2072 3122
186 164 233 192 105

183 225 252 247 levat
266 218 401 248 lsraelitas
414 220 615 254 transmisisset,
642 220 856 257 admovissetque
868 223 971 250 exerci-

183 272 236 294 tum
260 272 354 294 contra
374 267 503 301 Jericho,
527 276 622 295 novam
647 268 718 296 illam
745 274 773 296 et
790 270 972 297 admirandam

182 313 346 340 obsidionem
361 314 484 346 moliens,
500 321 561 340 mox
573 314 682 342 ruitnris
697 315 839 348 moenibus,
856 315 918 350 quid
934 316 972 343 lo-

181 359 269 393 quitur
292 359 362 393 apud
383 359 525 394 populum?
537 358 593 385 Erit
612 359 746 386 anathema
764 361 817 387 [nec
831 361 915 388 civitas
927 367 936 388 .‘
950 366 973 388 et

180 403 302 440 quidquid
316 409 352 431 est
367 404 392 430 in
407 413 446 435 ea,
464 403 573 430 Domino
585 405 708 437 Sabaoth,
724 411 827 441 excepta
839 406 910 433 Raab
926 415 974 434 me-

180 450 276 481 retrice,
293 450 358 477 hanc
370 450 506 476 servabitis.
521 449 609 477 Cavete
624 451 701 486 igitur
715 451 745 477 ab
761 451 929 485 anathemate,
942 460 972 479 ne

179 494 280 530 quando
294 495 430 530 cogitantes
446 495 550 522 sumatis
562 504 594 522 ea:
608 504 647 528 eo,
660 500 684 522 ct
698 496 807 531 pet-(latis
821 505 866 523 nos
883 496 972 533 (Iosue

179 543 205 568 6.
223 542 263 568 t7.
278 541 334 575 l8).
350 541 511 568 Consecrata
525 546 598 573 sunt,
621 542 715 576 inquit,
733 543 822 570 omnia
838 551 896 578 qum
909 547 971 570 sunt

178 587 204 614 in
225 587 350 613 civitate:
366 595 427 613 nam
443 587 467 614 id
491 592 568 614 sonat
587 587 738 615 anathema.
759 587 796 615 Nc
810 588 868 623 quis
892 588 971 623 igitur

178 632 324 659 sut‘furetur
339 640 371 659 ex
386 633 417 659 iis
433 640 491 668 qua:
505 638 659 660 consecrata
686 638 749 660 sunt.
772 634 884 661 Domino
903 634 968 666 Deo,

177 687 281 714 nosque
293 678 431 713 disperdat
452 687 467 706 e
491 685 569 706 terra.
587 680 769 707 Periculosum
791 685 848 707 erat
872 687 972 714 prmee-

177 732 262 760 ptum,
276 726 357 753 multa
371 725 505 760 diligentia
521 731 576 752 tum
597 726 642 753 Dei
658 726 849 760 praecipientis,
866 731 920 753 tum
933 727 970 753 le-

176 780 236 807 gem
252 772 360 800 ferentis
374 772 445 799 .lcsu.
463 772 512 805 Qui
529 773 600 799 enim
622 773 678 799 ﬁeri
698 773 793 807 potuit,
811 777 839 799 ut
854 773 879 799 in
896 778 968 800 tanta

177 819 347 846 multitudine
359 827 411 845 non
426 819 572 846 violaretur
586 818 642 846 lucc
661 819 714 850 lex,
731 827 790 846 cum
813 820 902 846 multa:
925 827 968 847 res

176 870 276 898 essent,
299 873 359 899 qua:
374 865 426 892 huc
449 865 635 900 impellerent?
660 865 724 892 Nam
749 866 789 892 vel
812 865 969 894 instabilitas

177 912 235 945 ejus
251 911 340 946 populi
354 911 474 945 lucrique
487 911 627 945 cupiditas,
642 911 685 938 vel
707 911 777 946 quod
800 920 852 939 non
875 919 969 939 omnes

175 950 338 984 audivissent
357 956 423 984 edici
435 961 595 991 praeceptum
606 977 613 988 ,
627 957 670 984 vel
687 957 831 992 spoliorum
856 959 967 993 pretium

175 1004 247 1031 velut
262 1011 322 1031 esea
333 1003 446 1038 objecta,
462 1003 628 1038 habendique
638 1003 731 1030 avidos
745 1003 875 1037 illectans,
893 1003 968 1032 facile

175 1049 209 1075 ad
219 1049 285 1083 legis
299 1049 537 1084 transgressionem
550 1049 718 1083 perpulisset.
736 1048 769 1075 Et
781 1054 868 1077 tamen
879 1057 910 1076 ea
925 1049 967 1077 lex

176 1100 234 1122 erat
247 1096 297 1121 lata
307 1115 314 1128 ,
337 1100 416 1130 atque
430 1102 522 1122 eorum
533 1095 611 1129 capiti
628 1095 847 1129 transgressionis
863 1096 967 1130 pericu-

175 1143 230 1169 lum
245 1142 407 1169 inuuiuebat.
423 1141 490 1175 Quid
512 1142 591 1177 igitur
615 1147 674 1176 post
688 1142 765 1169 lucc?
786 1142 968 1170 Conciderttut

175 1189 284 1221 naenia,
297 1193 323 1215 el
339 1187 466 1223 quidquid
489 1192 547 1215 erat
563 1189 588 1215 in
602 1188 709 1216 civitate
729 1188 800 1215 venit
824 1189 849 1215 in
873 1196 967 1216 manus

174 1235 363 1262 obsidentium.
387 1234 477 1268 Itaque
491 1241 551 1261 eum
573 1234 712 1261 universus
724 1233 835 1268 populus
850 1239 968 1262 servaret

175 1281 227 1308 hoc
247 1285 422 1316 przeceptum,
456 1280 533 1306 unius
555 1279 738 1314 praevaricatio
764 1279 790 1306 in
817 1280 966 1307 universam

174 1327 372 1355 multitudinem
385 1326 527 1354 concitavit
538 1326 602 1353 iram
613 1325 670 1353 Dei.
680 1325 861 1358 Peccauerunt,
871 1326 965 1361 inquit,

174 1372 224 1406 ﬁlii
238 1372 320 1399 Israel
331 1376 460 1406 peccatum
469 1379 599 1406 magnum,
613 1376 636 1397 et
652 1370 771 1404 stt/furati
781 1376 850 1402 sunt,
862 1376 885 1398 et
899 1380 968 1398 sunt-

175 1423 278 1454 pserunt
287 1426 320 1446 ea:
329 1417 498 1450 anathemate,
506 1422 527 1444 et
537 1417 643 1452 sumpsit
655 1417 739 1443 Achar
747 1417 814 1451 ﬁlius
826 1417 927 1444 Charmi
937 1426 968 1444 ex

173 1467 342 1500 anathemate,
365 1471 387 1493 ct
406 1466 538 1501 indignata
560 1470 596 1492 est
620 1466 660 1492 ira
682 1464 784 1491 Domini
808 1464 868 1497 ﬁliis
885 1463 967 1491 Israel

174 1513 243 1548 (Jos.
254 1513 280 1539 'l.
296 1513 336 1548 i).
349 1512 429 1546 Atqui
444 1518 512 1538 unus
523 1516 580 1538 erat
590 1510 635 1545 qui
649 1514 813 1545 peccaverat.
827 1509 966 1542 Quomodo

174 1561 254 1595 igitur
266 1563 443 1594 peccaverunt
458 1557 502 1584 lilii
519 1557 611 1590 lsrael,
635 1565 666 1584 ac
681 1556 809 1583 Dominus
829 1555 911 1582 iratus
926 1557 967 1582 est

174 1606 234 1633 ﬁliis
250 1605 348 1632 Israel?
370 1604 450 1632 Vides
460 1603 593 1639 quomodo
603 1603 683 1630 unius
705 1606 841 1637 peccatum
859 1601 904 1627 toti
916 1608 966 1635 po-

173 1651 236 1686 pulo
251 1650 395 1677 vindictam
410 1649 550 1676 accersiit?
577 1647 711 1683 quomodo
735 1647 818 1674 Deum
838 1646 966 1673 adversus

172 1696 369 1724 multitudinem
382 1695 485 1723 hostem
500 1694 633 1723 reddidit?
644 1694 773 1728 Quoniam
787 1693 867 1728 igitur
879 1692 966 1720 fuerat

171 1748 325 1779 perpetrata
339 1742 404 1777 legis
419 1741 606 1776 transgressio,
634 1748 720 1776 neque
747 1740 886 1775 quisquam
907 1743 966 1766 erat

170 1789 305 1819 conscius.
321 1793 418 1822 prmter
427 1787 512 1815 solum
525 1787 606 1814 Deum
619 1786 663 1821 qui
677 1785 751 1813 novit
763 1785 878 1818 occulta,
899 1784 964 1811 ultio

171 1835 278 1870 quidem
296 1834 486 1861 diiferebatur:
504 1838 630 1860 cieterum
651 1833 695 1868 qui
712 1832 763 1859 hoc
786 1835 963 1866 perpetrarat,

171 1881 279 1908 tametsi
303 1880 442 1907 videbatur
465 1880 557 1912 latere,
572 1884 660 1906 tamen
680 1886 695 1905 a
717 1878 878 1906 conscientia
893 1877 964 1904 velut

169 1927 205 1954 ab
219 1927 278 1961 igne
292 1926 430 1954 urebatur.
446 1926 523 1953 Venit
536 1925 615 1960 igitur
626 1930 729 1960 tempus
740 1932 793 1960 quo
803 1925 878 1952 lierct
892 1923 963 1959 quod

168 1972 349 2000 comminatus
362 1971 448 1999 fuerat
460 1971 541 2004 Deus,
553 1979 658 2007 quoque
670 1976 806 2005 peccatum
821 1970 923 1997 veniret
937 1970 962 1996 in

167 2017 348 2052 propatulunt.
366 2016 447 2047 Misit,
464 2017 559 2051 inquit,
586 2015 660 2043 Iesus
678 2016 743 2042 viros
762 2015 793 2042 ab
810 2014 913 2042 Iericho
935 2015 961 2041 iu

168 2063 228 2090 Gai.
242 2062 276 2089 Et
296 2063 462 2089 ascenderunt
476 2062 535 2089 illuc
550 2062 595 2088 viri
610 2064 662 2096 fere
676 2067 712 2088 ter
727 2060 804 2093 mille,
826 2060 960 2095 fugerunt-

166 2117 216 2142 qne
239 2116 255 2134 a
277 2109 342 2144 facie
360 2109 471 2135 uirorum
487 2106 553 2140 Gai,
569 2112 591 2133 et
604 2107 748 2134 occiderunt
769 2114 801 2133 ex
823 2106 874 2132 illis
895 2106 961 2132 viros

166 2155 272 2190 triginta
285 2162 338 2187 rex,
353 2159 375 2180 et
389 2154 531 2189 persequuti
544 2159 601 2180 sunt
614 2161 655 2180 eos
664 2173 671 2185 ,
686 2158 708 2180 et
720 2152 881 2179 conciderunt
891 2151 959 2184 illos,

165 2203 192 2225 et
211 2199 310 2234 expavit
325 2206 368 2225 car
383 2198 482 2233 populi,
505 2200 647 2234 factumque
668 2202 703 2224 est
717 2199 783 2224 velut
804 2205 869 2231 aqua
892 2196 958 2233 (Jos.

166 2245 193 2270 7.
206 2244 233 2271 ε.
249 2245 277 2272 t.
293 2244 333 2280 5).

201 2289 228 2317 6.
243 2288 311 2316 Vide
321 2290 397 2316 unius
412 2289 512 2324 peccati
527 2296 643 2324 poenam,
656 2288 717 2316 vide
727 2288 830 2324 plagam
843 2287 959 2315 acerbis-

164 2336 271 2362 simam.
293 2334 368 2362 Unns
396 2340 526 2369 peccarat,
550 2340 578 2363 et
599 2335 626 2362 in
652 2334 776 2369 populum
806 2332 957 2360 universum

164 2389 238 2408 mors
251 2389 283 2408 ac
297 2381 436 2415 trepidatio
453 2381 538 2408 irruit.
554 2380 623 2414 Quid
636 2380 697 2413 hoc,
714 2387 730 2407 0
742 2379 811 2406 bone
828 2378 958 2406 Domine?

165 2427 205 2454 Tu
218 2428 292 2455 solus
305 2428 408 2462 justus,
424 2433 451 2455 et
466 2434 539 2455 recta
554 2427 653 2462 judicia
670 2431 723 2454 tua.
738 2426 776 2453 Tu
796 2425 891 2460 cuique
916 2432 958 2452 se-

164 2474 280 2501 cundum
301 2475 407 2509 propria
421 2474 488 2501 facta
514 2473 602 2501 reddis
622 2473 762 2508 judicium.
775 2473 815 2500 Tu
827 2494 834 2506 ,
850 2472 957 2500 humani

163 2519 271 2553 generis
293 2524 413 2551 amator,
441 2519 546 2546 dixeras
571 2520 597 2546 in
622 2526 671 2546 suo
694 2526 827 2553 quemque
847 2523 957 2553 peccato

165 2565 335 2596 moriturum,
348 2572 397 2592 nec
411 2564 492 2591 alium
508 2572 555 2599 pro
569 2565 620 2591 alio
633 2564 756 2591 daturum
767 2571 869 2598 pteuas.
881 2562 957 2597 Quod

165 2611 242 2646 igitur
262 2612 313 2638 hoc
325 2615 367 2638 est
391 2611 572 2645 tuumjnstnm
586 2610 737 2646 judicium?
751 2611 823 2637 Bona
838 2614 900 2637 sunt
913 2615 956 2636 tua

163 2658 263 2690 omnia,
288 2658 411 2689 Domine,
427 2662 453 2685 et
467 2657 543 2684 valde
556 2657 624 2684 bona
635 2677 642 2689 ,
665 2661 692 2684 et
703 2656 735 2684 ad
750 2662 865 2684 nostram
882 2656 955 2683 utili-

165 2709 241 2731 tatem
253 2704 418 2739 dispensata.
429 2703 638 2738 Luesquardam,
648 2703 741 2738 inquit,
751 2707 792 2731 est
800 2708 935 2738 peccatum
947 2711 954 2729 :

163 2757 224 2784 ergo
240 2758 288 2785 per
300 2749 429 2776 ultionem
442 2749 579 2783 evulgetur
592 2756 623 2776 ac
643 2748 795 2776 traducatur
810 2749 879 2783 apud
895 2756 954 2776 om-

165 2803 218 2827 nes,
228 2802 261 2822 ne
272 2799 429 2830 corrumpat
441 2801 543 2825 omnes,
560 2799 588 2821 ut
601 2794 643 2821 ubi
656 2795 828 2829 cognoverint
843 2799 954 2829 quantas

166 2840 247 2868 ruinas
262 2848 314 2868 una
329 2840 465 2876 pepererit
476 2840 652 2874 transgressio
662 2860 669 2871 ,
687 2839 787 2876 fugiant
802 2840 879 2876 longe
892 2847 952 2874 gra-

163 2887 258 2915 viorem
281 2893 465 2922 a-ternamque
493 2886 646 2914 vindictam.
675 2887 770 2914 \"idens
796 2887 883 2922 igitur,
909 2887 950 2914 iu-

694 164 726 192 IN
746 165 857 198 ILLUD,
880 165 945 193 VIDI
966 167 1127 202 DUMlNL’M,
1149 170 1262 198 liOMlL.
1283 171 1303 200 1.

1767 180 1818 206 (06

1028 231 1094 261 qtut,
1110 227 1187 255 Jesns
1199 228 1285 263 fugam
1299 229 1373 264 cujus
1386 237 1464 257 causa
1489 231 1576 266 ignota
1600 237 1655 259 erat
1681 233 1738 261 sisti
1763 243 1815 263 non

1027 280 1115 308 posse,
1128 274 1235 301 discidit
1261 275 1418 302 vestimenta
1430 284 1532 307 sua,ac
1555 283 1702 312 prostratus
1725 284 1764 307 est
1789 281 1814 308 in

1028 323 1136 350 terram,
1152 327 1182 346 ca
1198 319 1343 354 lugubriter
1358 321 1471 348 lamenta
1488 322 1633 356 proferens,
1654 331 1712 359 qua:
1727 331 1815 353 narrat

1026 364 1113 391 divina
1129 364 1275 400 Scriptura.
1290 366 1357 400 Quid
1373 367 1451 402 igitur
1466 368 1502 394 illi
1517 369 1655 403 respondit
1668 370 1815 400 Dominus?

1026 409 1125 445 Surge;
1139 419 1184 438 cur
1197 412 1231 438 ita
1243 413 1457 447 prostratusjttces
1468 413 1481 440 ?
1494 413 1609 442 Peccavit
1621 416 1728 451 populus
1742 423 1814 450 tuus,

1025 460 1195 491 transgressus
1206 461 1241 484 est
1256 462 1357 492 pactum
1378 467 1469 492 trienni,
1490 467 1535 486 nec
1550 465 1666 494 poterunt
1682 466 1750 490 stare
1768 464 1816 497 ﬁlii

1024 501 1107 528 Israel
1119 507 1206 529 contra
1221 504 1309 538 [tt-“ient
1322 503 1430 530 hostium
1441 513 1554 538 suorum,
1569 506 1647 534 donec
1664 508 1816 537 sttstttlcrt'tis

1024 547 1158 574 anathema
1180 556 1211 574 ca:
1226 547 1292 575 vobis
1313 549 1373 584 ipsis
1389 549 1453 585 (Jos.
1471 550 1552 578 7.10.
1571 551 1624 588 l2).
1651 551 1815 581 Prmdicatur

1024 593 1103 627 igitur
1124 593 1174 620 hoc
1188 594 1213 621 in
1228 594 1333 629 populo,
1348 600 1375 622 et
1387 603 1402 622 τι
1419 595 1472 623 Deo
1485 596 1615 630 proditur,
1631 599 1675 633 qui
1690 599 1740 626 hoc
1752 608 1813 635 pcr-

1024 642 1140 673 petrarat
1156 649 1162 666 :
1177 640 1220 667 ille
1233 640 1338 668 fatetur.
1356 641 1499 676 Respondit
1514 643 1596 676 enim,
1617 644 1712 680 inquit,
1725 645 1814 673 Achar

1023 684 1085 711 Jesu
1100 685 1193 712 dicens
1212 695 1218 712 ι
1238 685 1301 713 Vere
1315 689 1413 721 peccavi
1433 689 1458 714 in
1481 694 1613 724 conspectu
1637 689 1741 718 Domini
1767 691 1812 718 Dii

1023 729 1121 762 Israel;
1135 731 1170 757 sic
1184 736 1206 758 et
1220 732 1254 758 sic
1267 732 1324 766 feci.
1348 732 1465 759 Videbam
1479 735 1504 760 in
1519 735 1605 769 prmla
1625 737 1715 763 stolam
1730 738 1812 764 varic-

1021 782 1105 811 gatant
1125 785 1200 803 unam
1217 777 1254 812 (tt)
1268 778 1414 810 pulchram,
1437 779 1592 815 tluccnlaque
1605 782 1702 816 argenti
1722 783 1812 810 didra~

1022 822 1094 848 clima
1105 843 1112 854 ,
1136 827 1158 848 ct
1171 822 1283 858 tinguant
1304 831 1380 850 unam
1393 832 1495 850 auream
1503 825 1683 861 quinquaginta
1693 827 1812 855 didrach—

1021 878 1133 902 morum,
1148 875 1170 896 et
1186 870 1367 904 concupiscens
1379 871 1443 905 cepi,
1461 876 1484 897 ct
1503 880 1558 897 ecce
1569 872 1622 898 Ιιανιτ
1635 873 1736 906 delesse
1749 879 1809 900 sunt

1021 915 1094 942 humi
1105 916 1131 942 iu
1143 914 1311 941 tabernaculo
1324 924 1378 942 meo
1391 915 1472 951 (Ibid.
1484 925 1506 943 υ.
1520 916 1571 950 20;
1585 916 1742 952 2|).Omnia
1752 918 1808 952 jam

1020 962 1048 989 in
1063 965 1184 996 apertum
1194 961 1307 995 profert.
1324 965 1499 997 posteaquam
1512 962 1650 998 perspexit
1661 962 1735 990 illum
1753 971 1809 992 οιιι-

1020 1009 1066 1035 nia
1080 1008 1137 1035 sine
1151 1006 1292 1034 inundacio
1302 1007 1445 1040 indicasse,
1457 1016 1507 1036 nec
1519 1009 1621 1036 dillisus
1631 1013 1673 1036 est
1685 1009 1746 1037 testi
1762 1017 1806 1037 se-

1019 1053 1107 1089 ipsum
1119 1053 1252 1088 prudenti.
1268 1052 1333 1080 Vide
1349 1058 1437 1081 autem
1451 1055 1607 1089 probrosam
1624 1063 1656 1082 ac
1670 1056 1807 1090 pernicio-

1018 1107 1075 1127 sam
1091 1099 1161 1125 illius
1172 1104 1284 1125 mortem
1299 1107 1305 1125 :
1321 1098 1460 1130 Subduxit.
1478 1101 1573 1135 inquit,
1588 1101 1664 1128 Iesus
1677 1102 1764 1128 Achar
1777 1103 1805 1129 in

1019 1143 1156 1170 convallem
1169 1143 1260 1175 Achar,
1276 1149 1299 1170 et
1309 1143 1376 1177 ﬁlios
1398 1148 1420 1170 ct
1433 1144 1500 1176 ﬁlias
1518 1145 1583 1179 ejus,
1606 1149 1628 1171 ct
1642 1143 1732 1172 vitulos
1743 1147 1808 1181 ejus,

1019 1193 1042 1215 et
1050 1189 1165 1223 jumenta
1180 1189 1243 1223 ejus,
1259 1193 1282 1215 et
1294 1197 1379 1216 omnes
1394 1198 1450 1216 ores
1469 1190 1538 1224 ejus,
1555 1194 1576 1216 cl
1592 1191 1723 1217 tentorium
1743 1193 1808 1226 ejus,

1019 1239 1041 1260 et
1054 1235 1138 1260 omnia
1147 1242 1309 1270 qua-cumque
1324 1235 1465 1269 possidebat
1479 1243 1488 1262 :
1504 1239 1526 1262 cl
1537 1236 1570 1269 la]
1580 1235 1661 1262 idibus
1675 1236 1757 1264 obruit
1780 1246 1809 1263 ea

1019 1281 1100 1307 omnis
1115 1281 1223 1316 populus
1239 1280 1321 1308 Israel
1333 1281 1442 1317 (10357.
1456 1282 1500 1309 2i.
1516 1281 1572 1318 25).
1590 1283 1645 1310 [Ioc
1660 1288 1809 1318 transgres-

1019 1327 1102 1354 sionis
1116 1327 1264 1362 prtemium,
1289 1328 1347 1355 talis
1361 1328 1405 1355 Dei
1422 1328 1533 1356 vindicta
1545 1349 1552 1361 ,
1569 1337 1626 1364 qua-
1642 1330 1733 1356 evitari
1756 1338 1808 1357 non

1019 1377 1115 1407 potest.
1134 1372 1195 1400 llme
1209 1373 1297 1408 itaque
1318 1374 1450 1406 scientes,
1475 1375 1622 1409 cogitemus
1643 1376 1779 1403 molestias
1792 1383 1807 1404 a

1020 1419 1117 1446 nostris
1136 1419 1251 1454 peccatis
1277 1419 1384 1453 invehi,
1411 1420 1575 1456 singulisque
1602 1421 1695 1448 diebus
1719 1426 1808 1448 nostra

1018 1464 1200 1492 exaininantcs
1211 1465 1333 1498 erimina,
1348 1473 1401 1492 non
1416 1465 1492 1499 aliis,
1516 1466 1562 1493 sed
1578 1466 1652 1494 nobis
1666 1467 1730 1501 ipsis
1744 1475 1791 1494 can
1802 1483 1808 1487 -

1018 1517 1074 1536 sam
1086 1509 1276 1537 adseribamus.
1287 1510 1340 1538 Nec
1349 1511 1419 1538 enim
1430 1511 1628 1547 magistratuum
1638 1512 1716 1539 modo
1727 1514 1808 1548 negl-

1017 1555 1117 1589 gentia,
1133 1555 1178 1582 sed
1201 1555 1285 1582 multo
1299 1556 1382 1590 magis
1399 1561 1487 1583 nostra
1511 1556 1606 1584 delicta
1633 1557 1700 1584 mala
1715 1566 1807 1585 accer-

1019 1601 1131 1628 sierunl.
1146 1600 1190 1628 Sic
1201 1602 1288 1636 itaque
1304 1601 1355 1629 lntc
1369 1602 1512 1629 adveniens
1525 1610 1570 1630 sua
1582 1603 1693 1638 quisque
1706 1604 1808 1631 exami-
1837 1634 1840 1638 ,

1019 1650 1063 1673 net
1073 1646 1180 1678 delicta,
1196 1654 1244 1674 nee
1255 1647 1334 1673 alium
1347 1647 1457 1679 incuset,
1471 1651 1497 1674 et
1511 1652 1668 1681 prmsentcm
1679 1647 1808 1683 glorifica-

1018 1693 1117 1720 tioncm
1132 1700 1191 1720 cum
1207 1693 1259 1720 ritu
1272 1693 1374 1720 decenti
1388 1693 1499 1720 emittat.
1511 1693 1584 1727 Quod
1594 1698 1681 1720 autem
1695 1693 1809 1729 exigitur

1017 1740 1049 1766 ad
1067 1739 1233 1771 modestiam,
1251 1740 1301 1766 hoc
1315 1744 1354 1767 est
1371 1748 1376 1766 :
1395 1740 1517 1774 primum,
1533 1739 1613 1766 corde
1627 1740 1741 1767 c0ntrito
1763 1747 1808 1767 ac-

1017 1786 1113 1813 cedere
1130 1786 1162 1813 ad
1178 1786 1277 1813 Deum:
1292 1785 1386 1813 deinde
1400 1785 1488 1812 cordis
1503 1785 1625 1813 allectum
1641 1786 1697 1820 ipso
1712 1785 1806 1813 viibili

1017 1833 1108 1860 habitu
1121 1833 1268 1866 declarare,
1286 1833 1347 1859 item
1363 1831 1450 1859 standi
1467 1834 1557 1864 modo,
1572 1839 1695 1859 manuum
1711 1832 1751 1859 de:
1760 1839 1806 1859 ora

1016 1880 1220 1914 compositione,
1232 1879 1334 1914 placida
1347 1878 1514 1913 demissaque
1529 1886 1602 1905 vince.
1613 1878 1678 1905 Nam
1690 1878 1716 1906 id
1733 1879 1808 1906 faci'e

1016 1929 1067 1957 est,
1081 1929 1108 1951 et
1123 1929 1210 1958 potest
1221 1924 1340 1958 quisquis
1353 1923 1475 1950 voluerit.
1492 1923 1540 1956 Qui
1556 1922 1600 1950 lict
1613 1923 1700 1958 igitur,
1712 1929 1739 1949 ut
1752 1932 1811 1950 ou:-

1016 1977 1064 1997 nes
1077 1978 1125 1997 suo
1134 1969 1276 2004 fungantur
1286 1968 1393 1996 officio?
1408 1968 1541 1996 Pontanus
1552 1969 1628 1995 nobis
1642 1969 1706 2003 ipsis
1722 1968 1808 2004 legem

1015 2015 1197 2050 dicamusque,
1211 2015 1238 2042 in
1255 2015 1385 2050 publicam
1408 2014 1548 2042 utilitatem
1572 2013 1614 2048 icx
1629 2015 1732 2049 prodita
1755 2021 1807 2048 est,

1014 2066 1041 2089 et
1053 2060 1132 2096 hujus
1145 2061 1266 2088 utilitatis
1279 2064 1384 2094 oportet
1399 2067 1447 2087 nos
1465 2067 1558 2087 omnes
1577 2067 1636 2086 esse
1652 2060 1805 2095 participes.

1014 2108 1181 2142 Quapropter
1195 2111 1223 2134 et
1237 2106 1377 2133 indecoras
1391 2113 1471 2132 voces
1487 2112 1649 2140 premamus,
1667 2113 1809 2133 manuum—

1013 2161 1065 2188 que
1078 2152 1295 2187 gesticulationes
1309 2151 1484 2185 corripiantus
1493 2171 1500 2183 ,
1517 2150 1566 2178 has
1578 2150 1734 2185 conjunctas
1759 2159 1808 2178 cx-

1015 2199 1136 2226 Iiibentes
1161 2198 1214 2225 Deo
1226 2217 1233 2229 ,
1248 2204 1298 2224 nec
1312 2195 1493 2231 incompositis
1510 2195 1626 2223 motibus
1640 2194 1808 2223 attollantur.

1013 2244 1074 2271 Odit
1094 2245 1164 2271 enim
1182 2243 1232 2269 hoc
1245 2242 1315 2269 Deus
1326 2247 1353 2269 et
1366 2246 1512 2274 aversatur,
1528 2241 1597 2267 sicut
1615 2245 1707 2268 contra
1731 2247 1806 2267 cem-

1013 2291 1128 2325 positum
1143 2297 1174 2316 ac
1187 2288 1335 2316 modestum
1349 2292 1418 2315 amat
1432 2287 1586 2322 expetitque
1598 2295 1604 2313 :
1619 2287 1658 2313 Ad
1667 2295 1750 2321 quetn,
1766 2286 1806 2313 in-

1012 2337 1080 2372 quit,
1095 2336 1238 2370 respiciam,
1250 2335 1299 2362 nisi
1313 2334 1347 2361 ad
1366 2338 1523 2361 mansuetum
1537 2338 1560 2360 et
1574 2333 1694 2368 quietum,
1706 2338 1729 2360 et
1754 2337 1804 2359 tre-

1013 2387 1118 2410 mentem
1132 2382 1206 2409 verba
1229 2390 1284 2408 mea
1299 2379 1374 2417 (Isui.
1390 2380 1434 2408 66.
1447 2379 1494 2416 ‘1)?
1520 2380 1643 2407 Dicamus
1657 2379 1715 2406 aliis
1735 2379 1781 2407 alii
1798 2388 1804 2405 τ

1013 2428 1069 2456 Non
1086 2428 1141 2455 vult
1157 2428 1236 2460 Deus,
1251 2432 1279 2454 ut
1293 2426 1371 2454 simul
1385 2433 1444 2453 cum
1459 2425 1518 2460 ipso
1531 2425 1679 2460 loquamur,
1692 2429 1719 2452 et
1735 2425 1804 2453 inter

1014 2484 1062 2504 nos
1078 2476 1235 2507 fabulemur,
1251 2481 1300 2501 nec
1315 2473 1424 2508 patitur,
1439 2477 1467 2499 ut
1489 2472 1575 2507 ipsum
1598 2471 1696 2507 alloqui
1722 2472 1804 2499 inter-

1013 2522 1148 2550 mittentes
1172 2520 1342 2556 prmsentium
1367 2518 1596 2547 confabulationes
1623 2517 1802 2552 suscitemus,

1012 2575 1143 2603 canoque
1166 2566 1320 2601 margaritas
1343 2565 1564 2593 contaminemus.
1590 2564 1738 2600 Siquidem-
1753 2565 1804 2593 hoc

1012 2622 1086 2641 suam
1107 2613 1295 2640 contumeliam
1317 2618 1377 2639 esse
1395 2611 1479 2644 ducit,
1495 2618 1548 2638 non
1569 2610 1804 2646 gloriﬁcationem.

1012 2660 1086 2693 Quod
1100 2660 1121 2687 si
1144 2659 1204 2694 quis
1219 2659 1331 2686 voluerit
1344 2658 1394 2685 hoc
1408 2661 1568 2692 prteceptum
1584 2657 1735 2692 prmterirc,
1756 2657 1805 2684 ob-

1012 2711 1132 2733 turemus
1147 2705 1183 2732 illi
1197 2712 1243 2737 os,
1259 2709 1391 2739 tamquam
1406 2702 1499 2730 salutis
1515 2701 1695 2730 insidiatorem
1710 2701 1805 2736 expol—

1043 2796 1078 2827 (α)
1095 2795 1123 2820 In
1141 2799 1237 2824 Crzeoo,
1251 2801 1316 2824 στολήν
1335 2800 1388 2827 tati.
1405 2799 1492 2827 εοιιῖλην.
1510 2792 1539 2818 In
1556 2792 1620 2818 hunc
1639 2794 1716 2817 locum
1736 2795 1804 2817 notat.

1009 2825 1079 2851 savii.
1093 2833 1099 2851 ί
1117 2836 1128 2849 ι
1140 2826 1239 2851 r‘lorens
1249 2829 1342 2850 retinet
1360 2825 1489 2849 lectionem
1501 2827 1641 2853 Romanam,
1653 2829 1705 2854 sint
1717 2828 1804 2854 usam

1009 2858 1114 2893 inducto.
1127 2864 1206 2886 στολήν,
1219 2858 1340 2888 vertitque
1352 2862 1382 2880 ex
1390 2856 1469 2881 veteri
1479 2855 1608 2885 Clessario,
1620 2852 1688 2879 tenue
1704 2859 1713 2876 ί
1721 2852 1803 2886 ηὰμιν

1008 2895 1087 2914 ιηυιιηι
1092 2908 1096 2913 .
1109 2897 1119 2912 1
