2072 3122
237 162 284 189 ΗΠ

235 223 330 253 tamus,
342 224 369 248 et
393 218 515 247 ecclesiae
542 220 640 244 sanctae
655 215 736 251 septis
751 214 898 249 ejiciamus.
920 211 975 238 lloc
1001 211 1023 237 si

235 269 387 299 !ecerimus,
402 269 491 293 nostra
504 264 611 299 quidem
627 267 734 298 peccata
748 260 884 295 superiora
899 259 976 286 l‘acile
988 258 1024 285 di-

235 315 347 346 luemus,
366 313 451 348 ipsum
466 314 554 338 autem
571 309 712 336 Dominum
727 306 884 334 habebimus
900 305 924 332 in
937 305 1024 332 medio

235 365 354 388 nostrum
369 367 420 386 una
443 365 503 385 eum
516 355 615 392 sanctis
629 354 730 390 angelis
744 353 841 380 choros
851 356 983 387 agentem,
998 355 1025 378 et

236 407 328 441 reique
352 403 490 432 modestia:
512 408 624 430 coronas
651 399 863 428 distribuentem.
894 397 1023 431 Quoniam

238 451 304 480 enim
330 455 371 478 est
386 449 518 476 humanus
532 455 563 474 ac
585 446 736 478 muniﬁcus,
755 444 872 479 gaudens
885 443 919 471 de
934 449 1024 470 nostra

235 497 334 529 salute;
350 495 410 523 ideo
424 494 560 522 obiectans
571 500 630 520 sese
644 491 720 518 hortis
733 490 831 517 uestris
843 490 969 517 caelorum
981 497 1024 515 re-

234 550 313 578 gnum
329 541 459 577 promisit,
475 544 503 567 et
525 538 586 566 vitae
613 536 820 571 incorruptibilis
843 536 1023 566 consortium,

234 588 376 622 omniaque
392 586 460 613 bona
483 583 648 620 prteparavit,
666 582 758 610 \‘olens
773 588 822 608 nos
835 581 860 608 in
875 580 916 607 his
928 580 1025 607 habere

236 631 405 660 tabernacula
423 631 431 647 ¹
448 640 454 658 :
469 638 527 665 quae
538 629 614 656 nobis
624 628 747 655 erunibus
760 627 896 662 contingat
909 626 1024 661 assequi,

234 679 317 714 gratia
331 682 357 704 et
372 677 537 704 humanitate
552 674 654 702 Domini
671 674 753 701 nostri
769 673 830 700 Jesu
845 672 954 704 Christi,
966 672 1025 706 qui-

235 733 293 752 cum
310 724 387 751 decet
397 723 491 757 gloria,
507 722 658 756 imperium,
678 720 763 746 honor
782 723 809 746 et
822 718 942 745 adoratio
956 718 1025 745 Patri

235 774 363 797 ClFattClo
378 768 498 804 Spiritui,
516 775 586 795 nunc
606 772 633 794 et
649 773 764 801 semper,
779 771 806 792 et
825 765 852 792 in
865 763 961 791 saacula
975 771 1026 791 sae-

235 816 365 843 culorum.
385 815 479 841 Amen.

423 890 594 919 EJUSDEM
615 889 775 917 HUMILIA
796 888 838 916 Η.

236 960 264 990 In
279 961 377 988 dictum
390 959 454 987 illud
469 959 544 986 Isaia:
555 957 701 993 prophctm,
719 957 825 983 Factum
837 961 871 982 est
887 964 963 986 anno,
978 964 1027 990 quo

271 1013 386 1034 mortuus
399 1012 433 1033 est
450 1006 525 1034 Ozias
536 1014 590 1038 rer,
601 1006 650 1032 vitlt'
665 1005 800 1032 Dominum
812 1003 935 1031 sedentem
951 1004 976 1030 in
989 1012 1030 1030 so-

266 1050 306 1080 Ἰἰο
322 1053 417 1079 excelso
437 1057 459 1078 et
473 1052 567 1078 elevato
590 1050 664 1086 (Io-ni.
688 1050 714 1078 6.
733 1049 769 1086 l);
796 1055 823 1077 et
849 1048 919 1084 quod
945 1056 1030 1083 neque

274 1105 392 1134 tempus,
409 1106 493 1133 neque
510 1105 591 1125 unum
615 1097 776 1125 elementum
794 1096 941 1123 divinarum
955 1094 1030 1122 Scri-

274 1153 410 1181 pturarum
425 1150 546 1180 oporteat
558 1149 772 1179 prmtercurrcre.

275 1215 300 1241 Ι.
314 1213 374 1241 Suis
389 1214 419 1240 de
429 1212 530 1239 illarum
541 1211 625 1239 studio
639 1211 757 1238 audiendi
771 1210 868 1237 verbum
882 1210 928 1237 Dei
941 1215 1030 1245 gratit-

239 1262 307 1288 lntur
324 1261 527 1295 Chrysoslomns;
541 1259 619 1292 ipsius
634 1258 755 1285 modestia
768 1262 789 1285 el
805 1265 864 1292 erga
874 1265 932 1284 suos
946 1265 1028 1284 amor.

239 1323 274 1328 --
284 1307 392 1335 Gaudeo
405 1306 572 1340 conspiciens
589 1312 636 1333 vos
650 1305 682 1332 ad
695 1304 825 1332 audienda
837 1311 910 1331 saera
925 1303 1030 1338 eloquia

240 1359 439 1386 concurrentes,
454 1354 533 1388 idque
550 1353 676 1380 iudicium
697 1360 756 1379 esse
780 1352 922 1378 maximum
941 1351 1032 1386 judico

241 1401 319 1427 restri
335 1401 360 1428 in
375 1400 421 1427 Dei
435 1399 507 1427 cultu
518 1406 550 1426 ac
563 1398 660 1434 pietate
674 1405 841 1433 progressus.
855 1396 1033 1431 Quemadmo-

241 1448 303 1475 dum
327 1447 398 1474 enim
420 1446 572 1481 appetentia
589 1445 642 1471 cibi
660 1444 779 1480 carperis
793 1444 889 1471 bonam
903 1443 1032 1470 valetudi-

240 1501 301 1520 nem
315 1492 452 1524 declarat,
468 1491 507 1518 sic
521 1495 548 1518 et
567 1497 704 1518 sermones
725 1494 850 1524 appetere
868 1488 1029 1522 spirituale“,

241 1539 337 1566 animm
357 1538 498 1565 sanitatem
516 1536 613 1571 arguit.
631 1535 740 1563 Gaudeo
752 1527 951 1569 quidemigitnr
970 1541 1031 1568 pro-

228 1589 299 1618 _pter
314 1583 382 1610 hoc:
404 1587 531 1610 cancrum
547 1588 642 1608 vereor
666 1588 699 1607 ne
719 1579 788 1606 forte
803 1587 855 1606 non
873 1587 889 1613 p
901 1579 970 1604 155ile
986 1578 1033 1604 ali-

240 1630 303 1664 quid
317 1629 422 1656 adl'erre
434 1627 541 1663 dignum
554 1627 605 1654 isto
617 1630 705 1653 vestro
719 1624 863 1652 desiderio.
877 1624 922 1651 Sic
936 1628 963 1650 et
977 1631 1035 1650 ma-

241 1683 281 1704 ter
296 1683 388 1702 amans
402 1675 491 1707 dolet,
506 1673 611 1708 quoties
632 1673 772 1700 lactentem
796 1671 896 1699 habens
908 1679 1031 1706 puerum,

241 1730 293 1749 non
309 1726 396 1756 potest
415 1721 452 1748 illi
473 1720 581 1755 largiter
601 1719 720 1754 praebere
740 1718 814 1745 lactis
830 1718 929 1745 fontem
943 1725 949 1743 :
964 1722 1033 1744 atta-

241 1775 302 1795 men
315 1773 475 1802 quamquam
488 1765 556 1792 lacte
570 1768 802 1797 caret,mammam
818 1767 904 1790 tamen
918 1762 972 1796 dat,
990 1763 1034 1791 illc

241 1821 305 1840 vero
324 1817 459 1846 acceptam
474 1811 554 1838 trahit
565 1811 686 1845 sugitqne
697 1831 704 1841 ,
718 1814 744 1836 et
756 1817 803 1836 ore
815 1809 939 1844 papillam
955 1808 1032 1835 refri-

241 1863 392 1893 gescentem
407 1857 573 1888 calcfaciens,
584 1857 731 1890 plusquam
742 1859 799 1882 erat
811 1855 884 1882 elicit
896 1855 1032 1882 alimenti:

242 1910 328 1934 mater
354 1911 418 1931 vero
442 1903 514 1930 dolet
533 1902 639 1937 quidem
659 1899 723 1929 dum
745 1902 827 1936 ipsius
848 1901 1034 1929 distenduntur

243 1952 335 1981 ubera.
351 1958 399 1977 nec
415 1954 502 1985 tamen
523 1949 629 1984 repellit
651 1956 761 1983 puerum
775 1957 781 1974 :
797 1953 881 1975 mater
896 1948 966 1975 enim
981 1952 1032 1980 est,

241 2002 268 2023 ct
287 1991 375 2023 omnia
397 1999 525 2030 praioplat
546 1994 648 2030 perpeti
669 1994 768 2029 potius,
789 2001 867 2028 quan)
884 1998 912 2020 ut
928 1998 1032 2027 partum

242 2050 317 2070 suum
342 2041 491 2069 contristet.
517 2041 608 2075 Itaque
629 2041 650 2067 si
672 2045 770 2067 matres
790 2047 851 2074 erga
869 2039 949 2066 ﬂetus
971 2046 1034 2066 suos

243 2093 344 2115 tantum
366 2087 494 2115 exhibent
516 2093 645 2116 amorem.
665 2086 750 2112 multo
770 2086 852 2120 magis
865 2089 971 2120 oportet
986 2092 1034 2111 nos

242 2141 303 2167 erga
325 2138 442 2160 vestram
460 2133 598 2159 caritatem
615 2131 739 2158 similiter
754 2130 863 2158 allectos
882 2137 951 2158 esse.
967 2129 1033 2157 Nam

241 2180 351 2215 spiritus
364 2183 454 2214 partus
467 2177 680 2205 vehementiores
692 2181 754 2203 sunt
768 2184 846 2211 quam
859 2180 969 2203 naturae.
983 2175 1034 2202 lla-

241 2233 293 2260 que
309 2225 413 2252 tametsi
427 2224 502 2251 nobis
517 2230 608 2250 mensa
623 2223 731 2249 multam
748 2222 827 2249 habet
840 2222 987 2256 penuriam,
1001 2230 1034 2249 ne

242 2273 280 2297 sic
302 2270 408 2305 quidem
431 2277 491 2297 eam
511 2269 717 2301 occultabimus,
736 2267 782 2295 sed
797 2273 886 2294 nostra
902 2268 991 2295 omnia
1008 2268 1032 2295 in

243 2317 358 2345 medium
380 2315 545 2351 proferentes
560 2322 723 2350 apponcmus
738 2315 823 2341 vobis.
840 2314 915 2347 Quod
930 2314 952 2341 si
966 2322 1033 2349 pau-

241 2364 301 2390 cula
325 2363 382 2390 lucc
405 2366 468 2389 sunt
484 2361 608 2396 viliaque,
624 2360 802 2395 prmbebimus
815 2365 913 2388 tamen.
930 2360 994 2387 Nam
1009 2364 1034 2387 et

243 2409 287 2436 ille
298 2409 308 2424 ¹
324 2408 366 2435 cui
379 2407 507 2434 talentum
529 2412 587 2434 erat
608 2406 736 2433 erediltun
747 2427 754 2439 ,
775 2414 826 2433 non
842 2406 902 2440 quia
918 2406 1034 2440 quinque

243 2456 340 2482 talenta
357 2463 409 2481 non
424 2455 492 2486 tulit,
509 2454 544 2481 ob
557 2453 582 2480 id
597 2453 732 2480 incusatus
744 2456 793 2482 est.
807 2451 853 2479 sed
866 2451 936 2487 quod
952 2460 1032 2478 unttm

243 2500 306 2527 illud
322 2499 463 2529 defoderit,
477 2499 548 2533 quod
561 2503 709 2533 acceperat,
725 2498 799 2526 dedit
815 2505 905 2532 pcenas
919 2496 1032 2532 (Matt/1.

242 2547 289 2574 2P5.
303 2546 349 2573 24.
362 2554 415 2581 sqq.
429 2545 449 2580 )ν,
474 2545 609 2579 Siquidem
624 2544 674 2572 hoc
684 2549 724 2572 est
737 2544 807 2579 quod
822 2544 949 2578 quaeritur
964 2543 1033 2578 apud

245 2593 327 2619 Deum
339 2597 363 2618 et
375 2591 443 2626 apud
461 2591 592 2623 homines,
606 2598 657 2617 non
673 2591 789 2618 multane
800 2594 845 2616 aut
855 2597 936 2624 pauca
950 2590 1033 2624 depo-

247 2647 302 2672 nas,
325 2638 372 2665 sed
395 2647 426 2664 ne
446 2638 607 2665 oblationem
628 2636 726 2664 offeras
745 2636 912 2664 facultatibus
924 2635 1033 2663 inferio-

245 2693 312 2712 rem.
329 2684 445 2711 Audistis
461 2691 546 2718 nuper
559 2691 619 2710 cum
635 2683 710 2710 nobis
725 2682 815 2709 datutn
831 2686 901 2709 esset
919 2682 970 2709 hoc
988 2683 1035 2708 lto-

276 2763 283 2777 ¹
302 2765 366 2786 Unus
377 2761 467 2791 habet,
480 2760 557 2786 volens
570 2766 611 2785 nos
629 2759 654 2784 in
671 2759 709 2785 liis
724 2759 811 2784 habere
827 2759 981 2784 tabernacula
1010 2759 1035 2784 in

260 2800 265 2808 π
277 2800 301 2816 κ’
321 2800 327 2816 ι
362 2811 369 2818 .

243 2800 259 2818 α
406 2827 488 2849 Nostra
497 2829 576 2848 omnm
586 2821 611 2846 in
619 2821 725 2846 medium
736 2823 880 2852 profcrentes
891 2828 1036 2852 appone/nus

244 2854 315 2882 nobis,
329 2854 418 2886 aliqua
429 2854 524 2886 qtidt'm
537 2857 558 2878 et
571 2853 663 2886 mireari
675 2852 752 2883 pretii,
763 2856 890 2878 metuentes
903 2853 1036 2877 (taumatia-

243 2886 280 2910 ἰὼ
292 2883 440 2917 periculum,
448 2886 468 2911 si
478 2885 573 2917 quidem
585 2888 607 2910 et
619 2883 667 2915 ille,
680 2889 726 2908 etc.

589 161 616 188 S.
637 159 774 188 J0.\N.\"lS
792 153 1029 186 CIIRYSOSTOMI
1050 151 1207 181 AllClilEP.
1228 152 1490 181 CONSTANTINOP.

1822 156 1872 182 illi!

1079 210 1162 240 noris.
1179 215 1207 237 ut
1222 210 1289 245 apud
1305 211 1442 238 caritatem
1454 214 1568 238 vestram
1582 212 1785 246 diSsereremus,
1800 213 1871 242 Psal-

1080 264 1152 283 mum
1169 257 1242 283 illum
1259 257 1406 292 legentibus
1419 257 1505 290 nobis,
1521 258 1565 292 qui
1581 263 1748 292 peccatorem
1761 268 1776 287 e
1790 262 1875 289 sacris

1077 304 1160 338 septis
1170 303 1289 338 eiiciens,
1303 304 1411 339 angelos
1423 311 1606 339 superuasque
1620 305 1732 333 virtutes
1747 306 1874 335 hortaba-

1078 354 1121 376 tur
1140 349 1171 375 ad
1187 349 1348 376 laudandum
1369 350 1552 377 universorunt
1577 351 1669 379 Deum.
1683 351 1770 379 Vultis
1794 353 1872 388 igitur

1077 400 1104 422 et
1125 395 1203 422 hodie
1226 395 1296 422 idem
1318 395 1467 430 angelicum
1488 396 1572 423 melos
1587 396 1596 412 ί
1616 396 1766 431 audiamus,
1788 406 1872 433 ιιι-ονε

1079 440 1132 468 illic
1145 440 1242 467 alicubi
1256 445 1374 468 astantes
1383 441 1396 468 Ῡ
1407 441 1469 468 Mihi
1482 446 1554 469 certe
1567 442 1680 470 videtur.
1703 443 1769 471 Nam
1783 445 1804 471 si
1821 444 1871 471 ho-

1079 488 1164 516 mines
1179 488 1301 516 scelerati
1312 488 1375 515 dum
1388 488 1500 516 choreas
1513 493 1593 523 agunt
1606 489 1632 516 in
1646 489 1712 522 foro,
1727 490 1753 517 in
1764 490 1872 525 profun-

1078 535 1111 562 da
1123 535 1236 569 caligine
1251 538 1382 570 nocteque
1398 536 1556 570 intempesta
1577 536 1742 564 meretriciae
1759 537 1872 564 cantile-

1080 589 1128 609 nas
1151 582 1300 616 mollesque
1327 586 1453 609 canentes
1471 583 1618 614 caut'ones,
1635 585 1717 610 totam
1736 583 1870 611 civitatem

1079 628 1155 656 nobis
1168 628 1294 658 excitant.
1312 632 1338 654 et
1351 627 1383 654 ad
1399 635 1458 654 sese
1473 631 1632 654 convertunt
1646 636 1652 654 :
1666 635 1715 655 nos
1725 629 1871 656 etelestinm

1081 673 1236 708 populorum
1249 672 1372 707 supernis
1388 673 1476 700 choris
1492 673 1590 707 Regem
1603 673 1720 700 universi
1733 674 1871 701 celebran-

1081 720 1150 746 tibus
1165 727 1215 746 non
1230 726 1400 746 occurremus
1413 740 1420 752 ,
1433 727 1485 745 non
1506 719 1644 745 audiemus
1661 719 1776 746 divinam
1799 719 1871 747 illam

1081 771 1112 792 ac
1125 765 1230 792 beatam
1244 772 1336 791 vocem
1348 764 1359 790 ’Β
1372 764 1402 790 Ει
1414 772 1472 798 quae
1489 764 1565 791 nobis
1585 764 1690 791 dabitur
1707 765 1780 791 venia
1793 765 1804 791 '!
1818 764 1872 792 Sed

1081 810 1230 846 quomodo,
1248 811 1349 846 inquis,
1367 810 1429 837 licet
1441 809 1534 837 audire
1544 810 1554 836 ’ἶ
1567 809 1594 837 Si
1609 811 1633 836 in
1647 810 1733 844 ipsum
1745 810 1873 838 ascende-

1081 857 1164 884 rimus
1179 856 1290 889 caelum,
1304 856 1354 883 etsi
1369 863 1420 883 non
1440 863 1552 890 corpore
1566 877 1572 888 ,
1590 860 1678 883 mente
1700 860 1787 883 tamen
1801 865 1808 883 τ
1823 857 1872 883 etsi

1082 903 1168 929 minus
1184 902 1333 937 prmsr-ntia,
1347 907 1419 929 coite
1431 902 1601 936 cogitatione.
1615 901 1681 928 Nam
1694 909 1790 936 corpus
1803 909 1872 936 quo-

1083 949 1152 975 niam
1171 953 1295 976 terrestre
1308 952 1348 974 cst
1359 955 1390 975 ac
1402 955 1482 983 gravo
1495 952 1586 974 natura
1597 968 1604 980 ,
1624 951 1713 974 manet
1728 948 1754 974 in
1772 948 1851 974 terris
1864 957 1871 974 :

1082 995 1168 1021 anima
1187 1002 1250 1021 vero
1263 994 1295 1021 ab
1309 994 1358 1021 hac
1369 1001 1433 1021 nece
1442 994 1526 1020 sitate
1539 999 1579 1020 est
1592 993 1686 1026 libera,
1697 993 1874 1028 facillimequc

1082 1041 1114 1068 ad
1135 1041 1264 1068 altiSsima
1281 1041 1486 1076 longissimeque
1508 1045 1608 1067 semota
1628 1040 1686 1067 loca
1699 1040 1803 1067 advolat
1816 1049 1822 1066 :
1837 1041 1872 1067 ita

1083 1092 1111 1114 ιιι
1126 1087 1205 1114 etiam
1229 1087 1250 1113 si
1271 1086 1335 1113 velit
1351 1086 1383 1113 ad
1399 1091 1532 1113 extremos
1547 1086 1620 1117 orbis
1635 1086 1764 1114 terminos
1779 1094 1873 1120 pervc-

1084 1133 1140 1160 nire
1151 1153 1158 1167 ,
1175 1137 1221 1160 aut
1235 1133 1259 1159 iu
1274 1132 1369 1160 caelum
1383 1132 1528 1159 ascendere
1541 1153 1547 1165 ,
1563 1131 1629 1159 nihil
1644 1132 1678 1159 sit
1695 1132 1766 1166 quod
1780 1137 1850 1158 vetet
1865 1141 1872 1159 :

1083 1179 1150 1206 adeo
1160 1178 1208 1214 ipsi
1223 1178 1294 1206 leves
1304 1178 1492 1213 cogitationum
1505 1177 1562 1204 alas
1573 1177 1647 1205 dedit
1660 1177 1739 1205 Deus.
1751 1177 1804 1205 Nec
1817 1182 1875 1204 tan-
1897 1168 1903 1174 ’

1085 1229 1138 1252 tum
1160 1226 1214 1252 alas
1234 1225 1306 1252 leves
1328 1224 1410 1256 dedit,
1437 1231 1528 1251 rerum
1549 1228 1576 1250 et
1592 1223 1683 1251 oculos
1702 1223 1811 1258 largitus
1821 1227 1872 1255 est,

1083 1271 1166 1298 multo
1183 1278 1262 1306 quam
1281 1270 1399 1304 corporis
1425 1269 1643 1304 perspicaciores.
1662 1268 1727 1295 Nam
1755 1268 1875 1302 corporis

1083 1321 1217 1352 aspectus,
1241 1317 1261 1343 si
1282 1316 1389 1351 quidem
1407 1323 1455 1350 per
1475 1323 1587 1342 vacuum
1607 1321 1696 1342 aerem
1714 1313 1823 1346 feratur,
1841 1313 1875 1341 ad

1085 1363 1191 1397 longum
1209 1362 1376 1389 intervallum
1391 1361 1560 1396 progreditur
1575 1370 1582 1388 :
1595 1360 1666 1395 quod
1680 1361 1700 1387 si
1714 1361 1738 1388 in
1749 1360 1874 1394 exiguum

1084 1417 1181 1443 corpus
1201 1409 1350 1443 imprgerit,
1375 1415 1426 1435 non
1449 1407 1527 1434 aliter
1546 1414 1624 1441 quant
1647 1406 1733 1433 [luxus
1748 1406 1791 1441 qui
1808 1406 1876 1433 iere-

1084 1455 1172 1488 batur,
1186 1454 1323 1481 obstaculo
1334 1453 1465 1488 repulsus,
1477 1453 1565 1480 denuo
1577 1456 1721 1479 retrorsum
1736 1452 1874 1478 avertitur:

1085 1509 1177 1528 verum
1191 1501 1272 1528 animi
1284 1501 1354 1527 oculi
1379 1500 1482 1527 etiamsi
1497 1499 1612 1534 parietes
1622 1519 1629 1531 ,
1641 1497 1745 1526 etiamsi
1761 1498 1874 1529 mmnia,

1085 1548 1188 1575 etiamsi
1212 1548 1341 1573 montium
1364 1546 1456 1577 moles,
1480 1546 1584 1573 etiamsi
1608 1545 1737 1572 cmlorum
1763 1552 1876 1578 corpora

1085 1593 1266 1628 compererint
1288 1593 1429 1623 obstantia,
1446 1592 1534 1619 omnia
1558 1591 1635 1619 facile
1655 1596 1874 1626 prtetcrcurrunt.

1086 1640 1209 1667 Attamen
1222 1646 1282 1665 cum
1299 1643 1397 1666 tantam
1413 1637 1507 1665 habeat
1519 1638 1685 1665 celeritatem
1698 1641 1725 1664 et
1738 1637 1876 1664 oculorum

1085 1684 1168 1710 aciem
1182 1683 1281 1717 anima,
1295 1691 1345 1709 non
1362 1690 1394 1710 ex
1406 1690 1466 1710 sese
1479 1682 1615 1711 sul‘liciens
1628 1687 1668 1710 est
1681 1682 1713 1710 ad
1728 1682 1876 1718 intelligeti-

1086 1730 1149 1756 tiam
1164 1737 1252 1757 rerum
1265 1729 1410 1756 exelestium
1420 1749 1427 1761 ,
1443 1729 1489 1755 sed
1503 1736 1569 1763 opus
1583 1728 1628 1755 illo
1640 1727 1720 1757 habet
1733 1728 1778 1763 qui
1792 1728 1877 1763 ipsam

1086 1783 1166 1802 manu
1186 1775 1309 1802 deducit.
1331 1774 1471 1802 Faciamus
1485 1774 1564 1808 igitur
1576 1774 1646 1809 quod
1661 1774 1686 1801 in
1701 1781 1791 1808 regum
1805 1774 1877 1808 pala—

1086 1823 1129 1850 tiis
1145 1822 1230 1850 facere
1246 1822 1351 1857 solent,
1365 1821 1409 1856 qui
1424 1821 1534 1855 cupiunt
1544 1828 1573 1848 ea
1586 1820 1686 1848 ridere.
1700 1820 1768 1854 Quid
1788 1824 1876 1847 autent

1087 1869 1124 1896 illi
1141 1868 1260 1895 faciunt?
1282 1868 1330 1895 Ubi
1346 1867 1500 1902 quaesierint
1514 1873 1575 1894 eum
1588 1867 1630 1894 eui
1645 1866 1734 1894 claves
1748 1866 1876 1894 commis-

1086 1922 1122 1941 sa:
1146 1918 1218 1946 sunt,
1243 1913 1317 1940 illum
1342 1913 1450 1944 adeunt,
1471 1913 1640 1946 alloquuntur
1666 1915 1694 1938 et
1716 1911 1876 1946 supplicant,

1087 1961 1241 1995 frequenter
1253 1964 1279 1986 et
1291 1958 1433 1994 pecuniam
1447 1962 1608 1989 numerant,
1623 1961 1651 1984 ut
1666 1957 1729 1992 ipsis
1744 1955 1877 1991 gratiﬁce-

1086 2011 1138 2034 tur.
1155 2005 1289 2032 Adeamus
1304 2011 1367 2038 ergo
1381 2007 1407 2030 et
1421 2010 1470 2030 nos
1486 2010 1568 2029 unum
1581 2009 1692 2034 eorum,
1707 2001 1803 2037 quibus
1822 2009 1892 2032 οπο,

1087 2053 1166 2080 lestes
1180 2056 1263 2086 portae
1283 2049 1434 2077 commissze
1455 2052 1525 2082 sunt,
1548 2048 1722 2082 appellemus,
1743 2046 1878 2081 supplice-

1086 2106 1156 2130 mus,
1178 2104 1227 2130 pro
1244 2095 1355 2129 pecunia
1380 2097 1528 2128 promptam
1547 2093 1709 2120 voluntatem
1728 2091 1878 2119 sincerum—

1086 2153 1138 2180 que
1157 2143 1279 2170 ail'ectum
1298 2141 1480 2169 exhibeamus.
1503 2140 1536 2167 Et
1550 2139 1571 2166 si
1588 2139 1633 2167 ille
1645 2138 1795 2166 mercedem
1809 2137 1880 2165 hanc

1086 2190 1228 2224 acceperit,
1255 2195 1334 2214 manu
1355 2191 1445 2214 nostra
1467 2185 1633 2220 apprehensa
1653 2192 1702 2219 per
1720 2184 1809 2212 omnia
1823 2183 1878 2210 cir-

1087 2237 1237 2266 cumducet,
1261 2243 1312 2261 non
1336 2234 1409 2261 illam
1428 2231 1573 2260 ostendens
1589 2231 1699 2267 regiam,
1720 2230 1767 2259 sed
1791 2231 1879 2265 ipsum

1087 2284 1185 2318 Regem
1214 2281 1240 2308 in
1265 2280 1333 2308 solio
1351 2280 1501 2308 sedentem.
1523 2277 1690 2305 adstantibus
1719 2276 1880 2304 exercitibus

1087 2328 1303 2362 exercituumque
1330 2324 1462 2356 ducibus,
1491 2323 1676 2351 assistentibus
1699 2321 1880 2349 innumerabi-

1087 2374 1151 2400 lium
1172 2372 1326 2406 angelorum
1346 2374 1374 2398 et
1396 2369 1617 2404 archangelorum
1630 2367 1770 2400 millibus;
1790 2367 1880 2394 omnia

1088 2420 1230 2454 diligenter
1258 2417 1334 2444 nobis
1359 2415 1499 2448 ostendet,
1529 2421 1660 2451 quatenus
1690 2414 1765 2442 nobis
1788 2413 1881 2441 videre

1088 2467 1160 2494 licet.
1175 2465 1239 2499 Quis
1255 2465 1333 2499 igitur
1352 2467 1393 2490 est
1413 2463 1462 2489 iste
1481 2461 1524 2489 cui
1546 2461 1604 2489 lnec
1623 2461 1724 2488 functio
1738 2459 1881 2488 commissa

1087 2517 1138 2544 est,
1154 2519 1235 2546 quam
1257 2513 1401 2544 sequentes
1421 2515 1491 2535 nunc
1511 2508 1632 2534 volumus
1652 2506 1775 2542 ingredi?
1788 2505 1881 2538 Isaias,

1088 2557 1277 2593 prophetarum
1291 2555 1485 2583 vocalissimus.
1498 2553 1568 2588 Ergo
1581 2559 1692 2580 necesse
1704 2556 1756 2585 est,
1767 2555 1797 2578 ut
1812 2550 1880 2578 hunc

1088 2605 1263 2638 alloquamur.

1125 2650 1265 2684 Scriptura:
1280 2646 1404 2682 quomodo
1418 2645 1560 2672 audienda
1576 2658 1611 2665 -—
1624 2644 1712 2679 Agite,
1730 2642 1881 2678 sequamini

1088 2694 1237 2729 composito
1250 2692 1333 2727 gradu
1347 2690 1511 2723 incedentes,
1530 2689 1614 2717 multo
1633 2697 1692 2716 cum
1707 2689 1814 2716 silentio
1827 2698 1833 2715 :
1848 2696 1882 2716 ne

1088 2741 1148 2776 quis
1171 2738 1333 2773 ingrediatur
1356 2736 1427 2764 curis
1453 2739 1565 2762 onustus
1590 2734 1741 2767 mundanis,
1768 2742 1804 2762 ne
1823 2734 1885 2768 quis

1089 2786 1168 2813 animi
1184 2784 1289 2815 dubius,
1311 2789 1344 2809 ne
1363 2781 1420 2817 quis
1435 2781 1564 2808 attenitus
1580 2789 1587 2806 :
1607 2788 1698 2807 verum
1722 2781 1778 2806 haec
1792 2780 1882 2806 omnia

1091 2833 1153 2859 foris
1167 2836 1227 2858 ante
1238 2829 1334 2857 ostium
1347 2828 1510 2863 deponantus
1519 2834 1622 2860 omnes,
1636 2832 1715 2861 atque
1729 2826 1763 2853 ita
1774 2825 1884 2853 deruunt

1124 2885 1132 2899 I
1168 2881 1235 2904 Linus
1269 2882 1477 2914 legit,mysticnm
1489 2880 1571 2905 metas.
