2072 3122
195 166 244 194 109
709 163 740 190 ΙΝ
761 163 872 196 lLLUD,
896 163 963 191 VIDI
980 163 1146 194 DUMlNUll.
1168 162 1283 191 ll0.\llL.
1305 163 1336 192 ll.

194 224 382 260 ingrediamur.
397 222 564 257 logredimur
585 222 655 249 enim
678 222 704 248 in
725 229 835 257 regnum
849 225 985 251 caelorum.

192 269 396 298 conscendimus
406 269 434 296 in
448 269 568 304 regiones
583 267 666 295 stellis
681 267 852 302 fulgurantes.
866 267 932 300 Qua:
947 267 987 294 in—

193 322 236 345 tus
248 319 310 342 sunt
327 315 397 342 miro
418 315 525 342 silentio
540 314 617 349 plena
639 318 711 345 sunt,
733 313 919 348 mysteriisque
935 320 987 340 non

189 360 334 388 eﬂerendis
347 361 458 388 referta.

225 407 254 436 2.
268 407 320 435 Sed
335 407 539 437 animadvertite
552 407 710 441 diligenter:
722 414 782 433 nam
792 406 987 441 Scripturarum

191 453 269 482 lectio
281 453 407 480 ctelorum
422 457 463 480 est
481 453 618 480 reseratio.
643 451 674 478 Et
689 454 784 487 factum
796 457 832 478 est
845 459 922 483 anno,
938 459 988 486 quo

171 508 173 510 λ
192 504 306 527 mortuus
318 504 354 526 est
369 499 446 526 Ozias
458 507 518 533 rex,
532 499 583 526 uidi
599 498 735 526 Dominum
749 498 874 526 sedentem
886 498 912 527 in
924 497 988 524 solio

190 545 288 573 metm
303 549 328 572 et
341 545 407 572 elato
421 545 445 581 (Ι
450 545 497 573 sui.
510 545 537 573 6.
551 546 589 579 l).
605 545 700 572 Vidisti
715 545 789 580 probi
804 544 894 572 fanmli
908 544 989 572 bene-

191 592 334 619 volentiam
346 591 612 625 humanitatemque?
629 591 704 618 Illico
721 598 769 618 nos
781 590 813 618 ad
833 590 928 617 solium
948 590 988 618 in-

190 637 266 664 duxit
279 637 392 672 regium,
411 645 460 665 nec
477 638 550 671 pritts
570 637 725 672 circumegit
748 641 807 671 post
826 637 917 671 longos
931 644 989 664 am-

191 682 272 714 bitus,
287 683 334 710 sed
355 683 433 710 simul
454 687 533 718 atque
547 687 638 718 portas
657 683 770 717 aperuit,
793 690 808 709 e
823 683 931 717 regione
945 689 988 709 Se-

190 729 299 756 dentem
320 729 461 756 Dominum
485 729 601 756 ostendit
627 737 633 754 :
656 728 689 755 Et
711 728 845 763 Seraphin:
860 749 867 761 ,
892 728 984 763 inquit,

190 773 290 800 stabant
304 774 330 800 in
343 774 449 800 circuitu
463 774 516 810 ejus
527 782 536 805 ;
551 782 594 800 me
605 773 654 800 alte
666 774 720 806 uni,
735 778 757 800 et
770 781 815 800 sea:
827 773 876 800 alte
889 773 962 800 alteri
977 781 986 800 :

190 827 220 845 ac
235 819 334 846 duabus
347 819 448 855 quidem
470 819 583 846 uelabant
604 819 714 854 facient,
739 819 835 846 duabus
856 819 940 854 pedes,
963 825 986 846 et

191 864 289 890 duabus
299 864 424 896 volabant,
439 869 461 891 et
473 865 616 891 clamabant
626 865 690 891 alter
699 865 732 891 ad
742 864 986 896 alterum,dicentcs:

191 910 312 943 Sanctus,
331 917 442 945 sanctus,
457 917 568 945 sanctus,
587 911 708 941 Dominus
731 911 853 939 Sabaoth.
864 911 944 948 (Ibid.
960 920 975 939 ν

189 956 218 983 2.
233 957 273 989 3).

226 1001 320 1029 Contra
331 1002 474 1029 Anomwos.
487 1002 578 1030 Divina
589 1007 679 1030 nalura
691 1004 788 1039 angelis
796 1003 986 1039 incomprehen-

189 1048 280 1074 sibilis.
295 1063 331 1068 —
343 1048 411 1075 Vere
430 1053 547 1080 sanctus,
567 1050 610 1084 qui
629 1054 746 1076 nostram
771 1053 890 1076 naturam
907 1050 986 1077 tantis

190 1101 222 1120 ac
239 1093 334 1121 talibus
354 1094 489 1131 mysteriis
501 1094 622 1129 dignatus
636 1099 691 1127 est,
706 1095 750 1129 qui
771 1102 820 1121 nos
839 1094 929 1121 talium
945 1102 987 1122 se-

189 1145 324 1166 cretorum
340 1144 478 1166 consortes
494 1138 566 1166 fecit.
582 1139 682 1166 llorror
696 1147 738 1167 me
750 1147 780 1166 ac
796 1143 896 1166 tremor
904 1140 986 1166 corri-

190 1185 248 1218 puit
269 1185 294 1211 in
310 1185 353 1212 tali
366 1185 478 1212 cantico.
497 1185 529 1212 Et
545 1185 607 1220 quid
629 1185 734 1217 mirum,
758 1185 780 1212 si
798 1193 840 1212 me
859 1185 986 1219 Corripuit

190 1231 290 1258 luteum
301 1239 331 1258 ac
345 1236 491 1264 terrenttm,
505 1239 564 1258 cum
579 1232 657 1258 etiam
679 1232 750 1267 ipsas
761 1239 889 1266 supernas
903 1233 986 1258 virtu-

190 1282 230 1303 tes
243 1284 349 1312 semper
360 1277 489 1304 maximus
501 1277 620 1304 obtineat
630 1277 740 1312 stupor?
752 1277 899 1312 Eapropter
909 1285 985 1304 arer-

189 1327 249 1350 tunt
277 1323 371 1355 facies,
393 1324 501 1358 alasque
527 1324 584 1351 vice
607 1331 741 1351 murorum
764 1323 908 1358 objiciunt,
931 1331 983 1351 non

188 1369 306 1397 ferentes
319 1371 406 1397 radio;
421 1371 492 1398 illinc
507 1370 714 1404 proﬁciscentes.
732 1371 762 1397 Et
780 1376 879 1402 tamen,
899 1371 981 1402 aiunt,

189 1415 213 1442 id
228 1416 299 1450 qttod
314 1416 458 1450 apparebat
472 1420 645 1450 attemperata
661 1417 774 1451 quadam
794 1415 908 1450 imagine
921 1415 985 1442 olle-

188 1463 306 1489 rebatur.
320 1463 374 1490 Cur
389 1463 469 1497 igitur
479 1470 530 1489 non
547 1461 682 1489 tulerunt?
693 1462 755 1489 Mihi
772 1462 819 1489 ista
839 1461 924 1489 tlicis?
939 1462 984 1490 Dic

189 1508 221 1534 iis
242 1508 286 1542 qui
305 1509 411 1535 curiose
432 1513 585 1535 scrtttautur
599 1507 758 1534 inell‘abtletn
774 1514 804 1534 ac
819 1507 922 1534 beatam
938 1515 984 1534 na-

188 1559 286 1584 turam,
302 1553 334 1580 iis
348 1553 392 1588 qtti
406 1554 504 1580 audent
520 1561 571 1580 non
587 1553 718 1580 audentia.
732 1552 788 1588 Ipsa
802 1552 940 1588 Seraphim
950 1561 983 1581 nc

187 1598 378 1625 demissionem
407 1599 514 1633 quidem
543 1598 590 1625 Dei
614 1599 798 1626 sustinuerunt
823 1598 919 1625 intueri
937 1603 984 1625 :et

188 1644 270 1670 homo
280 1651 361 1671 ausus
377 1643 531 1676 estdicere,
555 1644 608 1671 imo
629 1643 716 1678 potius
736 1643 816 1670 homo
838 1651 920 1670 ausus
942 1648 984 1671 est

187 1689 279 1716 animo
289 1689 439 1723 concipere,
453 1697 482 1716 se
497 1694 617 1715 naturam
629 1689 713 1723 ipsam
727 1689 869 1721 sinceram,
879 1693 905 1716 et
915 1689 984 1716 (ihe-

188 1735 292 1762 rnbinis
306 1736 415 1763 minime
428 1735 609 1769 conspicuam,
627 1742 704 1770 posse
725 1734 757 1762 ad
775 1735 880 1769 plenum
899 1735 984 1762 clm-—

187 1789 240 1815 que
261 1781 368 1808 videre?
393 1781 532 1813 llorresee,
557 1780 670 1812 uelum,
693 1780 862 1814 obstupesce,
890 1785 982 1808 terra:

187 1827 240 1854 hoc
252 1827 350 1854 audere
366 1828 450 1861 majus
466 1831 505 1854 est
515 1827 557 1859 iis,
569 1835 628 1862 qua:
641 1827 696 1853 ausi
711 1832 772 1853 sunt
785 1827 833 1854 llli.
846 1827 910 1854 Nam
924 1835 983 1862 que

187 1878 243 1899 tum
265 1873 301 1899 illi
320 1880 367 1907 per
387 1873 548 1907 impietatem
568 1871 712 1905 audebant,
733 1872 825 1900 eadem
848 1879 917 1899 nttnc
938 1880 983 1907 per

187 1918 352 1952 impietatem
367 1918 466 1945 audent
480 1917 534 1945 isti.
553 1917 619 1944 Nam
633 1922 782 1945 creaturam
802 1918 925 1945 similiter
937 1919 984 1944 atl-

187 1968 267 1990 orant
282 1972 288 1990 :
303 1963 373 1998 quod
389 1969 477 1990 autem
496 1971 567 1990 nunc
586 1963 627 1990 isti
639 1964 782 1991 commenti
802 1969 876 1997 sunt,
893 1964 981 1991 nttllus

186 2010 246 2044 ejus
260 2011 346 2037 aetatis
361 2010 497 2037 Immitqu
513 2018 599 2045 neque
613 2010 710 2042 dicere,
724 2017 810 2045 neque
821 2011 912 2038 audire
925 2018 984 2038 sus-

187 2057 276 2083 tinuit.
292 2056 360 2089 Quid
376 2057 434 2083 ais?
449 2057 578 2083 Demissio
587 2061 642 2083 erat
654 2055 723 2090 quod
735 2056 892 2084 videbatur?
908 2056 981 2089 Erat,

186 2103 234 2129 sed
251 2102 308 2130 Dei.
324 2103 428 2130 Etenim
444 2103 466 2129 si
481 2103 572 2130 Daniel
591 2102 633 2130 cui
649 2103 761 2130 multum
776 2107 834 2130 erat
849 2102 984 2130 familiari-

186 2149 250 2176 tatis
266 2156 297 2176 ac
320 2148 422 2176 liducite
440 2149 510 2183 apud
535 2149 627 2182 Deum,
645 2156 698 2175 non
719 2148 845 2175 sustinuit
859 2149 982 2184 angelum

186 2202 248 2223 sese
263 2195 313 2230 ipsi
338 2195 520 2222 demittentem
543 2194 645 2226 videre,
670 2194 716 2222 sed
731 2195 828 2222 cecidit
847 2195 983 2230 jaeuitque

185 2248 299 2276 pronus,
315 2241 427 2269 vinculis
440 2242 576 2269 oculorum
601 2241 669 2268 illius
688 2241 722 2268 ab
744 2242 787 2268 illa
803 2241 884 2276 gloria
898 2242 984 2269 disso-

186 2287 271 2314 lutis:
287 2286 350 2322 qttid
373 2288 468 2314 mirum
488 2287 509 2314 si
532 2287 671 2321 Serapbim
693 2287 863 2328 e‘xpavel‘aeta
884 2288 981 2320 sunt‘,

186 2340 241 2359 non
254 2333 412 2359 sustinentia
427 2332 591 2367 majestatem
604 2332 899 2367 i71amiutueri?Neque
910 2332 981 2360 enint

186 2383 289 2406 tantum
311 2378 474 2406 discriminis
496 2384 537 2406 est
557 2379 628 2405 inter
651 2378 785 2405 Dauiclem
801 2383 827 2405 et
842 2379 979 2413 Angelntn,

184 2429 315 2460 quantttm
330 2426 399 2453 inter
413 2425 494 2452 Deum
509 2431 536 2453 et
551 2425 668 2452 Virtutes
682 2425 750 2452 illas.
769 2425 866 2452 Verum
882 2433 914 2453 ne
935 2433 982 2453 nos

186 2471 247 2505 plus
260 2479 340 2506 quam
362 2475 404 2498 sat
421 2477 462 2498 est
482 2471 523 2498 his
543 2471 678 2498 miraculis
693 2471 866 2498 immorantes
879 2476 982 2499 vestros
1000 2497 1005 2500 ι

186 2516 291 2544 animos
302 2517 328 2544 in
342 2521 477 2551 stuporem
489 2517 635 2552 atligamns,
646 2524 693 2552 age
703 2517 735 2544 ad
747 2516 850 2543 initium
865 2517 982 2544 historia:

187 2567 393 2594 convertamur,
420 2563 605 2590 humilioribus
629 2563 689 2590 illos
715 2563 928 2590 enat-rationibus
949 2563 982 2590 ad

185 2609 245 2643 ejus
271 2608 474 2643 intelligentiam
494 2608 667 2635 adducentes.
693 2606 726 2634 Et
747 2608 842 2642 factum
862 2613 898 2635 est
915 2617 983 2635 anno

187 2663 235 2688 quo
250 2660 363 2681 mortuus
378 2659 413 2680 est
428 2653 503 2681 Ozias
521 2663 574 2681 rex.
596 2654 690 2688 Operm
710 2654 822 2688 pretium
837 2659 878 2680 est
898 2654 984 2689 inqui-

188 2709 246 2728 rere
260 2702 386 2736 primunt,
404 2709 450 2728 cur
464 2700 592 2735 propheta
607 2701 681 2727 nobis
696 2705 800 2734 tempus
818 2700 960 2735 designarit
973 2708 980 2733 ;

188 2755 272 2782 neque
286 2748 357 2775 enim
373 2748 423 2774 hoc
436 2747 543 2774 fortuito
557 2752 689 2774 temerove
705 2746 775 2773 facit.
790 2746 854 2773 Nam
865 2746 979 2782 prophe-

191 2799 274 2820 tarum
287 2800 333 2820 ora
348 2793 394 2820 Dei
409 2798 511 2819 sontes
527 2801 533 2819 :
551 2793 602 2819 tale
617 2800 679 2818 vero
690 2800 721 2819 os
734 2792 798 2819 nihil
813 2791 909 2819 dixerit
923 2792 981 2819 obi-

191 2846 228 2866 ιιιτ
243 2845 268 2867 et
282 2845 358 2867 exrra
373 2847 439 2866 rem.
454 2839 493 2866 Ne
509 2839 586 2874 igitur
602 2847 649 2866 nes
663 2839 748 2866 obiter
763 2844 787 2866 et
803 2838 983 2874 perfunctorie

223 2909 230 2924 ¹
244 2909 317 2938 Luus,
331 2907 360 2934 Si
370 2907 493 2939 Seraphr'm
505 2908 584 2934 oculos
596 2915 649 2933 suos
662 2908 746 2933 vetant.

1787 167 1839 195 llll

1043 220 1190 248 audiamus.
1207 220 1312 248 Etenim
1328 221 1349 248 si
1366 221 1382 248 ii
1398 221 1443 257 qui
1466 221 1567 250 fodiunt
1581 223 1698 255 metalla,
1714 231 1747 252 ne
1761 227 1838 252 mini-

1042 274 1083 293 ma
1097 266 1204 302 quidem
1219 267 1330 294 frustula
1343 272 1514 302 praetereunt,
1532 276 1624 296 verum
1639 269 1682 296 ubi
1699 271 1767 297 nacti
1783 271 1838 298 luc-

1041 312 1094 338 rint
1106 313 1220 346 aliquatn
1242 320 1335 339 venam
1355 314 1423 345 auri,
1445 318 1546 341 meatus
1565 322 1659 342 onmes
1679 321 1772 343 exacte
1787 317 1838 343 eir-

1040 358 1216 393 etunspieiunt
1229 368 1235 386 :
1249 363 1348 393 quanto
1362 359 1445 394 magis
1465 359 1514 387 hoc
1528 359 1616 387 facere
1630 368 1680 388 nos
1695 367 1797 396 oportet
1811 363 1836 389 in

1041 403 1205 438 Scripturis?
1220 404 1254 432 Et
1267 409 1353 432 tamen
1369 405 1394 432 in
1407 405 1522 433 metallis
1533 405 1641 434 diflicile
1657 411 1698 434 est
1717 408 1836 436 invenire

1040 450 1112 485 quod
1126 455 1264 478 venantur.
1286 451 1391 479 Etenim
1408 459 1468 478 eum
1483 456 1511 479 et
1525 452 1628 479 metalla
1645 452 1698 480 sint
1713 457 1793 487 terra,
1810 459 1839 482 ct

1040 504 1134 524 aurum
1149 497 1213 524 nihil
1227 497 1298 525 aliud
1313 498 1435 533 sitquam
1450 503 1531 532 terra,
1547 498 1602 533 ipsa
1617 506 1722 534 quoque
1733 503 1836 527 natura:

1040 544 1192 572 communio
1219 545 1419 580 similitudoque
1441 553 1552 577 eorum.
1577 554 1637 580 quae
1662 550 1836 581 qua‘runtur,

1040 591 1131 618 oculos
1145 591 1226 623 fallit;
1241 596 1356 619 attamen
1371 599 1404 619 ne
1414 592 1452 619 sic
1461 592 1568 627 quidem
1579 592 1710 619 desistunt
1723 592 1772 626 illi,
1789 593 1835 620 sed

1040 645 1146 664 omnem
1159 637 1286 664 adhibent
1300 637 1475 672 diligentiam,
1489 638 1591 665 etiamsi
1606 643 1778 673 posteaquam
1795 638 1836 666 in-

1022 687 1030 691 '
1040 684 1184 719 spexerint,
1199 684 1283 711 sciant
1297 684 1358 719 quid
1373 692 1435 712 vere
1446 686 1479 711 sit
1489 689 1570 716 terra,
1584 685 1646 719 qttid
1656 692 1718 712 vere
1729 692 1834 712 aurum.

1041 729 1068 756 ln
1082 729 1225 764 Scripturis
1240 733 1328 756 autem
1344 737 1395 756 non
1409 735 1449 757 est
1464 730 1556 758 eadem
1568 731 1645 757 ratio.
1660 730 1749 765 Neque
1762 730 1833 758 enim

1040 777 1197 811 proponitur
1212 783 1305 802 aurum
1321 779 1399 803 terra:
1414 777 1599 810 eomntixtum,
1618 777 1664 804 sed
1686 784 1779 811 purum
1794 779 1831 803 est

1039 830 1134 849 aurum
1151 831 1157 848 :
1179 821 1299 857 Eloquia,
1314 821 1408 856 inquit,
1423 821 1526 849 Domini
1539 827 1617 855 casta,
1634 827 1764 858 argentum
1777 824 1836 859 igne

1040 867 1221 899 examinatum,
1243 860 1376 902 probatum
1399 873 1471 894 terra:
1482 867 1566 903 (Paul.
1583 868 1626 895 ll.
1643 869 1681 902 'i').
1697 868 1832 904 Siquidem

1039 913 1182 949 Scriptum
1195 921 1247 941 non
1268 918 1329 941 sunt
1342 913 1450 941 metalla
1465 921 1524 948 qum
1541 913 1676 949 indigeant
1690 914 1830 948 operariis,

1039 959 1086 986 sed
1111 959 1263 987 thesaurum
1290 959 1409 994 pra-bent
1432 964 1552 994 paratum
1578 960 1628 992 iis,
1653 960 1696 994 qui
1712 965 1835 995 qua-runt

1039 1013 1103 1040 opes
1126 1005 1151 1032 in
1177 1005 1240 1040 ipsis
1263 1005 1421 1033 reconditas.
1449 1005 1518 1033 Satis
1542 1010 1582 1033 est
1606 1006 1675 1033 enim
1703 1006 1835 1041 introSpe-

1040 1052 1121 1085 xisse,
1146 1057 1174 1080 ut
1187 1052 1261 1079 omni
1282 1052 1378 1087 expleti
1404 1051 1490 1079 fructu
1517 1052 1677 1085 discedatis;
1702 1053 1767 1080 satis
1793 1058 1833 1080 est

1039 1102 1140 1124 tantum
1153 1098 1305 1133 aperuisse,
1326 1103 1354 1125 ut
1376 1097 1445 1125 illico
1459 1097 1548 1126 \‘idras
1561 1105 1726 1133 gemmarum
1743 1098 1834 1134 Splen-

1039 1144 1140 1172 dorem.

1076 1191 1209 1225 Srripmra
1233 1192 1297 1218 nihil
1318 1191 1391 1218 habet
1409 1200 1598 1227 supervacuum.
1615 1207 1650 1212 —
1664 1192 1726 1219 Haec
1744 1196 1831 1219 autent

1038 1238 1102 1264 mihi
1125 1245 1176 1264 non
1195 1243 1294 1265 temere
1315 1235 1384 1265 dicta
1403 1242 1464 1264 sunt
1480 1245 1565 1272 neque
1585 1237 1692 1265 fortuito
1717 1239 1830 1274 produxi

1038 1290 1200 1315 sermonem,
1216 1285 1263 1310 sed
1279 1283 1339 1318 quia
1363 1288 1425 1311 sunt
1444 1283 1565 1310 homines
1583 1284 1689 1318 quidam
1712 1284 1830 1318 opillcrs,

1038 1330 1081 1364 qui
1099 1334 1269 1364 posteaquam
1288 1337 1377 1356 saeros
1393 1329 1488 1356 Libros
1503 1329 1528 1356 in
1551 1336 1645 1357 manus
1659 1329 1830 1364 sumpserint.

1038 1375 1135 1402 deinde
1146 1375 1293 1410 repercrint
1304 1375 1345 1402 vel
1356 1383 1485 1402 annorum
1498 1383 1636 1402 nttmerum
1649 1375 1773 1410 positum,
1790 1376 1830 1403 vel

1038 1421 1175 1448 nominum
1188 1421 1383 1454 recensionem,
1400 1421 1471 1448 illico
1485 1425 1701 1455 prmtrrcurrunt,
1717 1426 1742 1448 ut
1755 1421 1830 1448 ineu-

1038 1467 1158 1494 santibus
1180 1467 1343 1501 respondent
1365 1475 1372 1494 :
1395 1467 1504 1494 Nomina
1529 1471 1628 1494 tantum
1653 1471 1724 1498 sunt,
1745 1474 1831 1502 neque

1037 1512 1179 1548 quidquam
1197 1512 1295 1539 habent
1314 1512 1443 1539 utilitatis.
1459 1512 1525 1546 Quid
1540 1512 1596 1539 ais?
1613 1512 1681 1539 Deus
1704 1512 1830 1547 loquitur,

1037 1563 1064 1585 et
1083 1562 1109 1585 tu
1123 1558 1205 1586 audes
1228 1558 1327 1591 dicere,
1348 1558 1426 1586 Nulla
1441 1563 1481 1585 est
1501 1558 1631 1586 dictorum
1646 1558 1765 1586 utilitas?
1787 1558 1832 1585 Et-

1037 1604 1107 1631 enim
1122 1604 1142 1630 si
1159 1603 1191 1631 ad
1214 1603 1310 1631 nudam
1334 1604 1532 1638 inscriptionem
1557 1605 1694 1639 aspexeris
1717 1608 1829 1635 tantum,

1038 1657 1125 1676 nonne
1140 1654 1165 1676 te
1177 1649 1254 1677 sistes
1267 1656 1327 1676 cum
1350 1649 1448 1681 studio,
1465 1650 1648 1684 repOsitasque
1669 1649 1830 1676 scrutaberis

1037 1696 1120 1730 opus?
1136 1695 1188 1722 Sed
1210 1695 1271 1729 quid
1288 1695 1382 1729 loquor
1400 1695 1433 1722 de
1455 1695 1616 1729 temporibus
1631 1699 1657 1721 et
1679 1695 1829 1722 nominibus

1038 1741 1193 1776 titulisque?
1209 1741 1284 1768 Disce
1307 1745 1434 1776 quantunt
1450 1741 1535 1767 valeat
1554 1741 1631 1767 unius
1650 1744 1750 1768 tantum
1773 1740 1831 1768 lite-

1037 1787 1102 1814 rula:
1121 1787 1249 1822 atljeetio,
1274 1795 1305 1814 ac
1327 1787 1418 1814 tlesine
1443 1791 1495 1813 tota
1514 1791 1685 1814 contemnere
1710 1787 1827 1814 nomina.

1037 1832 1189 1860 Patriarcha
1213 1837 1304 1860 uester
1324 1832 1457 1860 Abraham
1473 1831 1575 1866 (noster
1592 1832 1661 1859 enim
1685 1832 1771 1867 potius
1790 1837 1832 1859 est

1036 1886 1116 1913 quam
1129 1878 1281 1906 Iudaeorum
1296 1877 1350 1914 hic)
1366 1878 1438 1913 prius
1457 1877 1544 1906 dictus
1565 1883 1604 1905 est
1622 1878 1738 1911 Abram;
1759 1878 1830 1913 qttod

1037 1925 1238 1961 interpretatum
1252 1930 1326 1953 sonat
1342 1925 1511 1952 transitorem
1530 1933 1536 1951 :
1550 1929 1609 1960 post
1629 1924 1689 1952 hac
1707 1932 1770 1952 vero
1784 1933 1831 1951 no-

1037 1971 1109 1998 mine
1121 1975 1282 1998 commutato
1301 1970 1387 1998 diettts
1412 1969 1555 2001 Abraham,
1579 1974 1654 2005 pater
1675 1970 1760 1997 factus
1773 1978 1816 1996 om

1038 2017 1108 2044 nium
1121 2017 1239 2053 gentium
1252 2025 1259 2050 ;
1275 2021 1301 2044 et
1322 2017 1427 2045 uuicttm
1439 2017 1600 2044 elementum
1615 2017 1747 2052 adjectum
1775 2022 1832 2044 tan—

1037 2069 1092 2092 tum
1116 2063 1292 2098 principatum
1321 2063 1464 2091 vindicavit
1486 2063 1567 2098 justo.
1599 2062 1828 2097 Quemadmodum

1036 2111 1107 2138 enim
1125 2110 1299 2146 Imperatores
1313 2110 1444 2145 pra'leclis
1457 2109 1511 2137 suis
1526 2116 1621 2136 aureas
1640 2109 1780 2144 porrigunt
1792 2114 1831 2136 ta-

1037 2157 1132 2191 bellas,
1148 2157 1316 2191 magistratus
1331 2156 1434 2191 signutn
1449 2164 1456 2183 :
1480 2155 1519 2182 sic
1533 2160 1559 2182 et
1580 2155 1648 2182 Deus
1663 2154 1736 2190 justo
1751 2154 1786 2182 illi
1803 2155 1829 2182 in

1037 2203 1147 2230 honoris
1157 2203 1261 2238 signum
1272 2202 1345 2229 dedit
1359 2203 1473 2229 literam.

1072 2249 1099 2276 5.
1111 2248 1207 2276 \‘erum
1221 2249 1254 2275 de
1270 2248 1419 2275 nominibus
1430 2247 1483 2274 alio
1495 2252 1615 2282 tempore
1626 2247 1757 2274 disserant
1768 2246 1806 2281 (a)
1822 2255 1828 2273 :

1037 2302 1152 2330 quatttus
1166 2300 1253 2323 autem
1266 2295 1300 2323 ait
1313 2300 1462 2330 temporum
1475 2295 1575 2321 fructus
1585 2294 1607 2320 si
1621 2297 1829 2328 cognoscantur,

1038 2349 1143 2369 rurSum
1160 2346 1287 2376 quantum
1303 2341 1430 2367 damnum
1446 2340 1467 2366 si
1479 2339 1644 2375 ignorentur,
1656 2338 1829 2373 aperiendum

1037 2392 1087 2414 est.
1112 2388 1151 2415 Ac
1171 2387 1283 2422 primum
1297 2386 1402 2421 quidem
1421 2385 1445 2412 id
1459 2393 1473 2412 a
1499 2385 1578 2413 rebus
1597 2385 1770 2412 szecularihus
1783 2383 1830 2411 de-

1037 2434 1201 2460 monstrabo.
1215 2433 1384 2460 Testamenta
1400 2431 1549 2466 tabulmque
1561 2431 1594 2458 de
1609 2431 1719 2466 nuptiis,
1733 2430 1766 2458 de
1780 2430 1830 2458 de-

1038 2479 1110 2513 bitis,
1126 2480 1212 2514 deque
1223 2479 1333 2513 reliquis
1344 2478 1525 2506 contractibus
1535 2498 1541 2508 ,
1557 2477 1607 2504 nisi
1623 2478 1650 2504 in
1664 2476 1830 2512 frontispicio

1036 2527 1176 2554 consulum
1188 2533 1271 2553 annos
1287 2525 1401 2552 habeant
1414 2524 1593 2560 przeseriptos,
1611 2523 1709 2551 nullam
1723 2530 1755 2551 ex
1769 2529 1830 2550 sese

1037 2575 1090 2600 vim
1106 2573 1214 2600 habent.
1233 2573 1288 2600 lluc
1303 2577 1343 2599 est
1357 2572 1428 2599 enim
1442 2571 1511 2607 quod
1524 2571 1577 2598 illis
1589 2571 1671 2599 robur
1681 2570 1765 2604 addit,
1779 2570 1831 2598 hoc

1037 2625 1078 2646 est
1098 2619 1170 2654 quod
1191 2617 1386 2646 controversias
1399 2617 1516 2649 dirimit,
1533 2617 1583 2644 ltoe
1601 2616 1672 2652 quod
1685 2624 1699 2644 a
1710 2613 1829 2652 judiciall

1039 2665 1098 2692 foro
1119 2665 1229 2697 liberat,
1257 2664 1306 2691 hoc
1337 2663 1407 2698 quod
1433 2671 1464 2690 ex
1490 2662 1602 2690 inimicis
1630 2662 1693 2690 facit
1716 2662 1829 2690 amicos.

1037 2711 1153 2739 Proinde
1165 2712 1208 2745 qui
1223 2711 1283 2737 talia
1297 2710 1461 2743 describunt,
1472 2717 1523 2737 non
1537 2709 1614 2737 aliter
1628 2717 1707 2745 quam
1721 2709 1828 2736 lucerna

1038 2759 1063 2784 in
1080 2757 1242 2784 candelabro
1263 2757 1323 2791 poni
1345 2756 1428 2789 solet,
1451 2756 1490 2783 sic
1506 2756 1531 2782 in
1557 2755 1722 2790 frontispicio
1736 2754 1827 2781 litera-

1038 2812 1096 2831 rum
1112 2803 1212 2830 addunt
1233 2803 1400 2830 consulatum
1410 2823 1416 2834 ,
1432 2807 1460 2829 ιιι
1473 2801 1598 2830 onmibus
1608 2810 1667 2837 qua:
1684 2799 1830 2834 subjiciun-

1068 2873 1105 2899 tu)
1125 2873 1166 2896 Hic
1183 2871 1271 2895 indicat
1289 2870 1402 2895 llomilias
1419 2870 1450 2894 de
1469 2869 1595 2894 Mutatione
1613 2868 1734 2892 nominum
1745 2884 1753 2896 ,
1769 2871 1829 2897 quas

1040 2905 1158 2929 eztirttmus
1170 2907 1227 2928 tom.
1241 2903 1265 2926 5.
