2072 3122
248 144 290 169 Ill
615 142 644 170 S.
664 143 804 170 JOANMS
815 144 1054 172 CHRYSOSTOMI
1074 144 1231 175 ARCHIEP.
1252 148 1517 178 CONS'I‘ANTINOP.

244 207 286 229 tur
302 201 454 236 pratlnceat.
471 201 536 234 Qua:
553 201 574 228 si
588 202 728 229 sustuleris
740 223 746 234 ,
764 202 852 228 lumen
875 200 1031 233 sustuleris,

243 247 386 282 omniaque
399 247 516 275 tenebris
531 247 665 282 multaque
680 247 829 274 turbatione
847 247 1033 281 compleveris.

245 295 388 329 Propterea
402 301 482 321 onme
497 294 551 321 dati
569 295 724 329 acceptique
739 294 873 329 negotium
884 315 890 326 ,
905 294 961 321 sive
974 301 1035 321 cum

245 339 350 372 amicis,
363 340 419 366 sive
432 347 492 367 cum
505 339 629 371 inimicis,
643 339 699 366 sive
709 347 768 366 cum
783 338 897 371 famulis,
910 339 965 366 sive
975 346 1035 366 eum

246 385 463 420 procuratoribus
472 389 499 413 et
508 385 655 413 meonomis
662 389 765 420 agatur,
775 384 825 411 hac
833 389 893 419 eget
902 385 1034 418 cautione,

249 436 276 458 et
303 431 401 466 ubique
430 438 554 463 menses,
578 437 662 457 annos
692 437 723 457 ae
745 429 802 456 dies
827 429 1033 461 subscribimus.

244 476 320 510 Quod
335 477 357 504 si
381 481 482 503 tantutn
498 476 566 503 valet
587 484 617 503 ea
630 483 673 503 res
689 476 714 502 in
726 475 838 510 negotiis
853 475 1033 508 smcularibus,

250 524 276 550 in
303 521 487 556 spiritualihus
523 522 608 549 multo
638 521 753 556 amplius
776 521 915 556 profuerit.
949 521 1036 556 Siqui-

247 571 309 597 dem
330 569 380 596 hoc
399 568 516 595 declarat
538 567 689 603 prophetias
709 575 768 595 esse
797 567 960 602 prophetias.
984 567 1036 595 Ne-

245 625 299 652 qne
312 616 381 643 enim
409 614 480 642 aliud
496 614 638 649 quidquam
653 619 695 641 est
722 614 860 648 prophetia
874 634 880 646 ,
895 621 972 648 quam
996 621 1036 641 re-

245 661 462 690 runtfuturartun
474 661 619 688 enarratio.
635 660 751 687 Proinde
762 660 806 695 qui
818 659 903 687 nescit
917 664 1035 694 tempora

243 715 335 736 eorum
350 715 408 742 quae
421 707 491 734 dicta
504 710 582 740 sunt,
594 714 687 742 quaeve
705 711 852 734 evenerunt
864 727 871 738 ,
883 706 926 741 qui
942 707 1038 740 poterit

242 753 345 780 homini
359 753 530 780 contentioso
543 752 729 780 demonstrare
752 752 900 788 promit-tite
920 752 1036 787 dignita-

244 799 316 827 tem?
342 799 409 827 Hinc
431 799 508 827 nobis
529 803 556 826 et
577 798 705 826 adversus
727 804 820 834 gentes
844 799 990 826 certamina
1010 802 1038 826 et

243 846 373 878 victorizn,
386 853 445 872 corn
458 849 548 872 nostra
559 844 775 872 dcntonstramus
787 844 947 877 antiquiora,
957 851 1036 878 quam

243 899 302 926 qua:
323 890 393 926 apud
416 891 476 918 illos
498 890 650 918 habentur:
664 890 724 917 hinc
740 890 816 917 nobis
839 890 967 916 adversus
987 889 1036 917 Ju-

244 938 317 963 da-os
348 937 590 965 demonstrationes
613 936 646 963 ad
679 935 853 963 evincendatn
881 935 1036 968 veritatem;

244 982 371 1010 adversus
382 982 488 1010 Judmos
500 1003 508 1015 ,
525 982 631 1017 inquam
647 1003 654 1014 ,
667 981 790 1009 infelices
802 989 833 1009 ac
846 982 960 1009 miseros
970 1002 978 1015 ,
992 981 1036 1016 qui

247 1028 281 1054 ob
302 1032 450 1063 temporum
472 1027 647 1062 ignorantiam
669 1028 695 1054 in
710 1027 895 1062 gravissimum
918 1035 1038 1055 errorem

246 1074 310 1109 lapsi
325 1079 396 1101 sunt.
410 1074 477 1101 Nam
491 1074 514 1101 si
536 1073 672 1101 audissent
695 1074 872 1108 patriarcham
884 1073 1035 1108 dicentem,

249 1119 308 1147 Non
322 1119 418 1154 deﬁciet
430 1120 548 1155 princeps
562 1128 594 1147 ea:
604 1120 689 1154 Juda,
705 1129 784 1155 neque
796 1121 848 1148 dux
860 1122 892 1148 de
903 1121 1038 1157 fautoribus

246 1168 301 1202 ejus
312 1188 320 1200 ,
341 1167 420 1194 donec
434 1166 581 1200 veniat,'cui
595 1167 731 1202 repositum
754 1173 790 1195 est
805 1167 814 1200 (
827 1167 890 1195 Gen.
912 1168 957 1196 49.
972 1168 1036 1204 10),

246 1214 322 1249 sique
332 1213 474 1249 diligenter
486 1213 673 1241 observasswt
688 1213 817 1242 adventus
831 1214 956 1242 dominici
970 1218 1037 1242 tem-

246 1267 327 1294 pora,
345 1267 510 1294 nequaquam
525 1259 690 1287 excidissent
702 1268 716 1287 a
732 1260 840 1287 Christo
862 1261 888 1288 in
903 1250 1038 1288 Antichri-

247 1311 302 1333 tum
317 1305 417 1340 delapsi
434 1314 440 1332 :
456 1305 681 1341 quemadmodum
695 1311 721 1334 et
735 1306 792 1341 ipse
803 1306 924 1334 Christus
936 1307 960 1334 id
975 1307 1038 1334 sub-

246 1350 367 1378 indicans
381 1351 420 1378 cis
434 1350 556 1386 praedixit
570 1359 576 1377 :
590 1351 644 1386 Ego
659 1352 713 1378 veni
727 1352 753 1378 in
766 1352 865 1379 nomine
878 1351 966 1380 Putris
977 1353 1035 1386 mei,

245 1404 268 1424 ct
282 1406 332 1424 non
356 1397 483 1431 recepistis
498 1406 537 1424 me
552 1405 561 1424 :
574 1398 596 1424 si
616 1399 708 1425 venerit
729 1398 795 1425 alius
817 1399 844 1425 in
862 1399 962 1426 nomine
974 1407 1036 1432 suo,

245 1444 316 1470 illum
329 1443 454 1478 recipietis
467 1442 565 1478 (Joan.
587 1443 614 1471 5.
627 1443 690 1479 45).
716 1444 808 1471 \‘idisti
824 1449 939 1479 quantus
961 1440 1038 1472 erro’r

247 1489 369 1516 inciderit
381 1496 412 1516 ex
426 1489 531 1516 inscitia
553 1490 720 1524 temporum?
743 1489 854 1517 Tantam
871 1490 950 1525 igitur
965 1491 1037 1518 utili-

248 1541 328 1563 tatem
344 1543 377 1562 ne
392 1535 518 1570 negligas.
533 1535 761 1569 Quemadmodum
776 1536 845 1563 enitn
860 1536 886 1563 in
899 1537 971 1571 agris
983 1542 1036 1564 ter-

246 1581 310 1608 mini
332 1581 513 1616 columna-que
544 1589 597 1609 non
626 1582 717 1608 sinunt
737 1590 800 1609 arva
831 1582 971 1615 cuitfuudi,
998 1583 1037 1610 sic

247 1632 366 1662 tempora
380 1635 433 1654 non
456 1627 546 1654 sinunt
566 1626 691 1654 confundi
715 1635 758 1655 res
777 1633 866 1662 gestas
880 1648 886 1658 ,
900 1628 947 1654 sed
974 1627 1036 1655 dum

248 1673 376 1700 dirimunt
393 1673 459 1699 alias
472 1672 506 1700 ab
528 1673 603 1704 aliis,
615 1679 642 1700 et
657 1674 683 1700 in
706 1674 826 1701 ordinem
846 1679 1036 1709 congruentem

246 1718 381 1752 digerunt,
398 1718 479 1745 multa
495 1725 543 1745 nos
559 1718 671 1746 liberant
683 1719 843 1747 turbatione.
864 1719 959 1754 Operae
974 1727 1037 1754 pre-

248 1765 312 1790 tium
328 1764 407 1799 igitur
419 1768 460 1791 est
472 1771 608 1799 exponere
623 1764 698 1791 vobis
721 1764 780 1799 quis
801 1765 880 1792 fuerit
893 1765 936 1792 hic
948 1764 1035 1797 Otias,

246 1817 298 1844 quo
313 1815 434 1845 tempore
458 1811 585 1845 regnarit,
605 1810 701 1845 quibus
721 1811 868 1845 imperarit,
889 1815 916 1838 et
939 1816 1038 1846 quanto

247 1861 367 1890 tempore
379 1855 481 1882 durarit
492 1855 562 1883 illius
573 1856 746 1890 principatus,
760 1862 894 1890 postremo
905 1857 1038 1892 quomodo

248 1900 329 1927 vitam
345 1899 523 1934 ﬁnierit.'lnto
535 1901 623 1935 potius
641 1900 694 1936 jam
707 1901 839 1929 silendum
854 1907 905 1934 cst,
920 1910 952 1929 eo
967 1902 1037 1937 quod

248 1953 358 1973 necesse
381 1945 414 1973 sit
438 1946 466 1986 in.
480 1946 639 1974 immensum
664 1947 834 1975 historiarum
855 1948 963 1983 pelagus
976 1957 1037 1976 ora-

248 1994 346 2020 tionem
360 1993 515 2021 extendere.
532 1993 580 2026 Qui
594 2002 657 2021 vero
671 2003 717 2029 per
728 1994 879 2030 hnjnsntodi
893 2003 966 2022 mare
977 2000 1039 2022 sunt

249 2041 299 2068 iter
313 2040 407 2068 facturi
420 2061 428 2072 ,
445 2048 555 2068 necesse
571 2045 612 2068 cst
631 2049 684 2068 non
709 2041 843 2076 fatigatis,
856 2041 903 2068 sed
927 2042 1037 2077 integris

248 2087 391 2122 remigibus
401 2086 471 2114 viam
486 2092 635 2122 capessant.
649 2087 714 2114 Nam
729 2087 798 2114 hanc
809 2088 843 2114 ob
856 2095 963 2115 causam
979 2096 1038 2123 pas-

247 2133 296 2159 sint
314 2140 360 2166 per
374 2140 447 2159 mare
473 2137 564 2166 [)tll'lui
588 2132 735 2168 insulaeque
760 2133 852 2168 posita:
876 2138 955 2167 sunt,
971 2139 1039 2161 utut

247 2177 407 2212 gubernator
430 2182 456 2204 ct
469 2182 547 2204 nauta
563 2178 744 2206 refocillentnr
755 2199 762 2211 ,
780 2179 822 2206 hic
844 2179 950 2213 quidem
963 2187 1038 2207 remo

247 2223 370 2256 deposito
381 2243 389 2255 ,
403 2223 448 2250 ille
463 2231 526 2250 vero
541 2231 689 2259 exsurgens
702 2232 717 2251 a
740 2225 827 2252 clavo.
843 2225 890 2252 llis
903 2226 936 2253 de
950 2227 1038 2253 causis

247 2273 273 2294 ct
284 2268 430 2296 diversoria
443 2276 625 2304 caupomuque
639 2270 735 2305 ubiqtte
751 2279 799 2305 per
813 2272 868 2299 vias
883 2273 1039 2308 excogitata:

247 2318 323 2346 sunt,
340 2319 369 2341 ut
381 2314 498 2349 jntnenta
521 2315 599 2342 simul
612 2323 671 2342 cum
693 2316 838 2344 viatoribus
856 2325 870 2344 a
886 2318 976 2345 labore
992 2327 1036 2346 re-

248 2365 382 2387 creentur.
397 2359 487 2395 qune
500 2364 527 2387 ct
547 2360 675 2388 doctrina:
688 2362 804 2389 sermoni
822 2363 918 2390 silentii
935 2369 1039 2398 tempus

248 2405 407 2440 prattinitum
422 2410 462 2432 est
472 2425 479 2438 ,
494 2412 522 2433 ut
535 2415 620 2441 neque
634 2414 683 2434 nos
697 2407 769 2441 ipsos
782 2408 964 2437 deterreamus
978 2417 1038 2437 ver—

250 2452 343 2478 borum
367 2451 552 2486 multitudine,
577 2461 663 2487 neque
687 2461 735 2480 vos
754 2453 930 2482 dolat-senius.
953 2456 1039 2490 Atque

249 2497 307 2526 haec
327 2501 446 2532 tempora
460 2498 533 2525 novit
545 2498 670 2526 Salomon
683 2499 784 2533 dicens,
803 2500 823 2525 ’Τ
824 2509 911 2536 emptis
922 2502 1038 2534 tacendi,

248 2549 271 2570 ct
297 2548 394 2579 tempus
416 2543 532 2578 loquendi
550 2544 559 2580 (
574 2544 658 2572 Eccle.
683 2546 709 2572 3.
724 2545 771 2581 7).
797 2547 837 2573 Sit
861 2547 940 2582 igitur
964 2549 1039 2576 nobis

250 2594 354 2623 tempus
370 2589 473 2616 tacendi
487 2610 493 2620 ,
517 2598 568 2624 quo
581 2590 658 2618 detur
670 2597 695 2618 et
710 2593 866 2626 praeceptori
880 2598 983 2628 tctnpns
997 2595 1038 2621 lo-

248 2633 345 2668 quendi
361 2632 409 2669 (tt).
422 2633 487 2662 Nam
503 2642 562 2670 qua:
573 2644 621 2662 nos
636 2636 781 2668 offerimus,
795 2638 890 2664 similia
905 2644 966 2666 sunt
977 2639 1039 2667 vino

248 2679 318 2712 quod
342 2688 435 2708 recens
454 2681 504 2710 sub
527 2681 652 2709 torculari
674 2681 799 2710 haustum
823 2688 881 2711 est:
896 2692 955 2719 qum
975 2693 1039 2713 vero

248 2727 372 2754 dicuntur
384 2726 418 2754 ab
430 2726 485 2760 illo,
499 2728 595 2755 similia
610 2733 671 2756 sunt
683 2729 754 2762 vino,
768 2730 837 2765 quod
851 2732 976 2765 quoniam
991 2741 1037 2760 ve-

248 2778 371 2802 tustatem
386 2775 542 2810 seniumque
553 2775 677 2810 collegit,
692 2776 801 2804 multam
816 2776 902 2806 adfert
918 2783 970 2806 tum
985 2779 1038 2806 nti-

279 2851 314 2881 (u)
324 2850 446 2882 Cbrysost.
460 2851 519 2876 dixit
533 2857 653 2882 μὲι-δρηιο
668 2859 689 2884 et
700 2853 789 2884 ismpo.

1832 154 1884 181 ΗΞ

1092 203 1203 238 litatem,
1219 209 1273 232 tum
1288 207 1338 233 vim
1355 208 1386 234 iis
1394 209 1436 242 qtti
1453 216 1520 242 opus
1532 208 1631 236 habent
1645 219 1651 236 :
1669 210 1798 246 nobisque
1812 213 1880 239 acci-

1089 250 1127 278 dit
1149 250 1228 279 hodie
1248 252 1312 280 illnd
1336 255 1483 289 evangelii,
1513 259 1572 290 post
1596 256 1714 285 deterius
1737 258 1827 286 vinum
1855 259 1880 286 id

1089 297 1158 331 quod
1173 299 1269 326 tnelitts
1280 304 1320 326 cst
1334 300 1447 328 infertur
1474 301 1567 337 (Joan.
1579 302 1606 331 2.
1629 303 1663 331 10
1674 303 1694 339 ).
1707 305 1738 331 Et
1751 306 1881 340 quemad~

1089 343 1197 371 modum
1215 345 1278 372 illud
1303 346 1393 373 vinum
1416 355 1468 374 non
1495 348 1555 376 vitis
1573 355 1700 383 genuerat
1712 371 1720 384 ,
1735 351 1782 378 sed
1795 352 1880 379 virtus

1088 388 1152 416 Jesu
1164 389 1262 416 Christi
1277 390 1396 418 fecerat:
1410 393 1445 419 ita
1462 396 1489 420 et
1506 393 1584 428 [illius
1599 401 1750 422 sermonem
1762 404 1814 423 non
1830 397 1879 424 hu-

1089 443 1166 463 mana
1180 436 1316 471 profundit
1333 439 1458 473 cogitatio
1468 460 1475 473 ,
1498 440 1544 467 sed
1558 440 1673 475 Spiritus
1686 443 1769 470 sancti
1783 448 1878 478 gratia.

1088 482 1219 516 Quoniam
1231 484 1311 519 igitur
1330 485 1408 520 hujus
1419 486 1528 520 liquoris
1547 486 1644 515 ﬂuenta
1659 490 1765 524 copiosa
1778 495 1838 518 sunt
1853 495 1880 518 et

1089 529 1252 563 spiritualia,
1268 529 1386 558 studiose
1399 532 1561 566 excipiamus
1574 554 1581 566 ,
1597 539 1674 562 caute
1687 542 1836 567 servemus,
1853 542 1880 563 ut

1089 575 1196 602 assidue
1208 576 1309 611 irrigati
1326 578 1509 612 tempestivum
1521 578 1671 607 adferamus
1681 581 1794 608 frttctum
1814 582 1878 614 Deo,

1089 621 1133 655 qui
1159 621 1215 649 Inec
1236 621 1346 657 largitus
1358 627 1400 650 est
1425 632 1432 651 :
1453 632 1533 658 quem
1555 624 1632 652 decet
1652 627 1740 653 omnis
1758 627 1841 661 gloria
1853 633 1881 654 ct

1091 666 1176 694 honor
1186 674 1246 694 cum
1263 668 1398 703 nnigcnito
1413 669 1469 704 ejus
1485 670 1553 697 Filio
1575 671 1797 707 sanctissimoqnc
1817 673 1879 707 Spi-

1090 713 1151 746 ritu,
1169 721 1239 741 nunc
1251 720 1278 742 et
1290 722 1404 751 semper,
1417 721 1443 743 et
1455 716 1481 743 in
1494 717 1590 744 saecula
1601 718 1770 746 smculorum.
1785 721 1878 747 Amen.

1090 784 1118 811 In
1133 785 1279 812 secundum
1290 786 1385 814 librum
1400 787 1618 822 Paralipomenon
1634 789 1672 825 (α)
1683 811 1690 823 ,
1705 790 1748 817 ubi
1763 790 1860 818 dicitttr
1871 812 1878 823 ,

1126 829 1230 858 Elatum
1247 837 1282 858 est
1298 840 1340 858 cor
1356 832 1425 859 Oziw
1437 841 1446 864 ,'
1459 833 1545 869 deque
1560 833 1723 867 humilitate;
1739 841 1793 862 tum
1810 837 1879 870 quod

1126 876 1260 903 hominem
1271 876 1368 905 virtute
1379 877 1518 912 prtedittnn
1530 887 1581 906 non
1595 884 1716 914 oporteat
1728 889 1787 908 esse
1798 883 1881 908 conli-

1126 921 1252 956 dentem;
1278 923 1392 958 denique
1410 929 1535 959 quantum
1556 926 1655 953 malum
1676 927 1709 954 sit
1731 929 1879 963 arrogantia

1125 968 1271 1003 (2.Paral.
1287 969 1471 1003 26.16;e14.
1488 971 1550 1007 Reg.
1567 972 1626 1008 is).

1385 1047 1523 1077 llOSllLlA
1544 1049 1588 1077 Ill.

1127 1112 1152 1139 1.
1165 1112 1323 1141 Benedictus
1339 1114 1419 1147 Dens,
1432 1120 1459 1142 et
1473 1121 1562 1143 nostra
1576 1111 1681 1152 quoque
1695 1123 1760 1145 {Eli-5
1774 1126 1882 1154 proger-

1089 1158 1173 1185 minat
1187 1163 1327 1194 martyres,
1339 1165 1367 1188 et
1379 1161 1455 1188 nobis
1469 1161 1519 1189 hoc
1534 1162 1642 1191 honoris
1653 1165 1760 1191 contulit
1782 1166 1825 1192 llei
1839 1166 1881 1192 di-

1089 1204 1190 1238 gnatio,
1205 1209 1233 1231 ut
1244 1206 1459 1239 conspicerenms
1472 1207 1593 1235 homines
1604 1209 1687 1236 occidi
1704 1218 1751 1244 pro
1763 1210 1879 1243 Christo,

1088 1248 1213 1277 homines
1227 1250 1271 1284 qui
1285 1258 1361 1278 sacro
1376 1252 1503 1286 sanguine
1516 1253 1652 1286 distillant,
1667 1255 1810 1283 Ecclesium
1823 1257 1882 1283 uni-

1090 1301 1194 1323 versam
1207 1295 1333 1331 irrigante
1347 1306 1353 1324 :
1368 1298 1505 1332 sanguine,
1517 1299 1633 1334 inquam,
1649 1301 1816 1334 distillantcs,
1826 1302 1882 1330 dac-

1089 1342 1213 1370 monibns
1228 1342 1334 1377 quidem
1349 1344 1480 1378 terrifico,
1502 1346 1603 1380 angelis
1617 1355 1679 1374 vero
1694 1347 1860 1376 desiderabili
1872 1370 1880 1382 ,

1090 1387 1167 1415 nobis
1182 1396 1261 1422 porro
1274 1388 1393 1415 salutari.
1409 1389 1512 1424 Largita
1524 1395 1564 1417 cst
1578 1391 1654 1418 nobis
1669 1392 1719 1420 hoc
1734 1392 1779 1420 Dei
1790 1394 1883 1428 digna-

1091 1433 1144 1464 tio,
1164 1437 1193 1460 ttt
1207 1439 1390 1468 spectaremus
1406 1433 1526 1462 homines
1546 1444 1593 1470 pro
1608 1437 1704 1471 pietate
1723 1438 1882 1474 belligeran-

1091 1484 1140 1512 tes,
1158 1480 1303 1513 vincentes,
1315 1486 1467 1508 cnronatos.
1480 1481 1570 1516 Neque
1583 1490 1647 1509 vero
1657 1484 1741 1510 solum
1754 1485 1883 1520 contingit

1091 1524 1149 1552 hinc
1163 1531 1301 1559 spectare,
1322 1527 1495 1554 verumetiam
1511 1529 1566 1562 ipsa
1588 1528 1746 1556 athletarum
1769 1538 1883 1565 corpora

1090 1571 1211 1606 accipere
1224 1581 1229 1598 :
1245 1580 1276 1599 ac
1287 1573 1401 1601 victores
1411 1572 1472 1600 illos
1482 1579 1508 1599 et
1519 1581 1616 1600 corona
1628 1575 1743 1610 insignes
1754 1577 1822 1610 apttd
1834 1585 1884 1604 nos

1092 1616 1229 1644 habemus.
1246 1617 1297 1645 Sed
1314 1619 1340 1645 itt
1357 1619 1496 1654 pnescntia
1511 1619 1543 1646 de
1557 1621 1717 1655 martyribus
1733 1629 1882 1649 sertnoncm

1091 1670 1260 1690 reservemus
1275 1669 1419 1700 martyrum
1443 1665 1601 1696 mmulatori,
1633 1667 1766 1693 communi
1788 1667 1882 1694 docto-

1091 1709 1112 1735 ri
1126 1709 1161 1744 (b)
1178 1718 1184 1736 :
1197 1709 1245 1743 ipsi
1260 1717 1321 1737 vero
1333 1718 1403 1738 nunc
1418 1711 1450 1739 de
1465 1712 1526 1739 Otia
1541 1714 1714 1745 disseremus,
1724 1713 1882 1747 jampridem

1091 1756 1115 1782 dt
1127 1756 1209 1783 hilum
1223 1765 1260 1784 :cs
1272 1757 1388 1784 alienum
1404 1758 1614 1792 dinumerantes,
1631 1760 1823 1794 dittturttosqnc
1834 1769 1882 1786 an-

1090 1801 1179 1828 dicndi
1194 1802 1271 1829 nixus
1282 1803 1423 1830 solventes.
1435 1803 1500 1831 Nam
1516 1806 1635 1839 parturit,
1649 1811 1688 1832 sat
1704 1805 1760 1832 scio
1772 1826 1778 1836 ,
1802 1813 1883 1832 unus-

1090 1847 1201 1882 quisque
1225 1853 1341 1875 vestrum
1354 1844 1369 1880 ,i
1385 1850 1493 1883 cupiens
1515 1851 1584 1877 illaut
1605 1851 1696 1878 audire
1720 1851 1857 1878 historiam
1875 1861 1882 1877 ς

1092 1893 1213 1928 hancque
1227 1894 1427 1927 parturitionem
1441 1904 1490 1922 nos
1506 1896 1608 1923 interim
1623 1898 1813 1931 protraximns.
1829 1905 1882 1924 non

1091 1940 1161 1975 quod
1172 1948 1330 1975 caperemus
1341 1942 1416 1968 vobis
1430 1942 1566 1970 intendere
1579 1943 1736 1976 crueiatum,
1755 1944 1800 1970 sed
1813 1944 1883 1978 quod

1091 1986 1259 2014 studeremus
1272 1993 1389 2014 vestrum
1403 1988 1549 2015 accendere
1563 1988 1724 2016 desiderium
1736 2010 1742 2022 ,
1767 1994 1795 2016 ιιι
1809 1990 1883 2017 vobis

1091 2041 1104 2059 a
1122 2041 1164 2060 me
1177 2034 1298 2060 cmtvivio
1313 2035 1428 2068 acceptis
1441 2043 1515 2062 meus
1530 2041 1673 2070 apparatus
1686 2044 1763 2071 quam
1778 2037 1883 2064 sumis-

1093 2079 1176 2105 simtts
1200 2079 1345 2107 videretur.
1370 2079 1435 2106 Nam
1457 2081 1589 2115 opulentis
1608 2083 1820 2109 convivatoribus
1833 2103 1841 2114 ,
1861 2084 1884 2110 si

1092 2125 1217 2152 convivas
1233 2126 1384 2161 acceperint
1405 2131 1512 2154 saturos
1523 2148 1530 2159 ,
1552 2127 1612 2155 licet
1626 2134 1767 2163 apparatus
1783 2129 1884 2156 lautitia

1092 2172 1196 2199 illorum
1223 2174 1400 2207 appetentiam
1423 2174 1563 2201 excitare:
1589 2179 1715 2202 ca-terum
1739 2182 1884 2210 panpcrttm

1092 2226 1211 2246 incusant
1226 2226 1277 2246 non
1291 2219 1340 2246 alia
1356 2227 1399 2247 res
1414 2228 1489 2255 a-que
1502 2221 1600 2248 lautam
1614 2221 1736 2254 exhibet,
1752 2229 1831 2256 quam
1849 2223 1884 2255 si.

1091 2264 1135 2299 qui
1152 2264 1183 2291 ad
1201 2264 1272 2291 illam
1287 2265 1433 2292 accnbitttri
1447 2270 1519 2297 sunt,
1535 2267 1662 2294 esuriant.
1678 2268 1742 2300 Quis
1754 2267 1831 2302 igitur
1844 2273 1884 2295 est

1092 2310 1179 2343 Ozias,
1197 2311 1293 2345 quibus
1307 2316 1380 2337 ortus
1402 2311 1547 2346 majoribus
1558 2333 1564 2343 ,
1587 2320 1699 2347 quorttm
1713 2321 1770 2345 rex,
1784 2319 1887 2348 quanto

1093 2361 1212 2390 tempore
1227 2357 1355 2391 regnavit,
1372 2363 1398 2384 ct
1411 2358 1471 2392 quid
1487 2365 1548 2385 eutn
1564 2358 1643 2385 laude
1655 2360 1747 2393 gessit,
1762 2359 1824 2393 quid
1841 2367 1886 2386 se-

1093 2410 1149 2434 cus,
1166 2408 1300 2437 postremo
1314 2411 1366 2437 quo
1380 2409 1458 2439 pacto
1470 2405 1549 2431 vitam
1570 2405 1701 2432 absolvit?
1719 2405 1757 2432 Do
1769 2405 1811 2432 his
1825 2413 1885 2432 om-

1093 2448 1170 2475 nibus
1184 2447 1209 2474 in
1226 2449 1364 2485 prmscntia
1378 2449 1446 2483 apud
1467 2457 1513 2476 vos
1533 2449 1695 2477 dissert-atus
1706 2471 1713 2482 ,
1731 2451 1784 2477 imo
1798 2451 1885 2485 potius

1093 2498 1219 2528 quantum
1235 2494 1324 2521 dicere
1336 2494 1439 2527 licebit,
1465 2495 1504 2522 sic
1518 2500 1546 2522 ut
1560 2496 1730 2524 multitudine
1750 2505 1802 2524 non
1822 2505 1885 2524 con-

1093 2541 1234 2568 futtdatnus
1255 2547 1369 2569 vestram
1392 2543 1547 2570 memoriam
1564 2551 1570 2570 :
1587 2543 1611 2570 id
1630 2543 1700 2577 quod
1722 2544 1746 2570 itt
1770 2543 1886 2570 lucernis

1093 2587 1213 2614 accensis
1234 2587 1355 2614 accidere
1365 2588 1442 2614 solet.
1474 2587 1540 2614 Nam
1555 2588 1576 2614 si
1603 2588 1728 2622 paulatim
1751 2589 1885 2624 ellyrhuio

1094 2632 1232 2660 instillaris
1244 2633 1343 2665 oleum,
1358 2633 1421 2660 satis
1436 2633 1569 2660 alimonizn
1580 2633 1685 2661 dederis
1701 2635 1753 2669 igni
1767 2643 1773 2661 :
1791 2635 1832 2661 sin
1848 2636 1885 2661 si-

1093 2679 1147 2706 mul
1172 2683 1254 2706 totum
1277 2679 1404 2706 ittfutleris
1428 2680 1534 2711 oleum,
1555 2681 1634 2707 etiam
1651 2681 1783 2708 llamtnam
1798 2702 1804 2713 ,
1828 2689 1885 2714 qua:

1130 2742 1165 2774 (η)
1177 2743 1270 2778 Qmoes
1282 2744 1358 2778 ferme
1370 2745 1425 2769 Mss.
1438 2745 1625 2778 habettlrais'tiv
1636 2746 1732 2777 πρώτην
1743 2748 1791 2770 τῶν
1805 2749 1888 2778 napa-

1097 2775 1256 2808 ).mmps'v_tpv;
1274 2776 1317 2799 sed
1331 2775 1369 2799 bie
1382 2779 1421 2799 est
1442 2777 1504 2800 haud
1521 2777 1595 2801 dubie
1615 2775 1737 2801 secundus
1758 2775 1886 2808 Paralipo-

1098 2812 1186 2839 menon
1198 2804 1270 2834 liber,
1284 2813 1328 2829 nec
1344 2808 1422 2837 potuit
1433 2814 1537 2838 uttquatn
1551 2808 1613 2831 Ulla:
1626 2809 1724 2832 historia
1737 2809 1765 2831 ad
1778 2804 1884 2839 prim-mn

1097 2843 1119 2866 ῖιι
1131 2839 1234 2860 rltnere.

1131 2866 1163 2898 μ’)
1180 2867 1326 2898 Episcopum
1345 2867 1488 2892 Flatiannm
1500 2876 1652 2893 romtnuncm
1667 2873 1734 2894 toral
1746 2869 1882 2894 doctorem.
1908 2899 1912 2903 ν
