2072 3122
190 156 242 183 HS

183 224 252 251 erat.
275 218 448 247 exstinxeris.
464 218 512 245 Hic
525 216 603 252 igitur
616 215 694 244 Ozias
703 224 718 243 e
729 217 800 250 sirpe
811 214 892 242 David
904 214 979 242 duxit

183 273 281 300 genus,
305 272 350 292 rex
367 269 457 291 autem
481 268 538 291 erat
560 262 734 293 Judmortnn;
760 261 879 296 regnavit
901 261 979 288 annis

183 311 375 346 quinquaginta
387 309 510 337 duobus:
526 316 639 342 eumque
659 307 733 334 initio
750 315 809 334 cum
828 306 905 333 laude
919 313 979 341 ges-

183 358 263 385 sisset
283 356 479 392 principatum,
501 359 559 389 post
576 355 602 381 in
624 358 759 389 peccatum
775 353 911 388 prolapsus
927 357 976 379 est.

182 403 248 430 Cum
263 402 334 430 enim
351 401 459 428 altiores
473 401 581 435 spiritus
599 399 751 427 sustulisset
770 405 850 433 quant
872 406 919 432 pro
931 405 976 425 sua

184 448 323 484 dignitate,
337 448 515 483 principatum
532 446 627 474 invasit
639 444 793 472 sacerdotii.

220 493 347 528 Superbia
358 501 426 527 sirpe
438 501 470 521 ea:
479 492 544 519 bona
554 491 704 518 consrientia
718 490 808 518 oritur.
818 504 854 510 —
863 489 977 516 Tantum

183 544 284 570 mz-lum
297 545 337 567 cst
353 539 516 574 arrogantia,
530 546 589 573 quze
605 537 756 572 persuadet,
773 541 801 563 ut
810 537 922 571 quisque
932 543 976 562 se-

182 586 367 621 mctignoret,
390 589 502 620 postque
521 584 619 611 multos
633 583 738 610 labores
751 590 857 610 omnem
873 582 977 610 virtutis

183 635 340 657 thesaurum
353 630 484 657 exhaurit.
508 629 547 656 Ac
565 634 661 656 extera
682 628 789 663 quidem
812 627 882 655 mala
901 628 977 654 nobis

183 675 349 711 negligenter
363 675 504 710 agentibus
518 674 604 702 solent
623 674 769 701 exuberare
781 694 788 705 ,
810 673 866 700 ha-c
887 678 976 700 autem

182 722 248 755 ipsis
268 726 342 749 recte
363 721 550 748 factistmstris
565 719 812 749 adnaseitur.,Nihil
831 721 902 746 enim
916 727 976 753 per-

182 767 244 795 inde
257 767 341 803 gignit
361 766 514 802 superbiam
528 787 535 799 ,
551 771 579 793 ut
593 766 663 793 bona
675 765 848 797 conscientia,
864 765 912 792 nisi
927 764 975 792 ad-

182 814 333 848 vigilemus.
359 813 434 841 Unde
446 817 472 840 et
485 812 607 840 Christus
620 812 720 844 sciens,
731 811 803 846 quod
814 817 873 847 post
892 812 976 839 bene-

183 860 251 887 facta
276 867 325 886 nos
344 859 388 886 hic
411 859 521 886 morbus
541 858 694 890 adoriatur,
717 858 821 885 dicebat
840 858 976 893 discipulis

181 906 237 932 suis
253 915 259 932 :
275 906 338 932 Cum
352 906 437 932 omnia
451 905 573 940 feceritis,
587 904 676 936 dicite,
692 904 764 931 Serui
777 904 877 932 inutiles
889 913 975 932 sumus

183 952 190 985 (
204 951 268 978 Luc.
284 952 328 978 I7.
344 951 407 986 10).
423 951 489 978 Cum
503 951 575 978 enim
590 950 647 977 lucc
661 951 738 977 noxia
754 950 837 978 bestia
852 957 924 986 parat
937 951 976 978 iu-

183 998 280 1025 radere
294 1004 352 1030 vos,
367 1001 439 1030 tunc,
455 997 548 1032 inquit,
563 1004 611 1031 per
627 996 684 1023 hate
699 996 779 1024 verba
793 997 864 1024 fores
878 997 916 1024 illi
930 1004 974 1024 ue-

182 1044 292 1071 cludite.
314 1043 405 1078 Neque
419 1043 485 1070 dixit
499 1052 505 1070 :
522 1042 588 1070 Cum
609 1042 698 1070 omnia
714 1042 828 1070 feceritis
841 1065 848 1077 ,
867 1043 974 1071 inutiles

183 1091 247 1118 estis
260 1100 265 1116 :
276 1090 334 1122 sed,
347 1090 398 1117 Vos
409 1089 497 1123 dicite,
506 1090 616 1119 Inutiles
628 1097 730 1117 sumus.
747 1090 803 1122 Dic,
816 1098 850 1117 ne
859 1095 973 1122 metuas,

183 1144 235 1162 non
252 1144 284 1163 ex
306 1141 352 1162 tuo
374 1135 475 1170 judicio
496 1134 553 1163 fero
571 1135 742 1162 sententiam.
763 1135 828 1162 Nam
851 1136 873 1163 si
898 1139 925 1162 tu
951 1141 976 1163 te

183 1184 269 1218 ipsum
282 1182 380 1209 dixeris
396 1182 525 1214 inutilem,
537 1190 586 1217 ego
603 1186 628 1209 te
639 1182 763 1209 ututilem
776 1182 919 1209 coronabo.
932 1182 976 1210 Sic

183 1235 207 1255 et
221 1229 289 1255 alias
300 1228 416 1262 loquitur
430 1236 437 1254 :
453 1227 500 1254 Dic
514 1232 540 1253 tu
551 1228 619 1262 prior
633 1232 734 1262 peccata
746 1233 799 1259 mn,
814 1232 841 1254 ut
850 1228 976 1262 justi/ice-

183 1275 217 1300 ris
230 1276 239 1308 (
250 1273 312 1300 Isui.
329 1274 372 1300 45.
389 1273 452 1308 ‘26).
472 1274 500 1300 In
520 1273 661 1300 mundanis
675 1272 806 1308 siquidem
819 1281 850 1300 ac
865 1274 977 1300 forensi-

183 1320 233 1347 bus
243 1320 351 1354 judiciis
362 1325 421 1354 post
431 1320 628 1347 accusationem
641 1324 668 1346 et
681 1320 819 1347 criminum
832 1318 977 1347 confessio-

183 1375 245 1394 ιιι-ιιι
265 1371 348 1393 ι-ιέιέιι
367 1374 442 1393 mars
462 1376 468 1393 :
490 1370 617 1393 cancrum
634 1365 702 1400 apud
724 1365 842 1393 divinum
863 1365 975 1393 tribunal

184 1418 243 1448 post
256 1413 454 1440 accusationem
466 1417 492 1439 et
505 1412 696 1440 confessionem
712 1417 879 1447 peccatorum
900 1411 978 1439 datur

182 1466 293 1486 corona.
312 1458 386 1486 Unde
401 1463 427 1485 et
442 1458 568 1485 Salomon
583 1458 646 1487 dicit
663 1456 712 1493 (a)
727 1465 733 1484 ι
749 1457 788 1484 Ne
796 1457 977 1492 justiﬁcavm's

183 1506 290 1539 teipsmn
300 1505 326 1532 in
337 1510 471 1540 conspectu
485 1504 586 1531 Domini
599 1504 608 1538 (
619 1504 695 1531 Eccli.
710 1505 736 1531 7.
807 1504 903 1531 Verum
913 1503 977 1530 nihil

184 1550 281 1578 borum
296 1551 394 1578 audivit
407 1550 500 1583 Ozias,
516 1550 562 1578 sed
578 1550 654 1577 irruit
668 1551 693 1577 in
709 1551 836 1584 templum
847 1570 853 1582 ,
880 1554 909 1577 ut
930 1550 977 1577 ad-

184 1597 269 1624 oleret
279 1619 285 1628 .
305 1605 335 1624 ac
349 1605 382 1624 ne
395 1596 534 1624 sacerdote
547 1596 652 1631 quidem
668 1596 826 1631 prohibente
841 1596 976 1623 abstinuit.

185 1643 253 1675 Quid
270 1643 350 1677 igitur
362 1644 453 1670 Deus?
467 1642 577 1670 Immisit
592 1642 629 1669 illi
644 1643 743 1677 lcpram
765 1642 790 1669 in
805 1642 892 1670 fronte
902 1663 910 1675 ,
926 1643 977 1669 hoc

186 1689 264 1716 modo
280 1689 461 1724 impudentem
483 1689 577 1717 faciem
588 1689 710 1724 puniens,
726 1689 879 1724 decensque
891 1690 975 1724 illum,

185 1735 254 1770 quod
268 1736 319 1762 hoc
329 1741 398 1763 esset
417 1735 462 1762 Dei
474 1736 603 1768 tribunal,
617 1741 644 1763 et
658 1736 727 1771 quod
745 1736 781 1763 illi
796 1737 894 1763 bellum
908 1742 980 1764 esset

186 1789 238 1808 non
253 1782 382 1809 adversus
397 1781 537 1815 homines,
556 1781 603 1808 sed
620 1781 748 1809 adversus
768 1783 861 1809 Deum.
885 1784 923 1809 Ac
945 1783 978 1810 de

186 1827 248 1854 Ozia
260 1827 365 1861 quidem
377 1827 515 1854 hactenus.
527 1827 645 1862 Agedum
657 1827 712 1862 jam
732 1827 765 1854 ab
782 1828 884 1863 integro
896 1828 979 1855 histo-

186 1875 251 1900 riam
265 1873 334 1901 hanc
350 1881 545 1908 percurramus.
569 1874 635 1901 Nam
653 1874 703 1901 hac
721 1874 756 1901 de
774 1882 854 1902 causa
876 1880 903 1902 et
923 1875 979 1909 ipse

188 1928 377 1955 praeoccupans
392 1921 551 1956 compendio
561 1921 636 1948 vobis
650 1921 760 1955 exposui
777 1929 835 1956 qua:
849 1921 919 1948 Olim
933 1929 980 1948 ae-

187 1966 310 1993 ciderunt
325 1967 414 1993 omnia
431 1975 438 1993 :
455 1971 484 1993 ut
503 1973 564 1993 cum
583 1967 719 1994 audieritis
739 1966 902 2001 Scripturant
924 1967 981 1994 luce

187 2012 280 2038 cadent
294 2018 447 2039 narrantem
457 2033 464 2043 .
481 2020 569 2039 rerum
583 2013 679 2040 seriem
693 2019 798 2040 summo
820 2021 880 2040 cuin
899 2013 980 2040 animi

187 2059 275 2086 studio
287 2059 487 2086 eonseetemini.
506 2059 558 2086 Sed
577 2059 715 2086 attendite.
734 2059 766 2085 Et
786 2059 859 2094 fecit.
877 2060 980 2094 inquit,

190 2105 267 2132 Ozias
280 2105 347 2141 quod
361 2111 455 2132 rectmn
471 2112 506 2132 est
519 2106 544 2132 in
560 2111 693 2141 conspectu
714 2106 814 2132 Domini
829 2107 836 2141 (
845 2106 872 2132 2.
891 2105 980 2133 Paral.

188 2151 235 2179 26.
250 2152 296 2186 4).
310 2151 366 2178 IIoc
377 2151 527 2178 testimonio
543 2151 744 2186 magnamillius
757 2154 879 2179 virtutent
894 2152 983 2179 decla-

193 2197 270 2224 ratit.
285 2196 342 2224 Non
356 2197 429 2224 enim
442 2197 521 2224 modo
535 2196 597 2224 fecit
611 2197 681 2232 quod
695 2201 797 2224 rectum
810 2202 877 2230 erat,
891 2205 982 2225 verum

191 2243 272 2269 etiam
287 2242 349 2269 fecit
364 2242 389 2269 in
403 2247 548 2277 conspectu
562 2243 685 2276 Domini,
709 2250 761 2269 non
773 2243 842 2278 apud
860 2243 984 2271 homines

192 2295 223 2315 se
237 2293 376 2315 ostentans
386 2308 393 2320 ,
416 2287 639 2322 quemadmodum
652 2289 722 2323 apud
735 2288 843 2316 Judtcos
854 2289 984 2317 faciebant

193 2334 242 2366 illi,
257 2334 302 2368 qui
314 2338 376 2361 ante
391 2333 588 2369 eleemosynam
604 2333 666 2361 tuba
681 2335 821 2368 canebant,
837 2339 864 2362 et
878 2335 903 2362 in
914 2335 983 2370 jeju.

193 2381 246 2407 niis
261 2379 341 2407 facies
359 2387 420 2406 suas
434 2380 666 2413 exterminabant,
689 2381 734 2414 qui
758 2381 933 2415 precabantur
957 2381 984 2408 in

193 2426 336 2460 compitis;
353 2426 448 2460 quibus
469 2425 548 2453 rebus
570 2425 633 2461 quid
655 2431 741 2462 potest
759 2434 820 2454 esse
841 2426 984 2460 miserius,

195 2472 239 2499 ubi
263 2475 323 2506 post
345 2471 472 2498 toleratos
494 2471 616 2504 labores,
644 2472 715 2499 omni
740 2473 848 2506 prtemio
872 2472 984 2499 frustra-

197 2519 313 2546 bantur?

229 2565 256 2592 2.
268 2564 336 2599 Quid
348 2565 422 2598 facis,
439 2564 534 2592 homo?
547 2564 590 2592 alii
607 2565 755 2592 redditurus
767 2572 796 2592 es
807 2566 935 2593 rationeut
949 2565 988 2593 fa-

195 2616 298 2638 ctorum
323 2615 446 2643 tuorum,
461 2616 487 2638 et
501 2611 584 2638 alium
599 2617 693 2638 testem
721 2612 788 2640 citas
808 2621 901 2640 eorum
927 2621 987 2648 qua;

197 2657 279 2684 facis?
290 2656 370 2683 alium
384 2655 467 2683 habes
479 2656 607 2691 judicem,
623 2661 650 2684 et
663 2657 745 2684 alium
759 2658 869 2685 adhibes
880 2663 987 2692 specta-

198 2703 302 2729 torem?
319 2701 378 2730 Non
396 2701 471 2729 vides
485 2702 591 2737 aurigas
614 2702 660 2737 qui
682 2702 805 2730 universa
829 2704 936 2732 civitate
961 2704 987 2731 in

198 2749 302 2775 sublimi
327 2747 440 2776 sedente
455 2748 480 2775 in
506 2748 674 2783 equestribus
695 2748 784 2781 ludis,
805 2755 888 2776 totttm
911 2749 989 2777 stadii

198 2795 311 2830 spatium
326 2799 532 2830 percurrentes,
550 2794 586 2822 ibi
601 2795 763 2822 contendunt
775 2800 989 2824 concertaturum

231 2865 265 2894 (a)
279 2864 331 2888 Non
345 2871 399 2887 raro
411 2864 526 2897 Siracidis
540 2863 628 2889 librum
648 2865 784 2889 Salomonis
803 2865 863 2890 dicit
881 2865 983 2896 Chryso-

202 2898 298 2924 stotnus,
314 2899 341 2919 ut
353 2896 449 2919 monuit
463 2896 577 2919 Saviltus.

683 158 715 185 IN
735 157 847 190 ILLUD,
870 156 936 183 VIDI
958 157 1123 193 DOMINUAI,
1144 158 1258 187 ΠΟΜΠ..
1279 159 1323 188 Ill.

1776 163 1825 190 ιιι

1033 223 1128 244 currus
1151 216 1317 251 subvertere,
1331 218 1376 245 ubi
1391 218 1580 254 Imperatorem
1599 220 1715 248 viderint
1728 220 1823 248 seden-

1034 266 1088 288 tem
1100 282 1110 295 ,
1125 267 1153 290 et
1167 263 1236 290 inter
1259 267 1298 290 tot
1319 264 1495 299 spectantium
1515 265 1604 292 vultus
1627 273 1707 292 unutn
1722 265 1827 293 oculum

1033 314 1125 343 putant
1138 309 1191 337 fide
1201 309 1361 345 digniorem?
1372 311 1406 338 At
1420 315 1446 338 tu
1458 318 1519 339 cum
1533 311 1624 339 videas
1648 312 1733 347 ipsum
1749 319 1831 347 auges

1031 354 1117 382 lorum
1132 355 1231 390 Regem
1245 360 1289 383 tuo
1301 356 1390 383 cursui
1403 357 1592 392 agonothetam
1602 377 1609 390 ,
1624 357 1675 384 ltoc
1686 361 1727 384 est
1738 362 1828 385 certa-

1031 401 1111 428 tninis
1122 401 1255 435 judicem,
1271 402 1414 436 pncsidere
1428 421 1437 435 ,
1452 410 1485 429 eo
1499 402 1682 438 prattermisso
1708 401 1742 428 ad
1758 409 1825 429 con-

1031 453 1168 473 servorum
1194 446 1263 481 fugis
1277 447 1388 474 oculos?
1402 448 1489 482 Atque
1508 447 1570 474 ideo
1590 454 1654 474 sane
1674 452 1734 482 post
1747 447 1827 474 innu-

1031 498 1118 518 meras
1138 491 1223 519 luctas
1247 491 1418 519 ineoronatus
1433 492 1550 525 recedis,
1563 497 1623 526 post
1636 492 1748 519 sudores
1763 492 1822 527 plu-

1030 537 1112 565 rimos
1127 537 1227 572 absque
1242 538 1359 572 prtemiis
1369 538 1442 565 venis
1454 538 1487 565 ad
1502 538 1692 573 agonolhctam
1701 538 1713 565 ἲ
1723 539 1757 565 At
1770 546 1823 565 non

1031 583 1092 610 talis
1112 588 1170 610 erat
1193 583 1290 615 Ozias,
1311 583 1357 610 sed
1381 583 1408 611 iu
1421 589 1564 619 conspectu
1580 583 1684 611 Domini
1711 582 1826 611 faciebat

1029 629 1100 663 quod
1117 634 1219 656 rectum
1233 634 1284 656 est.

1065 673 1204 709 Fragililas
1230 674 1349 702 hominis.
1379 674 1534 703 Funambuli
1561 679 1672 712 tempore
1707 676 1821 712 Chryso-

1029 720 1113 746 stomi.
1127 720 1222 752 —Qui
1240 719 1338 746 facttnn
1359 725 1400 747 cst
1424 721 1512 756 igitur,
1530 725 1558 748 ut
1586 726 1646 756 post
1666 722 1747 750 vitam
1769 727 1823 750 tant

1029 766 1176 801 perfectam
1201 766 1385 800 supplantatus
1407 767 1441 793 sit
1464 766 1758 802 concideritque‘lNam
1772 767 1824 796 hoc

1028 817 1055 840 et
1076 812 1132 847 ipse.
1148 811 1280 839 detniratts
1296 813 1404 846 ha-sito,
1418 813 1481 848 quiti
1504 814 1592 847 potius
1615 813 1680 841 nihil
1706 814 1749 842 hic
1761 821 1821 843 esse

1029 858 1108 887 debet
1121 859 1287 886 hazsitatiune
1295 859 1415 894 dignum,
1428 859 1644 894 quandoquidem
1657 859 1737 887 homo
1750 865 1820 893 erat,

1028 912 1072 932 res
1085 904 1117 932 ad
1130 905 1292 939 peccandum
1316 905 1433 937 lubrica,
1446 910 1473 932 et
1489 904 1522 932 ad
1537 905 1663 932 malitiam
1678 913 1820 940 propensa.

1027 951 1121 986 Neque
1135 952 1160 978 id
1172 952 1258 979 solum
1274 956 1315 979 est
1327 951 1452 983 difﬁcile,
1465 959 1557 979 verum
1570 952 1650 978 etiam
1665 952 1727 978 illud
1750 952 1819 987 quod

1028 998 1152 1025 incedere
1160 998 1227 1031 jussi
1243 1005 1334 1024 sumus
1347 1005 1393 1032 per
1402 997 1470 1024 viam
1486 1003 1635 1032 angustam,
1653 1002 1680 1024 et
1694 998 1817 1032 utrinque

1028 1043 1182 1078 prmeipitiis
1195 1043 1372 1070 terminatam.
1390 1042 1506 1070 Proinde
1519 1043 1624 1077 quoties
1636 1048 1663 1070 et
1678 1043 1821 1070 voluntatis

1028 1089 1140 1116 facilitas
1155 1094 1182 1116 et
1200 1088 1247 1115 vi.e
1270 1089 1412 1116 difficultas
1436 1089 1460 1115 in
1474 1097 1554 1116 unum
1567 1092 1681 1121 coeunt,
1697 1097 1731 1116 ne
1744 1094 1817 1124 pust-

1028 1143 1058 1164 ea
1080 1137 1178 1163 mirare
1199 1135 1232 1162 de
1255 1135 1340 1170 laptu.
1371 1135 1602 1169 Quemadmodum
1621 1137 1692 1164 enim
1713 1136 1739 1163 in
1760 1143 1819 1171 spe-

1028 1182 1138 1210 ctaculis
1161 1182 1206 1216 qui
1232 1189 1279 1216 per
1301 1181 1389 1209 funem
1419 1181 1452 1208 ab
1477 1182 1529 1208 imo
1556 1181 1581 1208 in
1601 1181 1686 1208 altutn
1715 1186 1819 1208 tensum

1028 1227 1173 1255 ascendere
1186 1235 1217 1254 ac
1227 1227 1390 1255 descendere
1398 1227 1569 1260 meditantur,
1584 1227 1606 1254 si
1623 1227 1757 1262 pattlolum
1771 1228 1817 1254 do-

1028 1273 1149 1302 ﬂcxeriut
1163 1273 1254 1301 oculos
1267 1293 1274 1306 ,
1290 1274 1394 1300 inverso
1415 1280 1529 1309 cOx'pore
1547 1272 1702 1301 deferuntur
1728 1273 1753 1300 in
1773 1282 1820 1300 or-

1029 1322 1175 1353 chestram,
1191 1325 1353 1356 pereuntque
1370 1330 1377 1348 :
1391 1320 1483 1348 itidem
1498 1321 1543 1356 qui
1558 1328 1605 1356 per
1616 1321 1684 1348 hanc
1697 1321 1821 1348 incedunt

1029 1368 1099 1395 viam
1113 1388 1121 1401 ,
1137 1367 1159 1395 si
1174 1367 1218 1395 vel
1237 1367 1371 1403 paululum
1394 1367 1511 1402 segniter
1523 1367 1636 1402 egerint,
1652 1367 1821 1403 praecipitan-

1031 1418 1089 1441 tur.
1099 1414 1132 1440 Et
1152 1418 1239 1440 tamen
1252 1413 1309 1440 haze
1324 1413 1365 1440 via
1381 1417 1436 1440 tum
1449 1412 1586 1448 angustior
1600 1418 1650 1445 est,
1667 1418 1721 1439 tum
1736 1413 1821 1448 magis

1029 1458 1113 1485 ardua
1124 1479 1131 1491 ,
1147 1458 1283 1493 multoque
1297 1458 1439 1490 excelsior,
1451 1466 1529 1492 qttam
1552 1458 1594 1484 illa
1611 1465 1657 1492 per
1672 1458 1760 1485 funem
1770 1478 1777 1491 ,
1794 1463 1822 1485 ιιι

1030 1512 1089 1540 qua:
1099 1512 1205 1532 sursum
1220 1504 1252 1531 ad
1269 1504 1354 1539 ipsum
1366 1511 1450 1539 usque
1462 1503 1555 1531 etclum
1571 1508 1695 1539 protensa
1709 1509 1750 1531 est
1766 1513 1772 1530 :
1788 1512 1821 1531 ac

1031 1556 1086 1578 tum
1110 1551 1187 1578 nobis
1210 1552 1311 1585 majore
1325 1558 1386 1577 cum
1402 1550 1520 1585 periculo
1542 1556 1677 1586 ponuntur
1689 1551 1799 1585 vestigia
1812 1569 1820 1583 ,

1031 1605 1091 1624 cum
1105 1597 1138 1624 ad
1150 1605 1283 1624 summtnu
1299 1602 1325 1624 et
1339 1597 1372 1624 ad
1388 1598 1473 1632 ipsutn
1489 1605 1573 1632 usque
1586 1597 1719 1632 fastigium
1732 1604 1824 1625 acces'

1030 1644 1145 1671 serimus
1162 1652 1168 1669 :
1186 1651 1247 1670 nam
1260 1643 1286 1669 in
1301 1643 1406 1669 sublimi
1419 1647 1521 1670 stantes
1536 1643 1632 1670 multus
1643 1647 1755 1677 occupat
1770 1647 1824 1670 trc-

1031 1697 1100 1722 nmr,
1115 1694 1194 1723 atque
1207 1695 1257 1715 una
1274 1692 1374 1715 tantum
1385 1688 1507 1715 cautione
1522 1688 1569 1714 tuti
1581 1691 1642 1715 sunt
1656 1695 1670 1714 tt
1684 1688 1756 1722 lapsu
1767 1708 1776 1720 ,
1790 1695 1823 1715 tte

1031 1735 1156 1762 deorsum
1172 1734 1318 1769 aspiciant,
1333 1742 1400 1762 neve
1415 1735 1440 1761 in
1452 1739 1550 1762 terram
1569 1734 1709 1762 demittant
1720 1735 1822 1763 oculos.

1032 1781 1097 1809 Nam
1113 1781 1174 1808 inde
1195 1781 1275 1807 multa
1297 1786 1321 1808 et
1345 1781 1434 1816 gravis
1446 1781 1566 1808 exoritur
1584 1780 1751 1808 tenebricosa
1766 1787 1826 1808 ver-

1033 1827 1097 1861 tigo.
1114 1826 1188 1853 Itane
1197 1826 1304 1860 quidem
1317 1826 1352 1853 ob
1366 1833 1474 1854 causam
1490 1825 1618 1860 propheta
1631 1825 1707 1852 nobis
1719 1825 1826 1853 assiduo

1033 1872 1177 1906 inclamat,
1191 1871 1284 1898 dicens
1297 1881 1304 1899 :
1321 1871 1352 1898 In
1367 1872 1445 1906 ﬁnem
1463 1880 1495 1898 ne
1510 1879 1657 1906 corrumpas
1673 1870 1760 1906 (Paul.
1776 1871 1822 1899 56.

1034 1917 1061 1953 l)
1079 1927 1085 1945 :
1100 1918 1196 1944 animae
1207 1922 1305 1944 nostra:
1317 1917 1467 1944 socordiam
1482 1917 1632 1949 retrahens,
1644 1917 1754 1952 jamque
1768 1917 1823 1944 col-

1035 1965 1168 1999 lapsuram
1190 1963 1344 1991 sutl‘ulciens
1359 1970 1390 1990 ac
1405 1963 1534 1990 retinens.
1553 1962 1628 1990 Initio
1641 1962 1748 1997 quidem
1772 1970 1825 1989 non

1034 2018 1145 2047 egemus
1171 2011 1253 2038 mttlta
1274 2010 1470 2038 exhortatione.
1496 2009 1565 2042 Quid
1585 2009 1621 2036 ita
1643 2008 1767 2036 tandem?
1787 2008 1827 2035 Eo

1034 2056 1105 2091 quod
1128 2056 1240 2091 quilibet
1252 2055 1342 2087 homo,
1354 2055 1457 2082 etiamsi
1480 2055 1557 2082 fuerit
1578 2054 1697 2081 omnium
1714 2054 1826 2088 pigerri-

1035 2109 1104 2134 musl
1118 2107 1292 2136 aggressurus
1314 2100 1448 2135 negotium
1461 2120 1468 2132 ,
1486 2099 1625 2134 plurimam
1649 2100 1674 2126 in
1697 2099 1828 2134 pr.ncipio

1036 2147 1145 2174 adhibet
1168 2146 1333 2180 diligentiam
1347 2166 1354 2178 ,
1369 2145 1487 2180 dumque
1501 2149 1529 2172 et
1549 2145 1631 2172 animi
1645 2145 1714 2179 viget
1729 2144 1827 2171 alacri-

1037 2198 1093 2225 tas,
1105 2197 1132 2220 et
1146 2192 1217 2220 vires
1242 2192 1349 2227 integra:
1363 2196 1425 2219 sttnt
1447 2198 1478 2218 ac
1491 2195 1625 2223 recentes,
1643 2190 1718 2218 facile
1740 2190 1773 2217 ad
1800 2190 1827 2217 id

1037 2239 1106 2274 quod
1131 2239 1295 2274 propositutu
1309 2243 1349 2265 est
1372 2233 1497 2272 pei'ti'ugit
1512 2246 1518 2264 :
1535 2241 1660 2264 cmtertnn
1677 2237 1721 2264 ubi
1742 2237 1828 2271 major

1038 2286 1087 2313 vim
1099 2293 1159 2320 pars
1173 2285 1249 2312 nobis
1269 2289 1374 2319 peracta
1388 2289 1429 2311 est
1440 2305 1448 2316 ,
1468 2283 1577 2318 jamque
1597 2283 1741 2310 alacritatis
1754 2284 1828 2318 vigor

1038 2331 1176 2363 emarcuit,
1191 2333 1314 2365 viresque
1327 2334 1427 2357 nostra:
1438 2328 1610 2362 defecerunt,
1627 2336 1676 2356 nec
1698 2329 1769 2355 aliud
1782 2337 1829 2355 su-

1038 2382 1128 2411 perest
1146 2383 1225 2411 quam
1253 2380 1282 2403 ut
1308 2375 1480 2402 decidamus:
1496 2379 1559 2401 tunc
1581 2374 1657 2401 nobis
1681 2379 1831 2409 opportune

1038 2421 1114 2448 adest
1124 2421 1264 2456 propheta,
1280 2421 1361 2448 veluti
1377 2428 1424 2454 pro
1439 2420 1534 2448 baculo
1547 2419 1671 2455 quopiam
1685 2419 1829 2454 alloquium

1039 2474 1117 2494 suum
1145 2467 1222 2494 nobis
1243 2466 1381 2502 porrigens
1395 2473 1426 2493 ae
1447 2465 1555 2497 dicens,
1572 2465 1606 2493 In
1624 2465 1700 2500 ﬁnem
1721 2473 1752 2492 ne
1771 2473 1831 2492 car-

1040 2521 1154 2548 rumpas.

1077 2558 1154 2586 Bonis
1168 2557 1284 2594 operibus
1301 2558 1435 2585 instructos
1448 2557 1528 2593 magis
1545 2556 1692 2593 aggreditur
1703 2556 1831 2584 diabolus.

1041 2605 1157 2631 —'l‘unc
1171 2604 1242 2631 enim
1256 2604 1375 2631 diabolus
1385 2603 1467 2638 spirat
1483 2602 1667 2630 vehementius
1680 2611 1686 2630 :
1701 2607 1728 2630 et
1738 2611 1832 2638 quent-

1041 2651 1183 2678 admodum
1198 2650 1290 2685 piratte
1302 2651 1347 2684 qui
1363 2649 1430 2677 tnalc
1441 2649 1552 2685 navigiis
1568 2650 1703 2682 infestant,
1713 2657 1765 2676 non
1780 2655 1832 2676 tum

1042 2697 1086 2724 ubi
1097 2697 1284 2731 conspexerint
1297 2704 1379 2724 naves
1401 2705 1416 2724 e
1439 2702 1515 2732 portu
1530 2701 1676 2730 exeuntes,
1697 2696 1832 2730 invadunt,

1043 2743 1118 2778 (quid
1130 2743 1200 2769 enim
1223 2743 1284 2769 hinc
1299 2742 1398 2770 fruetus
1412 2747 1538 2777 caperem
1552 2743 1573 2770 si
1589 2742 1714 2778 scapham
1729 2742 1832 2769 inanem

1042 2789 1260 2824 dctnergerent?)
1277 2789 1323 2817 sed
1348 2790 1390 2817 ubi
1406 2790 1514 2817 redierit
1528 2794 1622 2817 onusta
1636 2790 1766 2826 plenaque
1780 2797 1824 2816 sar

1043 2835 1111 2861 cinis
1123 2854 1129 2866 ,
1145 2839 1199 2861 tum
1214 2835 1321 2862 dentom
1345 2843 1436 2862 omnes
1459 2835 1603 2870 expediunt
1624 2839 1712 2862 artes:
1726 2834 1761 2862 ita
1777 2842 1830 2861 sce-

1045 2879 1143 2907 leratus
1164 2879 1206 2907 ille
1228 2880 1332 2908 dmmon
1354 2880 1432 2908 simul
1457 2886 1534 2915 atque
1551 2880 1620 2907 ridet
1636 2879 1738 2914 aliquos
1750 2879 1830 2906 multa
