2072 3122
217 137 265 163 115

214 194 353 229 collegisse
363 215 370 227 ,
388 191 512 222 videlicet
524 193 623 230 jejunia
633 215 641 228 ,
656 200 750 230 preces
765 213 772 226 ,
786 193 982 226 eleemosynam
995 209 1002 220 .

213 240 371 272 castitatem,
385 240 552 276 reliquasque
567 241 678 268 virtutes
691 247 800 272 omnes,
815 239 859 266 ubi
874 237 945 264 videt
958 244 1005 263 na-

214 285 313 320 vigium
337 290 457 314 oestrum
473 287 580 321 plenum
597 287 720 322 pretiosis
736 285 840 321 pietatis
863 282 1004 318 lapidibus,

181 362 183 365 τ
215 335 279 358 tunc
301 330 443 366 irrumpit,
457 331 573 366 undique
589 332 742 359 tltesaurum
757 329 923 366 perfodiens,
939 333 967 355 ιιι
981 328 1005 354 in

215 375 279 410 ipsis
297 381 390 411 portus
403 377 479 404 ostiis
490 377 616 412 scapham
627 377 763 411 demergat
772 395 779 408 ,
796 376 905 410 jamque
920 373 1006 401 nudos

215 428 264 449 nos
278 422 312 450 ad
334 429 396 450 eum
410 427 515 458 portum
529 423 617 458 ejiciat
633 432 640 450 :
654 422 768 457 ideoque
791 420 920 456 propheta
939 427 1005 447 con-

216 472 274 495 ctos
300 467 425 496 admonet
445 468 537 495 dicens
554 477 560 495 :
576 468 609 496 In
630 469 706 502 ﬁnem
725 475 757 495 ne
779 473 936 500 corrumpas.
959 465 1007 492 Et-

216 515 287 542 enim
296 514 330 542 ab
341 515 470 550 ejusmodi
483 515 559 543 ruina
571 523 622 542 non
635 515 712 542 facile
724 519 765 542 est
776 521 926 549 resurgere.
941 512 1007 540 Nam

218 560 268 593 Qui
280 560 306 587 in
326 560 481 596 profundum
497 561 622 588 titulorum
642 561 735 588 venerit
746 581 753 593 ,
769 560 902 588 contemnit
917 558 1007 594 (Prov.

217 607 262 634 18.
287 606 326 638 3).
353 606 381 634 In
402 607 531 642 principio
554 607 662 642 quidem
687 607 768 642 lapsis
790 606 894 633 veniam
914 605 1009 632 damus

216 659 311 680 omnes
325 651 359 680 ob
373 652 547 687 imperitiam;
563 653 610 680 sed
627 660 686 680 eum
705 653 749 687 qui
765 657 825 688 post
839 651 937 679 mullos
950 658 1010 679 eur-

220 706 265 726 sus
279 699 437 731 conciderit,
453 707 531 726 netno
547 699 623 738 venia
645 699 752 734 dignum
766 697 940 734 jutlicavcrit;
954 702 1009 724 tum

217 744 288 771 enim
302 743 416 776 cadere,
432 744 598 779 negligentiae
615 744 748 771 tribuitur.
759 743 814 771 Nec
828 743 853 770 id
867 743 952 770 solum
967 741 1010 768 hic

219 793 260 816 est
272 788 345 822 mali,
362 797 453 816 verum
465 790 544 816 etiam
558 789 629 825 quod
651 789 801 824 hujnsmodi
817 790 906 823 lapsus
920 787 1011 815 multis

218 835 270 862 sint
282 834 453 869 oﬁ'endieulo,
463 841 492 863 ut
505 843 597 863 rursus
609 836 660 864 hoc
674 844 780 871 quoque
793 836 900 862 nomine
914 841 1010 870 pecca-

220 886 275 908 tunt
299 881 425 909 reddatur
439 882 632 910 irremissibile.
650 882 712 909 llaec
731 889 792 909 cum
805 881 938 912 sciamus,
962 887 1010 907 au-

220 926 364 954 scultemus
388 927 524 962 propheta:
537 948 544 959 ,
558 928 625 954 etin
642 927 721 954 ﬁnem
742 935 776 954 ne
797 933 1010 961 corrumpamus.

220 973 285 1000 Nam
300 973 349 1001 hac
361 974 394 1001 de
404 982 483 1002 causa
499 979 525 1002 et
540 974 660 1002 Ezechiel
672 975 769 1001 clamat
781 974 871 1001 dicens
889 983 895 1000 ε
914 973 944 1001 Si
957 973 1013 1009 quis

221 1019 294 1052 fuerit
305 1019 398 1055 justus,
413 1020 504 1046 deinde
516 1020 602 1055 lapsus
617 1021 754 1055 peccaverit
765 1041 771 1052 ,
788 1020 859 1046 nulla
875 1019 920 1046 erit
931 1026 1014 1046 recor-

221 1065 291 1092 datio
311 1065 469 1100 justitiarum
490 1065 563 1099 eius,
590 1066 634 1092 sed
655 1066 681 1092 in
703 1071 803 1100 peccato
829 1073 874 1092 suo
893 1065 1015 1091 morietur

224 1109 328 1144 (Emlt.
354 1111 380 1138 5.
404 1110 460 1147 20).
476 1111 542 1138 Nam
564 1116 590 1139 ct
610 1111 653 1138 hic
675 1111 771 1138 metuit
784 1111 818 1138 de
838 1111 900 1138 ﬁne.
923 1110 1014 1145 Neque

225 1156 286 1183 hinc
303 1156 399 1188 modo,
416 1164 509 1183 verum
537 1156 617 1184 etiam
640 1164 673 1183 ex
688 1156 830 1184 contrariis
851 1155 968 1183 declarat
988 1155 1013 1182 in

224 1201 273 1228 hac
293 1209 322 1229 re
336 1201 479 1236 plurimum
493 1208 553 1229 esse
567 1201 704 1228 momenti.
720 1201 815 1236 Siqui:
825 1222 832 1234 ,
845 1200 926 1236 inquit
938 1221 945 1233 ,
960 1202 1015 1236 fuc-

224 1247 256 1272 rit
277 1251 401 1281 peccator,
417 1253 447 1274 ac
468 1252 554 1282 postea
575 1251 685 1274 mutatas
712 1247 794 1281 facta:
816 1247 892 1282 fuerit
907 1247 1014 1281 justus,

224 1292 294 1319 nulla
309 1293 354 1319 erit
365 1294 485 1320 memoria
499 1293 681 1329 injuttt'tiarum
691 1293 772 1320 illius:
780 1293 804 1320 in
808 1293 911 1328 justitia
922 1300 968 1320 sua
976 1293 1015 1319 vi-

224 1345 261 1366 vet
273 1339 377 1374 (Eucti.
388 1339 431 1367 18.
440 1339 580 1375 21).Vides
587 1344 614 1367 et
625 1340 667 1367 hic
675 1339 831 1374 prophetam
839 1340 873 1367 de
879 1340 930 1368 ﬁne
938 1339 1017 1367 velte-

225 1390 329 1413 menter
350 1386 503 1413 sollicitum.
518 1386 654 1421 Siquidem
676 1391 704 1413 ut
726 1393 813 1421 neque
829 1386 940 1421 iustitiae
961 1393 1016 1412 sure

225 1431 362 1459 Conﬁdens
374 1431 476 1465 justus,
488 1431 521 1458 ad
541 1431 689 1458 socordiam
705 1439 796 1459 versus
811 1436 910 1466 pereat,
925 1438 972 1466 per
985 1431 1016 1457 ﬁ-

226 1486 285 1504 ttctn
300 1478 393 1505 incutit
407 1478 443 1505 illi
459 1483 589 1505 terroretn
606 1487 611 1503 :
630 1485 716 1513 neque
730 1483 856 1513 peccator
872 1478 907 1505 ob
921 1477 1017 1505 delicta

225 1523 395 1558 despondeas
416 1523 531 1550 animum
545 1543 552 1555 ,
577 1523 675 1558 jugiter
698 1527 848 1558 perseveret
873 1524 898 1550 in
922 1523 1015 1558 lapsu,

225 1569 304 1604 erigit
318 1569 392 1596 illutn
414 1576 461 1604 per
477 1569 640 1604 propositum
656 1570 745 1596 liuent.
763 1569 879 1596 Peccasti
891 1589 898 1601 ,
914 1569 1015 1604 inquit,

227 1615 319 1648 multa,
334 1622 367 1642 nc
378 1615 506 1650 desperes
517 1623 523 1642 :
536 1620 576 1643 est
590 1616 661 1643 enitn
675 1615 746 1644 unde
759 1623 892 1651 resurgas,
903 1616 924 1643 si
939 1616 1017 1643 linem

227 1661 302 1688 initio
325 1661 489 1689 contrarium
516 1661 680 1689 exhibueris.
704 1661 808 1689 Rursus
831 1661 865 1688 ad
891 1661 991 1695 justum
1008 1681 1016 1692 ,

227 1706 318 1738 Multa,
335 1707 418 1742 inquit
431 1727 439 1740 ,
455 1711 528 1734 recte
543 1707 627 1734 iecisti
641 1727 648 1739 ,
664 1714 755 1734 verum
769 1714 802 1735 ne
816 1707 882 1734 ﬁdas
895 1717 901 1734 :
914 1708 1018 1734 contin-

227 1757 272 1788 get
281 1754 351 1780 enim
368 1757 396 1780 ιιι
407 1753 502 1785 cadas,
518 1753 569 1780 nisi
584 1754 617 1781 ad
637 1754 716 1781 ﬁnem
732 1761 816 1789 usque
831 1754 954 1782 eamdem
972 1754 1018 1781 ad-

230 1798 321 1826 hibeas
333 1806 435 1826 curam.
452 1799 532 1827 Vides
553 1803 581 1826 ut
601 1800 712 1827 alterius
726 1800 832 1834 quidem
846 1800 996 1828 socordiam
1010 1820 1018 1833 ,

228 1843 337 1871 alterius
352 1851 416 1871 vero
430 1844 644 1879 desperationem
656 1846 804 1873 sustulerit.

265 1889 291 1916 5.
312 1889 383 1917 Nihil
402 1889 497 1917 horum
519 1890 620 1917 audivit
640 1891 726 1922 Ozias,
742 1891 854 1926 ideoque
876 1899 922 1926 per
937 1891 1021 1919 caull-

230 1934 348 1961 dentiam
361 1935 464 1972 decidit
476 1936 550 1962 ruina
564 1936 713 1970 periculosa
726 1941 752 1964 et
763 1937 912 1965 insanabili.
927 1937 1019 1973 Neque

227 1979 303 2007 enim
314 1981 400 2016 quivis
414 1981 503 2016 lapsus
515 1989 604 2016 parent
617 1982 702 2009 adfert
715 1983 828 2016 ruinam,
839 1983 885 2011 sed
899 1983 1019 2018 quzcdam

230 2031 338 2062 peccata
363 2027 548 2061 improliatioui
565 2032 666 2055 tantum
681 2029 796 2056 obnoxia
810 2034 881 2062 sunt,
897 2029 1019 2064 quatdam

228 2072 386 2107 gravissimo
396 2072 525 2107 supplicio
537 2074 689 2107 puniuntur.
702 2074 816 2102 Proinde
827 2075 924 2102 Paulus
936 2075 1022 2102 incre-

230 2124 295 2152 pans
309 2125 356 2145 eos
370 2118 414 2152 qui
429 2119 453 2145 in
467 2119 654 2147 communibus
668 2119 752 2147 omnis
767 2128 819 2147 non
833 2121 1021 2154 exspectabant

229 2162 334 2195 fratres,
346 2164 379 2190 ita
394 2164 524 2198 loquitur:
539 2165 595 2192 Hoc
602 2167 753 2193 denuntians
761 2175 812 2193 non
822 2167 898 2194 laudo
908 2168 947 2202 (1.
960 2167 1018 2194 Cur.

230 2210 273 2236 11.
291 2210 347 2243 17).
361 2208 443 2236 Vides
470 2215 606 2244 peccatum
629 2205 697 2238 intra
718 2213 954 2246 reprehensionem
980 2213 1018 2247 (ιι)

230 2248 386 2288 θοηδίδιέτο,
401 2259 428 2282 et
442 2255 626 2290 objurgatione
641 2256 729 2291 plecti.
741 2259 776 2285 At
790 2258 833 2285 ubi
848 2259 880 2285 de
903 2259 1018 2286 fornica-

230 2300 301 2327 tione
315 2300 440 2335 loquitur,
455 2308 507 2328 non
524 2301 613 2328 itidem
634 2301 706 2329 facit.
731 2303 782 2331 Sed
804 2311 856 2338 quo
877 2304 969 2338 pacto?
991 2305 1021 2332 Si

228 2346 284 2380 quis
300 2347 419 2381 templum
432 2346 480 2374 Dei
495 2348 580 2379 violat,
596 2348 680 2382 perdet
693 2349 759 2376 hunc
778 2349 846 2377 Deus
861 2351 896 2385 (l.
911 2350 970 2377 Cor.
992 2352 1018 2378 5.

232 2392 286 2426 Π).
302 2391 357 2418 Hoc
372 2399 424 2420 non
437 2397 478 2420 est
491 2394 616 2428 probrum
630 2399 674 2421 aut
689 2395 871 2430 reprehensio,
883 2396 929 2424 sed
943 2405 1021 2432 plena

228 2437 395 2470 gravissima.
407 2436 484 2465 Novit
496 2444 523 2465 et
538 2439 663 2466 Salomon
676 2445 845 2474 peccatorum
854 2442 1018 2475 discrimina,

229 2483 274 2517 qui
292 2483 387 2510 furtum
401 2491 461 2510 cmn
476 2483 605 2512 adulterio
618 2485 757 2514 conferens
771 2487 810 2513 sic
823 2487 919 2514 alicubi
935 2487 1020 2522 loqui-

230 2534 289 2556 tur:
304 2528 331 2556 Ν
333 2537 365 2555 on
376 2533 411 2556 est
425 2529 515 2556 mirum
529 2530 551 2557 si
562 2531 617 2565 quis
627 2531 828 2565 deprehendatur
842 2532 867 2559 in
880 2534 949 2568 furto
960 2541 968 2559 :
979 2535 1022 2568 fu-

230 2580 302 2601 rulnr
317 2576 391 2608 enim,
407 2580 435 2602 ut
448 2575 558 2602 animant
568 2577 666 2611 expleat
679 2578 844 2605 esurientem:
854 2579 897 2605 ml
919 2578 1021 2604 adulter

231 2622 261 2646 ob
285 2621 398 2655 inopiam
412 2627 498 2648 tentus
511 2623 615 2649 exitium
627 2624 720 2650 anima:
731 2631 784 2650 sua:
796 2625 912 2651 conciliat
929 2623 1020 2658 (Prov.

229 2668 255 2694 ti.
271 2667 379 2703 50-52).
405 2668 436 2695 Et
450 2668 500 2696 hoc
512 2674 538 2696 ct
551 2670 626 2703 illud,
642 2670 736 2705 inquit,
751 2675 889 2706 peccatum
904 2675 956 2704 est,
972 2670 1020 2699 sed

261 2735 297 2765 ((ι)
316 2735 343 2759 In
356 2739 444 2764 Graeco,
458 2743 507 2768 pop.
518 2745 648 2768 καταγνώσιως,
664 2738 848 2762 observavimus
859 2738 882 2762 in
897 2738 1019 2763 Athanasii

227 2770 262 2790 ()tt
271 2767 380 2805 1ιιιιριδιιὶυο
391 2767 499 2798 κατάγωσῇ
512 2775 558 2805 nou
567 2767 749 2804 αίιιιιιιθιίοιεειη
754 2775 857 2805 prorsus
868 2770 1018 2805 signiﬁcare,

231 2796 276 2819 scd
288 2801 408 2830 quattnttts
424 2796 515 2823 tantum
534 2799 667 2827 damnare,
688 2796 806 2830 sigttil‘tutt
826 2796 961 2830 improbare
980 2796 1019 2825 vel

229 2828 413 2857 tuprchemlcro
435 2835 440 2852 :
457 2830 619 2860 quamobrem
640 2828 747 2860 mare...
766 2830 803 2856 hic
823 2828 930 2856 trasnms
950 2837 1019 2857 recte

229 2863 255 2886 vt
262 2862 280 2881 rt
285 2865 290 2882 l
295 2861 301 2882 ι
306 2875 312 2887 ,
324 2859 538 2889 reprchensimtcnt.

585 137 614 164 S.
630 135 768 164 JOANNIS
787 131 1023 162 CHRYSOSTOMI
1036 129 1193 159 AllClllEl’.
1215 127 1479 157 CONSTANTINOP.

1800 128 1850 155 116

1059 188 1170 214 alterunt
1185 187 1282 216 minus,
1297 186 1410 212 alterum
1427 185 1529 220 majus:
1543 191 1642 219 pauper
1657 183 1728 212 enim
1742 191 1852 212 excusa-

1062 233 1161 259 tionem
1186 233 1266 260 habet
1288 232 1358 266 quod
1383 231 1527 266 praebuerit
1541 231 1709 258 occasionem
1724 231 1852 266 peccandi

1061 279 1180 313 penuria,
1197 278 1273 305 alteri
1294 277 1382 305 omnis
1397 277 1521 312 adempta
1536 282 1577 304 est
1589 277 1734 304 excusatio.
1751 277 1785 303 At
1798 276 1852 308 hic,

1060 325 1142 356 dices,
1156 324 1261 358 pcllilllr
1271 323 1382 350 naturali
1395 323 1618 358 concupiscentia.
1633 323 1727 350 Atnon
1743 323 1854 358 permit-

1061 371 1092 398 tit
1105 371 1174 398 clabi
1190 378 1257 398 uxor
1269 378 1328 405 qtue
1341 370 1376 397 illi
1387 373 1459 397 sorte
1470 369 1571 403 obtigit,
1584 369 1631 396 sed
1647 369 1726 396 instat
1738 369 1854 404 eripient

1062 418 1098 445 illi
1115 418 1227 445 veniam.
1245 416 1285 444 0b
1300 416 1326 444 id
1339 416 1409 443 enirn
1424 416 1621 444 matrimonium
1635 421 1663 443 et
1677 416 1755 450 huius
1770 416 1857 450 lcgitio

1062 470 1121 490 mus
1132 470 1196 490 usus
1211 463 1380 496 pertnitlitur,
1397 470 1430 490 ne
1444 462 1506 497 qttid
1522 462 1616 489 horum
1632 470 1760 490 excusare
1772 462 1856 497 possit

1062 509 1184 536 maritus.
1201 508 1275 536 Hanc
1286 509 1321 536 ob
1332 516 1437 536 causam
1449 509 1510 536 data
1521 513 1563 536 est
1576 509 1613 536 illi
1623 509 1718 537 mulier
1728 509 1856 544 adjntrix,

1063 560 1091 582 ut
1105 554 1322 582 elfervescentcm
1339 560 1459 582 naturam
1474 560 1607 588 coerceat,
1624 560 1651 582 ut
1666 555 1856 590 concupiscen~

1063 602 1106 629 tite
1119 601 1214 629 ﬁnctns
1226 602 1309 629 sedet.
1326 602 1415 637 itaque
1423 602 1646 637 quemadmodum
1659 601 1819 637 gubernator
1830 603 1854 628 in

1064 654 1140 684 portu
1158 649 1257 676 iaciens
1270 648 1433 684 naufragium
1449 649 1650 684 haudquaquam
1672 649 1752 676 ullam
1771 649 1855 693 imper

1065 699 1146 722 traret
1161 695 1281 722 veniam:
1295 695 1334 722 sic
1348 702 1397 722 nec
1410 695 1432 721 is
1447 695 1492 729 qui
1513 702 1572 721 cum
1596 702 1644 730 per
1664 695 1814 730 conjugitnn
1830 695 1856 721 itt

1064 745 1120 769 tuto
1134 741 1290 774 collocetur,
1306 745 1392 768 tamen
1401 741 1486 768 aliena
1500 740 1799 775 perfoditmatrimonia,
1812 745 1858 767 attt

1064 794 1259 822 quamcumque
1272 787 1397 814 feminam
1412 787 1524 814 curiosis
1536 787 1631 821 aspicit
1650 786 1743 818 oculis,
1759 786 1858 814 habere

1064 833 1208 868 quidquam
1223 833 1307 868 possit
1328 833 1506 860 excusationis
1521 840 1570 860 nec
1584 833 1653 868 apud
1672 833 1793 860 homines
1809 841 1858 860 nec

1065 879 1134 914 apud
1147 879 1240 912 Deum,
1252 879 1355 906 etiamsi
1370 878 1466 906 millies
1480 879 1601 914 allegarit
1616 883 1717 906 naturae
1735 879 1858 914 volupta-

1067 929 1130 951 tem.
1154 924 1209 951 lmo
1224 932 1283 959 quae
1299 924 1382 959 possit
1402 924 1456 951 illic
1470 931 1531 952 οδες
1545 924 1676 959 voluptas,
1694 924 1736 951 ubi
1760 930 1856 957 nit-tus,

1066 970 1110 997 ubi
1123 970 1254 1003 anxietas,
1271 970 1316 997 ubi
1332 975 1464 997 tantorum
1479 970 1611 997 ntalorum
1625 971 1799 1005 exspectatio,
1813 971 1857 998 tibi

1067 1015 1218 1048 tribunalia,
1233 1015 1275 1043 ttbi
1289 1015 1406 1043 rationes
1418 1015 1571 1050 reddenda“,
1586 1016 1628 1043 ubi
1639 1016 1736 1051 judicis
1750 1017 1798 1049 ira,
1815 1017 1857 1044 ubi

1067 1061 1170 1096 gladius
1183 1065 1210 1089 et
1223 1061 1353 1094 carnifex,
1379 1062 1422 1089 ubi
1448 1062 1612 1095 barathrum,
1639 1068 1666 1090 et
1686 1063 1810 1090 abductio
1826 1065 1858 1090 :nl

1067 1107 1243 1143 supplicium?
1256 1108 1350 1136 Omnia
1366 1113 1442 1143 pavet
1456 1108 1602 1143 metuitque
1614 1108 1658 1143 qtti
1672 1110 1858 1141 taliscst,unt-

1068 1153 1140 1186 bras,
1158 1154 1282 1188 parietes,
1299 1153 1371 1188 ipsos
1385 1153 1496 1188 lapides,
1521 1158 1652 1188 tamquam
1669 1161 1759 1180 vocem
1781 1154 1860 1181 entit-

1069 1204 1171 1227 tentes:
1184 1207 1278 1228 omnes
1291 1200 1415 1228 observat
1429 1200 1560 1235 habetque
1573 1205 1722 1234 suspectos,
1736 1199 1858 1232 famulos,

1069 1246 1180 1277 vicinos.
1196 1247 1307 1280 amicos,
1330 1247 1430 1278 hostes,
1446 1254 1494 1274 eos
1512 1247 1556 1282 qui
1572 1251 1669 1274 norunt
1691 1248 1790 1279 omnia,
1813 1255 1860 1274 eos

1069 1293 1113 1327 qui
1129 1292 1194 1319 nihil
1209 1297 1316 1319 norunt.
1332 1292 1400 1326 Quin
1416 1293 1516 1327 potius,
1527 1292 1548 1320 si
1562 1292 1646 1321 voles.
1664 1293 1789 1320 tollantur
1804 1293 1861 1319 ha-c

1069 1339 1175 1366 omnia:
1193 1346 1322 1373 ponamus
1336 1339 1401 1366 nulli
1422 1343 1514 1365 notum
1529 1346 1588 1366 esse
1608 1338 1736 1373 ﬂagitium
1754 1344 1862 1374 pra-ter-

1069 1393 1148 1420 quatn
1163 1385 1211 1419 ipsi
1226 1385 1281 1417 ttni,
1297 1389 1323 1412 ct
1339 1385 1444 1412 mulieri
1469 1392 1547 1420 quam
1563 1384 1736 1412 adulleravit:
1752 1393 1863 1420 quomo-

1070 1431 1105 1458 do
1127 1431 1194 1458 feret
1212 1431 1402 1458 conscientiam
1420 1431 1632 1466 redarguentcm,
1648 1431 1770 1458 acerbam
1786 1439 1863 1458 accu—

1071 1477 1195 1504 satricem
1212 1477 1396 1512 illamubique
1408 1484 1498 1504 secum
1513 1476 1621 1504 ferens?
1633 1477 1862 1510 Quemadmodum

1071 1522 1141 1549 enim
1153 1523 1271 1558 seipsnm
1284 1530 1362 1550 nemo
1377 1527 1463 1557 potest
1476 1522 1602 1557 cll‘ngcrc,
1618 1523 1651 1548 ita
1668 1530 1716 1549 nec
1730 1523 1802 1549 illam
1816 1523 1865 1549 hn-

1072 1568 1112 1603 jns
1124 1569 1263 1596 tribunalis
1276 1568 1446 1596 sententiam.
1467 1568 1522 1595 Hoc
1535 1569 1606 1595 cnitn
1623 1568 1736 1595 tribunal
1752 1577 1802 1594 non
1819 1576 1863 1602 pe-

1072 1615 1148 1642 cunia
1159 1615 1346 1650 corrumpitur.
1361 1622 1413 1642 non
1425 1615 1620 1641 adulationibus
1630 1615 1788 1648 acquiescit;
1801 1623 1861 1641 nam

1072 1660 1189 1687 divinum
1204 1665 1255 1692 est,
1271 1665 1298 1688 et
1310 1668 1324 1687 a
1342 1660 1395 1687 Deo
1410 1661 1506 1687 nostris
1521 1659 1627 1687 iusitunt
1642 1660 1785 1687 tuentibus.
1798 1659 1864 1686 Vere

1073 1707 1178 1734 Adulter
1191 1716 1235 1742 per
1249 1708 1360 1742 inopiam
1373 1715 1460 1734 sensus
1483 1707 1586 1741 exitium
1605 1715 1657 1734 sua:
1677 1707 1756 1742 ipsius
1774 1706 1866 1732 (mith

1073 1754 1191 1780 conciliat
1207 1752 1296 1788 (Prov.
1314 1753 1340 1780 6.
1355 1753 1412 1787 5'2).
1429 1752 1546 1780 Tametsi
1563 1761 1610 1780 nec
1625 1752 1664 1779 fur
1679 1753 1757 1780 etiam
1770 1753 1866 1779 immn-

1074 1800 1115 1827 nis
1128 1804 1169 1826 cst
1183 1807 1197 1826 a
1211 1799 1352 1834 supplicio,
1375 1807 1465 1826 verum
1489 1799 1534 1826 dat
1555 1799 1661 1834 quidem
1678 1807 1795 1833 poenam,
1817 1799 1864 1826 sed

1073 1845 1215 1872 mitterent.
1229 1845 1283 1872 Nec
1296 1845 1367 1872 cuitn
1381 1845 1596 1880 comparationes
1609 1846 1633 1872 in
1645 1845 1779 1872 diversum
1794 1846 1866 1872 ordi-

1074 1899 1135 1918 nem
1145 1891 1290 1918 cxtrudunt
1302 1899 1332 1918 ea
1344 1899 1403 1926 qu:e
1415 1895 1612 1926 comparantur,
1624 1891 1669 1918 sed
1683 1892 1865 1926 permitteatcs

1073 1944 1122 1964 suo
1137 1945 1248 1972 quaeque
1261 1944 1369 1964 manere
1381 1937 1450 1969 loco,
1465 1937 1666 1964 diminutionem
1678 1937 1806 1964 inducunt
1820 1943 1866 1964 aut

1074 1984 1300 2018 exsuperantiam.
1317 1983 1442 2011 Fortasse
1457 1991 1508 2010 non
1523 1983 1669 2018 intelligitis
1682 1983 1753 2018 quod
1765 1984 1864 2011 dictum

1074 2035 1130 2057 est:
1145 2031 1233 2064 itaque
1249 2037 1359 2056 ttecche
1372 2034 1414 2056 cst
1428 2030 1496 2056 idem
1512 2030 1677 2064 explanatius
1691 2030 1788 2057 dicere.
1813 2030 1865 2056 Bo-

1075 2085 1137 2103 tttnn
1154 2081 1193 2103 est
1216 2075 1378 2110 coniugium,
1398 2075 1444 2102 sed
1470 2075 1565 2102 melior
1586 2080 1626 2102 est
1650 2076 1802 2110 virginitas:
1816 2083 1866 2103 nec

1075 2122 1199 2157 quoniam
1214 2121 1309 2149 ntclior
1321 2127 1363 2149 est
1375 2121 1521 2156 virginitas,
1539 2121 1598 2148 ideo
1611 2122 1708 2149 malum
1721 2127 1763 2150 est
1774 2123 1868 2157 conju-

1073 2168 1156 2204 gium,
1175 2168 1222 2196 sed
1245 2168 1308 2196 illttd
1332 2168 1439 2203 quidem
1465 2167 1585 2202 inferius,
1607 2168 1706 2203 alioqui
1721 2168 1818 2196 bonutn
1840 2172 1867 2195 et

1075 2216 1171 2250 ipsum.
1188 2215 1317 2242 Similiter
1330 2220 1357 2242 et
1370 2215 1427 2242 hic:
1444 2215 1542 2242 malum
1558 2219 1599 2242 est
1610 2214 1719 2247 furtum,
1735 2215 1781 2242 sed
1792 2215 1868 2242 adul-

1075 2261 1143 2288 terio
1163 2261 1260 2293 minus,
1277 2268 1435 2296 quamquam
1451 2264 1477 2287 et
1499 2261 1584 2295 ipsum
1606 2265 1647 2287 est
1662 2260 1770 2287 tnalunt.
1789 2260 1867 2287 Vides

1076 2312 1242 2341 peccatorum
1257 2306 1437 2333 differentias?
1451 2306 1656 2333 Consideremus
1680 2306 1767 2340 itaque
1790 2307 1868 2340 quale

1075 2357 1211 2387 peccatum
1226 2352 1269 2379 hic
1284 2352 1443 2386 peccaverit.
1455 2351 1559 2378 Elatum
1573 2356 1618 2382 est,
1633 2351 1726 2386 inquit,
1745 2359 1787 2377 cor
1799 2350 1865 2378 illiut

1076 2397 1113 2433 (Ξ.
1132 2396 1223 2424 Paral.
1237 2397 1282 2424 26.
1296 2397 1351 2430 16).
1369 2396 1548 2424 Periculosmn
1561 2397 1673 2423 vulnus:
1688 2400 1730 2423 est
1741 2396 1811 2423 enim
1826 2404 1866 2422 ar-

1076 2443 1204 2478 rogantia,
1217 2443 1368 2477 arrogantia
1380 2442 1497 2476 inquam,
1515 2442 1645 2469 malorum
1665 2434 1784 2468 omnium
1798 2441 1867 2469 lous.

1076 2490 1108 2516 Et
1124 2493 1151 2516 ut
1167 2489 1324 2523 compendio
1347 2489 1434 2516 discas
1456 2489 1540 2515 morbi
1558 2488 1694 2520 malitiam,
1711 2488 1775 2515 illud
1795 2488 1867 2514 andi.

1076 2535 1177 2562 Caetera
1188 2534 1295 2569 quidem
1306 2539 1413 2569 peccata
1427 2534 1496 2560 circa
1510 2539 1626 2560 nostrain
1641 2538 1780 2560 versantur
1794 2538 1868 2560 natu-

1075 2589 1142 2612 ram.
1159 2586 1186 2608 at
1199 2581 1321 2615 superbia
1335 2580 1459 2607 virtutem
1480 2580 1662 2614 incorpoream
1673 2587 1688 2606 e
1701 2579 1807 2606 sublimi
1823 2579 1871 2606 de-

1076 2627 1155 2655 traxit
1170 2635 1201 2654 ac
1215 2626 1327 2662 dejccit:
1343 2633 1403 2652 nam
1424 2626 1568 2658 diabolutn,
1590 2633 1649 2652 cum
1673 2626 1794 2652 diabolus
1817 2632 1869 2652 non

1075 2679 1158 2708 esset,
1172 2674 1306 2701 diabolum
1319 2673 1407 2701 cﬁ‘ecit
1417 2673 1577 2708 arrogantia.
1594 2672 1668 2705 Quod
1683 2673 1704 2699 si
1720 2676 1814 2699 testem
1824 2672 1871 2698 ad-

1076 2721 1170 2748 ducam
1181 2720 1276 2748 lsaiam
1294 2721 1328 2747 ita
1342 2719 1375 2747 de
1389 2720 1433 2746 illo
1452 2719 1613 2754 loquentem,
1628 2718 1661 2745 In
1677 2719 1766 2745 cretum
1780 2727 1869 2745 ascen-

1076 2767 1144 2799 tlum,
1162 2772 1185 2793 et
1204 2774 1247 2793 ero
1259 2766 1350 2793 similis
1365 2765 1493 2792 Altissinta
1513 2763 1590 2800 (lsai.
1613 2764 1657 2791 M.
1680 2765 1739 2799 li):
1755 2763 1800 2798 qui
1817 2772 1869 2790 ttott

1076 2813 1188 2840 libenter
1203 2811 1333 2846 reeipiunt
1346 2810 1494 2846 allegorias,
1508 2802 1683 2845 repudiabunt
1700 2814 1819 2836 nostrum
1832 2815 1870 2836 te-

1079 2858 1246 2885 stimottium:
1262 2856 1302 2884 sin
1317 2864 1379 2884 vero
1399 2855 1509 2883 Paulum
1526 2855 1563 2883 illi
1575 2855 1773 2884 adhibuerimus
1792 2861 1871 2883 accu-
