2072 3122
173 166 220 193 H7

169 227 294 250 saturem.
308 228 387 248 nemo
396 221 608 250 contmdictnrus
619 227 669 250 est.
682 222 749 255 Quid
762 223 839 258 igitur
849 223 885 250 ait
896 223 964 250 Putt—

173 267 360 295 lus'l’imotheo
372 268 512 294 sr‘rihens?
529 269 579 301 Qui
595 276 678 303 nuper
697 269 911 302 praedicationem
926 274 965 296 al.-

170 315 238 350 tigit,
252 322 313 340 cum
330 322 382 340 non
396 319 520 348 oportere
531 314 562 340 ad
574 321 705 341 sutmnam
721 315 837 349 episcopi
852 315 965 349 dignita-

169 367 218 386 tem
236 360 324 392 evelli,
340 360 382 386 his
402 367 497 394 nempe
511 360 614 387 verbis:
631 359 689 386 Non
705 361 869 396 ncop/tytnm,
893 369 924 387 ne
937 362 963 388 in

165 405 310 439 superbiam
318 406 409 438 elatus,
422 406 447 431 in
454 406 580 441 judicium
589 406 692 438 incidat,
705 411 728 433 el
741 407 766 433 in
780 406 897 443 laqueum
908 407 965 433 dia-

168 453 216 478 lzoli
235 452 270 486 (ί.
289 452 354 479 Tim.
371 453 397 479 5.
410 452 452 486 ϐ);
478 460 510 479 ne
532 452 638 486 eadem,
659 453 750 488 inquit,
777 462 888 489 peccans
901 462 961 481 cum

167 501 222 533 illo,
239 501 331 528 eadem
347 509 407 528 cum
423 501 469 528 illo
483 501 606 535 patiatur.

202 547 228 575 4.
245 546 359 574 Alienum
374 547 558 583 nuprobitatcm
570 546 659 574 solatio
672 554 725 573 esse
738 546 963 581 improbis—llum

169 601 232 621 \cro
247 601 299 621 non
315 594 378 620 hinc
391 594 476 620 solum
491 598 530 621 est
545 593 725 628 perspicuum,
737 601 827 620 verum
837 593 916 621 etiam
929 600 961 620 ex

169 642 199 668 i~s
208 649 266 675 quzc
276 641 405 668 scelestus
415 641 458 668 ille
471 641 575 668 dtDanll
590 641 674 676 primo
686 641 784 668 homini
799 641 894 668 suasit.
906 640 962 668 Sic-

169 691 197 713 ut
217 687 288 714 enim
309 687 385 713 bonis
407 687 449 714 hic
465 694 522 713 mos
537 691 594 718 est.
621 694 670 720 pcr
690 694 748 721 qua:
764 685 811 720 ipsi
826 687 885 713 facti
901 690 962 712 sunt

168 733 230 760 boui
241 754 248 765 ,
263 733 296 760 ad
310 733 402 760 eadem
415 732 553 760 exhortari
569 733 704 768 proximos
716 741 726 759 :
741 733 775 760 ita
788 737 815 760 et
828 733 904 760 malis
920 732 962 760 hic

168 784 208 805 cst
230 787 288 806 mos
299 800 306 812 ,
330 787 378 814 per
399 787 458 813 qtae
473 779 522 814 ipsi
536 783 598 806 sunt
614 779 743 814 improbi,
760 779 854 806 eadem
867 779 962 806 vicinis

168 826 305 853 invehere.
318 826 385 853 Nam
401 833 451 852 una
467 826 524 853 hme
540 830 581 852 est
595 825 701 852 illorutn
718 825 826 852 malitia:
840 826 942 860 species
953 846 959 856 ,

167 876 196 898 ut
218 872 331 899 aliorum
358 872 501 906 perniciem
526 871 649 898 solatium
670 871 711 898 sui
734 872 855 905 supplicii
875 871 962 898 existi-

168 923 252 945 ment.
275 918 344 951 Quid
366 918 445 953 igitur
458 918 579 954 diabolus
593 918 676 945 suasit
691 917 814 945 Adamo?
827 917 863 945 Ut
877 918 962 945 conci-

169 968 244 998 peret
256 963 444 998 cogitatiOnem
455 971 502 990 sua
516 968 608 990 natura
624 963 750 996 majorem
763 984 772 997 ,
785 963 887 998 sibique
900 971 961 990 cum

169 1010 225 1037 Deo
241 1015 360 1044 speraret
375 1010 552 1044 mqualitatcm
568 1010 642 1045 (Gen.
659 1011 697 1044 5).
714 1010 740 1037 Si
756 1010 842 1040 enim.
860 1010 960 1044 inquit,

169 1056 225 1083 lucc
241 1064 284 1083 res
297 1064 339 1083 me
349 1056 383 1083 de
393 1056 459 1083 caelo
469 1056 584 1090 expulit,
598 1056 680 1082 multo
691 1055 774 1090 magis
785 1055 878 1082 eadem
892 1055 963 1082 hunc

168 1101 257 1136 ejicit‘t
278 1109 293 1128 e
317 1102 450 1136 paradiso.
474 1103 642 1136 Quapropter
662 1107 686 1129 et
705 1102 831 1129 Salomon
850 1102 938 1129 dixit‘
954 1111 960 1129 :

169 1148 355 1182 D-nssupcrbis
367 1148 458 1174 resistit
469 1147 557 1183 (Prov.
570 1149 595 1174 5.
607 1148 648 1175 ⁷54.
664 1147 748 1174 1.Ῐ³ίιι.
759 1148 785 1175 5.
799 1147 826 1174 5.
839 1152 861 1174 ct
871 1147 961 1174 Iacob.

168 1195 193 1220 4.
215 1194 253 1228 6).
269 1194 324 1220 Non
341 1194 408 1221 dixit
425 1203 430 1220 :
448 1194 515 1221 Deus
530 1193 660 1228 superbos
675 1194 802 1227 dimittit,
817 1198 843 1221 et
857 1194 883 1220 in
900 1201 962 1227 pce-

168 1241 236 1268 catis
257 1241 371 1273 deserit,
396 1247 496 1275 suoque
518 1241 599 1268 nudat
622 1240 720 1267 auxilio
734 1250 739 1266 :
753 1239 818 1271 scd.
842 1239 961 1272 Rt’sislil,

169 1287 256 1320 ἱιιιιυίι
271 1295 277 1312 :
293 1294 344 1312 non
366 1286 436 1320 quod
457 1286 584 1313 instructa
605 1286 662 1313 acie
684 1291 728 1313 aut
752 1293 836 1321 pugna
858 1286 911 1312 Deo
929 1286 964 1313 sit

168 1339 236 1364 (nius
250 1332 378 1359 adversus
396 1332 541 1366 superbum
554 1340 560 1364 ;
583 1331 644 1366 quid
666 1332 736 1359 cnim
750 1340 808 1359 esse
822 1332 904 1367 possit
917 1340 962 1358 su-

169 1379 252 1411 perbo
268 1377 397 1404 inﬁrmius
409 1377 420 1403 ?
434 1377 498 1404 Nam
514 1382 540 1404 ut
552 1378 595 1412 qui
608 1377 716 1404 orbatus
729 1382 770 1404 cst
783 1378 867 1404 oculis
878 1399 885 1410 ,
902 1384 962 1404 0m-

168 1424 242 1451 nium
258 1424 394 1457 expositus
408 1428 449 1450 est
462 1423 566 1458 injuriae
577 1444 583 1455 ,
600 1424 635 1450 ita
650 1429 677 1451 et
690 1424 838 1458 superbus,
851 1423 894 1458 qui
911 1431 962 1450 non

168 1470 242 1497 videt
266 1470 406 1496 Dominum
432 1469 503 1506 (nam
530 1468 637 1496 Initium
662 1469 799 1504 superbire,
825 1473 853 1495 nt
880 1469 962 1503 inquit

168 1517 321 1551 Scriptura,
337 1521 374 1543 est
394 1525 444 1543 non
466 1524 538 1543 noue
560 1515 696 1543 Dominum
716 1515 809 1552 [Eccli.
827 1516 868 1543 l0.
884 1514 961 1551 14]),

169 1563 250 1590 etiam
264 1563 297 1589 ab
309 1562 460 1590 hominibus
473 1562 547 1589 facile
561 1566 716 1596 superatur,
731 1566 902 1596 posteaquam
917 1569 965 1588 ex-

167 1609 234 1635 cidit
246 1609 279 1635 ab
295 1609 338 1635 illa
354 1609 424 1636 luce.
440 1608 514 1642 Quod
529 1608 550 1635 si
566 1609 644 1635 etiam
657 1608 759 1634 validus
771 1615 800 1633 ac
816 1611 910 1641 potens
922 1614 965 1633 es-

168 1660 209 1681 set
227 1655 374 1689 superbus,
396 1653 460 1681 nihil
473 1662 539 1688 opus
553 1658 624 1681 esset
638 1653 691 1680 Deo
704 1653 821 1680 exercitu
836 1652 964 1680 adversus

170 1702 243 1728 illum
269 1711 276 1729 :
302 1701 344 1729 cui
368 1702 438 1728 enim
460 1701 582 1728 voluntas
603 1699 666 1726 satis
689 1699 737 1726 fuit
750 1699 780 1725 ad
796 1698 963 1733 producenda

169 1748 258 1774 onniia
268 1768 274 1778 ,
289 1747 372 1774 tnulto
384 1746 467 1781 magis
478 1745 613 1773 sufﬁceret
623 1746 655 1772 ad
667 1746 697 1773 ea
711 1745 837 1772 tollenda.
852 1745 905 1771 Cur
916 1745 963 1779 igi-

170 1799 227 1825 tur,
246 1793 350 1827 inquies
362 1813 369 1824 ,
393 1792 513 1820 resistit?
526 1792 602 1825 Quod
616 1792 759 1819 vehemens
770 1791 859 1819 odium
875 1791 964 1819 decla-

170 1845 210 1866 ret
225 1847 286 1874 erga
302 1839 456 1874 superbum.
471 1839 560 1874 Itaque
574 1839 723 1873 superbiam
737 1846 796 1865 esse
808 1838 904 1865 vulnus
917 1845 965 1872 pe-

169 1885 335 1918 riculosum,
360 1889 414 1912 tum
435 1893 467 1912 ex
488 1884 529 1911 his
548 1892 607 1919 qua:
624 1884 758 1917 diximus,
779 1889 833 1911 tum
854 1891 887 1910 ex
906 1883 965 1910 aliis

169 1931 343 1966 perspicuam
353 1935 402 1957 est.
419 1930 493 1963 Quod
506 1930 528 1957 si
540 1930 618 1957 vultis
629 1951 635 1962 ,
652 1930 731 1956 etiam
745 1937 853 1956 causam
866 1929 960 1964 ipsam,

169 1977 242 2004 unde
257 1978 353 2004 vulnus
364 1977 414 2004 hoc
426 1977 539 2010 accidit,
553 1976 658 2003 aliunde
671 1976 815 2003 discamus.
827 1974 965 2010 Siquidem

170 2024 215 2051 hic
240 2023 385 2058 Scriptura:
405 2030 463 2050 mos
485 2027 544 2054 cst,
569 2023 591 2049 si
613 2021 719 2057 quando
742 2025 818 2056 parat
839 2028 965 2048 accusare

169 2069 325 2104 quempiam
338 2090 345 2101 ,
369 2075 422 2095 non
445 2068 526 2095 modo
547 2073 684 2103 peccatum
701 2067 771 2094 illius
785 2074 910 2098 narrare,
925 2074 967 2093 vc-

169 2124 233 2144 rum
244 2117 324 2143 etiam
335 2115 432 2142 docere
442 2122 492 2142 nos
503 2122 563 2150 qua:
574 2114 651 2141 fuerit
663 2113 762 2148 peccati
773 2120 852 2140 causa
866 2121 872 2140 :
886 2112 911 2139 id
923 2120 966 2139 au-

169 2169 226 2190 tem
241 2162 304 2188 facit
318 2182 325 2194 ,
339 2165 369 2188 ut
382 2168 428 2188 eos
443 2161 486 2196 qui
498 2160 554 2187 sani
568 2165 628 2187 sunt
643 2159 734 2187 reddat
746 2159 856 2186 tutiores
866 2158 967 2185 cautio-

169 2215 287 2242 rcSque,
303 2214 336 2233 ne
351 2207 378 2233 in
391 2206 483 2233 eadem
498 2205 616 2232 incidant
630 2205 709 2232 mala.
723 2204 852 2232 Similiter
865 2209 893 2231 et
908 2211 966 2231 me-

169 2254 225 2281 dici
247 2253 280 2279 ad
300 2256 460 2286 mgrotantes
478 2251 609 2286 ingressi,
629 2250 709 2277 etiam
730 2254 791 2277 ante
805 2249 912 2276 morbos
926 2249 965 2284 (η)

170 2300 260 2326 fontes
285 2298 441 2333 explorant,
464 2303 492 2324 ut
505 2297 603 2332 praevia
616 2304 677 2324 cura
691 2300 831 2324 coerceant
846 2296 944 2323 malum
959 2305 965 2323 :

170 2345 273 2371 etenim
285 2344 329 2379 qui
343 2364 350 2376 ,
367 2347 491 2370 manente
505 2342 594 2369 radice
606 2362 614 2371 .
626 2350 714 2369 ramos
728 2346 829 2369 tantum
841 2346 967 2374 exsecat,

172 2391 240 2418 nihil
260 2389 332 2417 aliud
352 2397 431 2424 quam
453 2389 560 2416 inanem
582 2383 663 2414 sﬁmit
685 2395 803 2422 operam.
825 2387 874 2415 Ubi
889 2387 968 2422 igitur

170 2437 310 2471 Scriptura
331 2441 358 2463 et
379 2439 514 2470 peccatum
535 2439 562 2462 et
577 2434 677 2470 peccati
691 2441 798 2461 causam
814 2433 967 2468 eloquitur?

171 2481 357 2518 lteprehcndit
375 2489 422 2507 eos
440 2481 483 2515 qui
499 2484 692 2515 przecesserunt
705 2480 831 2506 diluvium
845 2500 852 2513 ,
867 2479 902 2506 ob
917 2479 965 2506 illi-

171 2529 242 2555 citos
254 2533 415 2562 congressus
429 2535 434 2552 :
447 2531 526 2559 atque
539 2525 600 2552 audi
615 2524 749 2559 quomodo
760 2525 873 2552 causam‘
880 2524 968 2559 expri-

172 2579 230 2601 mat
243 2582 249 2600 :
262 2572 325 2600 Cum
337 2572 455 2599 uidissent
470 2571 517 2605 ﬁlii
527 2569 575 2597 Dei
587 2570 653 2604 ﬁlias
664 2569 792 2596 hominum
805 2577 857 2596 esse
872 2570 968 2604 forato—

171 2629 232 2653 ειη,
252 2623 401 2654 acceperunt
423 2618 480 2644 illas
499 2617 546 2643 sibi
567 2617 593 2643 in
608 2624 700 2643 uxores
716 2615 792 2651 (Gen.
806 2615 831 2642 6.
847 2615 888 2649 2).
900 2614 968 2648 Quid

207 2689 215 2703 ι
232 2690 337 2716 Quatuor
357 2689 429 2713 Mss.,
447 2687 469 2708 et
488 2683 554 2716 Sirae
573 2682 735 2716 dicituAtqui‘
748 2681 802 2716 haec
818 2682 893 2716 verba
912 2685 969 2716 sunt

172 2712 305 2743 Salomonis
317 2718 341 2741 in
354 2712 489 2740 Proverbiis
499 2733 507 2744 ,
525 2714 581 2739 licet
599 2712 678 2737 simile
696 2712 817 2744 quidpiam
830 2714 853 2737 in
865 2713 968 2737 siracidc

172 2751 247 2774 etiam
258 2748 371 2779 legatur,
387 2747 430 2779 10,
442 2746 486 2779 H._
493 2749 540 2770 Non
559 2751 614 2769 raro
625 2744 968 2779 Chrysostotnusgalomouem

173 2773 240 2811 primi
252 2773 298 2810 ιιι-ὅ
305 2773 412 2811 siracide
423 2773 430 2806 ᾖ
444 2777 488 2800 sed
500 2782 616 2807 nusquam
627 2773 721 2799 adverti
732 2774 795 2805 apud
807 2773 875 2798 illum
886 2775 969 2798 Siraci-

172 2808 229 2834 item
243 2808 296 2840 poni
315 2816 360 2840 pro
371 2808 505 2832 Salomone.

204 2839 299 2871 (aiiir.
316 2839 360 2865 Stati.
382 2841 429 2871 πρὸ
449 2841 496 2863 τῶν
515 2841 664 2871 κ(σ›ν›’·ιῃ.ιύτιιδνΔ
683 2840 750 2863 lianc
771 2839 958 2863 similitudinem

171 2869 243 2897 att‘ert
252 2869 453 2903 Chryse-stemus,
470 2869 644 2903 ut_signili_cct,
660 2871 738 2903 Deum
747 2870 828 2903 justos
839 2872 961 2901 exemptis

173 2900 437 2931 cautlores'reddcre,
453 2907 484 2925 ne
500 2901 525 2925 in
537 2901 635 2925 morbos
646 2901 720 2925 animi
733 2900 850 2925 incidant.

634 166 666 193 IN
687 167 798 198 ILLL‘D.
823 167 887 194 \‘lDl
911 167 1075 202 ilOillNUil,
1097 171 1212 201 llOMlL.
1233 175 1276 202 ΙΙΙ.

1019 227 1119 261 igitur?
1143 238 1204 258 num
1229 232 1400 266 pulchritudo
1420 243 1500 263 causa
1522 243 1562 265 est
1577 240 1676 273 peccati
1688 241 1699 267 τ
1712 241 1785 269 Absit
1799 252 1807 272 :

1016 278 1057 300 e~t
1079 276 1150 302 enim
1174 276 1271 305 divina.-
1295 279 1433 314 sapientia:
1452 289 1536 317 opus;
1562 292 1628 319 opus
1651 291 1740 313 autem
1764 288 1808 316 Dei

1015 326 1159 355 numquam
1175 325 1257 356 possit
1270 333 1330 353 esse
1340 334 1419 354 causa
1432 330 1543 363 peccati.
1560 330 1612 358 Sed
1626 338 1751 367 aspectus
1761 334 1808 362 fuit

1016 371 1094 392 eausa
1120 369 1240 400 peccati?
1260 369 1298 397 Ne
1318 371 1343 398 id
1364 373 1470 406 quidem
1493 383 1500 401 :
1522 383 1581 403 nam
1603 381 1630 404 et
1645 377 1694 405 hoc
1708 384 1810 406 naturai

1015 417 1082 444 opus
1095 417 1145 439 est.
1160 412 1211 441 Sed
1221 415 1283 449 quid
1298 418 1402 444 tandem
1413 419 1424 445 ἵ)
1434 419 1501 447 Male
1511 421 1602 450 videre
1614 431 1620 449 :
1634 431 1693 450 nam
1707 423 1758 453 hoc
1769 431 1810 453 cst

1015 456 1168 504 depravata:
1179 461 1332 489 voluntatis.
1346 463 1406 491 ldco
1426 467 1531 500 sapiens
1544 468 1651 501 quidam
1670 470 1809 504 admouet,

1014 501 1106 551 dicens
1120 525 1127 536 ,
1148 504 1187 532 Ne
1208 508 1349 535 consideres
1362 510 1576 544 pulchritudinem
1590 514 1699 541 alienam
1715 501 1808 551 (Ea-li;

1015 548 1040 575 9.
1062 549 1099 584 8).
1123 550 1179 577 Non
1201 552 1266 579 dixit
1279 574 1287 583 .
1308 555 1346 581 Ne
1360 556 1469 584 videas:
1485 558 1508 585 id
1524 560 1594 586 enim
1609 548 1807 596 nonnumquam

1014 601 1077 622 casu
1092 596 1120 622 lit
1131 617 1138 628 ,
1154 597 1199 624 sed
1212 618 1219 630 ,
1237 598 1277 625 Ne
1288 601 1430 629 consideres
1442 624 1448 635 ,
1464 604 1548 638 inquit
1558 626 1565 635 .
1583 606 1647 633 illud
1664 607 1761 635 tollens
1773 616 1808 636 ne

1014 641 1101 669 studio
1123 643 1381 678 animadvertamus,
1407 656 1439 675 ne
1458 650 1564 678 curiose
1585 651 1758 686 intueamur,
1775 662 1807 681 ne

1015 688 1116 715 vitiosa:
1135 691 1354 723 contemplationi
1378 693 1568 728 immorcmur,
1589 705 1648 731 qua:
1667 698 1701 725 ab
1719 699 1808 726 animo

1014 738 1141 767 corrupto
1155 740 1181 760 ct
1196 737 1393 770 concupiscenti
1411 740 1596 772 proﬁciscitur.
1611 742 1663 769 Sed
1678 743 1755 778 quid,
1769 744 1809 771 in-

1013 778 1086 812 quiet
1100 779 1207 814 aliquis,
1220 780 1283 807 hinc
1293 782 1382 809 damni
1397 784 1480 817 possit
1492 786 1577 813 oriri?
1590 787 1629 814 Ea:
1639 788 1695 822 hoc,
1710 789 1806 824 inquit,

1013 833 1085 852 amor
1105 826 1169 852 velut
1181 827 1247 862 ignis
1259 829 1381 855 excitatur
1397 829 1476 864 (Ibid.
1492 840 1514 857 ιι.
1528 832 1566 867 9).
1582 833 1616 860 Ut
1631 835 1701 861 enim
1718 835 1786 869 ignis
1797 855 1806 868 ,

1014 871 1057 897 ubi
1082 870 1180 898 fumum
1203 878 1247 899 aut
1271 874 1394 908 stipulam
1409 876 1567 910 arripuerit,
1584 879 1648 905 nihil
1664 884 1783 906 moratur
1796 900 1804 912 ,

1013 917 1060 943 sed
1075 918 1152 944 simul
1167 923 1194 944 ut
1207 919 1291 954 attigit
1304 921 1458 953 materiam,
1476 921 1589 949 lucidam
1601 924 1720 951 accendit
1731 924 1804 951 ﬂant-

1014 970 1084 990 mam
1100 972 1106 990 :
1124 963 1214 991 itidem
1227 970 1253 991 et
1269 965 1335 999 ignis
1349 967 1571 1000 concupiscentia:
1585 976 1644 1003 qua:
1657 973 1698 996 est
1713 970 1739 996 in
1755 978 1804 996 Ito-

1013 1009 1069 1040 bis,
1081 1009 1159 1036 simul
1173 1015 1251 1044 atque
1267 1019 1313 1044 per
1326 1011 1463 1039 oculorum
1480 1013 1601 1040 intuitum
1616 1014 1763 1048 elegantem
1774 1022 1806 1041 ac

1014 1059 1151 1082 venustam
1164 1056 1279 1090 attigerit
1294 1056 1406 1084 formam
1417 1078 1425 1090 ,
1443 1059 1563 1092 protinus
1578 1060 1664 1086 exurit
1676 1060 1804 1087 animum.

1014 1101 1128 1128 Proinde
1142 1109 1174 1127 ne
1189 1107 1293 1136 spectes
1307 1105 1493 1138 temporariam
1508 1105 1578 1131 illaut
1590 1125 1598 1138 ,
1610 1113 1669 1140 qua:
1680 1114 1712 1132 ex
1726 1114 1802 1140 aspc-

1014 1153 1056 1174 cm
1078 1148 1271 1182 proﬁciscitur,
1294 1150 1453 1184 voluptatem
1465 1171 1472 1182 ,
1497 1151 1543 1178 sed
1558 1156 1713 1185 perpetuum
1728 1152 1806 1179 dolo-

1014 1201 1069 1220 rem
1091 1194 1229 1221 eousidera
1240 1215 1247 1226 ,
1270 1195 1314 1229 qui
1327 1196 1444 1222 nascitur
1457 1204 1489 1223 ex
1502 1198 1727 1231 concupiscentia.
1741 1198 1806 1226 Nam

1015 1240 1070 1269 illa,
1085 1238 1186 1266 inflicto
1200 1241 1323 1273 vulnere,
1348 1242 1504 1276 plerumque
1517 1243 1644 1270 celeriter
1657 1244 1744 1270 avolat
1757 1252 1763 1277 ;
1778 1250 1806 1271 at

1014 1285 1110 1312 vulnus
1121 1293 1172 1311 non
1187 1286 1275 1312 avolat
1287 1308 1292 1317 ,
1305 1287 1351 1313 sed
1364 1288 1518 1322 plerumque
1531 1294 1620 1316 manet
1631 1294 1657 1316 et
1668 1290 1803 1318 interficit.

1016 1330 1048 1357 Et
1068 1331 1290 1366 quemadmodum
1310 1340 1387 1360 cerva
1401 1334 1506 1361 conﬁxa
1517 1335 1606 1368 jaculo
1620 1336 1647 1363 in
1663 1336 1731 1364 Ictali
1746 1344 1807 1364 cor-

1015 1377 1087 1411 poris
1102 1382 1187 1411 parte,
1202 1378 1305 1405 ctiamsi
1320 1384 1476 1407 venatorum
1493 1380 1599 1415 effugiat
1613 1390 1723 1415 manus,
1741 1383 1806 1410 nihil

1016 1422 1076 1449 inde
1095 1423 1146 1450 fert
1165 1423 1231 1450 lucri
1247 1432 1253 1450 :
1268 1423 1307 1449 sie
1316 1424 1452 1457 ctanima,
1462 1431 1571 1460 accepto
1584 1427 1806 1462 concupiscentia

1012 1467 1102 1503 jacqu
1119 1476 1134 1496 e
1152 1469 1251 1496 lascivo
1265 1469 1424 1505 euriosoquc
1435 1476 1543 1505 aspectu
1554 1491 1561 1504 ,
1577 1473 1680 1500 etiamsi
1696 1473 1807 1500 dimisso

1012 1513 1101 1547 jtcnlo
1116 1514 1282 1548 permittatur
1296 1515 1370 1543 abire
1382 1536 1389 1547 ,
1407 1521 1493 1544 tamen
1507 1516 1563 1550 ipsa
1579 1524 1626 1550 per
1642 1524 1671 1544 sc
1685 1525 1808 1545 corrum-

1016 1560 1086 1594 pitur
1099 1568 1130 1588 ac
1142 1561 1210 1596 perit
1220 1582 1227 1594 ,
1239 1561 1335 1597 ubique
1344 1562 1438 1590 videns
1455 1562 1571 1594 hostem,
1583 1568 1609 1589 et
1624 1563 1806 1598 insequentem

1016 1606 1125 1634 habens.
1138 1607 1188 1635 Sed
1205 1608 1274 1642 quod
1294 1609 1383 1637 dicere
1395 1617 1527 1644 caaperam
1543 1608 1639 1644 (neque
1651 1610 1722 1637 enim
1731 1618 1807 1637 com-

1015 1653 1174 1680 mittendum
1189 1659 1230 1681 est
1243 1659 1271 1680 ut
1292 1655 1317 1681 in
1329 1655 1379 1682 hoc
1392 1659 1444 1682 tam
1455 1656 1548 1690 longas
1560 1655 1692 1683 sermonis
1702 1655 1805 1690 digres—

1016 1699 1104 1726 siones
1127 1699 1284 1734 faciamus),
1306 1700 1442 1735 Scriptura
1463 1709 1524 1728 cum
1547 1704 1661 1736 peccatis
1680 1702 1760 1728 simul
1783 1704 1810 1727 et

1017 1750 1184 1780 peccatorum
1205 1753 1299 1773 causas
1319 1746 1388 1773 solet
1399 1754 1611 1774 commemorare
1626 1755 1633 1774 :
1647 1747 1708 1774 audi
1723 1752 1750 1775 et
1765 1745 1809 1774 hic

1016 1792 1078 1827 quid
1098 1792 1167 1819 dicat
1187 1792 1221 1819 dc
1241 1792 1314 1820 Ozia.
1329 1792 1420 1828 Neque
1433 1793 1502 1820 enim
1518 1793 1568 1821 hoc
1582 1797 1683 1821 tantum
1697 1801 1745 1821 nos
1758 1793 1808 1821 do-

1016 1839 1087 1872 cuit,
1101 1839 1200 1866 elatum
1216 1839 1300 1866 fuisse
1313 1847 1359 1866 cor
1373 1839 1431 1874 ejus
1441 1861 1447 1871 ,
1463 1847 1554 1866 verum
1567 1840 1667 1867 addidit
1681 1840 1750 1867 unde
1761 1840 1811 1867 fuit

1017 1886 1126 1912 elatum.
1143 1884 1220 1912 Unde
1232 1892 1296 1920 ergo
1310 1885 1409 1912 elatum
1424 1884 1492 1913 fuit?
1506 1884 1568 1912 Cum
1582 1889 1668 1921 potens
1683 1890 1754 1917 esset,
1767 1886 1810 1912 in-

1017 1931 1073 1966 quit
1083 1951 1090 1964 ,
1105 1931 1197 1958 elatum
1210 1935 1245 1957 est
1258 1939 1301 1958 cor
1314 1932 1377 1967 ejus.
1389 1930 1446 1958 Non
1461 1931 1520 1958 tulit
1533 1931 1695 1966 principatus
1708 1931 1810 1965 magni-

1018 1978 1135 2005 tudinem
1148 1999 1156 2010 ,
1179 1977 1226 2005 sed
1246 1978 1314 2005 sicut
1327 1985 1359 2004 ex
1373 1977 1503 2005 edacitate
1516 1978 1633 2004 nascitur
1648 1979 1723 2012 ignea
1734 1976 1811 2004 iulia-

1019 2025 1072 2058 lio,
1088 2031 1120 2051 cx
1132 2023 1267 2051 inflatione
1279 2024 1393 2059 gignitur
1406 2023 1501 2057 febris,
1517 2023 1613 2050 deinde
1627 2031 1659 2050 ex
1674 2023 1740 2050 febri
1753 2023 1811 2057 ple-

1018 2077 1130 2104 rumque
1150 2077 1224 2096 mors
1247 2078 1254 2096 :
1279 2069 1368 2096 itidem
1392 2073 1418 2096 et
1439 2069 1482 2096 hic
1496 2076 1528 2096 ex
1546 2076 1634 2095 rerum
1648 2067 1810 2095 abundantia

1019 2119 1078 2143 nata
1099 2119 1140 2142 cst
1158 2114 1290 2149 superbia.
1304 2114 1369 2141 Nam
1385 2114 1493 2149 quodin
1507 2114 1663 2148 corporibus
1677 2118 1717 2141 est
1732 2113 1810 2140 inlla-

1000 2179 1003 2182 ν
1020 2162 1056 2188 tio
1066 2182 1072 2193 ,
1087 2161 1137 2188 hoc
1151 2161 1176 2187 in
1188 2160 1283 2187 animis
1293 2165 1334 2187 est
1347 2160 1480 2194 superbia.
1497 2159 1556 2187 Mox
1569 2167 1602 2186 ex
1616 2159 1739 2193 superbia
1752 2163 1811 2186 nata

1019 2213 1059 2235 est
1076 2208 1225 2242 appetentia
1238 2215 1327 2234 rerum
1340 2206 1389 2241 ipsi
1405 2214 1457 2233 non
1473 2207 1685 2240 congruentium.

1103 2253 1166 2280 llarc
1180 2261 1231 2280 non
1246 2253 1304 2279 sine
1316 2259 1396 2279 causa
1410 2251 1453 2279 diu
1466 2256 1626 2284 tractamus,
1640 2250 1686 2277 sed
1701 2257 1734 2276 ne
1752 2257 1811 2276 tnu-

1020 2308 1100 2335 quam
1119 2298 1276 2326 existimetis
1296 2306 1356 2326 esse
1378 2296 1580 2332 suspiciendos,
1607 2303 1693 2330 neque
1721 2294 1812 2322 felices

1020 2345 1114 2373 dicatis
1135 2352 1181 2371 eos
1204 2344 1248 2379 qui
1275 2343 1451 2378 principatum
1472 2345 1586 2377 gerunt,
1613 2347 1674 2367 cum
1718 2340 1812 2368 sciatis

1020 2399 1098 2426 quam
1114 2390 1216 2416 lubrico
1233 2389 1258 2415 in
1272 2393 1342 2414 statu
1362 2393 1520 2417 versentur;
1543 2393 1592 2413 nec
1607 2392 1732 2420 umquam
1753 2383 1812 2411 illos

1018 2436 1142 2471 judicctis
1156 2436 1279 2465 miseros,
1295 2434 1339 2469 qni
1354 2433 1379 2460 in
1395 2436 1513 2468 egestate
1525 2435 1552 2459 et
1567 2430 1758 2458 afﬂictionibus
1772 2429 1813 2456 vi-

1021 2487 1094 2513 vunt,
1111 2481 1226 2509 scientes
1243 2479 1310 2506 hanc
1323 2479 1405 2506 vitam
1418 2485 1478 2505 esse
1488 2477 1573 2504 multo
1588 2477 1721 2503 tutiorem.
1738 2475 1814 2504 Unde

1021 2532 1046 2554 et
1062 2526 1189 2561 propheta
1201 2525 1298 2552 clamat
1315 2523 1407 2551 dicens
1423 2523 1540 2550 :Bonum
1553 2528 1588 2549 est
1599 2522 1670 2555 milii,
1688 2521 1813 2554 Domine,

1021 2574 1078 2608 quia
1094 2571 1232 2599 Itumiliasti
1243 2579 1282 2597 me
1294 2569 1303 2605 (
1316 2569 1388 2596 Psal.
1404 2569 1464 2596 “8.
1479 2569 1510 2595 Ἠ
1524 2569 1544 2603 ).
1558 2567 1624 2594 Vide
1638 2567 1717 2602 igitur
1727 2575 1813 2601 quan-

1022 2624 1076 2646 tum
1088 2626 1118 2645 ex
1131 2617 1272 2644 eminentia
1283 2621 1372 2642 natum
1384 2615 1418 2642 sit
1429 2615 1536 2642 malum.
1548 2613 1652 2641 Elatttm
1661 2618 1706 2645 est,
1719 2613 1813 2647 inquit,

1016 2671 1062 2690 cor
1074 2665 1128 2699 ejus
1139 2671 1216 2698 usque
1226 2662 1259 2689 ad
1274 2661 1459 2697 corruptionem
1469 2660 1508 2696 (Ξ.
1523 2659 1609 2687 Paral.
1622 2659 1666 2686 26.
1680 2659 1735 2694 16).
1745 2657 1813 2691 Quid

1022 2715 1077 2744 est,
1093 2710 1175 2745 Usque
1195 2709 1229 2736 ad
1244 2707 1448 2743 corruptionem?
1458 2707 1548 2742 Usque
1560 2706 1592 2734 ad
1608 2713 1701 2742 pravas
1712 2705 1814 2739 cogita-

1023 2756 1106 2783 tiones
1120 2776 1127 2787 ,
1153 2763 1212 2790 qua:
1227 2761 1336 2789 prorsus
1351 2761 1403 2780 non
1416 2752 1563 2780 ascendunt
1582 2753 1609 2779 in
1622 2752 1740 2778 animum
1761 2756 1811 2777 no-

1022 2807 1116 2831 strum,
1130 2801 1152 2827 si
1166 2808 1213 2827 uos
1228 2801 1300 2834 ipsos
1315 2800 1395 2826 multa
1411 2799 1535 2826 cautione
1554 2797 1787 2830 eircumsepiamus
1803 2803 1811 2823 :

1022 2847 1068 2874 sed
1085 2847 1105 2874 5i
1122 2847 1283 2881 negligenter
1297 2845 1429 2881 egerimus
1442 2866 1448 2878 ,
1465 2849 1608 2872 nascuntur
1623 2845 1648 2870 in
1663 2842 1737 2870 nobis
1750 2849 1811 2876 ger-

1024 2893 1176 2927 miuantque
1191 2900 1197 2918 :
1213 2891 1252 2918 sin
1270 2895 1463 2926 prtcvertantur
1475 2911 1482 2925 ,
1498 2890 1618 2926 protinus
1633 2888 1810 2923 przcl'ocantur
