2046 3123
263 157 313 184 H9

260 220 286 242 et
299 215 457 241 obruuntur.
473 211 538 239 Alia:
551 211 694 246 gignuntur
707 231 713 241 ,
727 216 754 238 et
766 214 910 245 augentur,
930 213 1008 243 atque
1021 207 1054 235 ad

264 265 361 295 pravas
373 258 494 286 actiones
506 257 662 292 procedunt,
675 263 834 290 otnnemque
848 254 944 282 mentis
958 259 1056 281 nostr:e

261 306 400 333 sanitatem
407 308 594 339 corrumpunt,
603 304 624 330 si
635 311 729 338 magna
739 303 765 330 in
776 302 899 330 socordia
908 309 1055 329 versemur.

262 351 316 378 lloe
332 350 422 386 itaque
434 350 516 382 dicit,
532 349 637 376 Elatum
652 354 687 376 est
703 357 746 376 cor
761 349 815 383 ejus
825 369 832 380 ,
846 356 932 384 neque
945 355 974 375 se
986 348 1056 375 intus

260 396 390 424 continuit
404 396 564 431 arrogantia,
580 402 666 430 neque
679 395 808 422 exstincta
821 398 862 421 est
874 415 880 426 ,
894 393 941 421 sed
953 398 979 421 ut
993 401 1055 429 pro-

262 443 349 477 rupit,
366 442 398 469 ad
412 449 480 476 opus
494 448 577 476 usque
591 448 701 476 pravum
717 447 856 475 progressa
868 461 875 474 ,
891 444 972 467 totam
987 440 1056 467 illius

262 489 386 515 virtutem
405 488 533 522 corrupit.
550 487 691 515 Beatitudo
706 492 747 514 est
761 487 855 522 igitur,
870 487 1056 522 cogitationem

262 534 410 568 improbam
425 541 534 568 prorsus
544 541 597 561 non
610 533 761 565 admittere,
774 532 844 567 quod
856 537 884 560 et
896 540 911 559 a
927 532 1056 567 propheta

264 580 360 608 dictum
373 585 428 612 est.
445 580 566 611 Domine,
580 588 631 606 non
646 584 681 606 est
700 580 796 606 elciunt
807 587 850 605 cor
867 587 949 605 meum
960 578 968 613 (
981 577 1055 605 Psal.

264 626 322 654 150.
340 627 350 653 l
363 626 385 662 ).
398 625 456 654 Non
469 625 544 658 dixit,
560 625 666 652 Elatum
679 624 787 660 quidem
802 628 854 657 est,
869 624 915 651 sed
930 623 995 651 illud
1007 631 1055 651 co-

263 672 334 700 bibui
352 681 358 699 :
374 679 466 699 verum
479 691 486 704 ,
510 671 569 700 Non
593 675 634 698 est
649 671 757 698 omnino
781 671 879 698 elatum
897 679 903 697 :
921 670 972 698 hoc
993 674 1035 697 est
1048 690 1055 702 ,

261 718 363 752 Jugiler
385 717 487 745 servavi
509 717 625 745 animam
647 724 735 744 meam
758 717 919 744 inaccessam
939 716 1055 744 malitia).

262 764 318 791 Hoc
331 764 410 799 igitur
420 767 461 791 est
476 763 648 790 beatitudinis
662 772 669 790 :
684 762 747 790 huic
762 763 911 797 proximum
927 762 990 789 illud
1004 766 1054 794 est,

265 808 349 837 malas
367 810 542 844 cogitationes
555 809 609 843 jam
623 809 758 843 ingressas
772 809 897 836 celeriter
910 808 1054 843 repellere,

263 863 350 890 neque
360 856 458 888 sinere,
472 860 500 882 ut
511 855 564 882 illic
575 855 675 882 diutius
690 856 875 889 immorentur,
888 863 921 882 ne
937 855 963 882 in
980 855 1057 882 nobis

263 902 376 936 pessime
389 905 553 936 grassentur.
575 901 652 935 Quod
667 901 689 928 si
702 909 735 928 eo
755 909 838 936 usque
857 901 986 929 socordiae
996 909 1058 936 pro-

263 948 426 974 ('CaSCl‘illlllS
437 968 444 979 ,
458 952 501 974 est
516 955 563 982 per
577 947 623 974 Dei
638 947 784 974 bonitatem
796 951 823 974 et
837 947 914 981 hujus
927 947 1057 974 socordia:

262 995 397 1026 Solatiuin,
409 994 542 1028 multaque
552 994 587 1021 ab
598 993 643 1021 illa
655 1002 758 1021 summa
767 998 794 1021 ct
804 993 928 1021 ineffabili
941 994 1058 1022 bonitate

262 1041 358 1068 talibus
371 1040 526 1068 vulneribus
538 1045 628 1076 parata
643 1045 705 1068 sunt
720 1041 848 1068 remedia.
865 1041 918 1068 Sed
931 1049 980 1076 age
1000 1049 1058 1069 ser-

261 1095 368 1114 monem
383 1087 452 1114 hunc
466 1087 577 1114 missum
590 1087 725 1119 faciamus,
742 1095 777 1114 ne
793 1087 865 1122 quod
880 1087 906 1114 in
921 1087 997 1114 initio
1010 1095 1057 1115 ve-

262 1135 395 1167 rebamur,
408 1143 478 1162 nunc
488 1135 591 1163 accidat
602 1136 689 1168 nobis,
701 1143 843 1170 rerumque
856 1135 932 1162 turba
943 1140 1057 1163 vestram

261 1182 534 1215 obruat‘memoriam.
551 1182 718 1217 Quapropter
741 1190 881 1210 necessum
896 1186 937 1210 est
957 1187 984 1210 ut
999 1190 1058 1217 qu:e

262 1227 332 1253 dicta
343 1232 413 1260 sunt,
425 1228 578 1255 summatim
592 1228 684 1262 paucis
695 1233 846 1262 repetamus
858 1236 864 1254 :
877 1228 916 1255 sic
926 1233 953 1255 et
961 1234 1059 1256 matres

262 1272 350 1299 facere
363 1273 451 1300 solent
462 1281 522 1300 cum
537 1281 626 1308 poma,
642 1278 687 1300 attt
699 1273 819 1305 bellaria,
832 1278 878 1301 aut
889 1274 959 1301 aliud
971 1274 1058 1302 simile

263 1318 399 1353 quidpiam
415 1319 440 1346 in
455 1320 583 1354 puerilem
599 1320 744 1347 immittunt
757 1320 844 1347 sinum
859 1329 866 1347 :
882 1329 915 1348 ne
930 1328 978 1356 per
991 1329 1059 1356 pue-

266 1371 357 1390 rerum
377 1365 565 1400 negligentiam
581 1365 685 1393 excidat
700 1366 800 1401 aliquid
817 1374 909 1394 eorum
925 1375 984 1401 qua-
997 1367 1058 1394 data

262 1414 326 1438 sunt
338 1432 344 1441 ι
359 1416 521 1439 contractam
543 1413 659 1447 undique
680 1414 821 1440 tuniculam
835 1434 842 1446 ,
856 1414 962 1449 cingulo
975 1414 1059 1450 subji-

263 1457 346 1490 ciunt,
362 1465 414 1492 quo
425 1458 477 1484 sint
493 1458 518 1485 in
530 1463 595 1485 luto.
612 1459 682 1486 idem
698 1467 746 1486 nos
759 1458 898 1492 faciamus,
910 1460 1058 1488 orationem

265 1502 290 1529 in
307 1503 413 1538 longum
430 1509 578 1538 porrectam
594 1505 797 1538 coutrahamus,
810 1506 999 1540 memoriatquc
1014 1513 1060 1532 cu-

263 1548 357 1575 stodia:
371 1549 545 1583 deponamus.
560 1550 680 1577 Audistis
700 1551 834 1585 quomodo
848 1551 912 1578 nihil
927 1552 1059 1586 agendum

263 1594 299 1621 sit
308 1593 341 1621 ad
350 1595 566 1628 ostentationem,
581 1600 761 1631 quantumque
771 1597 805 1623 sit
817 1597 915 1624 malum
926 1598 1058 1630 socordia,

264 1644 293 1667 ut
302 1640 381 1667 etiam
396 1640 420 1668 in
433 1640 549 1676 perfecta
561 1641 612 1669 vita
625 1647 775 1670 versantem
787 1641 864 1670 facile
873 1644 1058 1678 supplantarit.

267 1686 401 1714 Didicistis
412 1692 511 1722 quanta
526 1688 604 1716 nobis
617 1696 685 1723 opus
692 1689 727 1716 sit
741 1696 815 1722 cura,
829 1690 998 1724 potissimum
1011 1691 1061 1719 sub

264 1732 325 1758 vitm
338 1731 429 1765 finem,
438 1736 577 1766 utqucnee
584 1734 782 1769 desperandum
791 1734 855 1761 sitei
863 1734 908 1770 qui
917 1742 978 1763 cum
995 1736 1060 1764 inci-

264 1777 349 1804 disset
373 1777 400 1803 in
417 1781 525 1812 peccata
545 1782 662 1805 mutatus
680 1782 722 1806 est
733 1799 740 1810 ,
756 1786 842 1813 neque
857 1785 979 1815 oporteat
998 1789 1060 1808 cum

266 1824 309 1857 qui
325 1824 351 1850 in
364 1825 486 1852 socordia
503 1825 577 1857 vivit,
589 1825 622 1852 de
632 1830 705 1853 recte
719 1825 795 1853 factis
810 1827 955 1855 conlidere.
972 1828 1061 1856 Disse-

267 1870 368 1897 ruimus
388 1870 464 1897 vobis
485 1871 519 1898 de
541 1871 690 1899 differentia
709 1877 880 1907 peccatorum
893 1894 900 1906 ,
921 1882 955 1901 ne
977 1875 1060 1902 simus

269 1915 442 1943 vehementer
468 1916 561 1944 intenti
584 1917 616 1944 ad
639 1918 750 1945 eximias
773 1926 914 1953 corporum
939 1919 1059 1947 formas:

265 1965 446 1996 quantumque
458 1962 519 1990 hinc
533 1963 633 1990 oriatur
647 1963 718 1996 mali,
731 1964 983 1993 demonstravimus.
996 1965 1061 2000 Quae

265 2007 300 2035 de
322 2008 446 2042 superbia
467 2009 543 2036 vobis
563 2009 679 2037 diximus
698 2010 878 2044 meministis,
894 2019 1008 2047 quaeque
1027 2013 1061 2039 de

265 2053 356 2088 pravis
369 2054 594 2088 cogitationibus.
610 2055 672 2082 llaec
692 2061 829 2083 servantes
853 2057 994 2084 redeamus
1011 2058 1060 2085 do-

266 2108 337 2127 mum
351 2108 358 2133 ;
383 2101 446 2135 quin
461 2101 549 2135 potius
564 2102 621 2129 lucc
635 2107 772 2130 servantes
792 2104 954 2138 excipiamus
975 2105 1062 2139 perfe-

264 2147 376 2174 ctiorcm
398 2147 488 2174 eximii
503 2147 621 2176 doctoris
638 2149 864 2178 exhortationem.
889 2150 955 2178 Nam
971 2157 1065 2179 nostra‘

265 2192 383 2226 quidem,
393 2193 595 2227 qualiacumque
606 2198 676 2225 sunt,
691 2194 942 2229 babeutjuventutis
953 2196 1060 2224 indicia:

267 2238 466 2273 hujusautem,
481 2239 686 2274 qualiacumque
712 2239 832 2274 fuerint,
855 2249 921 2269 cana
946 2242 1059 2277 quadam

266 2284 404 2318 prudentia
417 2289 478 2311 sunt
490 2290 592 2312 ornata.
606 2286 644 2312 Ac
657 2289 746 2312 nostra
761 2286 869 2321 quidem
890 2287 986 2315 similia
1000 2293 1061 2315 sunt

267 2333 376 2357 torrenti
386 2351 393 2362 ,
409 2330 452 2364 qui
467 2338 527 2357 cum
542 2331 655 2366 strepitu
671 2331 772 2365 fertur;
791 2332 862 2359 illius
875 2337 962 2359 autem
976 2334 1061 2360 oratio

266 2375 360 2402 similis
370 2381 410 2402 est
418 2376 482 2403 fonti
493 2384 586 2412 magna
599 2377 789 2412 tranquillitate
800 2377 894 2405 ﬂuvios
903 2378 1058 2412 ell'undenti,

266 2421 311 2456 qui
327 2421 378 2448 olei
394 2423 477 2457 magis
491 2431 570 2457 quam
584 2432 712 2459 aquarum
724 2432 829 2451 cursum
843 2425 970 2453 imitetur.
984 2426 1062 2454 Exci-

268 2467 372 2501 piamus
385 2468 463 2502 igitur
475 2476 506 2496 ea
521 2469 618 2496 fluenta
628 2492 635 2502 ,
650 2475 679 2497 ιιι
700 2470 763 2497 fiant
777 2471 804 2498 in
818 2471 894 2498 nobis
913 2471 971 2499 fons
986 2480 1061 2508 aquae

267 2512 386 2539 salientis
399 2513 424 2539 in
438 2513 517 2540 vitam
529 2520 654 2542 mternam
667 2515 760 2552 (Joan.
771 2517 798 2544 4.
811 2517 844 2544 Η
855 2519 863 2552 )
875 2526 882 2544 :
895 2526 973 2552 quam
985 2519 1061 2546 nobis

268 2558 391 2585 omnibus
404 2559 539 2594 contingat
554 2562 658 2596 assequi
671 2582 677 2591 ,
696 2562 778 2596 gratia
796 2567 822 2590 et
835 2562 996 2597 benignitate
1011 2564 1061 2590 Do-

270 2604 334 2631 mini
350 2605 432 2631 nostri
446 2605 508 2632 Jesu
529 2605 625 2632 Christi
647 2606 683 2642 (α)
696 2628 703 2640 ,
718 2615 778 2634 cum
803 2616 856 2644 quo
877 2609 948 2636 Patri
961 2631 968 2642 ,
983 2609 1060 2636 simul

268 2656 327 2676 cum
340 2654 431 2677 sancto
441 2655 467 2678 et
479 2651 549 2678 bono
559 2652 659 2686 Spiritu
673 2652 767 2686 honor,
779 2654 861 2688 gloria
872 2660 899 2682 et
909 2655 1060 2691 imperium,

269 2702 339 2723 ntmc
351 2700 379 2722 et
392 2703 507 2731 semper,
520 2702 547 2724 et
560 2698 586 2724 in
602 2698 698 2726 saeula
709 2699 877 2727 saeculorum.
893 2702 988 2729 Amen.

300 2775 336 2805 (α)
354 2777 410 2808 Qua;
427 2775 538 2806 sequitur
555 2775 678 2801 conclusio
689 2777 724 2801 sic
740 2777 843 2808 habetur
853 2778 877 2801 in
891 2783 940 2802 uno
957 2777 1043 2804 Codice
1053 2796 1061 2808 .

268 2809 342 2837 atque
353 2807 386 2837 ita
398 2805 495 2837 legerat
507 2809 624 2831 Erasmus.
637 2810 782 2835 Quamquam
796 2807 832 2832 hae
841 2808 1022 2837 conclusiones,
1035 2805 1063 2834 ut

267 2835 316 2865 iam
331 2836 393 2870 alibi
411 2835 526 2867 diximus,
547 2837 577 2862 ad
597 2837 749 2862 librariorum
771 2837 864 2863 libitum
885 2844 910 2863 ut.
933 2835 1062 2870 plurimum

268 2868 417 2892 concinnata:
429 2873 493 2893 suttt.

669 153 697 180 S.
718 152 856 180 10.91le
874 151 1058 180 CllllYSOSTt

1129 150 1286 179 ARCIIIEP.
1308 152 1575 182 CONSTANTINOP.
1856 159 1899 185 μὲι)

1111 208 1237 242 Ejusdem
1253 209 1278 236 in
1292 209 1392 237 dictum
1410 210 1472 237 illud
1488 210 1570 242 Isaiae.
1588 211 1694 238 Factum
1709 219 1743 239 est
1756 221 1840 246 anno,
1856 223 1903 246 quo

1148 262 1265 283 mortuus
1285 262 1320 284 est
1340 257 1416 284 Ozias
1435 266 1490 290 rex,
1513 257 1564 284 vidi
1586 258 1722 285 Dominum
1741 259 1900 290 sedentcntin

1146 303 1211 330 solio
1225 304 1323 331 excelso
1342 309 1365 331 et
1379 304 1444 331 elato
1458 304 1468 341 (
1480 304 1543 332 1εαὶ.
1556 305 1582 332 6.
1595 305 1607 332 1
1623 305 1650 339 );
1673 310 1700 333 et
1714 305 1773 332 laus
1791 306 1903 334 civitatis

1147 351 1296 378 Antiochitc
1309 359 1317 384 ς
1341 355 1369 378 et
1383 351 1510 379 adversus
1526 359 1572 379 eos
1585 351 1629 387 qui
1645 351 1787 388 prohibent
1800 353 1903 388 nuptias

1146 397 1338 425 demonstratio
1351 397 1452 424 divina.

1402 453 1542 481 IlOMlLlA
1563 454 1608 482 IV.

1149 511 1174 538 Ι.
1202 509 1381 546 Frequentiam
1414 511 1560 538 auditorum
1599 511 1646 538 sibi
1680 512 1790 549 ipsisque
1817 517 1904 548 gratu-

1112 556 1199 589 latur;
1221 556 1311 584 Romo:
1344 558 1447 592 prwfert
1474 565 1546 584 suam
1577 557 1711 585 civitatem.
1727 573 1763 578 —
1791 558 1904 587 Praecla~

1112 611 1170 630 rum
1198 603 1275 630 nobis
1294 603 1372 630 hodie
1399 603 1530 630 theatrum
1557 604 1648 637 adest,
1676 604 1831 640 magnificus
1853 606 1904 632 δια.

1111 650 1216 684 crisque
1248 653 1342 676 ctelus.
1369 649 1438 682 Quid
1468 649 1572 677 tandem
1601 654 1643 677 est
1674 650 1699 677 in
1730 651 1830 678 causa?
1856 651 1903 679 Se-

1112 694 1208 721 mcutis
1234 693 1290 721 heri
1316 693 1392 721 factae
1414 693 1529 727 fructus,
1552 694 1630 722 hodie
1650 695 1746 723 messis
1768 701 1817 724 est.
1844 696 1903 724 Heri

1111 739 1297 774 plantavimus,
1310 739 1389 766 hodie
1406 739 1542 766 melimus.
1555 739 1613 767 Non
1627 741 1698 768 euim
1714 745 1810 769 terram
1823 742 1905 769 inani-

1112 792 1182 811 mam
1193 785 1316 818 colimus,
1328 789 1356 811 ut
1373 784 1447 812 tarde
1462 784 1611 818 fructiﬁcet,
1625 786 1672 813 sed
1686 787 1788 814 animas
1804 787 1904 815 ratione

1112 831 1247 865 przeditas.
1264 830 1321 858 Non
1335 834 1376 858 est
1396 835 1500 863 natura,
1515 839 1574 866 qua:
1589 836 1738 865 cunctatur,
1751 831 1797 860 sed
1811 833 1904 868 gratia,

1112 885 1171 912 qua:
1184 877 1325 905 accelerat.
1344 877 1426 905 Recte
1446 878 1610 912 compositus
1630 879 1708 906 nobis
1720 880 1843 914 populus,
1859 887 1904 907 au-

1111 923 1200 950 diendi
1215 923 1335 950 studiosa
1352 923 1425 958 plebs
1440 928 1492 951 est.
1507 924 1569 951 lleri
1583 925 1669 952 vocati
1683 929 1755 958 sunt,
1766 925 1846 953 hodie
1859 934 1904 954 co-

1112 974 1251 997 ronantur.
1264 970 1461 998 Admonitionis
1478 970 1611 999 hesternae
1633 971 1734 999 fructus
1748 971 1904 999 hodiernum

1111 1020 1153 1042 est
1171 1015 1340 1052 obsequium.
1366 1016 1442 1044 Unde
1468 1024 1517 1044 nos
1540 1025 1646 1053 quoque
1668 1017 1781 1045 libenter
1805 1018 1904 1045 semina

1110 1062 1234 1096 jacimus,
1251 1063 1312 1097 quia
1336 1071 1431 1098 purum
1456 1063 1576 1091 videmus
1599 1071 1709 1097 arvum,
1725 1071 1778 1091 non
1803 1065 1905 1099 spinam

1112 1115 1171 1142 quae
1185 1108 1315 1142 suilecat,
1333 1117 1419 1144 neque
1434 1109 1502 1136 viam
1526 1117 1586 1145 qua:
1610 1110 1737 1142 calcatur,
1760 1118 1847 1146 neque
1860 1119 1906 1146 pe-

1114 1159 1182 1181 tram
1197 1155 1328 1188 sterilem,
1345 1155 1392 1182 sed
1417 1155 1577 1190 profundum
1597 1164 1629 1184 ac
1653 1157 1777 1192 pinguem
1799 1164 1906 1192 agrum,

1112 1201 1157 1236 qui
1170 1201 1249 1228 simul
1262 1206 1289 1228 et
1301 1208 1391 1228 semen
1406 1202 1518 1236 recipit,
1534 1207 1562 1228 et
1575 1202 1675 1237 spicam
1696 1203 1773 1230 nobis
1787 1203 1905 1231 exhibet.

1113 1247 1176 1275 Hmc
1189 1255 1296 1282 semper
1310 1247 1414 1282 loquor,
1431 1256 1480 1276 nec
1493 1247 1563 1283 loqui
1577 1248 1697 1276 desinam
1713 1257 1720 1276 :
1737 1249 1794 1277 hzec
1809 1253 1908 1277 nostra!

1113 1293 1228 1321 civitatis
1252 1294 1310 1321 laus
1337 1299 1395 1326 est,
1411 1302 1463 1321 non
1490 1294 1561 1329 quod
1589 1299 1711 1323 senatum
1733 1295 1838 1328 habeat,
1855 1303 1908 1324 nor:

1113 1341 1182 1376 quod
1195 1341 1319 1368 consules
1334 1349 1477 1368 numerare
1493 1341 1636 1376 possimus,
1655 1349 1741 1377 neque
1762 1343 1832 1377 quod
1852 1347 1908 1370 sta-

1115 1391 1174 1413 tuas
1185 1385 1348 1420 complures,
1365 1394 1451 1421 neque
1465 1386 1535 1421 quod
1551 1387 1680 1414 mercium
1692 1387 1807 1423 copiam,
1820 1396 1908 1424 neque

1113 1431 1183 1465 quod
1197 1432 1277 1458 situm
1298 1431 1395 1458 habeat
1407 1431 1578 1459 commodum
1596 1441 1603 1459 :
1620 1432 1667 1460 sed
1691 1432 1762 1468 quod
1781 1434 1908 1468 populum

1114 1476 1210 1504 habeat
1222 1477 1346 1504 audiendi
1369 1477 1528 1510 studiosum,
1544 1477 1613 1513 quod
1628 1479 1726 1513 templa
1740 1479 1788 1506 Dei
1811 1480 1890 1515 plena
1901 1501 1908 1513 ,

1114 1522 1183 1557 quod
1198 1522 1325 1550 Ecclesia:
1335 1522 1438 1550 deliciae
1453 1523 1538 1558 magis
1551 1528 1676 1551 crescunt
1689 1525 1715 1551 iu
1729 1524 1803 1559 dies,
1820 1527 1908 1562 quod-

1114 1575 1166 1603 que
1189 1575 1342 1596 sermonem
1367 1568 1463 1596 habeat
1482 1569 1657 1603 proﬂuentem
1669 1591 1676 1603 ,
1691 1570 1910 1607 desideriumque

1115 1621 1260 1648 numquam
1274 1614 1427 1641 satiantem.
1451 1614 1586 1649 Siquidem
1598 1615 1691 1643 civitas
1710 1624 1763 1644 non
1778 1617 1812 1644 ab
1826 1617 1910 1645 :cdili-

1114 1659 1171 1691 ciis,
1185 1658 1232 1686 sed
1248 1659 1281 1686 ab
1295 1659 1505 1687 inhabitantibus
1518 1661 1675 1689 admiranda
1690 1662 1813 1690 redditur
1830 1664 1850 1691 ί.
1869 1663 1910 1692 Ne

1115 1704 1179 1731 mihi
1194 1713 1288 1732 narres
1301 1705 1484 1733 Romanorum
1496 1706 1589 1734 urbem
1611 1708 1791 1743 magnitudine
1806 1710 1908 1745 spatio-

1115 1758 1171 1778 sazn
1187 1758 1263 1784 esse;
1276 1751 1323 1779 sed
1335 1752 1446 1780 ostende
1457 1753 1521 1780 milti
1538 1753 1591 1781 illic
1604 1755 1731 1789 populum
1745 1763 1821 1791 aeque
1834 1757 1909 1792 cupi-

1115 1796 1176 1824 dum
1201 1797 1337 1825 audiendi.
1352 1797 1419 1825 Nam
1438 1798 1553 1826 Sodoma
1577 1803 1664 1827 turres
1685 1800 1832 1835 habebant,
1849 1810 1910 1830 cum

1115 1843 1249 1870 Abraham
1271 1844 1296 1871 in
1316 1845 1419 1880 tugurio
1444 1850 1615 1873 moraretur:
1630 1850 1747 1874 attamen
1773 1848 1911 1876 venientes

1114 1889 1201 1924 angeli
1216 1889 1332 1917 Sodoma
1348 1890 1532 1924 pneteribant,
1547 1896 1574 1918 et
1594 1890 1626 1918 ad
1647 1893 1778 1927 tugurium
1793 1893 1911 1922 diverte-

1115 1935 1178 1963 bant
1190 1934 1264 1971 (Gen.
1279 1935 1334 1972 18).
1347 1936 1405 1964 Νοη
1418 1936 1490 1964 enim
1504 1937 1601 1964 mdium
1616 1939 1787 1973 splendorem
1801 1947 1910 1974 quaere-

1115 1981 1188 2015 bant,
1198 1981 1245 2009 sed
1257 1981 1352 2009 animae
1364 1982 1488 2010 virtutem
1503 1987 1529 2010 et
1541 1983 1765 2018 pulchritudinem
1782 1994 1910 2020 quieran-

1115 2032 1154 2055 tes
1180 2028 1364 2056 circumibant.
1387 2029 1426 2056 lta
1447 2037 1512 2058 sane
1536 2030 1602 2058 alias
1628 2031 1763 2058 desertum
1795 2032 1913 2060 habebat

1114 2073 1254 2107 Joannem,
1267 2075 1362 2102 civitas
1377 2076 1508 2103 lIerodem
1524 2085 1531 2103 :
1546 2084 1631 2112 eoque
1645 2077 1781 2106 desertum
1794 2079 1913 2108 nobilius

1115 2126 1172 2147 erat
1185 2120 1301 2148 civitate.
1317 2121 1370 2148 Cur
1383 2121 1418 2148 ita
1434 2121 1561 2149 tandem?
1572 2122 1701 2156 Quoniam
1723 2131 1776 2151 non
1797 2124 1824 2152 in
1838 2130 1914 2153 stru-

1114 2167 1197 2194 cturis
1217 2167 1267 2194 sita
1280 2172 1322 2195 est
1336 2167 1485 2203 prophetia.
1498 2168 1560 2195 Haec
1573 2169 1643 2203 dico,
1658 2170 1799 2204 nequando
1813 2172 1913 2199 civita-

1115 2216 1168 2240 tem
1195 2213 1384 2247 przcdicemus,
1401 2221 1459 2249 qua:
1483 2215 1603 2242 moribus
1622 2216 1751 2243 dissoluta
1766 2222 1817 2244 est.
1841 2218 1913 2252 Quid

1115 2257 1180 2285 mihi
1194 2266 1287 2286 narras
1302 2260 1413 2287 aedilicia
1425 2281 1432 2293 ,
1445 2261 1508 2295 quid
1525 2261 1687 2290 columnas?
1702 2263 1764 2291 Haec
1785 2272 1836 2291 una
1848 2272 1914 2292 cum

1115 2305 1240 2339 przesenti
1268 2305 1320 2332 vita
1347 2305 1500 2332 diruuntur.
1530 2306 1677 2335 Ecclesiam
1708 2308 1916 2344 ingrcdere,ut

1115 2350 1229 2377 civitatis
1243 2350 1332 2378 videas
1347 2351 1521 2378 nobilitatem.
1537 2351 1690 2387 ingredere,
1707 2354 1827 2389 inquam.
1845 2356 1911 2384 vide

1115 2404 1245 2431 pauperes
1260 2405 1274 2424 a
1298 2397 1386 2425 medio
1399 2398 1484 2426 noctis
1501 2406 1584 2432 usque
1605 2399 1638 2426 ad
1665 2400 1753 2428 lucem
1777 2409 1913 2436 persevc-

1115 2448 1205 2471 rantes
1215 2465 1222 2476 ,
1237 2444 1297 2470 vide
1312 2451 1386 2471 sacra
1401 2444 1537 2480 pervigilia
1555 2445 1627 2473 diem
1643 2454 1704 2474 cum
1727 2453 1806 2476 nocte
1827 2456 1915 2484 copu-

1115 2490 1196 2517 lantia
1220 2498 1228 2517 :
1249 2490 1310 2517 vide
1330 2498 1376 2517 eos
1403 2498 1490 2525 neque
1518 2491 1632 2519 interdiu
1655 2501 1741 2528 neque
1763 2499 1845 2522 noctu
1869 2495 1916 2523 vel

1115 2536 1201 2563 somni
1217 2535 1385 2571 tyrannidem
1401 2543 1432 2563 ac
1446 2536 1599 2565 violentiam
1626 2544 1776 2568 metuentes
1787 2561 1793 2572 ,
1813 2541 1854 2567 vel
1872 2541 1917 2568 iu-

1115 2583 1183 2617 opia:
1195 2583 1380 2610 necessitatem
1396 2583 1576 2612 formidantes.
1591 2585 1683 2620 Magna
1697 2594 1791 2614 revera
1805 2587 1915 2620 civitas,

1115 2638 1147 2658 ac
1160 2631 1240 2657 totius
1251 2629 1324 2657 orbis
1338 2632 1505 2667 metropolis.
1520 2632 1589 2665 Quot
1603 2633 1732 2668 episcopi,
1744 2638 1808 2668 quot
1823 2633 1918 2661 docto—

1115 2685 1159 2705 res
1181 2677 1232 2704 huc
1254 2682 1386 2705 venerunt
1399 2698 1405 2709 ,
1420 2683 1447 2705 et
1468 2686 1482 2704 τι
1505 2679 1604 2714 populo
1619 2679 1690 2706 docti
1704 2679 1866 2712 discedunt,
1882 2687 1919 2706 ac

1116 2723 1201 2758 legem
1227 2723 1299 2750 illam
1323 2724 1428 2751 insitam
1451 2724 1476 2751 iu
1501 2731 1530 2752 se
1553 2726 1754 2760 Iransplantare
1768 2731 1865 2753 curant
1879 2726 1918 2752 ’ἲ

1148 2781 1156 2812 ξ
1174 2779 1245 2805 savii.
1256 2780 1311 2812 ,Nsic
1321 2779 1455 2812 habet......
1474 2779 1516 2805 sed
1533 2779 1562 2804 ab
1579 2780 1767 2807 inlwbitatuibus
1786 2780 1917 2812 deﬁnitur.

1148 2811 1158 2826 ³
1175 2811 1211 2844 sic
1222 2811 1303 2844 savil.,
1315 2811 1397 2836 Morel.
1412 2816 1437 2844 et
1448 2812 1598 2844 manuscript:
1608 2830 1615 2841 ν
1628 2819 1677 2837 uno
1689 2817 1804 2844 excepto.
1816 2811 1859 2844 qui
1871 2812 1917 2836 ha-

1117 2841 1169 2867 bet.
1183 2841 1221 2866 llic
1234 2842 1340 2871 discunt,
1353 2849 1403 2873 pro.
1417 2843 1446 2875 in,
1454 2849 1478 2867 se
1485 2841 1669 2875 transplmItare
1681 2841 1777 2875 curam,
1791 2847 1817 2869 et
1826 2841 1864 2869 sic
1880 2843 1920 2868 le-

1119 2877 1190 2903 gerat
1202 2876 1319 2901 Erasmus,
1332 2872 1373 2905 qui
1386 2874 1468 2903 vertit,
1481 2872 1519 2898 hic
1531 2873 1636 2899 discunt.
