2072 3122
189 114 234 142 121

185 172 261 208 Quod
285 171 307 199 si
332 170 397 198 mihi
412 177 505 197 narres
520 169 662 205 dignitates
683 173 710 196 et
733 174 813 202 opum
836 165 975 194 abundan-

184 220 258 251 tiam,
271 225 285 244 a
301 216 370 244 foliis
383 238 390 246 .
403 224 455 243 non
470 224 484 242 a
496 216 640 247 fructibus,
654 215 777 241 arborem
787 212 888 240 laudas.
913 211 975 239 Ιίωο

182 268 271 291 autem
295 263 390 298 loquor
410 270 462 289 non
492 264 633 288 assentans
659 260 763 287 caritati
792 265 900 292 vestrae,
928 259 974 286 sed

184 310 309 337 virtutem
338 313 455 337 vestram
482 308 642 343 praedicans.
670 307 770 334 Beatus
790 314 840 341 ego
867 310 975 340 propter

181 361 230 382 vos
241 375 248 387 ,
262 354 331 381 beati
345 362 393 381 vos
407 359 515 388 propter
527 360 575 380 vos
588 353 659 387 ipsos
674 362 681 380 τ
697 352 789 380 Beatus
804 352 846 387 qui
862 351 974 387 loquitur

181 401 215 428 ad
235 409 312 428 aures
336 401 492 427 audientium
507 399 602 434 (Eccle.
615 398 660 426 25.
678 398 723 432 12)
737 407 744 426 :
759 398 798 425 sic
809 404 859 433 ego
881 397 974 425 beatus

181 446 267 474 factus
293 454 363 473 sum.
390 445 461 472 Beati
486 445 529 480 qui
555 445 669 472 esuriant
692 449 714 470 et
737 444 824 470 sitiunt
845 443 974 478 justitiam

181 491 287 528 (Matth.
306 492 331 519 5.
350 491 389 526 6).
407 491 487 518 Vides
499 490 634 525 quomodo
647 496 695 516 vos
715 489 785 516 beati
806 494 913 523 propter
926 495 974 515 vos

181 539 254 573 ipsos
278 538 342 566 estis
368 536 450 565 facti?
466 537 561 564 Beatus
580 540 621 563 est
647 536 688 562 vir
708 542 800 561 amans
821 541 973 562 sermonum

179 583 370 619 spiritualium.
389 583 446 610 Hoc
458 590 508 609 nos
522 581 660 617 distinguit
674 588 690 608 a
711 580 805 608 brutis.
821 579 879 607 Non
902 580 973 607 enim

180 638 230 658 nos
246 630 280 657 ab
294 631 344 657 illis
359 634 465 664 separat
475 629 596 663 corporis
607 629 780 662 ratio,neque
793 626 863 662 quod
878 627 974 653 alimur

179 681 226 703 aut
239 675 365 707 bibimus,
378 681 465 709 neque
478 673 547 709 quod
564 674 697 708 pascimur
709 678 754 700 aut
767 673 879 700 vivimus
892 681 899 700 :
917 671 974 699 lucc

180 722 251 749 enim
266 721 356 748 omnia
377 720 453 747 nobis
475 727 538 747 cum
556 719 642 746 brutis
661 723 722 745 sunt
741 718 903 746 communia.
921 717 973 745 Sed

179 775 230 801 qua
245 774 275 794 re
287 765 458 800 distinguitur
471 773 486 792 a
508 765 592 792 brutis
613 764 713 792 homo?
730 764 860 792 Sermone
878 772 884 790 :
900 769 925 791 et
939 763 974 790 ob

180 813 204 840 id
216 813 315 840 animal
328 813 425 840 dicitur
436 816 542 845 λο-μχόνε
553 811 603 839 hoc
619 816 669 844 est,
684 811 816 838 sermonis
831 810 971 845 particeps.

179 859 214 886 Ut
231 859 303 886 enim
315 859 421 886 aluntur
431 865 561 893 corpora,
577 857 615 885 sic
631 858 737 884 aluntur
751 861 778 884 et
792 857 887 883 anima:
903 864 910 882 ι
926 855 973 883 sed

179 911 279 939 corpus
305 911 393 940 pane,
419 904 507 931 anima
537 911 671 931 sermone.
700 902 813 929 Proinde
836 902 858 928 si
885 901 973 929 videas

180 950 317 977 hominem
336 954 488 977 vescentem
513 948 610 983 lapide,
627 956 689 976 num
707 948 780 975 illum
798 947 897 974 dixeris
914 954 973 974 esse

181 995 341 1022 hominem?
359 994 452 1022 Itidem
480 995 501 1022 si
529 1002 606 1030 quem
620 994 717 1021 videris
744 994 787 1028 qui
814 1000 866 1020 non
888 993 973 1020 alatur

180 1049 304 1068 Sermone
316 1062 324 1073 ,
339 1040 386 1068 sed
401 1040 531 1067 sermonis
547 1047 578 1067 ac
592 1040 700 1066 rationis
717 1039 815 1074 inopia,
830 1038 912 1070 dices,
926 1038 974 1065 Hic

180 1093 205 1115 et
219 1088 335 1115 hominis
349 1091 470 1114 naturam
485 1087 591 1119 amisit,
607 1086 737 1121 siquidem
752 1086 873 1113 educatio
884 1085 973 1112 decla-

181 1139 219 1161 rat
242 1133 359 1160 hominis
385 1133 560 1160 nobilitatem.
585 1132 713 1166 Quoniam
739 1132 818 1166 igitur
840 1131 971 1158 theatrum

181 1179 257 1206 nobis
273 1179 380 1213 plenum
394 1182 445 1212 est,
463 1178 578 1213 itemque
591 1185 662 1205 mare
676 1177 778 1212 pridem
794 1178 971 1211 :estuansjam

181 1225 368 1261 tranquillum,
387 1232 419 1252 ac
445 1233 550 1252 rursum
572 1224 679 1259 pelagus
700 1224 789 1251 sedata
816 1228 973 1258 tempestate

181 1272 299 1305 quietum
315 1278 347 1299 ac
368 1269 520 1306 placidum:
534 1278 581 1305 age
599 1270 654 1304 jam
671 1277 763 1296 navem
789 1268 970 1300 detrahamus,

181 1316 231 1344 veli
246 1317 307 1343 ioco
320 1315 501 1351 expandéntes
518 1315 642 1350 linguam,
659 1323 707 1350 pro
722 1314 838 1350 zephyro
857 1313 972 1349 Spiritus

181 1363 294 1397 gratiam
310 1362 474 1393 invocantes,
487 1369 536 1396 pro
550 1365 656 1388 temone
677 1362 805 1396 clavoque
828 1367 907 1387 cruce
922 1368 971 1395 gu-

182 1407 334 1435 bernatrice
347 1412 462 1434 utentes.
478 1407 544 1434 Nam
565 1414 638 1434 mare
656 1406 763 1441 quidem
785 1406 864 1433 habet
877 1413 971 1440 aquam

181 1454 281 1480 salsam
291 1474 298 1485 ,
311 1453 354 1480 hic
370 1457 461 1480 autem
475 1457 517 1480 est
531 1459 599 1487 aqua
612 1452 680 1478 viva.
696 1451 752 1479 Illic
766 1456 828 1478 sunt
848 1451 971 1478 animalia

182 1500 293 1527 rationis
308 1500 449 1535 expertia,
462 1499 506 1527 hic
524 1506 588 1526 vero
611 1498 707 1525 anima:
731 1498 873 1525 rationales
888 1506 894 1524 :
918 1497 973 1526 illic

181 1546 225 1581 qui
237 1545 364 1581 navigant
378 1552 393 1573 c
407 1545 473 1572 mari
489 1545 515 1572 in
531 1549 642 1577 terram,
656 1544 700 1571 hic
713 1552 776 1571 vero
791 1543 835 1579 qui
850 1543 973 1579 navigant

180 1600 196 1620 ε
209 1596 281 1618 terra
297 1593 323 1619 in
337 1592 431 1619 cadum
444 1590 581 1626 appellunt
595 1599 604 1618 ι
617 1590 673 1617 illic
686 1590 799 1625 navigia,
812 1589 854 1616 hic
868 1589 972 1624 eloquia

181 1639 328 1673 spiritualia
344 1647 350 1665 :
367 1639 420 1666 illic
433 1638 459 1665 in
478 1638 537 1665 navi
553 1637 649 1665 tabulae
663 1657 670 1670 ,
683 1637 725 1664 hic
738 1645 890 1664 sermonum
906 1644 971 1664 con-

181 1690 276 1711 ventus
291 1694 298 1710 :
314 1684 368 1711 illic
384 1684 483 1715 velum,
501 1683 544 1710 hic
562 1684 649 1718 lingua
663 1692 669 1709 :
686 1683 740 1710 illic
756 1682 864 1718 zephyri
882 1681 971 1715 ﬂatus,

181 1731 224 1757 hic
252 1730 362 1765 spiritus
386 1730 525 1764 przcscntia
542 1739 548 1755 :
566 1730 628 1756 illic’
642 1728 723 1756 homo
739 1729 908 1764 gubernator,
930 1728 973 1756 hic

181 1783 244 1803 vero
254 1776 418 1811 gubernator
431 1776 562 1803 Christus.
584 1775 684 1802 Idcirco
704 1782 768 1802 sane
783 1776 898 1809 jactatur
912 1775 972 1809 qui-

181 1821 240 1848 dem
259 1823 334 1848 navis
346 1843 352 1854 ,
368 1826 396 1848 at
410 1830 463 1848 non
484 1822 622 1856 mergitur.
648 1821 756 1848 Poterat
778 1821 885 1856 quidem
901 1825 928 1848 et
945 1821 972 1848 itt

181 1868 325 1903 tranquillo
340 1869 475 1903 navigare,
489 1875 581 1895 verum
597 1875 647 1895 non
664 1874 758 1902 passus
776 1871 816 1894 est
840 1867 972 1901 guberna-

181 1918 231 1946 tor,
243 1921 297 1948 quo
311 1913 391 1940 simul
405 1919 432 1941 et
443 1913 621 1947 navigantium
637 1912 781 1947 perspicias
793 1912 971 1944 tolerantiam,

180 1965 205 1986 et
223 1960 410 1995 gubernatoris
425 1959 591 1995 prudentiam
608 1959 711 1994 plenius
724 1966 881 1994 cognoscas.

213 2007 239 2034 ‘2.
257 2005 370 2034 Ecclesia
384 2007 478 2033 Christi
490 2006 592 2033 invicta.
607 2005 720 2033 Facilius
734 2010 771 2033 est
782 2006 860 2033 solem
874 2007 971 2033 exstin-

178 2054 230 2088 gui.
248 2062 324 2086 quam
340 2053 480 2080 Ecclesium
492 2053 616 2080 deleri.—
625 2052 740 2079 Audiant
752 2056 855 2086 gentes,
864 2051 972 2078 audiant

178 2099 264 2126 Judaei
289 2098 427 2126 benefacta
457 2103 556 2131 nostra,
572 2097 680 2125 audiant
700 2105 821 2132 magnam
846 2096 972 2124 Ecclesiae

179 2146 418 2179 pratentinentiam.
432 2146 452 2172 Α
467 2153 544 2181 quam
559 2145 648 2172 multis
662 2149 812 2179 oppugnata
826 2148 867 2171 est
883 2143 972 2170 Eccle-

177 2192 225 2224 sia,
235 2199 286 2219 nec
294 2199 419 2227 umquam
428 2197 515 2218 tamen
523 2191 672 2226 victa?quot
681 2191 868 2227 tyranni?quot
878 2190 970 2223 duces,

177 2243 242 2272 (pint
252 2237 445 2272 Imperatores?
453 2237 730 2272 Augustus.Tiherius,
737 2236 826 2269 Caius,
834 2235 970 2270 Claudius,

178 2284 267 2318 Nero,
289 2284 414 2311 homines
438 2283 522 2311 literis
548 2283 649 2314 ornati,
663 2287 801 2318 potentes,
825 2287 864 2309 tot
886 2281 971 2308 modis

177 2334 367 2365 oppugnarunt
380 2334 514 2357 recentem
530 2337 561 2356 ac
577 2334 707 2361 teneram,
720 2333 747 2355 at
770 2336 822 2355 non
846 2327 971 2355 radicitus

178 2375 362 2406 sustulerunt;
378 2375 441 2409 quin
456 2375 541 2409 potius
561 2374 578 2401 ii
595 2374 638 2409 qui
654 2378 839 2408 oppugnarunt
860 2373 971 2400 silentur

177 2419 306 2446 oblivioni
321 2419 420 2452 traditi,
433 2420 477 2446 illa
489 2427 552 2447 vero
565 2423 713 2454 oppugnata
728 2418 822 2446 caelum
837 2423 970 2445 transcen-

177 2465 224 2491 dit.
243 2465 334 2500 t\'eque
347 2466 418 2492 enim
442 2465 506 2492 illud
522 2466 586 2492 mihi
609 2470 740 2499 spectato,
757 2465 826 2500 quod
847 2465 872 2491 in
892 2464 971 2492 terris

177 2512 225 2538 sita
250 2512 285 2538 sit
311 2512 440 2545 Ecclesia,
464 2512 511 2539 sed
523 2512 593 2547 quod
613 2512 640 2539 in
662 2512 727 2539 czelo
742 2516 873 2540 versetur.
894 2511 970 2539 Unde

179 2557 228 2584 hoc
244 2557 389 2585 dilucidum
405 2559 467 2586 est?
481 2558 609 2585 Nimirum
625 2559 690 2594 ipsa:
712 2566 755 2586 res
774 2558 969 2586 demonstrant.

179 2603 328 2639 Oppugnati
343 2609 406 2632 sunt
421 2605 542 2631 undecim
558 2604 697 2639 discipuli,
715 2609 785 2631 totus
798 2604 870 2631 orbis
884 2611 974 2639 oppu-

178 2649 275 2682 gnabat
300 2657 306 2675 :
329 2657 422 2676 verum
449 2649 493 2684 qui
521 2651 740 2685 oppugnabantur
765 2649 901 2682 vicerunt,
926 2649 970 2683 qui

178 2695 365 2730 oppugnabant
378 2696 472 2723 sublati
483 2701 543 2724 sunt
556 2705 563 2724 :
577 2704 640 2724 oves
649 2697 771 2724 devicere
782 2695 967 2731 Iupos.Vidisti

180 2746 311 2774 pastorem
323 2749 388 2768 oves
397 2742 423 2769 in
434 2742 548 2769 medium
557 2742 679 2778 lupormn
687 2742 852 2770 emittentem
861 2743 869 2777 (
878 2742 968 2769 Matth.

181 2786 222 2813 10.
239 2786 293 2822 I6),
310 2791 337 2814 ut
351 2795 386 2815 ne
401 2787 460 2823 fuga
474 2788 580 2823 quidem
595 2789 706 2816 salutem
721 2789 969 2824 consequerentur?

182 2833 243 2867 Quis
255 2839 343 2870 pastor
367 2834 419 2863 hoc
433 2835 513 2864 fecit?
532 2835 654 2864 Christus
680 2835 730 2863 hoc
753 2834 826 2869 fecit,
847 2843 900 2869 quo
921 2835 965 2863 tibi

654 110 688 138 ιΝ
709 109 819 140 ILLUD,
842 107 906 134 VIDI
929 105 1097 140 I)U.\.I.NU;\I,
1119 107 1235 135 IIOMIL.
1257 108 1323 136 IV..

1773 111 1820 138 122

1029 164 1225 194 demonstraret
1235 175 1293 201 quze
1307 171 1378 194 recte
1388 173 1514 202 geruntur
1525 175 1576 195 non
1591 168 1711 196 accidere
1725 176 1820 197 secun-

1028 210 1090 238 dum
1114 219 1203 239 rerum
1221 211 1319 239 seriem
1331 233 1338 245 ,
1358 212 1404 240 sed
1422 218 1519 248 praeter
1535 219 1656 241 naturam
1671 220 1821 250 praeterque

1028 265 1117 284 rerum
1139 258 1247 285 seriem.
1266 258 1332 286 Nam
1354 259 1474 286 Ecclesia
1498 259 1659 287 ﬁrmioribus
1675 269 1754 296 quam
1769 269 1822 289 cte-

1029 304 1082 331 lum
1095 304 1180 339 ipsum
1195 305 1328 333 radicibus
1342 305 1435 333 haeret.
1452 306 1548 334 Verum
1564 306 1683 335 fortassis
1698 307 1821 335 ethnicus

1028 352 1186 386 arrogantia:
1198 360 1241 380 me
1251 353 1414 380 condemnat
1431 363 1438 381 :
1454 353 1500 381 sed
1513 358 1619 380 maneat
1629 353 1714 381 donec
1726 354 1818 381 harum

1028 404 1117 424 rerum
1132 398 1314 432 probationem
1325 399 1453 431 attulcro,
1469 399 1606 434 discatque
1620 400 1675 426 vim
1690 400 1819 435 veritatis,

1028 443 1160 478 quomodo
1176 443 1279 471 facilius
1299 449 1340 472 est
1364 444 1448 472 solem
1469 445 1612 478 exstingui,
1628 453 1706 479 quam
1729 445 1821 473 Eccle-

1027 490 1093 517 siam
1109 490 1202 517 deleri.
1217 491 1296 524 Quis,
1314 491 1417 525 inquit.
1433 491 1482 518 ista
1495 491 1643 525 prazdicat?
1657 491 1681 518 Is
1695 491 1738 525 qui
1761 499 1819 518 eam

1027 535 1146 564 fundavit
1162 545 1168 562 :
1183 536 1278 564 Ca’lum
1301 541 1324 564 et
1345 542 1412 564 terra
1434 537 1589 569 transibunt,
1602 537 1646 564 sed
1667 537 1740 563 verba
1764 545 1820 564 mea

1027 592 1076 610 non
1092 583 1233 610 transibunt
1249 583 1354 620 (Matth.
1365 584 1410 611 24.
1424 584 1480 619 55).
1496 585 1557 611 Ila‘c
1571 592 1623 611 non
1641 584 1720 611 modo
1734 584 1818 616 dixit,

1026 629 1073 656 sed
1093 634 1118 655 et
1138 629 1281 663 cnmplerit
1297 636 1304 655 :
1318 637 1367 656 cur
1392 629 1463 656 enim
1491 629 1562 656 illam
1593 630 1676 664 magis
1700 629 1820 656 fundavit

1026 682 1104 709 quam
1119 674 1211 701 cadum
1221 674 1234 701 ?
1249 674 1384 709 Siquidem
1401 679 1441 701 est
1455 675 1520 701 crelo
1533 675 1674 709 pretiosior
1684 674 1814 702 Ecclesia.

1026 720 1114 754 Quare
1132 721 1268 748 conditum
1281 725 1321 748 est
1331 721 1447 748 cretum?
1461 721 1571 755 Propter
1585 721 1731 748 Ecclesium
1742 741 1749 754 ,
1765 727 1818 748 non

1026 766 1145 793 Ecclesia
1165 770 1279 800 propter
1294 766 1397 793 caelum.
1413 766 1513 793 (nulum
1530 766 1666 794 conditum
1689 771 1730 794 cst
1754 773 1817 801 pro-

1026 816 1084 847 pter
1099 812 1233 839 hominem
1243 834 1250 846 ,
1266 820 1317 839 non
1335 812 1415 839 homo
1429 816 1538 847 propter
1548 812 1652 839 cadum.
1671 811 1698 839 Id
1715 812 1818 846 perspi-

1025 865 1103 885 cuum
1114 862 1155 885 est
1170 866 1202 885 ex
1215 858 1247 885 iis
1261 865 1319 893 qua:
1333 858 1394 885 fecit
1406 857 1538 884 Christus.
1553 857 1612 884 Non
1627 858 1698 884 enim
1711 857 1817 885 ca-Ieste

1025 911 1124 938 corpus
1134 904 1288 939 assumpsit.
1304 904 1400 931 Verum
1419 903 1485 930 nein
1496 904 1603 940 longum
1614 905 1745 940 producto
1758 911 1816 931 ser-

1025 957 1122 982 mone,
1152 957 1245 977 rursus
1275 948 1354 977 hodie
1378 949 1455 977 vobis
1481 949 1616 977 debitoros
1648 949 1817 977 discedamus

1027 995 1111 1030 (scitis
1122 995 1192 1023 enim
1207 1003 1286 1031 quam
1300 996 1381 1023 multa
1395 996 1480 1023 simus
1493 996 1549 1023 heri
1564 996 1696 1032 polliciti),
1713 996 1816 1030 persol-

1024 1050 1087 1070 vere
1102 1043 1186 1077 parati
1201 1050 1302 1070 sumus.
1316 1042 1383 1070 Nam
1399 1047 1506 1078 propter
1516 1050 1562 1070 eos
1576 1043 1620 1078 qui
1637 1051 1690 1070 non
1707 1043 1818 1070 aderant

1025 1087 1192 1115 distuleram.
1209 1088 1339 1121 Quoniam
1362 1088 1441 1123 igitur
1453 1088 1498 1123 qui
1520 1088 1672 1121 abfueraut.
1692 1096 1741 1116 suo
1755 1093 1817 1115 sunt

1024 1132 1113 1160 officio
1132 1132 1282 1167 perfuncti,
1303 1140 1404 1167 suaque
1429 1133 1570 1167 prmsentia
1595 1133 1672 1160 nobis
1697 1141 1815 1160 mensam

1024 1179 1201 1206 exhibuerunt
1211 1183 1403 1213 sumptuosam,
1418 1186 1468 1214 age
1478 1200 1486 1211 ,
1501 1186 1665 1214 appellamus
1683 1178 1792 1206 obsonia
1807 1200 1815 1210 ,

1024 1224 1133 1252 obsonia
1144 1224 1250 1259 quidem
1261 1223 1331 1251 baud
1341 1223 1428 1258 putria
1441 1234 1448 1252 :
1463 1224 1512 1251 etsi
1529 1223 1600 1250 enim
1616 1225 1739 1251 hesterna
1753 1224 1815 1256 sint,

1025 1270 1082 1297 haec
1098 1270 1208 1297 obsonia
1230 1277 1283 1297 non
1308 1273 1471 1304 putrescunt.
1487 1270 1667 1304 Quamobrem
1689 1270 1816 1297 tandem?

1023 1316 1080 1344 Non
1094 1321 1156 1344 sunt
1168 1323 1262 1344 carnes
1277 1320 1306 1343 ut
1320 1316 1455 1350 corrumpi
1476 1321 1575 1351 queant
1585 1337 1592 1348 ,
1609 1317 1656 1344 sed
1675 1317 1815 1344 sententia:

1024 1369 1130 1398 semper
1141 1362 1277 1390 ﬂorentes.
1292 1362 1394 1390 Carnes
1404 1362 1486 1395 enim,
1499 1362 1623 1397 quoniam
1634 1369 1731 1397 corpus
1741 1367 1813 1394 sunt,

1024 1412 1232 1443 corrumpuntur
1246 1417 1252 1434 :
1276 1412 1367 1435 contra
1380 1407 1521 1435 sententia:
1532 1428 1540 1440 ,
1555 1407 1576 1435 si
1601 1411 1740 1440 maneant,
1757 1408 1815 1435 red-

1024 1455 1123 1483 dnntnr
1149 1455 1349 1490 l‘ragrautiores.
1377 1454 1445 1488 Quid
1467 1453 1548 1489 igitur
1572 1458 1630 1482 erat
1661 1454 1731 1489 quod
1759 1454 1815 1482 heri

1024 1501 1141 1528 diximus
1152 1501 1164 1527 ?
1177 1500 1314 1535 Siquidem
1329 1505 1356 1527 et
1373 1501 1407 1527 ita
1422 1507 1471 1528 nos
1487 1500 1544 1527 heri
1558 1500 1701 1535 parlicipes
1715 1508 1815 1528 mensae

1024 1547 1176 1579 fuimus,ut
1200 1547 1244 1582 qui
1266 1553 1319 1573 non
1347 1546 1498 1578 adfuerunt,
1515 1546 1580 1573 nihil
1593 1545 1745 1574 detrimenti
1763 1547 1815 1574 sint

1024 1592 1106 1627 paSsi.
1122 1592 1154 1618 Et
1168 1593 1262 1628 factum
1272 1597 1308 1620 est
1317 1593 1344 1619 in
1357 1600 1424 1619 anno
1437 1600 1485 1627 quo
1495 1597 1612 1619 mortuus
1622 1597 1657 1619 est
1670 1592 1746 1619 Ozias
1758 1601 1812 1625 rex,

1024 1639 1074 1665 uilli
1087 1638 1224 1665 Dominum
1243 1638 1368 1665 sedentem
1385 1639 1412 1664 in
1430 1638 1494 1664 solio
1514 1637 1609 1665 excelso
1622 1642 1646 1665 et
1661 1638 1726 1664 elato
1737 1637 1814 1673 (Issi.

1024 1684 1050 1712 6.
1066 1684 1102 1720 Ι).
1118 1684 1183 1719 Quis
1200 1683 1257 1711 haec
1273 1684 1407 1719 loquitur?
1422 1683 1502 1711 Isaias
1521 1683 1566 1711 ille
1578 1687 1714 1718 spectator
1733 1683 1814 1711 cazle-

1024 1732 1106 1759 stium
1133 1731 1294 1765 Seraphim,
1314 1731 1358 1766 qui
1384 1730 1517 1758 connubio
1540 1730 1646 1765 junctus
1672 1729 1741 1762 l'nit,
1765 1737 1814 1757 nec

1024 1782 1112 1805 tamen
1122 1777 1263 1805 -exstinxit
1285 1777 1407 1812 gratiam.
1429 1776 1588 1804 Attendistis
1608 1776 1744 1811 propheta:
1757 1798 1764 1809 ,
1788 1782 1814 1804 et

1024 1823 1135 1851 audistis
1154 1823 1310 1858 prophetam
1325 1822 1405 1850 hodie
1415 1844 1422 1855 ,
1438 1822 1498 1855 Exi,
1511 1827 1538 1849 tu
1552 1822 1668 1849 etJasub
1679 1823 1748 1858 ﬁlius
1758 1827 1814 1850 tuus

1024 1869 1099 1904 (lsai.
1109 1870 1135 1896 7.
1151 1869 1189 1902 3).
1207 1868 1260 1896 Nec
1275 1869 1322 1895 ista
1339 1872 1443 1904 oportet
1454 1872 1666 1902 praetcmurrcre.
1678 1867 1736 1901 Exi,
1748 1873 1776 1895 tu
1787 1873 1813 1895 et

1024 1916 1093 1943 lilius
1109 1920 1178 1942 tuus.
1196 1915 1267 1942 Itane
1282 1914 1364 1941 lilium
1383 1914 1498 1941 habebat
1513 1914 1661 1949 propheta?
1674 1914 1702 1941 Si
1731 1915 1812 1941 tiliqu

1024 1961 1152 1994 habebat,
1168 1960 1282 1987 habebat
1301 1964 1328 1987 et
1341 1967 1452 1987 uxorem
1464 1979 1471 1992 ,
1487 1964 1516 1986 ut
1538 1960 1670 1994 intelligas
1685 1967 1736 1987 non
1755 1967 1814 1987 csse

1023 2007 1108 2034 malas
1130 2007 1247 2041 nuptias,
1261 2006 1307 2034 sed
1330 2006 1425 2033 tualam
1450 2013 1510 2034 esse
1534 2006 1734 2033 scortationem.
1761 2006 1812 2033 Sed

1023 2054 1148 2088 quoniam
1171 2060 1231 2080 cum
1255 2051 1414 2087 quibusdam
1438 2051 1595 2079 disserimus
1615 2051 1744 2084 dicentes,
1761 2051 1814 2079 Cur

1023 2105 1075 2125 non
1106 2102 1177 2125 recte
1204 2097 1291 2124 vivis?
1315 2097 1487 2132 quamobrem
1511 2105 1563 2124 non
1596 2101 1707 2132 praestas
1731 2097 1810 2124 vitam

1024 2144 1155 2178 probam?
1170 2144 1219 2177 Qui
1245 2150 1373 2178 possum,
1395 2143 1535 2178 inquiunt,
1557 2143 1607 2170 nisi
1630 2143 1759 2170 divertam
1780 2143 1813 2170 ab

1023 2198 1123 2223 uxore,
1146 2191 1196 2217 nisi
1211 2191 1268 2217 vale
1290 2189 1383 2217 dixero
1403 2190 1509 2222 liberis,
1526 2189 1688 2217 nisi‘valere
1708 2189 1811 2224 jnssero

1024 2237 1149 2271 negotia?
1167 2236 1367 2269 Quamobrem?
1391 2243 1452 2263 num
1478 2235 1567 2262 obstat
1593 2235 1813 2262 matrimonium?

1024 2282 1146 2317 Adjntrix
1160 2283 1205 2309 tibi
1220 2282 1281 2310 data
1302 2286 1344 2310 est
1362 2289 1445 2309 uxor.
1460 2289 1513 2309 non
1533 2281 1693 2308 insidiatrix.
1716 2282 1812 2307 Annon

1024 2329 1138 2356 habebat
1163 2336 1275 2356 uxorem
1300 2327 1450 2364 propheta?
1468 2327 1559 2362 Neque
1585 2332 1673 2354 tamen
1698 2319 1813 2361 Spiritus

1022 2376 1114 2410 gratia:
1125 2375 1246 2402 obstabat
1257 2374 1409 2409 coniugium
1419 2374 1479 2401 :sed
1492 2381 1551 2400 cum
1565 2380 1649 2400 uxore
1662 2372 1811 2399 convictum

1024 2420 1153 2453 habt-bat,
1190 2425 1216 2447 et
1244 2424 1301 2446 erat
1336 2419 1509 2446 nihilominus
1538 2417 1676 2453 propheta.
1708 2418 1812 2453 Moyses

1023 2474 1111 2493 nonne
1127 2473 1236 2492 uxorem
1252 2465 1383 2492 habebat?
1399 2465 1432 2491 Et
1446 2468 1533 2491 tamen
1550 2464 1573 2491 is
1585 2469 1686 2498 petram
1700 2464 1809 2499 dirupit,

1022 2519 1112 2540 aerem
1137 2511 1295 2542 immutavit.
1307 2519 1367 2538 cum
1394 2511 1448 2537 Deo
1469 2509 1681 2544 colloqucbatur,
1695 2510 1810 2537 divinam

1023 2558 1088 2585 iratn
1103 2557 1232 2586 cohibuit.
1252 2557 1384 2584 Abraham
1401 2564 1490 2584 nonne
1504 2555 1619 2584 habebat
1633 2557 1764 2584 uxorem?
1776 2556 1811 2583 Et

1023 2609 1111 2631 tamen
1125 2608 1202 2639 pater
1217 2602 1302 2630 lactus
1317 2607 1358 2630 est
1369 2603 1486 2638 gentium
1500 2607 1528 2630 et
1544 2602 1685 2629 Ecclesize:
1704 2602 1811 2629 sustulit

1022 2649 1104 2676 lilium
1129 2649 1212 2681 Isaac,
1226 2653 1254 2676 et
1276 2648 1319 2676 hic
1342 2649 1378 2676 illi
1400 2648 1450 2675 fuit
1470 2649 1636 2683 egregiorum
1662 2647 1809 2676 facinorum

1022 2695 1144 2721 materia.
1166 2694 1260 2722 Nonne
1285 2694 1380 2722 obtulit
1412 2694 1512 2726 ﬁlium,
1538 2694 1653 2729 coniugii
1677 2693 1810 2721 fructum!

1022 2749 1111 2768 nonne
1132 2741 1218 2769 factus
1234 2746 1275 2769 est
1295 2745 1378 2776 pater,
1393 2745 1419 2768 et
1441 2741 1486 2767 Dei
1501 2740 1613 2767 amans?
1627 2748 1713 2767 annon
1737 2740 1810 2766 licuit

1021 2787 1112 2815 videre
1137 2787 1302 2815 sacerdotem
1325 2795 1341 2815 e
1361 2787 1417 2815 suis
1434 2787 1583 2814 visceribus
1610 2786 1688 2814 ﬁeri?
1707 2787 1810 2813 sacriﬁ-

1022 2843 1081 2864 cum
1092 2855 1101 2869 ,
1127 2835 1251 2871 inquam,
1269 2834 1348 2862 simul
1376 2840 1402 2862 et
1434 2833 1555 2869 patrem?
1571 2833 1638 2878 vinci
1665 2837 1785 2860 naturam
1797 2851 1806 2866 ,
