2072 3122
232 110 280 135 1·ὶῆ

226 167 335 194 vincere
357 165 618 202 pietatcm?\‘isceru
643 165 808 197 conculcari,
825 164 920 199 piaque
946 162 1013 190 facta

223 214 375 250 superare?
389 217 490 248 patrem
509 212 609 247 dejici,
633 211 678 239 Dei
705 215 839 239 amantem
870 209 1015 238 coronari?

222 269 312 289 annon
324 260 410 288 vidisti
422 264 516 292 totum,
527 264 553 286 et
568 259 613 286 ﬁlii
627 262 760 285 amantem
772 262 799 284 ct
812 257 877 284 Dei?
888 255 1014 291 numquid

224 308 267 336 hic
280 307 364 335 obfuit
380 305 577 334 matrimonium
590 304 680 338 ?Quid
699 307 789 330 autent
804 302 1014 330 Maccahrcorum

224 352 331 380 mater?
344 359 433 380 nonne
447 359 514 379 uxor
530 350 600 378 fuit?
612 357 701 377 nonne
715 352 817 384 septem
832 348 899 375 ﬁlios
913 346 1016 374 addidit

221 403 376 426 sanctorum
392 398 497 426 choro?
513 404 601 425 nonne
621 397 686 424 vidit
708 396 768 423 illos
789 394 917 430 martyrio
938 400 1016 420 coro-

222 444 318 472 natos?
339 452 429 472 nonne
453 445 598 480 spectatrix
623 443 762 475 adstabat,
777 446 912 477 tamquam
937 447 1014 468 mons

222 491 331 526 quidam
355 491 498 518 immobilis
519 490 634 517 ?n0une
657 488 781 516 adstabat
800 489 826 515 in
851 494 1015 522 unoquoque

222 538 329 565 illorum
357 537 513 573 martyrium
541 536 662 571 patiens,
687 540 714 563 et
741 539 826 563 mater
849 540 1011 570 martyrum,

221 585 320 617 septies
335 583 391 618 ipsa
415 582 571 617 martyrium
591 581 670 608 tulit?
687 582 753 609 Dum
768 581 839 608 enim
855 581 892 608 illi
907 585 1014 615 torque-

221 628 338 661 bantur,
362 629 406 656 illa
435 629 536 664 plagam
561 628 719 663 accipiebat.
746 627 838 663 Neque
862 627 932 655 enim
957 627 1014 654 sine

220 676 313 703 dolore
331 676 388 703 haec
399 675 548 710 excipiebat
565 684 572 702 :
588 679 674 702 mater
687 679 754 708 erat,
770 679 797 702 et
821 679 924 702 natura:
941 674 1013 701 illata

219 723 260 750 vis
276 723 410 758 propriam
422 723 547 750 virtutem
562 722 731 755 declarabat;
748 727 776 749 at
794 722 838 750 illa
854 729 907 749 non
922 721 1013 748 vince-

220 769 308 796 batur.
323 769 396 796 lllare
409 768 516 804 qttidem
530 773 588 796 erat
610 773 637 796 et
660 768 757 796 ﬂuctus
771 777 776 795 :
794 773 920 796 creterum
945 768 1014 795 sicut

221 823 305 848 mare,
318 823 378 842 cum
396 814 505 849 insanit,
519 814 628 842 sedatur
642 823 649 842 :
667 815 701 841 ita
717 819 744 842 et
759 819 854 841 natura
866 820 1010 847 commota,

220 866 293 889 metu
317 862 363 889 Dei
385 861 580 888 refrcnabatur.
601 860 742 894 Quomodo
757 867 805 888 eos
826 860 923 887 unxit?
945 867 1011 895 quo-

221 908 302 935 tnodo
316 915 362 936 eos
377 908 464 935 aluit?
483 907 618 942 quomodo
631 911 734 942 septem
750 907 849 941 templa
865 907 920 933 Deo
935 906 1013 934 exhi-

221 954 288 987 buit,
305 959 407 981 statuas
423 961 519 981 aureas
530 973 537 985 ,
555 953 609 980 imo
630 953 720 988 potius
733 960 799 979 auro
815 952 1014 988 pretiosiores?

255 1001 281 1027 5.
299 1000 333 1028 Ut
356 1000 425 1028 enittt
447 1000 515 1027 scias
535 1007 586 1027 non
602 1000 654 1026 tale
669 1006 849 1032 esseaurum,
863 998 952 1034 qualis
969 1004 1011 1026 est

220 1047 307 1073 anima
324 1050 469 1081 martyrum
482 1065 489 1077 ,
504 1044 621 1072 attende.
637 1044 730 1072 Stabat
741 1050 879 1080 tyrannus,
889 1049 968 1080 atque
980 1044 1014 1072 ab

221 1100 272 1119 una
294 1092 405 1119 muliere
419 1095 560 1125 sttpcratus
578 1091 741 1118 discedebat.
760 1091 806 1118 llle
825 1091 907 1118 armis
927 1099 1012 1126 oppu-

221 1138 329 1172 gnabat,
345 1137 399 1165 haec
411 1137 492 1164 animi
506 1137 530 1164 vi
540 1136 700 1171 superabat;
716 1137 759 1163 ille
772 1136 906 1164 fornacem
920 1137 1012 1165 incen-

220 1183 311 1217 debat,
324 1183 380 1210 hate
391 1183 516 1210 virtutem
525 1183 634 1217 spiritus
647 1191 654 1215 ;
668 1182 710 1209 ille
719 1182 864 1210 exercitum
873 1183 1010 1215 movebat,

221 1230 278 1256 hate
293 1228 326 1256 ad
339 1229 449 1264 angelos
464 1228 617 1264 applicabat
633 1229 750 1256 animum
768 1237 775 1255 :
792 1228 897 1256 videbat
910 1228 1012 1256 inferne

221 1281 372 1311 lyra-mnum,
387 1279 412 1302 et
437 1275 463 1302 in
486 1275 576 1302 animo
593 1275 715 1302 versabat
739 1274 812 1303 illum
838 1275 864 1302 in
891 1275 1012 1310 supernis

221 1325 394 1356 regnantem;
413 1321 518 1348 videbat
532 1320 599 1348 infra
615 1329 645 1348 se
661 1326 802 1353 tormenta,
814 1326 839 1348 at
856 1321 1024 1348 numerabat

220 1374 335 1402 superna
359 1367 469 1400 bravia;
494 1366 601 1394 videbat
626 1372 784 1402 prteseutem
808 1367 964 1400 cruciatuttt,
986 1372 1013 1395 et

221 1413 351 1448 cogitabat
378 1412 491 1440 futuram
523 1413 760 1439 immortalitatem.
789 1413 957 1448 Quapropter
987 1419 1012 1441 et

221 1461 318 1488 Paulus
329 1460 446 1492 diccbat,
466 1459 524 1487 Non
538 1460 764 1495 contemplantibus
777 1459 848 1487 nobis
857 1468 914 1495 qttre
926 1460 1012 1487 vidi-n-

221 1511 262 1533 tur
274 1527 280 1537 ,
296 1506 341 1533 sed
352 1514 381 1533 ea
394 1514 451 1541 qtae
470 1514 519 1532 non
535 1506 650 1532 ridentur
663 1505 708 1542 (2.
732 1504 791 1533 Cor.
817 1506 843 1533 4.
860 1506 920 1541 18).
944 1506 1011 1533 Num

221 1553 284 1588 quid
301 1553 430 1580 obstaculi
446 1551 584 1580 adferebat
600 1552 821 1580 matrimonium?
841 1553 909 1587 Quid
923 1559 1011 1581 autem

222 1599 326 1631 l‘etrus,
342 1599 413 1626 basis
426 1598 561 1631 Ecclesiae,
578 1598 623 1626 ille
637 1598 780 1626 vehemens
792 1604 896 1627 amator
903 1599 1012 1632 Christi,

222 1646 265 1673 ille
277 1652 402 1673 sermone
415 1644 547 1678 indoctus,
562 1648 589 1672 et
599 1645 737 1673 rhetorum
755 1645 856 1679 victor,
872 1647 915 1674 ille
927 1647 1012 1682 impc-

222 1692 299 1724 ritus,
324 1692 369 1726 qtti
393 1696 481 1719 tamen
501 1691 668 1726 philosophis
683 1692 825 1721 ,obturavit
843 1701 891 1727 os,
907 1693 951 1721 ille
970 1695 1013 1729 qui

222 1737 403 1765 Graecanicam
414 1737 572 1772 sapientiam
588 1738 596 1753 ί
612 1738 687 1772 quasi
696 1746 854 1767 aranearum
870 1741 948 1767 telam
960 1740 1014 1767 dis-

223 1783 322 1816 solvit,
334 1782 379 1818 qui
392 1788 523 1810 terrarum
548 1783 638 1810 orbem
656 1786 816 1819 peragravit,
829 1786 874 1820 qui
889 1793 1014 1821 sagenant

224 1829 296 1856 misit
311 1830 336 1855 in
346 1836 419 1855 mare
432 1833 459 1856 et
473 1829 589 1863 piscatus
601 1834 643 1857 est
652 1830 756 1864 orbem,
768 1838 856 1858 annon
869 1832 960 1859 habuit
974 1832 1016 1860 ltic

224 1882 329 1909 quoque
343 1875 471 1904 uxorem?
485 1874 564 1908 Sane,
576 1875 676 1902 habuit.
688 1875 763 1910 Quod
777 1882 866 1904 autent
883 1877 1015 1911 habuerit,

225 1920 285 1947 audi
300 1920 490 1954 evangelistam
501 1925 654 1948 testantem.
666 1921 734 1955 Quid
748 1928 836 1950 atttem
848 1924 901 1950 ait?
910 1923 1015 1959 Ingres-

225 1974 269 1992 sus
280 1969 315 1992 ert
327 1964 402 1992 λειω
415 1965 449 1991 ad
461 1971 561 1992 socrum
577 1965 647 1993 Petri
661 1967 842 2002 febricitantem
856 1968 865 2004 (
879 1968 962 1996 Marc.
989 1970 1015 1996 1.

225 2009 287 2045 50).
310 2009 359 2038 Ubi
373 2018 475 2043 socrus,
493 2010 527 2037 ibi
542 2015 568 2038 et
585 2019 665 2044 uxor;
682 2012 725 2039 ubi
741 2021 818 2046 ttxor,
833 2014 870 2041 ibi
885 2018 912 2042 et
923 2015 1017 2050 conju-

226 2057 307 2091 gium.
323 2055 390 2090 Quid
404 2061 492 2083 autent
506 2056 663 2091 Philippus?
679 2065 768 2086 nonne
781 2064 893 2094 quatuor
903 2060 1019 2087 habebat

227 2102 294 2129 ﬁlias
309 2102 385 2137 (Act.
401 2101 446 2129 ‘21.
463 2101 523 2138 9)?
546 2102 596 2130 Ubi
618 2110 682 2130 vero
696 2109 810 2138 quatuor
826 2105 906 2138 ﬁlim,
922 2106 976 2133 illic
993 2111 1020 2134 et

226 2156 302 2180 uxor,
317 2153 344 2175 et
358 2148 567 2176 matrimonium.
580 2149 647 2182 Quid
662 2150 742 2184 igitur
753 2151 898 2178 Christus?
915 2152 951 2179 lix
966 2152 1019 2180 vir-

227 2193 287 2228 giae
307 2193 413 2228 quidem
434 2198 511 2221 natus
525 2199 566 2221 est
582 2203 588 2222 :
606 2202 696 2222 verum
712 2195 743 2222 ad
761 2197 866 2231 nuptias
888 2198 1018 2231 accessit,

227 2247 258 2267 ac
272 2239 372 2266 donum
386 2240 474 2267 attulit
488 2249 494 2267 :
512 2240 573 2268 Non
588 2241 678 2269 habent
690 2262 697 2274 ,
717 2243 811 2277 inquit,
825 2243 908 2271 vinum
919 2245 929 2280 (
940 2244 1018 2275 Joan.

227 2285 252 2311 2.
271 2286 305 2320 5)
323 2294 329 2312 :
343 2290 370 2312 et
383 2293 478 2320 aquam
493 2286 572 2313 vertit
585 2287 611 2313 in
628 2287 715 2314 vinum
729 2309 736 2320 ,
753 2289 903 2323 virginitate
915 2292 1021 2325 nuptias

227 2331 363 2359 ltonorans
375 2352 382 2365 ,
397 2332 468 2359 (10110
488 2340 545 2359 10111
557 2333 748 2360 commendans
764 2343 771 2361 :
789 2338 817 2361 ut
832 2343 865 2362 ne
885 2336 1021 2363 abomine-

227 2377 265 2404 ris
286 2377 410 2411 nuptias,
425 2377 472 2405 sed
494 2378 584 2405 oderis
608 2380 808 2407 seortatiouent.
835 2380 893 2408 Meo
914 2381 1021 2416 quidem

229 2423 348 2457 periculo
369 2431 418 2458 ego
437 2424 558 2459 spondeo
574 2425 620 2452 tibi
642 2425 756 2453 salutem
771 2447 778 2460 ,
793 2427 896 2455 etiamsi
912 2436 1021 2457 uxorem

231 2469 368 2496 habueris.

267 2514 339 2542 Uxor
356 2515 424 2542 nulla
434 2515 582 2551 corrigenda
598 2522 641 2545 aut
657 2519 771 2553 ferenda.
785 2534 821 2539 —
835 2520 961 2556 Prospiee
976 2522 1021 2549 tibi

229 2561 290 2595 ipsi.
312 2560 409 2588 Mulier
430 2561 452 2588 si
468 2563 550 2596 proba
570 2563 660 2597 fuerit,
682 2565 797 2600 adjutrix
811 2566 857 2594 tibi
884 2572 934 2594 est.
955 2568 1023 2602 Quid

232 2606 315 2641 igitur
327 2605 350 2633 si
365 2614 417 2634 non
431 2606 511 2634 fuerit
521 2609 660 2637 commoda
671 2610 681 2637 ?
694 2610 747 2638 Fac
756 2611 829 2638 illam
842 2612 1021 2640 commodam.

231 2653 326 2679 Annuit
334 2652 440 2681 1110111111
447 2661 543 2682 uxores
552 2655 627 2683 bona:
635 2663 667 2683 ac
674 2657 750 2684 malae
756 2677 764 2690 ,
772 2663 808 2683 ne
820 2658 934 2686 haberes
941 2666 1024 2685 excu-

231 2699 385 2727 sationem?
395 2700 489 2732 Qualis
496 2706 553 2728 erat
561 2701 605 2728 illa
615 2700 684 2728 Job?
701 2700 755 2729 Sed
775 2704 855 2732 Sarra
870 2709 928 2732 erat
942 2706 1022 2734 bona.

260 2748 332 2785 ‘Alii,
340 2749 502 2785 Graecanicam
507 2750 700 2785 superstitionem
709 2752 862 2784 (Ἑλληνικὴν
872 2754 1017 2785 θρησπιείαν).

233 2780 293 2815 Quae
306 2780 546 2815 lectio‘pratferenda
565 2786 634 2815 certe
647 2780 773 2808 videretur
784 2780 830 2808 hoc
844 2780 912 2809 100οξ
925 2780 1017 2809 Verum

235 2812 360 2846 Morellus.
374 2812 490 2846 Savilius,
507 2816 533 2837 et
548 2813 654 2846 maxima
672 2821 727 2845 pars
739 2815 958 2846 manuscriptorum
981 2817 1019 2840 le-

233 2846 296 2874 gunt
306 2861 312 2872 ,
325 2843 487 2868 Gra'cuniram
499 2843 655 2876 sapientiam,
673 2843 749 2876 atque
767 2845 800 2871 ita
815 2843 877 2878 legit
893 2846 1016 2872 Erasmus.

601 106 628 133 S.
651 105 788 133 JOANNIS
807 101 1042 132 CllnYSOSTmll
1063 102 1219 130 ARCHIEP.
1242 100 1510 129 CONSTANTINOI‘.

1816 102 1864 129 121

1039 207 1042 209 η
1073 172 1216 199 Ostendam
1237 171 1282 198 tibi
1298 171 1436 198 mulierem
1447 175 1474 198 et
1487 169 1584 198 malam
1598 170 1795 205 etimprobam.
1806 171 1863 199 Non

1071 217 1159 244 nocuit
1172 217 1229 244 viro
1240 224 1306 244 uxor
1319 216 1369 244 Job
1386 225 1392 242 :
1407 223 1487 251 prava
1501 220 1559 244 erat
1573 219 1600 242 et
1615 216 1734 250 improba
1748 237 1755 248 ,
1770 217 1860 244 cousi-

1070 263 1134 291 lium
1145 262 1225 290 dabat
1239 263 1275 290 illi
1290 267 1318 290 ut
1331 261 1509 297 blasphemias
1523 261 1666 297 proferret.
1681 262 1748 296 Quid
1764 262 1862 297 igitur?

1069 310 1238 338 labefactavit
1260 309 1373 338 turrim?
1396 309 1494 344 dejccit
1514 309 1702 336 adamantem?
1727 309 1861 344 superavit

1068 357 1190 392 petram?
1203 356 1303 391 depulit
1317 356 1427 383 militem
1439 355 1450 382 ?
1465 355 1623 382 comminuit
1635 354 1782 390 scapham?
1796 363 1857 383 era-

1067 402 1165 430 dieavit
1189 402 1311 429 arborem
1323 401 1334 428 ?
1346 400 1418 428 Nihil
1441 401 1537 428 horum
1556 409 1562 428 :
1576 400 1624 428 sed
1639 401 1682 428 illa
1698 401 1862 435 impellebat,

1067 452 1094 475 et
1106 447 1185 474 arbor
1199 446 1360 475 reddebatur
1378 447 1500 474 stabilior
1514 455 1520 472 :
1536 446 1581 473 illa
1603 445 1698 473 ﬂuctus
1710 446 1859 480 excitabat,

1067 498 1093 520 at
1109 493 1183 520 navis
1196 501 1248 520 non
1273 493 1503 528 submergebatur,
1529 491 1576 519 sed
1592 492 1710 520 secundo
1723 492 1860 527 navigabat

1068 543 1161 572 vento;
1184 538 1284 565 fructus
1299 539 1357 572 ejus
1368 538 1562 572 decerpebatur
1572 559 1579 570 ,
1593 544 1617 566 et
1632 538 1712 565 arbor
1727 542 1862 565 commota

1066 593 1119 612 non
1135 590 1193 613 est:
1210 585 1271 612 folia
1296 584 1462 616 deciderunt,
1485 589 1511 611 et
1531 583 1604 611 radix
1620 584 1718 611 mansit
1738 584 1857 611 immota.

1067 631 1129 659 Haec
1142 632 1245 667 loquor,
1263 639 1297 659 ne
1310 631 1368 666 quis
1382 631 1527 666 prmtcodat
1542 630 1633 658 uxoris
1647 630 1858 665 improbitatem.

1066 677 1132 704 Mala
1145 678 1205 704 est?
1220 677 1329 712 Corrige
1344 685 1413 703 cam.
1427 677 1479 704 Sed
1492 677 1540 708 ais,
1552 675 1573 702 E
1585 676 1708 711 paradiso
1721 684 1764 704 me
1778 683 1860 711 expu-

1068 724 1108 750 lit.
1122 723 1220 750 Verum
1236 723 1328 750 eadem
1346 727 1371 750 te
1382 723 1407 749 itt
1421 722 1500 749 CtltlUS
1515 722 1627 749 induxit.
1640 722 1740 749 Eadem
1751 722 1858 756 quidem

1066 775 1172 801 natura,
1190 776 1265 797 meus
1279 773 1367 796 tamen
1382 768 1497 795 diversa.
1512 768 1564 795 Sed
1580 768 1624 794 illa
1637 767 1687 795 Job
1700 771 1757 795 erat
1772 767 1859 794 mala?

1067 816 1165 844 Verum
1184 816 1305 842 Susanna
1326 815 1406 842 bona.
1425 814 1477 842 Sed
1498 814 1540 840 illa
1556 813 1680 848 Egyptia
1701 817 1759 840 erat
1773 813 1859 847 impu-

1066 861 1144 889 dica?
1160 861 1256 888 Verum
1269 861 1347 888 Sarra
1364 865 1422 887 erat
1434 859 1563 886 modesta.
1581 859 1673 886 Vidisti
1687 858 1780 885 illaut?
1795 858 1860 885 Vide

1067 912 1092 936 et
1113 908 1198 940 hanc;
1215 906 1428 941 quandoquidem
1451 905 1531 933 etiam
1544 905 1613 932 inter
1622 905 1699 932 viros
1711 904 1737 931 lti
1752 903 1858 939 quidem

1067 953 1129 980 ntali
1144 957 1216 983 sunt.
1232 952 1268 979 illi
1283 960 1347 980 vero
1361 951 1436 979 boni.
1453 951 1544 978 Bonus
1559 956 1617 978 erat
1630 950 1730 985 Joseph
1744 971 1751 982 ,
1767 950 1858 978 senio-

1067 1007 1111 1028 res
1124 1004 1212 1026 autcm
1229 998 1366 1034 impudici.
1383 998 1479 1026 Vidisti
1494 997 1618 1025 omnibus
1631 997 1657 1024 in
1669 996 1749 1024 rebus
1763 996 1857 1023 vitium

1066 1054 1098 1074 ac
1110 1046 1235 1073 virtutem
1252 1053 1304 1072 non
1323 1049 1417 1072 natura
1432 1044 1583 1079 dijudicari,
1599 1043 1646 1071 sed
1659 1043 1748 1070 animo
1763 1042 1859 1070 distin-

1066 1092 1121 1127 801.
1138 1091 1176 1119 Ne
1198 1091 1263 1118 mihi
1279 1096 1410 1126 praetexas
1424 1090 1620 1118 excusationes.
1637 1089 1689 1117 Sed
1702 1089 1735 1117 ad
1751 1096 1857 1122 eorum,

1066 1146 1125 1173 qua:
1140 1133 1278 1170 debemus,
1289 1137 1449 1164 solutionem
1463 1143 1647 1171 properemus.
1664 1135 1697 1162 Et
1711 1137 1807 1171 factum
1823 1140 1860 1162 est

1065 1193 1133 1211 anno
1149 1192 1198 1219 quo
1221 1189 1336 1211 mortuus
1349 1188 1386 1210 est
1402 1182 1478 1210 Ozias
1498 1191 1553 1210 rex.
1570 1183 1693 1210 Dicturus
1706 1189 1765 1209 sum
1779 1189 1858 1216 quant

1066 1231 1101 1258 ob
1114 1238 1220 1258 causam
1237 1230 1293 1264 ipse
1307 1229 1435 1264 prapheta
1447 1229 1568 1263 designet
1584 1233 1688 1263 tempus
1704 1237 1711 1256 :
1725 1228 1857 1263 siquidem

1066 1276 1250 1312 quatreltamus
1263 1275 1330 1308 lteri,
1347 1282 1425 1310 quant
1437 1275 1544 1302 tandem
1556 1274 1592 1302 ob
1603 1282 1712 1302 causam
1726 1275 1860 1302 0111110111-

1067 1331 1114 1350 1105
1138 1322 1292 1358 prophette,
1318 1326 1398 1356 atque
1418 1321 1460 1347 ltic
1483 1328 1608 1355 quoque,
1636 1325 1740 1355 tempus
1766 1327 1859 1354 regunt

1066 1377 1191 1398 enarrare
1203 1369 1307 1396 soleant
1321 1376 1373 1404 quo
1386 1367 1521 1400 vixerint,
1538 1367 1589 1394 hoc
1611 1366 1670 1394 loco
1692 1374 1724 1394 ea
1744 1373 1859 1393 consuc-

1068 1417 1131 1444 tudo
1157 1416 1336 1451 prieterntissa
1352 1415 1387 1442 sit
1412 1424 1419 1442 :
1445 1422 1495 1442 nec
1521 1415 1592 1442 enim
1613 1414 1687 1447 dicit,
1712 1413 1740 1441 In
1766 1413 1860 1441 diebus

1066 1463 1137 1490 Ozia:
1154 1471 1160 1490 :
1174 1461 1221 1489 sed
1233 1483 1240 1495 ,
1257 1461 1285 1488 111
1301 1466 1388 1488 11101·ιο
1401 1460 1482 1488 ΟΖ110.
1504 1461 1578 1487 llanc
1593 1461 1766 1495 quatstiouem
1781 1459 1860 1486 hodie

1067 1509 1172 1536 solvere
1184 1508 1253 1535 volo.
1271 1508 1437 1542 Quamquam
1452 1507 1523 1535 enim
1539 1507 1632 1542 ingens
1647 1511 1688 1534 est
1702 1513 1783 1534 aestus
1794 1527 1801 1539 ,
1817 1511 1858 1533 ta-

1068 1562 1128 1582 tucn
1140 1553 1224 1589 major
1238 1558 1279 1581 est
1293 1553 1427 1581 sermonis
1442 1553 1606 1588 refrigeratio
1624 1562 1630 1580 :
1646 1561 1807 1588 quamquam
1821 1553 1860 1579 vis

1068 1602 1097 1628 ﬁt
1109 1600 1215 1635 c0rpori
1228 1600 1369 1631 fatiscenti.
1385 1605 1472 1627 tanten
1489 1599 1576 1626 anima
1593 1599 1684 1634 vigens
1703 1599 1859 1626 delectatur.

1068 1648 1106 1676 Ne
1119 1648 1182 1675 mihi
1197 1655 1288 1675 narres
1302 1651 1396 1674 aestum
1409 1654 1440 1674 ac
1455 1646 1590 1673 sudorem.
1606 1646 1632 1673 Si
1645 1646 1784 1673 sudaveris
1799 1653 1859 1672 cor-

1068 1703 1144 1730 pore,
1164 1693 1294 1728 abstergis
1317 1694 1432 1720 animant
1457 1697 1540 1719 tuam.
1567 1692 1632 1719 Tres
1657 1692 1694 1718 illi
1719 1692 1794 1726 pueri
1816 1691 1861 1726 qui

1069 1745 1145 1768 erant
1159 1741 1184 1768 111
1199 1740 1317 1771 fornace,
1333 1739 1397 1766 nihil
1409 1739 1563 1766 detrimenti
1578 1739 1696 1773 perpessi
1712 1743 1793 1770 sunt,
1810 1737 1857 1765 sed

1070 1786 1165 1814 fornax
1178 1785 1231 1812 illis
1244 1784 1293 1812 fuit
1307 1784 1455 1819 refrigerio.
1471 1783 1538 1811 Cum
1553 1784 1653 1819 cogitas
1666 1783 1802 1815 sudorem.
1817 1791 1863 1810 co-

1069 1833 1123 1868 gita
1137 1832 1216 1859 simul
1229 1835 1256 1858 et.
1268 1830 1419 1858 mercedem
1442 1835 1470 1858 et
1482 1830 1632 1865 prtemittm.
1649 1829 1753 1857 Etenim
1773 1829 1863 1856 urina-

1071 1883 1112 1906 tor
1133 1878 1231 1905 nullam
1253 1877 1332 1904 aliam
1352 1876 1387 1904 ob
1399 1883 1507 1903 causam
1521 1875 1602 1903 audet
1624 1875 1740 1910 seipsum
1757 1875 1782 1902 in
1799 1882 1862 1908 pro-

1071 1925 1181 1953 fundum
1193 1931 1320 1959 aquarum
1335 1923 1478 1951 demittere
1488 1943 1496 1956 ,
1510 1930 1589 1958 quam
1605 1927 1715 1957 propter
1730 1921 1862 1957 margariv

1072 1977 1128 2006 tas,
1156 1971 1287 1999 bellorum
1312 1977 1430 1997 causam.
1452 1969 1619 2004 Quamquam
1645 1976 1698 1996 non
1723 1967 1863 1995 materiam

1071 2017 1238 2053 reprehendo
1250 2037 1258 2050 ,
1273 2016 1320 2044 sed
1344 2020 1462 2044 mentem
1479 2016 1711 2050 intemperantem.
1733 2016 1765 2042 Et
1778 2020 1804 2042 tu
1815 2035 1822 2048 ,
1836 2019 1865 2041 ttt

1072 2064 1187 2099 accipias
1207 2063 1360 2091 thesaurum
1375 2062 1490 2090 deﬁcere
1505 2063 1623 2090 nescium
1634 2082 1642 2095 ,
1657 2061 1813 2096 plantesque
1823 2061 1862 2087 vi-

1073 2115 1126 2137 tem
1146 2112 1171 2136 iu
1186 2109 1274 2136 anima
1289 2113 1332 2135 tua
1343 2129 1350 2140 ,
1364 2115 1416 2135 non
1433 2108 1549 2135 sustines
1567 2112 1661 2134 aestum
1682 2114 1769 2142 neque
1784 2106 1865 2133 sudo-

1072 2156 1148 2184 rem?
1161 2155 1217 2183 Non
1233 2155 1307 2182 vides
1322 2155 1387 2182 istos
1400 2155 1444 2189 qui
1455 2154 1549 2181 sedent
1563 2154 1588 2182 in
1603 2154 1716 2187 tlteatro,
1731 2153 1866 2189 quomodo

1073 2202 1190 2235 sudent,
1216 2201 1342 2235 nudoque
1371 2201 1458 2235 capite
1489 2201 1553 2228 solis
1579 2200 1682 2227 radium
1711 2199 1865 2234 excipiant,

1073 2256 1126 2283 quo
1151 2247 1215 2274 ﬁant
1239 2247 1336 2281 captivi
1358 2247 1470 2279 mortis,
1485 2255 1538 2282 quo
1557 2252 1638 2274 scorti
1660 2241 1864 2281 mancipia?Ad

1074 2294 1182 2322 exiliunt
1199 2293 1235 2320 illi
1251 2293 1391 2325 laborant,
1406 2297 1434 2320 et
1446 2297 1472 2320 ttt
1486 2292 1519 2319 ad
1543 2293 1658 2320 salutem
1671 2292 1761 2327 segnis
1772 2299 1804 2319 ac
1821 2299 1864 2319 re-

1074 2341 1172 2367 missus
1184 2346 1212 2366 es
1225 2339 1236 2364 ‘i
1251 2338 1357 2366 Athleta
1372 2346 1401 2380 es
1410 2359 1418 2371 ,
1431 2338 1509 2366 miles
1521 2346 1551 2366 es
1565 2339 1584 2364 ‘.
1597 2338 1663 2372 Quis
1673 2338 1754 2373 igitur
1766 2342 1809 2365 est
1823 2337 1869 2365 ille

1074 2385 1162 2418 Ozias,
1177 2389 1204 2412 et
1216 2393 1294 2420 quam
1305 2385 1340 2412 ob
1350 2392 1457 2412 causam
1469 2389 1583 2412 tnorlem
1597 2384 1666 2412 hanc
1677 2385 1747 2411 illius
1759 2392 1867 2420 expres

1075 2431 1110 2458 sit
1120 2430 1267 2466 propheta?
1282 2430 1330 2457 1110
1343 2429 1421 2458 Olias
1435 2438 1483 2458 rex
1493 2435 1568 2464 erat,
1585 2438 1616 2458 ac
1631 2431 1672 2458 vir
1685 2431 1784 2466 justtts,
1800 2431 1869 2458 mul-

1077 2477 1110 2504 tis
1130 2476 1228 2503 florens
1252 2477 1364 2511 egregiis
1394 2476 1469 2504 factis
1494 2486 1500 2503 :
1525 2484 1617 2504 verum
1647 2481 1737 2511 postea
1763 2476 1869 2503 tandem

1075 2522 1108 2549 ad
1126 2521 1278 2557 superbiant
1295 2521 1385 2555 venit,
1404 2521 1438 2549 ad
1454 2522 1607 2556 superbiam
1619 2542 1627 2554 ,
1644 2522 1768 2556 inquam,
1784 2522 1870 2549 malo-

1076 2575 1135 2594 runt
1161 2571 1283 2599 tuatrcut,
1309 2567 1342 2594 ad
1369 2568 1549 2602 arrogantiam
1572 2568 1728 2596 tumultibus
1753 2568 1870 2603 plenam,

1077 2613 1111 2642 ad
1130 2614 1285 2646 elationem,
1308 2622 1359 2649 qua
1378 2614 1500 2642 diabolus
1527 2615 1554 2642 111
1576 2615 1687 2642 exitium
1714 2615 1777 2642 ruit.
1800 2614 1872 2642 Nihil

1109 2683 1127 2714 id
1136 2681 1177 2705 Hic
1189 2681 1269 2714 adjicit
1287 2684 1397 2706 Erasmus
1412 2681 1438 2705 in
1457 2681 1661 2713 interpretatione
1672 2683 1753 2707 Latina
1762 2700 1770 2712 ,
1781 2689 1837 2714 quae
1848 2683 1873 2708 111

1078 2712 1145 2737 1111110
1158 2711 1292 2744 exemplari
1304 2715 1394 2744 Grteco,
1405 2715 1456 2736 tum
1468 2711 1533 2737 edito
1544 2717 1595 2738 tum
1606 2711 1768 2744 manuscripto
1780 2711 1873 2738 haben-

1079 2747 1128 2772 tur,
1141 2747 1173 2767 a‘e
1182 2742 1258 2775 igitur
1271 2742 1389 2768 laboribus
1401 2743 1541 2775 defatigeris
1550 2760 1558 2773 ,
1569 2745 1613 2769 sed
1630 2744 1689 2770 bono
1705 2742 1785 2770 animo
1797 2749 1875 2770 certu-

1080 2769 1145 2799 nu'na
1154 2769 1238 2798 tolera.
1249 2775 1332 2798 Nescio
1343 2779 1424 2806 utrum
1432 2769 1488 2799 ’11ωὸ
1499 2774 1541 2800 ille
1552 2769 1578 2799 in
1590 2775 1726 2806 exemplari
1738 2782 1783 2800 suo
1793 2779 1874 2800 Graeco

1083 2806 1182 2833 legerit,
1190 2811 1222 2837 an
1234 2811 1292 2828 vero
1304 2806 1355 2835 ipse
1366 2805 1485 2834 adiecerit
1493 2805 1685 2837 interpretando.
1700 2809 1727 2831 Ut
1737 2811 1763 2831 ut
1775 2813 1816 2832 res
1825 2810 1874 2835 est,

1083 2836 1133 2860 11ωο
1145 2836 1220 2860 seriei
1233 2840 1289 2860 sunt
1301 2842 1414 2861 consona.
