2072 3122
201 179 253 206 1ἳ5

200 239 271 264 cnim
286 234 435 270 arrogantia
450 233 523 268 pejus
536 242 541 259 :
555 231 614 258 idco
631 236 713 258 totum
728 237 880 261 sermonem
895 229 920 256 in
940 229 991 257 hoc

201 282 257 308 heri
272 280 495 314 cousumpsimus,
505 277 654 313 superbiant
670 276 849 308 clitninantes,
863 280 890 303 et
902 274 991 302 humi-

201 326 302 353 litatem
322 325 460 352 docentes.

234 373 262 399 ι.
285 371 424 398 Ilumitittu
436 375 556 406 quantum
570 370 672 396 bonum.
685 368 717 395 In
728 373 802 404 portu
816 368 990 404 naufragium.

203 417 245 444 Vis
255 417 300 443 tibi
312 417 398 443 dicant
411 421 538 451 quantum
550 415 646 443 bonum
662 415 696 441 sit
711 414 855 447 humilitas,
868 419 894 441 et
905 421 991 448 quau-

199 469 254 490 tum
270 463 369 490 maltun
385 461 556 497 arrogantia?
581 461 708 488 Peccator
730 461 829 494 justum
845 459 989 494 superavit,

199 509 356 545 publicanus
364 508 536 538 Pharisamm,
547 512 573 533 ct
584 507 663 533 verba
673 505 748 533 factis
759 505 833 532 fuere
843 505 990 539 superiora.

199 555 339 590 Quomodo
349 554 429 581 verba
439 554 450 580 ?
464 553 625 581 Publicanus
633 552 699 580 dicit
709 562 716 580 :
726 552 805 583 Deus,
811 551 992 586 propitiusesto

200 603 262 628 mihi
276 601 412 637 peccaturi.
430 599 579 627 Pharisaeus
592 599 656 625 dicit
669 608 676 625 :
689 598 714 624 Ν
718 607 749 624 un
763 606 819 624 sum
829 598 893 624 sicut
906 597 991 624 cateri

200 649 323 680 homines,
341 651 442 681 raptor,
459 650 505 672 aut
524 652 630 672 avarus.
646 643 698 671 Sed
712 643 775 679 quid
787 643 798 669 ?
811 642 906 677 Jejuno
919 642 955 669 bis
965 643 992 668 in

199 696 313 728 sabbato,
327 695 437 721 decimas
452 693 484 720 da
495 693 525 719 de
538 691 701 727 facultatibus
716 692 777 717 lueis
793 690 870 726 (Luc.
887 690 931 716 l8.
947 689 990 716 l5.

203 744 243 770 ll.
257 743 319 775 1-2).
337 741 486 768 Pharisaeus
500 747 580 773 opera
596 738 702 772 iustitia:
714 736 857 771 praestabat
873 745 879 762 :
898 735 987 770 publi-

199 796 282 815 canus
297 787 376 814 verba
391 784 674 816 dicebatluunilitatis,
690 787 716 810 et
731 782 812 809 verba
824 781 882 816 plus
898 785 992 815 potue-

201 839 262 861 runt
273 842 350 869 quam
366 833 446 864 facta,
464 836 603 865 lautusque
619 829 759 856 thesaurus
770 826 926 854 cxsufllatus
937 830 988 857 est,

200 887 227 908 cl.
241 885 311 907 tanta
328 879 415 914 inopia
427 879 453 905 in
469 878 574 905 divitias
585 879 760 903 commutata.
777 874 913 901 Venerunt
933 872 992 899 dua:

202 935 284 953 naves
299 926 425 952 habente:
437 931 521 954 onus;
537 923 623 950 amba:
649 926 753 956 portum
773 921 898 954 ingressa‘
911 923 991 950 sunt;

201 973 246 1000 sed
271 972 427 1007 publicanus
447 969 558 1005 pulchre
580 969 606 995 in
630 972 734 1002 portum
758 966 879 1001 appulit,
897 964 990 992 Phari<

201 1026 270 1045 szcus
291 1023 381 1044 autem
396 1015 562 1049 naufragium
576 1020 719 1048 perpessus
740 1016 799 1044 cst,
823 1015 851 1038 ut
863 1010 990 1041 disceres,

200 1069 330 1098 quantum
354 1062 415 1090 mali
431 1062 465 1088 sit
475 1061 555 1087 animi
572 1064 669 1086 tumor.
683 1058 774 1086 Justus
788 1065 818 1084 es
829 1056 840 1082 ?
851 1055 889 1083 Ne
902 1055 992 1090 dcpri-

201 1118 258 1137 inas
275 1109 382 1136 fratrem
409 1112 494 1134 tuum.
518 1107 611 1134 Florcs
626 1111 698 1133 recte
715 1103 812 1131 factis?
836 1102 873 1130 Ne
896 1102 992 1137 probra

198 1156 282 1190 jacias
312 1155 338 1182 in
370 1153 541 1189 proximum,
570 1157 680 1186 tuasque
712 1149 805 1177 laudes
834 1148 991 1182 comprime.

200 1203 308 1236 Quanto
322 1201 408 1235 major
421 1207 460 1232 es,
475 1203 548 1226 tanto
569 1197 652 1232 magis
665 1196 786 1231 deprime
807 1195 931 1230 teipsum.
946 1195 993 1221 At-

200 1249 281 1276 tende
291 1247 361 1282 quod
377 1246 474 1274 dicitur
485 1266 494 1279 ,
509 1244 657 1272 carissime.
681 1242 762 1277 Magis
772 1241 859 1276 justus
873 1244 992 1267 metuere

199 1295 282 1322 debet
302 1293 480 1328 arrogantiam
507 1298 585 1326 quam
607 1294 731 1324 peccator
755 1288 826 1314 :hoc
848 1287 903 1314 heri
919 1286 989 1313 dice-

199 1341 271 1372 bam,
293 1344 320 1367 et
338 1339 416 1366 hodie
429 1338 489 1365 dico
504 1341 611 1372 propter
623 1343 670 1363 eos
685 1335 728 1370 qui
745 1334 800 1361 hcri
817 1333 939 1364 aberant.
957 1339 990 1359 eo

199 1386 271 1420 quod
297 1390 421 1420 peccator
442 1383 537 1410 habeat
560 1381 751 1420 conscientiam
777 1387 807 1406 ex
834 1379 992 1405 necessitate

200 1432 331 1459 humilem
352 1439 359 1458 :
383 1430 469 1465 justus
493 1435 581 1456 autem
611 1427 645 1454 ob
674 1412 811 1454 bienefacta
837 1424 990 1452 extollatur.

198 1475 430 1511 Quemadmodum
448 1474 527 1510 igitur
541 1473 571 1500 lit
583 1473 608 1500 in
616 1471 738 1507 navigiis,
752 1470 796 1505 qni
809 1477 919 1498 vacuant
935 1469 983 1495 ha-

201 1525 264 1551 bent
275 1530 369 1550 navem
382 1542 389 1554 ,
409 1529 461 1548 non
477 1523 598 1547 metuunt
613 1517 758 1552 piratarum
772 1515 897 1542 insnltnm
914 1523 919 1541 :
937 1521 991 1541 non

200 1570 272 1597 cnim
291 1568 401 1595 veniunt
424 1570 453 1593 ut
474 1568 614 1592 conterant
628 1570 721 1589 navcm
748 1560 811 1587 nihil
827 1560 967 1588 vehentem
984 1567 990 1585 :

199 1621 226 1642 at
240 1615 257 1642 ii
283 1614 327 1648 qui
343 1620 436 1640 navem
449 1611 547 1638 habent
562 1614 687 1636 onustam
702 1628 708 1640 ,
725 1610 846 1634 metuunt
862 1606 961 1640 piratas
980 1613 987 1632 :

201 1669 261 1688 nam
280 1661 362 1696 pirata
376 1659 438 1686 illuc
451 1659 587 1692 properat,
603 1655 646 1682 ubi
662 1661 766 1686 aurum,
778 1653 822 1679 tibi
833 1656 986 1686 argentum,

202 1707 245 1734 ubi
266 1705 368 1741 lapich
383 1703 491 1739 pretiosi
505 1711 512 1729 :
527 1702 566 1729 sic
587 1706 613 1728 et
628 1699 749 1727 diabolus
766 1706 818 1725 non
842 1697 918 1724 facile
930 1704 992 1732 pec—

200 1758 320 1780 calorem
339 1750 500 1786 aggreditur,
525 1748 572 1775 sed
592 1747 693 1782 justum
715 1745 813 1781 potius,
836 1743 881 1770 ubi
902 1742 993 1770 multae

201 1804 263 1826 sunt
279 1805 354 1832 opes.
375 1795 505 1830 Quoniam
520 1801 592 1828 smpe
604 1790 755 1827 arrogantia
766 1797 797 1818 ev
814 1788 918 1816 insidiis
933 1788 992 1815 dia-

202 1844 253 1870 boli
268 1843 364 1874 oritur,
375 1839 535 1875 vigilandum
550 1843 590 1866 est
605 1838 624 1865 ¹.
641 1837 745 1871 Quanto
760 1835 845 1869 major
861 1841 900 1867 es,
919 1838 991 1860 lauto

202 1890 287 1924 magis
307 1887 427 1922 deprime
449 1885 572 1920 teipsutn.
587 1882 653 1910 Cum
672 1880 824 1908 ascenderis
845 1879 872 1906 in
892 1879 991 1911 altum,

201 1942 270 1969 opus
282 1938 324 1961 est
337 1937 366 1960 ut
386 1931 431 1958 tibi
446 1930 592 1966 prospicias
612 1935 646 1955 ne
667 1927 757 1955 cadas.
771 1925 950 1960 Quamobrem
965 1928 992 1951 et

203 1980 332 2007 Dominus
348 1982 440 2006 noster
465 1975 530 2004 dicit
554 1983 562 2002 :
580 1974 644 2002 Cmn
665 1973 749 2000 omnia
763 1971 882 2008 feceritis,
893 1971 967 1997 dicite
983 1978 993 1996 :

203 2026 313 2053 lnunla
338 2024 402 2052 serui
425 2031 511 2050 sumus
540 2020 615 2057 (Lac.
641 2020 686 2048 17.
709 2019 771 2054 10).
796 2018 864 2052 Quid
890 2017 993 2044 cﬂ'erris

201 2073 293 2100 animo
306 2079 367 2098 cum
387 2070 424 2096 sis
439 2069 529 2102 homo,
542 2071 671 2103 cognatus
685 2070 763 2094 terra:
775 2086 782 2099 ,
798 2065 915 2100 ejusdem
931 2063 994 2091 sub-

201 2117 309 2146 stantia:
329 2123 389 2143 cum
404 2115 505 2146 cinere,
530 2117 584 2140 tum
611 2116 714 2143 natura.
735 2115 789 2137 tum
812 2110 912 2142 animo,
937 2113 992 2136 tmn

202 2163 339 2191 actionum
362 2160 488 2188 delectu?
509 2158 594 2186 Hodie
608 2157 693 2190 divcs,
707 2164 766 2184 cras
782 2163 896 2190 pauper;
913 2154 994 2182 hodie

202 2217 296 2242 sanus,
313 2215 372 2236 cras
386 2210 519 2242 aegrotus;
535 2204 615 2231 hodie
629 2203 740 2239 gaudes,
756 2209 817 2229 cras
830 2201 906 2228 doles
919 2208 930 2233 ;¹
944 2199 993 2227 ho-

202 2256 247 2283 die
262 2255 289 2282 in
304 2253 398 2289 gloria,
414 2259 475 2279 cras
488 2251 515 2278 in
526 2249 671 2285 ignominia
685 2256 691 2279 ;
710 2245 916 2282 hodiejuveuis,
930 2252 991 2271 cras

202 2308 296 2329 senex.
311 2299 378 2326 Num
401 2295 500 2332 aliquid
523 2295 550 2322 in
572 2294 653 2322 rebus
665 2292 789 2320 humanis
813 2290 995 2321 consistit.ac

203 2355 256 2374 non
271 2346 358 2381 potius
377 2343 495 2371 amnium
512 2339 750 2376 prteterlluentium
765 2344 872 2365 cursum
888 2336 995 2363 imitan-

203 2399 247 2420 tur
261 2391 351 2419 omnia
363 2390 374 2418 ?
387 2387 453 2417 Nam
467 2387 545 2416 simul
557 2391 636 2421 atque
646 2387 837 2420 apparuerunt,
852 2382 931 2409 citius
943 2387 994 2407 nos

204 2447 284 2475 quam
310 2437 403 2465 umbra
426 2435 592 2469 relinquunt.
620 2431 688 2465 Quid
710 2431 790 2466 igitur
809 2429 892 2457 altum
912 2427 994 2462 sapis,

203 2473 294 2517 homo,
321 2484 408 2511 fumus
423 2485 451 2510 et
462 2479 588 2507 vanitas?
603 2478 685 2505 Homo
698 2477 768 2504 enim
781 2475 886 2503 vanitati
907 2473 996 2501 similis

206 2534 288 2567 {nctus
313 2535 350 2557 est
373 2528 459 2563 (Psal.
481 2526 543 2554 145.
572 2525 617 2559 4).
646 2523 730 2551 Veluti
745 2525 838 2558 [mnam
864 2521 917 2548 dies
942 2521 996 2552 eius

205 2566 288 2608 tPsal.
307 2575 368 2602 102.
384 2574 439 2607 15).
455 2571 561 2599 Exaruit
575 2578 689 2606 gramen,
711 2573 734 2595 et
755 2569 802 2603 [los
828 2568 882 2601 cjus
905 2566 997 2593 decidit

204 2629 212 2658 ί
231 2624 294 2650 ls‘ti.
311 2622 356 2650 40.
373 2619 421 2656 8).

243 2669 296 2696 Rm:
319 2665 455 2694 sacerdotis
479 2672 529 2691 non
552 2669 675 2697 usurpare
697 2661 767 2687 debet
785 2659 941 2694 dignitatem.
963 2672 998 2678 —-

207 2715 268 2742 "iL'C
283 2714 343 2740 dico
357 2720 410 2739 non
424 2716 452 2737 ut
466 2708 641 2737 substantiam
650 2706 808 2741 deprimam,
821 2704 867 2731 sed
881 2709 909 2730 ut
924 2710 997 2730 arro-

206 2760 321 2794 gantiam
338 2757 482 2785 refrenem.
498 2754 601 2789 Alioqui
617 2759 644 2780 et
653 2759 746 2787 magna
761 2759 803 2778 res
813 2755 852 2778 est
868 2750 958 2782 homo,
972 2753 1000 2776 et

208 2807 321 2841 prcliOsa
345 2811 390 2831 res
411 2803 451 2830 vir
472 2801 634 2829 misericors.
656 2799 755 2827 Verum
777 2797 820 2825 hic
835 2797 912 2824 Ozias
937 2803 999 2823 cum

239 2874 246 2887 ⁵
265 2876 329 2895 Linus
341 2871 377 2895 sic
388 2869 481 2893 habet:
500 2867 614 2895 ouoniam
632 2872 665 2891 ea:
683 2864 822 2898 arrogantia
838 2867 939 2896 peccata
957 2869 999 2888 ua-

207 2907 314 2930 sciantur,
329 2906 458 2932 propterea
470 2898 618 2931 rigitwidum
630 2901 674 2923 est.

702 173 732 200 LV
755 173 864 206 ILLUD,
887 172 954 200 VIDI
978 172 1141 206 DOMINUM,
1163 172 1276 199 llOJllL.
1299 172 1341 200 IV.

1787 170 1832 196 tsi;

1046 235 1117 258 esset
1131 238 1177 258 rex
1190 229 1338 257 diademate
1352 223 1490 258 redimitus
1504 250 1512 262 ,
1526 230 1650 265 quoniam
1663 235 1720 258 erat
1737 231 1832 264 justus,

1044 276 1129 304 elatus
1147 280 1188 303 cst
1207 276 1307 308 animo,
1322 280 1349 303 et
1368 276 1470 311 majore
1496 276 1590 311 spiritu
1604 280 1734 310 concepto
1754 284 1834 311 quam

1045 328 1093 356 pro
1107 321 1234 356 dignitate
1247 343 1253 354 ,
1270 322 1404 356 ingressus
1424 327 1465 349 est
1479 322 1617 356 templum.
1640 322 1674 350 Et
1695 322 1757 357 quid
1772 322 1836 350 dicit

1044 366 1198 400 Scriptura?
1224 366 1355 402 Ingressus
1377 372 1412 395 est
1436 371 1524 394 sancta
1544 372 1704 400 sanctorum,
1732 367 1832 401 aitque,

1050 411 1226 439 Volo'adolere
1240 413 1368 440 incensum
1386 413 1431 448 (2.
1452 413 1542 440 Parui.
1558 413 1602 440 26.
1620 414 1654 441 l6
1666 414 1686 448 ).
1702 413 1758 440 Rex
1773 421 1834 440 cum

1044 457 1089 490 sit,
1104 458 1244 485 sacerdotii
1261 458 1436 493 principatum
1456 462 1573 494 usurpat.
1592 458 1664 492 Volo,
1678 459 1765 494 inquit
1786 460 1835 485 ad-

1045 503 1112 531 olere
1126 505 1265 537 incensum,
1279 505 1434 540 quiajustns
1447 513 1519 532 sum.
1530 505 1584 533 Sed
1599 513 1677 532 mane
1692 505 1760 532 intra
1777 509 1835 532 tuus

1045 550 1192 578 terminos:
1208 551 1251 577 alii
1272 556 1333 577 sunt
1349 551 1550 586 tcrmiuircgni,
1565 550 1607 577 alii
1625 551 1730 578 termini
1745 559 1835 577 sacer-

1045 595 1110 622 dotii
1133 605 1140 623 :
1159 604 1248 623 verum
1264 596 1314 623 hoc
1334 596 1378 624 illo
1392 598 1478 631 majus
1491 601 1541 624 cst.
1557 597 1647 632 Neque
1659 597 1730 624 enim
1747 605 1779 624 ex
1794 596 1835 623 his

1045 649 1104 676 qua:
1126 642 1247 669 videntur
1270 642 1311 669 hic
1334 642 1484 670 declaratur
1505 650 1551 670 rex
1565 663 1572 676 ,
1586 650 1673 678 neque
1694 644 1834 677 egcnunis

1046 687 1082 713 ilﬁ
1096 687 1194 719 afﬁxis,
1205 696 1290 721 neque
1301 696 1333 714 ex
1345 696 1410 714 auro
1420 696 1474 723 quo
1487 689 1600 716 amictus
1610 692 1662 721 cst,
1677 688 1755 716 debet
1768 689 1836 715 testi-

1046 732 1110 758 mari
1128 740 1185 759 rex.
1203 732 1249 759 llle
1272 733 1378 767 quidem
1399 741 1430 760 ea
1445 741 1504 768 qua:
1518 739 1580 760 sunt
1593 734 1625 761 in
1635 734 1713 761 terris
1726 734 1836 761 sortitus

1046 782 1086 805 est
1109 777 1319 805 administranda
1335 788 1342 805 :
1356 784 1482 806 caeterum
1494 779 1635 806 sacerdotii
1648 779 1691 813 jus
1712 787 1727 806 e
1741 787 1836 814 super-

1047 824 1088 851 nis
1112 823 1250 851 descendit
1266 834 1272 852 :
1291 825 1461 858 Quwcumque
1471 825 1537 852 enim
1548 825 1682 860 ligaveritis
1692 834 1766 860 super
1780 831 1831 851 ter-

1045 877 1114 902 ram,
1130 874 1201 896 erunt
1215 870 1293 905 ligata
1308 875 1330 897 et
1343 871 1368 897 in
1380 871 1441 898 cwlu
1456 871 1464 906 (
1478 870 1572 897 Matth.
1588 871 1631 898 l6.
1647 871 1701 906 l9).
1720 871 1784 906 Regi
1798 879 1828 899 ea

1045 922 1104 949 qua:
1125 914 1168 942 hic
1187 921 1258 948 sunt,
1280 916 1421 943 commissa
1436 920 1508 948 sunt,
1524 916 1589 943 mihi
1615 916 1731 944 cariestia
1747 925 1754 943 ε
1769 917 1834 944 mihi

1045 967 1104 987 eum
1120 960 1195 992 dico.
1211 961 1377 988 sacerdotem
1399 961 1528 997 intelligo.
1546 961 1638 997 Itaque
1652 970 1713 990 cum
1735 963 1834 990 videris

1045 1006 1209 1033 sacerdotem
1237 1006 1390 1042 indignum,
1413 1015 1446 1035 ne
1472 1007 1595 1036 traducas
1623 1008 1801 1036 sacerdotium
1827 1017 1834 1035 ι

1045 1059 1097 1078 non
1120 1053 1191 1082 enim
1217 1058 1320 1087 oportet
1348 1053 1476 1081 dunnare
1504 1062 1565 1086 res,
1591 1053 1637 1081 sed
1655 1062 1716 1081 eum
1737 1055 1781 1089 qui
1807 1062 1835 1081 re

1045 1097 1114 1124 bona
1142 1098 1210 1125 male
1239 1098 1337 1132 utitur;
1359 1099 1574 1134 quandoquidem
1598 1104 1624 1126 ct
1642 1099 1724 1127 Judas
1745 1100 1836 1135 prodi-

1047 1148 1086 1169 tor
1102 1142 1160 1175 fuit,
1172 1150 1265 1170 verum
1279 1151 1332 1171 non
1346 1143 1380 1171 ob
1396 1144 1420 1171 id
1434 1149 1575 1171 accusatur
1583 1144 1649 1172 ordo
1659 1145 1833 1179 apostolicus,

1045 1189 1091 1216 sed
1106 1190 1175 1216 illius
1188 1189 1293 1218 animus
1308 1197 1373 1218 :nec
1384 1190 1486 1218 crimen
1496 1195 1536 1218 est
1550 1190 1710 1225 sacerdotii,
1719 1191 1766 1219 sed
1779 1200 1836 1219 ma-

1046 1235 1098 1262 lnnt
1113 1236 1203 1262 animi.

1080 1281 1106 1308 5.
1121 1281 1269 1308 Sacerdotes
1282 1281 1342 1308 mali
1352 1281 1523 1316 vituperandi,
1532 1290 1582 1309 non
1594 1281 1771 1308 sacerdotium.
1786 1281 1837 1309 Sa-

1044 1326 1172 1352 ccrdatum
1198 1327 1280 1362 major
1303 1327 1412 1362 dignitas
1430 1336 1507 1362 quam
1529 1327 1603 1363 regis.
1628 1327 1742 1354 Historia
1767 1329 1833 1362 regis

1046 1371 1115 1398 Oziw
1127 1372 1265 1407 peragitur.
1276 1387 1311 1392 ~——
1322 1372 1355 1399 Et
1369 1377 1395 1399 tu
1406 1372 1485 1407 igitur
1499 1381 1532 1400 ne
1542 1373 1719 1400 sacerdotium
1733 1373 1835 1406 vitupe-

1044 1425 1097 1450 res,
1120 1416 1165 1444 sed
1180 1417 1345 1444 sacerdotem
1365 1418 1435 1445 male
1458 1425 1487 1445 rc
1501 1419 1570 1445 bona
1585 1422 1712 1445 utentem.
1730 1418 1834 1445 Etenim

1044 1464 1065 1490 si
1081 1464 1139 1499 quis
1156 1469 1240 1491 tecum
1255 1464 1380 1499 disputet,
1395 1465 1517 1499 dicatque
1533 1473 1539 1490 :
1559 1464 1651 1492 Vidisti
1667 1464 1740 1491 illum
1756 1464 1834 1491 Chri-

1044 1510 1177 1537 stianum?
1191 1511 1350 1545 respondeto
1363 1519 1375 1538 :.
1387 1512 1419 1537 At
1429 1518 1541 1545 egonon
1552 1510 1586 1538 de
1597 1511 1726 1545 persentis,
1739 1511 1785 1537 sed
1801 1510 1834 1537 de

1044 1555 1124 1583 rebus
1138 1556 1183 1582 tibi
1197 1556 1300 1590 loquor.
1316 1556 1496 1591 Alioqniquot
1511 1555 1606 1584 inedici
1621 1555 1682 1583 facti
1699 1560 1759 1582 sunt
1773 1563 1833 1583 car-

1045 1601 1145 1634 nifices,
1162 1609 1194 1628 ac
1207 1609 1306 1628 venena
1322 1610 1368 1636 pro
1387 1601 1536 1636 pharmacis
1549 1601 1697 1628 dederunt?
1716 1601 1772 1628 Non
1795 1606 1835 1627 ta—

1044 1655 1104 1675 men
1121 1651 1203 1674 artem
1229 1647 1359 1682 vitupero,
1382 1646 1428 1674 sed
1448 1647 1517 1674 male
1540 1651 1658 1674 utentem
1677 1651 1744 1673 arte.
1766 1647 1836 1679 Quot

1044 1698 1132 1721 nautae
1154 1693 1222 1720 male
1245 1692 1430 1720 (lt-merserunt
1451 1692 1573 1727 navigia?
1588 1692 1685 1719 Verum
1711 1699 1763 1719 uou
1790 1699 1835 1718 ars

1045 1739 1184 1774 navigandi
1207 1738 1277 1765 mala
1297 1742 1346 1772 est,
1369 1737 1416 1764 scd
1440 1737 1525 1764 malus
1545 1736 1649 1765 illorum
1669 1737 1783 1764 animus.
1808 1737 1835 1764 Si

1044 1784 1208 1812 Christianus
1228 1783 1306 1811 fuerit
1314 1783 1462 1817 improbus,
1470 1791 1505 1811 ne
1513 1782 1621 1809 incuses
1627 1781 1722 1817 dogma
1730 1789 1782 1808 nec
1791 1788 1834 1807 sar

1044 1829 1203 1861 cordolium,
1219 1829 1265 1857 sed
1275 1836 1303 1855 re
1314 1826 1385 1854 bona
1396 1830 1518 1854 utentem
1535 1823 1613 1851 male.
1635 1823 1701 1859 Regi
1722 1830 1833 1858 corpora

1045 1874 1185 1903 commissa
1199 1871 1416 1906 suut,.sacerdoti
1430 1873 1544 1903 anitum;
1561 1878 1608 1897 rex
1624 1870 1729 1897 residua
1752 1877 1833 1903 pecu-

1044 1921 1147 1948 niarqu
1162 1919 1281 1950 remittit,
1292 1917 1418 1945 sacerdos
1428 1921 1516 1944 autem
1529 1915 1632 1943 residua
1648 1919 1814 1950 peccatorum
1826 1924 1833 1942 :

1045 1967 1088 1993 ille
1107 1965 1187 2000 cogit,
1208 1964 1252 1991 hic
1264 1963 1440 1991 exhortatur:
1455 1962 1498 1989 ille
1513 1962 1687 1993 necessitate,
1704 1961 1747 1988 hic
1769 1968 1836 1987 con-

1044 2012 1104 2039 silio
1117 2020 1123 2038 :
1141 2011 1184 2038 ille
1196 2010 1275 2037 habet
1288 2016 1360 2037 arma
1371 2008 1523 2042 sensibilia,
1533 2007 1574 2034 hic
1585 2015 1657 2034 arma
1669 2006 1814 2042 spiritualia
1828 2015 1834 2032 :

1045 2059 1088 2086 ille
1104 2058 1201 2085 bellum
1219 2057 1287 2091 gerit
1301 2063 1362 2083 cum
1381 2054 1509 2087 barbaris,
1527 2053 1591 2080 mihi
1616 2053 1712 2080 bellant
1734 2058 1774 2080 est
1787 2052 1836 2078 ad-

1046 2112 1138 2132 versus
1157 2103 1303 2131 dmmones.
1324 2101 1407 2136 Major
1427 2100 1470 2127 hic
1491 2099 1672 2134 principatus;
1697 2102 1836 2133 propterea

1046 2158 1093 2178 rex
1107 2154 1188 2184 caput
1209 2147 1340 2175 submittit
1361 2146 1449 2174 manui
1471 2144 1628 2177 sacerdotis,
1647 2148 1673 2171 et
1694 2143 1790 2178 ubique
1810 2144 1835 2169 in

1044 2196 1131 2224 Veteri
1140 2195 1278 2229 Scriptura
1294 2192 1447 2220 sacerdotes
1461 2190 1623 2225 iuungebaut
1637 2196 1723 2224 reges.
1739 2189 1836 2216 Verum

1046 2249 1093 2269 rex
1106 2240 1150 2268 ille
1162 2246 1209 2267 sua
1224 2238 1374 2266 transiliens
1389 2241 1476 2273 septa,
1486 2236 1647 2270 modumque
1662 2234 1736 2269 regni
1749 2238 1836 2260 trans-

1046 2295 1166 2324 gressus,
1183 2290 1295 2314 conatus
1315 2289 1357 2313 est
1375 2284 1472 2320 aliquid
1488 2283 1595 2315 addere,
1610 2286 1689 2316 atque
1704 2281 1839 2316 ingressus

1046 2339 1088 2363 est
1098 2333 1224 2368 templum
1235 2340 1295 2360 cum
1305 2329 1608 2360 auctoritate,incensum
1617 2327 1726 2355 adolere
1735 2326 1837 2354 volens.

1047 2379 1115 2414 Quid
1129 2378 1207 2414 igitur
1219 2376 1361 2405 sacerdos?
1375 2376 1431 2403 Non
1447 2375 1509 2402 licet
1522 2373 1579 2407 tibi,
1591 2373 1666 2406 Ozia,
1680 2371 1788 2399 adolere
1800 2371 1840 2398 in-

1047 2433 1166 2454 censum.
1184 2423 1252 2451 Vide
1267 2423 1426 2453 libertatem,
1449 2420 1509 2447 vide
1529 2423 1646 2446 mentem
1666 2417 1769 2445 servire
1791 2425 1839 2443 nc-

1048 2471 1140 2502 sciam,
1166 2469 1226 2496 vide
1248 2469 1363 2503 linguam
1379 2466 1459 2494 cwlus
1480 2465 1668 2499 attingentcm,
1692 2462 1838 2490 libertatem

1049 2517 1184 2549 invictam,
1208 2515 1268 2553 vide
1294 2514 1408 2541 hominis
1423 2520 1528 2547 corpus,
1545 2516 1572 2538 et
1593 2509 1682 2545 angeli
1703 2513 1839 2536 mentem:

1050 2565 1108 2591 vide
1122 2563 1193 2590 bunu
1209 2561 1410 2597 ingredientem,
1428 2564 1454 2586 ct
1470 2559 1495 2585 in
1516 2558 1581 2586 ca-lo
1595 2560 1755 2585 versantem.
1771 2553 1844 2583 Vidit

1050 2619 1151 2647 regem,
1173 2618 1225 2637 non
1251 2608 1316 2635 vidit
1335 2614 1475 2642 purpuram
1495 2614 1502 2631 :
1519 2604 1585 2632 vidit
1599 2611 1700 2639 regem.
1715 2610 1764 2630 nec
1776 2600 1846 2628 vidit

1050 2656 1180 2685 diadema.
1196 2655 1235 2682 Nc
1248 2653 1309 2680 mihi
1324 2653 1422 2680 dixeris
1436 2659 1495 2679 esse
1510 2657 1631 2685 regnum,
1645 2649 1689 2676 ubi
1702 2653 1743 2676 est
1754 2648 1839 2682 legum

1052 2700 1236 2736 transgressio.
1253 2699 1315 2726 Non
1330 2699 1386 2725 licet
1400 2697 1453 2729 tibi,
1469 2705 1525 2729 rex,
1539 2696 1639 2722 adolere
1656 2695 1789 2722 incensum
1801 2691 1839 2717 iu-

1050 2752 1090 2776 tra
1103 2752 1190 2774 sancta
1208 2751 1352 2773 sanctorum
1369 2743 1406 2779 (‘2.
1423 2742 1513 2769 Parat.
1534 2741 1580 2769 26.
1597 2741 1661 2775 {8);
1677 2737 1845 2767 transcrndis

1051 2798 1136 2828 septa,
1152 2791 1249 2828 quaeris
1264 2790 1311 2818 tibi
1331 2797 1384 2817 non
1400 2795 1526 2816 concessa
1541 2796 1547 2813 :
1565 2785 1624 2813 ideo
1638 2792 1698 2820 quae
1715 2782 1842 2816 accepisti

1052 2827 1233 2875 perdes.rNoa
1248 2837 1304 2863 licet
1319 2836 1363 2862 tibi
1375 2834 1476 2861 adolere
1491 2833 1634 2864 incensam,
1650 2829 1693 2856 sed
1707 2827 1842 2855 sacerdoti-

1052 2873 1097 2915 ints
1108 2886 1176 2913 istud
1195 2884 1281 2911 datum
1301 2887 1345 2910 est.
1361 2881 1420 2909 Non
1439 2885 1512 2908 tuum
1533 2883 1573 2906 cst
1593 2877 1651 2910 hoc,
1673 2873 1720 2902 sed
1743 2879 1840 2901 meum.
