2072 3122
230 179 281 206 127

228 239 295 266 Num
316 242 387 266 tuam
411 236 534 272 usurpavi
559 236 719 271 purpuram?
734 235 772 262 Ne
797 242 907 269 usurpes
929 241 1016 261 incum

228 280 415 308 sacerdotium.
433 278 493 306 Non
508 279 563 306 licet
578 278 620 305 tibi
635 278 736 304 adolere
745 277 882 309 incensum,
900 277 944 303 sed
963 281 1018 302 tan-

228 334 280 355 tum
294 327 464 355 sacerdotibus
483 325 544 360 ﬁliis
564 326 658 352 Aaron.
677 324 738 351 Post
761 323 870 349 tnultum
891 322 1018 357 temporis

225 375 279 409 jam
295 373 420 401 defuncto
433 372 538 400 Aarone
551 371 601 398 hoc
613 370 716 398 accidit.
733 370 766 396 Et
778 369 950 403 quamobrem
965 376 1017 396 non

226 421 302 453 dixit,
319 419 498 447 Sacerdotibus
514 421 628 450 tantum,
645 416 690 443 sed
705 420 732 443 et
752 416 835 450 patris
854 415 1016 442 mentionem

227 466 309 494 fecit?
322 465 426 494 Accidit
439 465 465 492 in
477 465 521 492 illo
535 468 663 499 tempore,
677 467 705 489 ut
716 461 767 489 tale
777 462 912 497 quidpiam
924 462 1016 489 fieret:

227 514 328 541 Dathan
346 512 428 543 enim,
443 511 542 539 Abiron
558 515 583 538 et
597 510 665 537 Core
679 509 877 536 insurrexerunt
889 508 1018 535 adversus

225 561 337 586 Aaron:
360 563 450 593 aperta
467 561 508 584 est
532 561 612 587 terra,
635 562 667 581 ac
679 554 816 581 devoravit
840 554 922 586 illos;
945 553 1018 580 venit

226 605 293 640 ignis
316 612 332 632 e
350 604 426 636 czelo,
445 607 472 630 et
492 602 593 630 exussit
607 608 653 628 eos
669 600 762 635 (Num.
777 599 811 628 16
826 606 848 627 et
864 599 936 627 Psal.
953 599 1015 627 i05.

227 652 268 677 t'l.
283 649 339 684 18).
354 649 452 676 Valens
473 648 551 682 igitur
563 654 624 674 eum
643 645 873 674 commonefacere
886 645 957 673 illius
972 645 1013 672 hi-

224 695 322 727 storiae,
344 694 414 728 quod
429 693 492 720 olim
507 700 613 728 quoque
627 692 805 719 sacerdotium
820 691 936 726 aggressi
951 691 1014 724 sint,

225 748 314 768 verum
331 748 382 767 non
402 739 581 771 succubuerit.
597 739 644 766 sed
657 739 749 766 adorta
763 743 803 766 est
822 738 973 772 multitudo,
988 743 1015 765 et

226 787 296 814 Deus
309 786 380 813 illam
396 787 465 812 ultus
477 791 519 813 est
532 794 538 812 :
555 784 616 812 Non
631 784 686 811 licet
702 785 745 811 tibi
758 785 860 811 adolere
872 785 1013 817 incensum,

222 831 266 858 sed
280 831 341 858 solis
360 831 530 858 sacerdotibus
554 831 615 865 ﬁliis
636 830 732 858 Aaron.
748 830 805 857 Non
827 830 902 863 dixit,
921 830 1013 865 Cogita

222 877 285 912 quid
304 877 374 912 passi
397 877 449 904 sint
469 877 513 912 qui
534 881 596 904 tunc
619 876 662 903 illa
679 880 840 911 patrarunt:
863 884 917 903 non
932 876 1011 908 dixit,

221 923 312 958 Cogita
328 929 374 949 eos
394 922 437 957 qui
456 922 659 949 insurrexerunt
679 922 832 949 combustos
852 921 950 955 fuisse;
966 922 1013 949 sed

223 968 360 994 nominato
384 968 505 999 Aarone,
531 975 610 1001 quem
634 967 705 994 ultus
727 971 767 994 est
793 967 876 1000 Deus,
898 975 958 994 cum
980 967 1013 994 ad

223 1013 339 1041 historia:
366 1013 575 1040 recordationem
601 1013 731 1046 adduxit,
757 1013 797 1040 his
822 1014 1012 1048 propentodum

222 1059 309 1086 verbis
325 1063 403 1086 utens
420 1068 426 1086 :
443 1058 502 1085 Noli
517 1058 613 1086 audere
628 1066 686 1092 qua:
701 1066 781 1085 ausus
795 1064 835 1086 est
852 1059 964 1092 Dathan,
980 1067 1013 1087 ne

224 1103 331 1138 patiaris
346 1103 450 1136 eadem,
467 1111 526 1139 qua:
541 1106 659 1138 tempore
673 1104 760 1132 Aaron
777 1104 939 1132 acciderunt.
957 1105 1012 1133 llex

221 1140 308 1176 autem
322 1149 400 1176 Ozias
416 1157 467 1177 non
488 1150 614 1177 sustinuit
633 1150 856 1182 admonitionem,
873 1153 919 1179 sed
935 1160 1012 1179 arro-

220 1195 309 1230 gantia
325 1195 431 1222 inﬂatus
444 1196 579 1230 ingressus
592 1200 632 1223 est
646 1196 784 1231 templum,
801 1197 905 1231 aperuit
921 1203 1011 1224 saneta

220 1246 384 1274 sanctorum,
409 1241 503 1269 volens
528 1241 635 1269 adolere
657 1242 805 1269 incensum.
831 1243 898 1276 Quid
922 1248 1010 1270 autem

221 1287 311 1315 Deus?
326 1287 375 1314 Ubi
397 1287 476 1323 igitur
494 1287 618 1316 sacerdos
633 1292 800 1323 contemptus
814 1293 866 1322 est,
882 1289 1010 1324 dignitas-

220 1341 273 1368 que
292 1333 435 1361 sacerdotii
451 1335 625 1367 conculcata,
642 1341 692 1362 nec
714 1334 856 1370 quidquam
880 1341 1009 1370 praeterea

220 1383 322 1414 poterat
336 1379 461 1407 sacerdos
478 1387 485 1406 :
502 1387 562 1406 nam
580 1379 727 1408 sacerdotis
743 1384 843 1408 tatttum
858 1386 900 1409 cst
913 1389 1011 1428 argue-

218 1432 258 1456 re,
274 1423 438 1459 liberamque
454 1428 579 1459 praestare
591 1424 808 1457 admonitionem,
826 1434 877 1453 non
902 1423 1010 1455 movere

218 1477 303 1502 arma,
327 1477 379 1496 non
396 1470 504 1505 clypeos
525 1477 664 1504 usurpare,
679 1479 731 1498 non
750 1471 856 1499 vibrare
878 1472 1009 1507 lanceam,

218 1523 268 1543 nec
281 1522 372 1542 arcum
387 1515 507 1547 tendere,
522 1523 572 1544 nec
589 1516 677 1551 jacula
700 1518 817 1551 mittere,
840 1518 885 1545 sed
907 1523 1008 1548 tantum

218 1567 346 1595 arguere,
363 1567 395 1587 ac
417 1561 501 1588 libere
520 1569 629 1589 monere
648 1571 654 1588 :
672 1567 844 1598 posteaquam
865 1565 944 1599 igitur
965 1574 1009 1593 ar-

216 1605 318 1640 guisset
331 1605 467 1640 sacerdos,
484 1614 530 1634 rex
545 1611 634 1634 autem
649 1615 701 1635 non
716 1609 858 1642 CCSalSSel,
874 1610 920 1638 sed
935 1618 1008 1639 arma

217 1656 346 1684 moveret,
362 1651 470 1687 clypeos
480 1657 506 1680 et
519 1652 618 1684 hastas,
634 1660 734 1688 suaque
748 1660 867 1683 uteretur
880 1658 1007 1692 potentia,

215 1696 253 1723 ibi
289 1696 425 1728 sacerdos,
451 1695 524 1732 Ego,
551 1698 655 1732 inquit,
681 1701 752 1734 quod
776 1706 834 1729 erat
857 1703 910 1730 mei
927 1704 1007 1732 ofﬁcii

215 1741 338 1775 praestiti,
360 1740 426 1768 nihil
441 1741 555 1777 amplius
568 1749 687 1776 possum,
701 1751 826 1773 succurre
856 1748 1006 1777 sacerdotio

215 1786 286 1820 quod
310 1786 491 1819 conculcatur,
516 1787 586 1822 leges
602 1788 748 1823 violantur,
773 1791 812 1819 fas
834 1793 1005 1823 subvertitur.

214 1830 284 1865 Quid
305 1831 385 1866 igitur
405 1831 449 1859 ille
468 1831 607 1859 hominum
619 1835 741 1861 amator?
756 1836 844 1864 Virum
857 1839 984 1868 audacem
997 1841 1005 1857 ¹

216 1876 361 1903 ulciscitur.
370 1876 403 1902 Et
409 1877 525 1903 continuo
534 1878 637 1912 efﬂoruit
644 1879 712 1914 lepra
719 1881 744 1906 in
751 1881 832 1915 fronte
839 1883 906 1911 illius
913 1884 949 1921 (2.
960 1885 1007 1912 Pa-

215 1921 263 1948 ral.
277 1921 322 1949 26.
335 1921 390 1956 l9).
403 1922 567 1958 Ubicumque
577 1929 617 1952 cst
627 1925 800 1960 impudentia,
812 1929 864 1957 illic
874 1936 914 1958 est
929 1931 1004 1960 ultio.

252 1966 321 1994 Ultio
342 1967 391 1994 Dei
412 1968 528 1996 clemens.
544 1985 579 1990 η-
594 1970 688 1999 Vidisti
709 1972 898 2009 benignitatem
926 1978 1003 2006 ultio.

215 2013 256 2040 nis
268 2012 384 2040 divinat?
401 2013 460 2041 Non
475 2014 573 2043 fulmen
589 2018 687 2051 emisit,
705 2025 756 2046 non
779 2025 878 2049 terram
893 2031 1006 2053 concuso

214 2059 258 2090 sit,
275 2065 326 2085 non
342 2061 485 2087 commovit
497 2061 608 2094 caelum;
620 2063 666 2090 sed
681 2063 797 2092 effloruit
811 2067 894 2101 lepra,
912 2078 964 2097 non
978 2072 1004 2099 in

214 2105 267 2132 alio
283 2105 340 2133 loco
354 2113 432 2140 quam
448 2107 475 2133 in
490 2107 586 2141 fronte,
600 2114 628 2136 ut
642 2110 721 2138 facies
737 2120 790 2146 pra:
803 2121 832 2140 se
846 2113 929 2143 ferret
942 2117 1003 2144 vin-

214 2150 310 2177 dictam
325 2151 346 2182 ί,
364 2156 391 2178 ut
406 2155 539 2187 tamquam
555 2154 580 2180 in
595 2154 671 2189 cippo
686 2156 769 2184 literae
785 2164 874 2187 essent
890 2161 1004 2196 impres-

214 2203 260 2222 ειη.
274 2195 331 2223 Νοη
352 2197 422 2224 enim
438 2203 546 2232 propter
560 2199 633 2226 illum
650 2201 746 2229 factum
764 2208 814 2236 est,
832 2205 880 2232 sed
896 2195 1005 2242 propter

213 2250 260 2270 eos
274 2243 318 2278 qui
340 2243 365 2270 in
386 2249 521 2279 posterum
543 2251 605 2273 sunt
627 2246 718 2275 futuri.
733 2249 799 2277 Cum
823 2252 892 2279 enim
914 2260 1004 2288 posset

215 2297 262 2323 pro
273 2289 373 2317 meritis
382 2298 485 2324 pomum
498 2291 626 2327 inﬂigere,
638 2302 689 2321 non
703 2295 811 2327 inﬂixit:
824 2299 869 2325 scd
881 2300 906 2326 in
918 2300 1004 2330 l'r0nte

213 2335 287 2370 quasi
300 2335 341 2363 lex
356 2337 440 2372 posita
453 2342 493 2365 est
506 2339 577 2366 velut
589 2340 614 2366 in
630 2341 688 2369 loco
699 2343 815 2377 sublimi,
828 2345 919 2374 dicens
931 2356 938 2374 :
952 2347 1005 2376 No-

213 2382 258 2409 lite
272 2382 358 2410 facere
375 2383 446 2416 talia,
464 2393 496 2411 ne
510 2386 646 2419 patiamini
659 2388 767 2417 similia.
785 2390 854 2418 Exiit
871 2392 912 2420 lex
933 2394 1002 2429 viva,

211 2432 239 2454 ct
258 2427 331 2454 frons
354 2436 446 2456 vocem
461 2430 544 2457 edidit
559 2432 619 2459 tuba
641 2433 781 2463 clariorem
797 2445 804 2463 :
821 2437 905 2466 literzc
928 2446 1003 2468 erant

213 2473 347 2508 inscrime
362 2474 451 2507 fronti,
466 2475 547 2504 litera:
560 2486 619 2512 qua:
632 2479 713 2507 deleri
729 2489 780 2509 non
796 2488 936 2518 poterant:
951 2495 1003 2515 non

211 2518 282 2545 enim
296 2524 530 2549 erantatramento
544 2524 687 2559 inscriptm,
702 2532 730 2553 ut
743 2528 839 2564 aliquis
853 2537 943 2565 posset
958 2533 1005 2560 de-

212 2565 278 2596 lere,
295 2563 342 2591 sed
363 2566 491 2593 naturalis
510 2573 567 2595 erat
579 2569 662 2604 lepra,
677 2579 791 2607 eumque
814 2563 939 2605 reddebat
955 2579 1004 2606 im-

213 2609 352 2643 mundum,
367 2615 396 2638 ut
408 2611 475 2639 alios
486 2612 585 2641 faceret
598 2617 721 2644 mundos.
736 2619 768 2646 Et
781 2622 1003 2654 quemadmodum

209 2655 269 2688 jure
288 2655 436 2689 damnatos,
459 2664 631 2695 posteaquam
652 2662 740 2690 funem
761 2668 922 2702 acceperint,
937 2670 1003 2698 edu-

212 2704 274 2726 cunt
291 2699 381 2728 funem
402 2709 449 2730 ore
465 2708 620 2738 gestantes:
642 2707 680 2734 sic
700 2712 727 2735 et
749 2709 792 2737 hic
812 2699 1002 2749 abducebatur,

212 2753 261 2780 pro
271 2747 334 2774 l'une
347 2747 448 2783 lepram
463 2749 488 2777 in
503 2751 588 2778 fronte
606 2758 722 2787 gestans,
740 2763 772 2783 eo
787 2759 857 2792 quod
878 2747 1004 2790 sacerdo;

244 2835 430 2880 ‘InlilLUf,n:;-...
439 2838 477 2868 fas
494 2838 646 2865 subvertitur.
666 2845 693 2867 Et
714 2843 767 2869 cide
782 2845 842 2877 quid
852 2846 894 2880 ﬁat
905 2855 914 2875 :
927 2850 1004 2877 t'inmt

212 2867 337 2894 ulularent.
351 2871 399 2892 etc.

247 2899 255 2912 ι
268 2894 331 2919 Tres
344 2901 406 2928 ηδε..
420 2901 443 2923 ut
456 2901 568 2932 supplicii
579 2904 694 2934 trapwtmt
705 2905 788 2936 ferret.

601 177 630 204 S.
645 176 783 204 JoAtVNlS
803 175 1041 204 CHRYSOSTOMI
1061 176 1218 205 AHCHIEP.
1239 179 1504 212 CONSTANTINOP.

1812 188 1861 216 128

1074 235 1138 262 tium
1159 236 1291 266 affecisset
1311 242 1480 270 contumelia.
1498 243 1560 272 llaec
1582 245 1685 281 loquor,
1702 255 1756 275 non
1773 249 1865 277 inres-

1070 288 1132 309 sens
1145 290 1235 321 reges,
1243 285 1289 312 sed
1305 294 1351 314 eos
1371 288 1414 322 qui
1430 291 1580 324 arrogantia
1596 292 1687 328 iraque
1700 301 1763 323 sunt
1782 296 1858 328 ebrii,

1070 333 1098 355 ut
1111 329 1262 365 intelligatis
1278 333 1458 362 sacerdotium
1473 344 1555 371 regno
1571 338 1654 373 majus
1669 347 1739 368 esse.

1105 373 1130 400 6.
1151 374 1261 410 Semper
1275 377 1346 404 enim
1366 378 1444 413 Deus,
1468 381 1509 409 ubi
1532 385 1649 416 peccavit
1670 385 1768 419 anima,
1787 387 1860 421 punit

1069 427 1175 459 corpus.
1197 421 1289 450 Itidem
1311 424 1372 453 fecit
1391 431 1416 454 et
1441 427 1466 455 in
1488 429 1565 457 Cain.
1589 431 1683 459 Anima
1705 440 1861 467 pet-caverat

1068 467 1185 494 admisso
1201 469 1353 502 parricidio,
1377 477 1403 499 et
1422 480 1520 508 corpus
1540 475 1609 503 illius
1632 478 1744 513 paralysi
1761 483 1860 506 tactum

1068 518 1127 540 est:
1143 514 1222 549 idque
1241 516 1301 551 jure
1315 519 1424 553 optimo.
1439 519 1636 552 Quamobrem?
1649 522 1756 552 Gentem
1767 533 1797 552 ac
1811 530 1861 553 tre-

1068 566 1137 586 mens
1152 562 1201 588 eris
1219 570 1295 597 super
1311 569 1403 591 terram
1425 565 1499 600 (Ceu.
1516 566 1541 594 4.
1567 568 1623 602 12).
1647 568 1680 596 Et
1701 570 1859 599 circumibat

1067 603 1142 637 Cain,
1157 607 1280 634 omnibus
1295 608 1417 644 loquens,
1437 611 1544 639 silentio
1559 620 1651 641 vocem
1667 614 1760 649 edens,
1776 616 1858 643 silen-

1068 649 1157 685 tioque
1177 652 1310 680 erudiens.
1332 654 1432 690 Lingua
1457 658 1570 691 tacebat,
1586 663 1613 685 ct
1627 664 1723 688 ett-tera
1740 663 1858 690 membra

1066 696 1216 725 clamabant
1230 707 1236 724 :
1250 700 1405 736 cunctisque
1420 703 1579 737 exponebat,
1594 712 1642 732 cur
1660 713 1788 740 gemeret,
1810 716 1858 736 cur

1067 746 1192 771 tremeret
1208 753 1215 771 :
1230 744 1350 773 Fratrem
1362 748 1458 781 occidi,
1473 750 1641 784 parricidium
1662 752 1766 780 admisi.
1782 755 1858 788 Quod

1066 793 1158 821 postea
1171 789 1275 825 Moyses
1289 792 1388 826 scripto
1402 795 1531 826 narravit,‘
1545 795 1589 823 ille
1603 798 1682 824 rebus
1693 790 1759 832 ipsis
1772 800 1858 827 omni-

1065 832 1115 860 bus
1129 834 1239 868 loquens
1259 837 1445 866 obambulabat
1465 849 1473 867 :
1497 840 1557 867 Non
1577 842 1788 878 occides.(l'.‘xod.
1809 846 1855 874 20.

1066 878 1122 913 15).
1137 879 1231 907 Vidisti
1246 889 1277 909 os
1295 882 1387 915 silens,
1409 889 1436 912 et
1455 893 1511 912 rem
1535 887 1748 916 vociferantem?
1769 890 1844 918 vidist

1065 923 1149 959 legem
1172 926 1259 954 vivam
1281 928 1364 956 ferri?
1385 930 1474 959 vidisti
1495 932 1600 966 cippum
1624 934 1855 964 obambulantem?

1064 971 1153 998 vidisti
1177 973 1320 1001 vindictam
1345 975 1461 1004 vindicta
1486 978 1562 1005 tolli?
1586 980 1672 1007 vidisti
1697 983 1856 1016 supplicium

1064 1025 1171 1046 versum
1185 1019 1212 1046 in
1226 1021 1385 1049 eruditionis
1407 1024 1567 1052 materiam?
1589 1027 1677 1055 vidisti
1702 1035 1855 1062 peceantem

1063 1063 1190 1096 animam,
1205 1069 1232 1092 et
1242 1073 1350 1094 carnem
1368 1068 1474 1096 dantem
1494 1072 1605 1104 poenas?
1619 1072 1699 1108 quue
1712 1075 1856 1104 adtmulum

1062 1115 1250 1144 congruenter.
1267 1112 1339 1140 ldem
1354 1114 1450 1142 accidit
1473 1116 1500 1143 in
1513 1117 1640 1145 Zaclmria
1658 1128 1665 1146 :
1685 1121 1775 1148 anima
1796 1130 1856 1156 pec-

1063 1160 1147 1189 carat,
1159 1157 1282 1194 etlingua
1293 1159 1381 1186 vincta
1393 1166 1443 1187 est.
1456 1161 1522 1189 Nam
1538 1171 1599 1191 cum
1615 1165 1707 1193 inutile
1723 1168 1854 1196 redditum

1062 1206 1134 1228 esset
1147 1209 1275 1237 organum
1290 1204 1395 1240 linguat,
1418 1207 1461 1235 ille
1476 1209 1519 1243 qui
1534 1211 1625 1244 genuit
1645 1219 1736 1240 vocem
1752 1214 1855 1242 Zacha-

1063 1245 1116 1273 rias
1131 1248 1239 1281 punitus
1250 1254 1291 1277 est
1305 1250 1385 1286 (ιω.
1397 1252 1426 1287 2)
1443 1262 1449 1279 :
1465 1254 1504 1281 sic
1517 1256 1642 1284 nimirum
1652 1262 1679 1285 et
1692 1258 1769 1286 Ozias
1783 1261 1854 1295 lepra

1062 1291 1089 1319 in
1105 1292 1192 1321 fronte
1204 1301 1342 1331 correptus
1360 1302 1410 1331 est,
1425 1306 1485 1326 cum
1502 1308 1650 1336 peccasset,
1667 1309 1694 1331 ut
1710 1305 1752 1332 ille
1765 1307 1855 1334 erudi-

1062 1343 1144 1366 retur.
1160 1339 1195 1367 Et
1209 1348 1333 1376 egressus
1353 1349 1395 1371 est
1415 1353 1473 1378 rex,
1496 1348 1619 1375 omnibus
1640 1352 1791 1386 exemplum
1814 1353 1854 1379 fa-

1061 1390 1130 1418 ctus,
1142 1392 1334 1424 purgatumque
1345 1396 1384 1418 est
1399 1393 1536 1427 templum,
1548 1399 1574 1421 et
1585 1395 1686 1430 ejectus
1696 1402 1736 1424 est
1748 1399 1854 1427 nemine

1061 1431 1236 1466 propellente,
1253 1441 1367 1470 cumque
1380 1438 1557 1466 sacerdotium
1571 1440 1620 1468 sibi
1643 1442 1722 1469 vellet
1735 1450 1853 1478 sumere,

1060 1480 1087 1502 et
1109 1476 1161 1504 hoc
1181 1478 1254 1512 quod
1274 1479 1387 1509 habebat
1407 1482 1530 1516 perdidit.
1554 1484 1587 1512 Et
1605 1487 1686 1513 exivit
1706 1495 1721 1515 e
1742 1476 1854 1524 templo.

1062 1520 1143 1549 Vetus
1156 1528 1215 1550 erat
1228 1531 1286 1551 mos
1299 1532 1405 1553 omnem
1425 1527 1560 1562 leprosum
1582 1538 1598 1558 e
1617 1531 1723 1560 civitate
1737 1534 1852 1569 ejicere;

1060 1575 1130 1595 nunc
1140 1577 1204 1597 vero
1218 1578 1271 1597 non
1287 1571 1355 1599 idem
1372 1572 1409 1600 ﬁt.
1424 1573 1478 1601 Cur
1492 1575 1620 1603 ita?Nam
1636 1585 1695 1604 cum
1712 1579 1852 1608 θεας-νει-

1060 1614 1097 1641 uti
1127 1616 1216 1650 pueris
1239 1617 1311 1652 leges
1330 1618 1441 1652 ferebat,
1464 1625 1517 1648 tum
1534 1621 1605 1655 lepra
1628 1629 1685 1651 erat
1707 1627 1826 1660 corporis
1844 1635 1852 1654 :

1059 1668 1129 1688 nunc
1142 1666 1230 1689 autem
1246 1663 1342 1691 anima:
1355 1664 1427 1699 lepra
1442 1667 1580 1701 qumritur.
1600 1668 1689 1697 Exivit
1704 1669 1783 1705 igitur
1803 1679 1850 1699 rex

1058 1714 1119 1735 cum
1132 1708 1216 1743 lepra,
1230 1717 1280 1737 nec
1295 1714 1384 1739 tamen
1397 1712 1532 1746 eiecerunt
1544 1722 1604 1742 eum
1619 1724 1635 1743 e
1655 1717 1772 1751 civitate,
1793 1719 1851 1746 dia-

1058 1752 1135 1780 dema
1148 1753 1219 1782 illius
1232 1755 1385 1792 regiamque
1398 1758 1554 1794 dignitatem
1569 1763 1676 1790 reveriti
1695 1773 1701 1790 :
1717 1764 1765 1791 sed
1786 1773 1851 1792 con~
1895 1783 1898 1788 ι

1057 1798 1126 1825 sedit
1140 1799 1165 1825 in
1179 1799 1246 1827 solio
1261 1809 1353 1829 rursus
1371 1803 1454 1838 legem
1475 1807 1680 1842 transgrediens.
1698 1809 1765 1843 Quid
1787 1819 1852 1846 ergo
1873 1807 1878 1810 ’

1057 1843 1146 1871 Deus?
1168 1844 1287 1875 lrasceus
1302 1847 1401 1876 Judaeis
1423 1850 1565 1886 interrupit
1588 1854 1762 1889 prophetiam.
1787 1857 1851 1884 lla-c

1057 1894 1144 1917 autem
1158 1892 1247 1919 omnia
1259 1893 1328 1921 dicta
1341 1899 1404 1922 sunt
1413 1901 1522 1931 propter
1534 1898 1645 1927 verbum
1660 1901 1805 1936 prophetae,
1820 1908 1850 1931 ut

1057 1936 1193 1964 exsolvant
1204 1938 1273 1973 quod
1285 1939 1371 1968 debeo
1381 1941 1401 1968 ⁸.
1412 1941 1465 1969 Sed
1478 1943 1511 1970 ad
1525 1945 1689 1979 propositum
1697 1947 1849 1976 redeamus.

1057 1981 1186 2017 Egressus
1199 1988 1241 2011 est
1255 1992 1270 2011 e
1288 1986 1387 2021 templo
1401 1994 1448 2014 rex
1463 1988 1536 2023 lepra
1550 1995 1700 2026 correptus.
1720 1991 1786 2020 Cum
1802 1994 1850 2029 igi-

1057 2032 1100 2054 tur
1113 2029 1192 2056 etiam
1214 2038 1247 2057 ex
1260 2031 1326 2059 urbe
1341 2032 1414 2060 illum
1436 2034 1495 2068 ejici
1516 2035 1550 2063 de
1569 2044 1644 2064 more
1665 2044 1799 2073 oporteret
1821 2046 1850 2067 ut

1055 2073 1231 2109 immundum,
1254 2076 1325 2105 intus
1347 2078 1421 2106 illum
1440 2081 1553 2115 populus
1573 2082 1667 2110 sedere
1690 2085 1818 2119 permittit
1840 2097 1847 2114 :

1057 2127 1105 2146 nec
1118 2120 1200 2147 ullum
1216 2122 1257 2149 vel
1271 2123 1396 2158 exiguum
1410 2126 1451 2152 vel
1467 2133 1590 2161 magnum
1616 2129 1724 2156 verbum
1740 2132 1846 2164 emittit,

1055 2165 1126 2199 quod
1139 2165 1287 2195 libertatem
1303 2169 1426 2204 loquendi
1441 2179 1494 2205 pra:
1512 2179 1541 2200 se
1563 2173 1657 2201 ferret.
1673 2175 1748 2208 Quod
1770 2177 1848 2212 igitur

1055 2210 1130 2238 illum
1152 2211 1280 2246 sinerent,
1299 2220 1436 2243 aversatus
1457 2221 1498 2245 est
1513 2218 1573 2246 illos
1595 2219 1680 2254 Deus,
1697 2225 1724 2248 et
1737 2210 1847 2257 graiiam

1087 2299 1095 2315 ί
1113 2300 1155 2338 Hic
1166 2303 1205 2338 est
1216 2307 1303 2333 magna
1315 2304 1491 2334 exemplarium
1503 2306 1623 2338 varietas:
1634 2314 1720 2334 omnes
1729 2309 1848 2338 ferelllss.

1054 2336 1110 2366 cuin
1128 2331 1215 2366 savilio
1225 2331 1292 2366 ,_uito
1312 2331 1432 2364 excepto,
1444 2339 1539 2360 textum
1552 2337 1643 2362 habent
1656 2331 1781 2365 utine-sviti

1055 2361 1157 2397 edimus.
1170 2363 1282 2397 moechus
1295 2371 1353 2389 vero
1366 2361 1465 2397 etrunus
1476 2366 1556 2392 Codex
1570 2361 1846 2397 toto’b;éio’aiiréitt'ii‘;

1054 2392 1172 2416 saviliana
1183 2394 1298 2419 Editione.
1319 2396 1408 2421 Morelli
1427 2400 1509 2433 tamen
1528 2392 1847 2433 exanimai'ééqiiiiiti;"'&si

1055 2426 1174 2461 Epasnius,
1187 2428 1213 2449 et
1225 2431 1269 2450 nos
1278 2432 1378 2461 quoque
1390 2429 1517 2461 sequimur
1526 2446 1534 2458 ,
1551 2426 1695 2461 quibusdam
1707 2426 1796 2458 'tzatnen
1814 2426 1845 2458 ex

1054 2453 1185 2495 alio'textu
1196 2453 1346 2495 emendatis;
1359 2465 1414 2494 quae
1427 2453 1484 2495 l'erri
1495 2453 1542 2484 non
1556 2453 1848 2495 lioteiéﬁifstfv‘ii'liéiﬁt}

1056 2488 1081 2509 et
1093 2486 1243 2525 Mpnuscripti
1263 2486 1421 2525 quatuor‘sic
1440 2490 1530 2515 habent
1547 2486 1616 2525 {ego
1624 2486 1844 2525 quidemVIi'n-l‘iuit',

1072 2516 1308 2556 uod‘ntettnt’nerat,
1322 2519 1413 2556 peregi.
1440 2525 1483 2556 tfos
1501 2516 1602 2556 populiis
1619 2516 1741 2556 iippiiriari
1752 2516 1847 2556 "éx'iié'tl

1055 2521 1118 2569 ἵαοα
1129 2522 1208 2552 nteant
1228 2521 1308 2554 erat...
1322 2521 1413 2551 peregi.
1440 2525 1483 2556 tfos
1501 2521 1602 2557 populus
1619 2521 1741 2559 intpurmn
1762 2521 1845 2563 rga-pel;

1065 2547 1231 2585 erarrtuuetts?
1252 2549 1345 2585 ξειίιεει
1366 2557 1479 2585 veremini
1502 2559 1594 2585 regiam
1613 2554 1778 2585 dignitatem!
1799 2558 1845 2582 Sed

1055 2577 1134 2612 potius
1156 2577 1232 2615 legem
1315 2582 1470 2615 contemnitis.
1496 2577 1565 2608 Illiim
1578 2577 1846 2615 'iginﬁ-iziiziﬁedé'r‘é

1055 2607 1222 2643 permiserunt.
1240 2610 1304 2643 Quid
1322 2611 1396 2643 igitur
1416 2615 1501 2639 Deus?
1517 2607 1846 2643 aversatusest-illosTduiu

1055 2639 1322 2678 non-ampliusjnqait,
1331 2639 1417 2678 ioquor
1427 2644 1550 2678 prophetis
1559 2639 1650 2676 uestris,
1658 2639 1847 2678 ﬁini'izb'n'ﬁtiiid

1055 2673 1158 2700 gratiam
1169 2673 1278 2707 spiritus.
1286 2673 1417 2707 Etuerbum
1427 2673 1479 2707 erat
1487 2676 1617 2707 protioeum
1628 2673 1695 2707 tunc.
1707 2683 1783 2704 etnon
1794 2685 1845 2705 erat

1055 2707 1135 2742 δέρης
1144 2702 1284 2737 vaticinans.
1302 2704 1451 2742 silet-gratia
1462 2702 1578 2742 spiritus,
1597 2712 1662 2742 Deus
1674 2702 1726 2734 'n'oii
1738 2702 1846 2742 nihil;

1057 2731 1104 2755 lmt.
1118 2732 1240 2772 Qupniam,
1253 2738 1350 2767 propter
1359 2731 1508 2772 incitandum
1515 2756 1522 2768 ,
1531 2731 1578 2763 uoti
1589 2731 1846 2772 @éiizﬁ'r'aﬁli'fizn

1055 2763 1262 2808 ᾳρηατεραεοςιιὲ
1273 2763 1344 2808 ,L'non
1364 2767 1464 2808 υὶὶὼῃεες
1481 2763 1631 2805 monstrabat
1637 2763 1712 2799 ,νῆοῆ
1721 2763 1848 2808 ἧΪῷήῖἶῶ

1066 2799 1132 2808 Πιηθνι
1154 2801 1167 2808 ΙΙ
1199 2802 1223 2808 ΛΑ
1237 2803 1278 2808 η-..
1297 2801 1336 2808 Α...
1358 2802 1384 2808 ιι..
1422 2806 1438 2808 .x
1446 2803 1479 2808 ..ι
1500 2800 1525 2808 ..L
1556 2800 1568 2808 1.
1647 2802 1665 2808 η

1055 2793 1167 2834 {attendo
1179 2793 1344 2834 declarabant.
1355 2798 1402 2833 sed
1418 2798 1480 2824 sicut
1495 2800 1526 2824 ab
1537 2793 1731 2834 animaist;
1741 2793 1845 2832 milia;

1054 2824 1167 2868 Jamunon
1180 2826 1224 2861 tibi
1235 2827 1333 2858 loquor,
1345 2829 1400 2858 jam
1416 2836 1462 2865 non
1477 2824 1846 2868 conpersodtelduiiijvila"neu;

1149 2860 1168 2868 -.

1054 2855 1169 2889 sentitet
1190 2855 1313 2883 irascitur.
1326 2855 1385 2884 ’λῆοπ
1405 2860 1468 2886 enim
1487 2855 1848 2889 ιιι-Ι)ὲηίίίιιὶιῆιΝή-ιῖιςᾶἷεόντῶ

1055 2886 1216 2928 ςὶῃιηςξιξηιειη
1227 2890 1357 2928 castigavit.
1371 2897 1418 2928 non
1429 2892 1514 2928 pleait.
1585 2886 1845 2928 ﬁtitdiiisgiﬁiié

1056 2916 1132 2942 dicit?
1143 2922 1192 2943 .\‘ott
1204 2920 1271 2946 vultis
1282 2916 1319 2947 ine
1331 2916 1474 2948 vindicare?
1484 2916 1770 2958 rgio'hau'iaéiio'r'ioiti
