2046 3123
182 188 238 215 ιὶῒι

186 249 328 287 interrupit
342 253 505 288 prophetitc;
525 260 556 281 ac
570 253 665 282 merito
683 261 756 281 sane.
777 254 842 281 Nam
858 253 982 286 quoniam

184 296 272 332 legem
288 298 374 333 ipsius
397 299 539 333 violarant,
556 303 583 327 et
600 299 698 334 ejicere
711 299 875 326 immundum
889 299 983 326 timue-

187 348 256 375 rant,
271 344 462 379 propheticum
477 345 548 372 sistit
561 344 659 372 donum
675 354 681 372 :
696 344 732 371 Et
746 345 846 372 verbum
860 349 912 371 erat
926 352 983 379 pre-

185 392 276 417 tiosum
290 394 360 422 tunc,
376 398 428 417 non
442 395 496 417 erat
507 398 588 417 sermo
601 390 743 418 vaticinans
756 391 792 426 (I.
809 389 872 425 Reg.
888 391 914 417 3.
929 390 956 425 1)
973 398 980 416 :

185 435 237 463 hoc
250 440 301 468 est,
317 443 379 473 ‘non
401 435 585 470 alloquebatur
598 435 657 462 illos
670 443 717 469 per
739 436 880 470 prophetas
901 435 980 468 Deus,

186 489 235 508 nec
250 481 400 516 inspirabat
412 481 438 508 in
453 488 499 508 eos
512 481 627 515 Spiritus
639 489 686 516 per
698 489 776 516 quem
790 481 980 517 loquebantur,

187 529 246 562 quia
260 528 427 555 immundum
441 534 523 562 penes
535 535 565 555 se
578 527 711 555 habebant
726 536 733 554 :
748 535 834 563 neque
853 528 923 555 enim
936 536 981 556 so-

186 574 222 601 let
237 574 391 601 immundos
404 573 494 601 afﬂare
513 573 628 608 Spiritus
642 574 738 609 gratia.
762 573 904 609 Propterea
927 581 979 600 non

186 620 288 652 aderat,
300 627 353 646 non
365 619 511 654 apparebat
523 619 672 654 prophetis,
685 618 732 646 sed
742 619 803 646 silet
816 624 841 646 et
854 620 978 646 occultat.

186 664 220 693 Ut
245 670 333 692 autem
361 664 433 699 quod
462 664 522 691 dico
550 663 721 691 manifestum
749 664 885 696 reddatur,
913 663 979 691 illud

185 711 308 745 exemplo
318 710 472 738 declarabo.
483 709 598 738 Perinde
608 711 682 745 quasi
697 710 828 745 quispiam
839 718 900 745 erga
914 710 980 737 alte-

185 765 244 784 rum
263 757 332 784 bene
350 755 472 789 aITectus,
492 756 526 784 ab
544 764 576 783 eo
595 755 695 784 furiose
719 756 798 784 fuerit
816 756 934 783 offensus
951 756 978 783 in

184 810 213 829 re
228 803 327 836 aliqua,
344 806 373 829 et
383 801 455 830 dicat
465 801 502 829 illi
515 810 521 828 :
534 801 591 829 Non
603 802 717 836 amplius
730 809 773 829 me
788 801 891 829 videbis
906 811 912 828 :
925 809 978 829 non

182 848 278 882 loquar
297 852 385 875 tecum
412 856 418 874 :
439 847 478 875 sic
501 851 556 874 tum
578 847 631 882 egit
654 847 735 874 Deus.
757 847 977 882 Quandoquidem

184 893 257 920 enim
278 900 331 920 non
344 893 481 928 ejicientes
495 893 586 920 Oziam
602 893 674 920 illum
691 893 833 927 irritarant,
850 893 908 921 Non
922 901 979 921 am-

183 938 263 973 plius,
278 938 383 973 inquit,.
390 938 526 973 prophetis
545 938 640 966 vestris
659 938 765 974 loquor,
789 946 843 966 non
864 939 978 974 amplius

183 983 298 1019 Spiritus
312 984 426 1019 gratiam
448 984 534 1011 mitto.
558 984 624 1012 Vide
643 984 800 1019 supplicium
816 984 978 1020 benignitate

184 1031 322 1058 refertum.
337 1030 396 1058 Non
412 1030 482 1058 enim
498 1030 607 1058 fulmina
623 1031 743 1064 immisit,
757 1038 845 1066 neque
860 1031 978 1059 funditus

183 1076 275 1104 urbem
290 1077 444 1110 concussit;
459 1076 505 1104 sed
520 1076 599 1112 quid?
617 1076 676 1103 Non
696 1077 775 1105 vultis
796 1085 840 1105 me
862 1077 976 1105 ulcisci?

183 1122 285 1156 inquit;
303 1129 355 1149 non
369 1122 507 1157 colloquor
522 1123 669 1150 vobiscum.
691 1122 786 1150 Annon
807 1123 877 1150 enim
900 1127 975 1158 pote-

183 1174 238 1195 ram
253 1168 328 1195 illum
341 1168 460 1203 ejicere?
475 1168 572 1195 Verum
587 1168 656 1203 quod
679 1169 805 1201 restabat,
821 1169 896 1196 vobis
911 1169 976 1197 reli-

183 1219 253 1241 ctum
273 1221 334 1242 esse
360 1214 442 1241 volui.
462 1214 519 1241 Non
541 1215 636 1242 vultis?
657 1214 750 1249 Neque
770 1222 820 1250 ego
838 1215 977 1250 colloquet-

183 1260 333 1292 Vobiscum,
358 1267 445 1294 neque
460 1260 548 1287 excito
563 1260 751 1295 prophetarum
766 1261 894 1288 animum.
916 1261 975 1288 Non

182 1305 276 1339 agebat
292 1305 317 1332 in
329 1305 369 1332 eis
383 1305 498 1340 Spiritus
515 1305 609 1340 gratia,
624 1305 758 1333 silentium
771 1311 839 1340 erat,
853 1306 975 1333 simultas

183 1351 252 1378 inter
264 1350 347 1378 Deum
369 1355 398 1378 et
418 1350 551 1378 homines.
572 1350 638 1379 Cum
661 1351 740 1387 igitur
760 1352 804 1379 ille
824 1357 883 1387 post
904 1356 976 1380 esset

183 1401 314 1430 mortuus,
329 1397 434 1425 sublata
448 1402 489 1425 est
503 1401 530 1425 et
544 1397 708 1433 impurorum
719 1398 834 1425 occasio.
850 1398 920 1433 Ergo
930 1398 975 1426 ubi

183 1444 311 1479 propheta
328 1444 412 1472 multo
427 1448 546 1479 tempore
565 1444 688 1472 desiisset
703 1445 859 1480 prtcdicerc,
875 1445 974 1481 illoque

183 1489 289 1517 silentio
302 1490 388 1517 soluta
402 1490 494 1517 fuisset
513 1490 553 1517 ira
568 1490 625 1523 Dei,
647 1490 727 1518 rediit
743 1491 890 1526 prophetia.
907 1491 975 1519 Hinc

183 1537 310 1571 propheta
325 1536 479 1564 necessario
492 1536 614 1572 designat
625 1537 718 1565 mortis
732 1543 845 1572 tempus,
861 1537 951 1566 dicens
966 1547 973 1565 :

184 1582 214 1609 Et
228 1583 325 1617 factum
339 1587 376 1610 est
395 1591 473 1616 anno,
489 1591 538 1618 qua
553 1587 668 1610 mortuus
689 1588 724 1610 est
750 1583 826 1611 Ozias
846 1591 901 1617 rex,
923 1584 975 1611 vidi

182 1627 320 1654 Dominum
334 1629 460 1656 sedentem
475 1629 500 1655 in
512 1629 576 1656 solio
590 1629 688 1656 excelso
699 1633 721 1656 et
735 1629 838 1657 elevata.
853 1630 920 1657 Cum
930 1630 975 1658 ille

182 1678 301 1700 mortuus
315 1677 397 1706 esset,
413 1679 468 1701 tum
481 1674 534 1702 vidi
553 1673 705 1702 Dominum.
718 1674 785 1702 Nam
799 1678 876 1702 antea
890 1676 973 1704 Deum

182 1726 233 1746 non
256 1719 380 1747 videbam
402 1720 479 1748 nobis
501 1721 606 1749 iratum.
629 1721 708 1749 Venit
726 1727 800 1749 mors
821 1721 928 1757 impuri,
947 1726 975 1750 et

182 1765 259 1792 solvit
283 1766 362 1792 iram.
387 1765 461 1793 lianc
482 1767 517 1794 ob
538 1774 663 1801 causam,
686 1775 748 1795 cum
767 1767 864 1802 ubique
883 1775 975 1803 regum

182 1811 262 1838 vitam
279 1817 483 1845 commemoret,
495 1812 539 1840 hic
551 1817 665 1840 mortem
679 1813 746 1840 dixit
758 1812 830 1842 Ozia:
844 1822 851 1841 :
866 1813 975 1841 Factum

181 1863 216 1884 est
230 1858 256 1884 in
269 1865 349 1891 anno,
363 1866 412 1892 qua
425 1862 537 1886 mortuus
556 1863 593 1886 est
615 1859 691 1886 Ozias
703 1868 759 1894 rex,
774 1859 826 1887 uidi
838 1859 975 1887 Dominum

179 1904 307 1931 sedentem
327 1904 354 1930 in
373 1904 439 1932 solio
460 1905 557 1933 επιειεο
578 1910 602 1932 et
623 1906 726 1934 elevato.
752 1907 792 1934 Ac
814 1914 907 1934 rursus
931 1906 976 1935 hic

182 1951 364 1986 contemplare
378 1951 426 1981 Dei
439 1951 595 1980 bonitatem.
608 1952 726 1980 Mortuus
746 1957 788 1980 est
799 1952 930 1988 impurus,
948 1956 976 1981 et

183 1995 253 2024 Dens
274 1997 464 2025 reconciliatus
487 2003 528 2025 est
553 1997 713 2025 hominibus.
729 1997 908 2031 Quamobrem
924 1997 975 2026 hoc

183 2043 279 2070 factum
294 2047 347 2076 est,
360 2050 420 2070 cum
434 2042 498 2070 nihil
513 2048 584 2070 esset
598 2047 672 2071 recte
692 2042 832 2076 factorum,
852 2043 899 2071 sed
915 2048 974 2071 tan-

183 2095 236 2116 ttnu
252 2089 299 2116 ille
314 2094 436 2116 mortuus
453 2089 545 2116 esset?
563 2089 696 2123 Quoniam
717 2089 848 2116 humanus
868 2093 910 2117 est
923 2089 975 2116 Do-

183 2135 280 2168 minus,
296 2142 346 2163 nec
365 2134 392 2162 in
413 2135 507 2162 talibus
527 2135 582 2170 agit
602 2134 721 2162 severius
744 2143 751 2161 :
772 2142 854 2162 unum
872 2138 975 2162 tantum

183 2180 322 2216 qutcrebat
340 2180 477 2208 beneﬁcus
498 2180 579 2214 Deus,
602 2184 632 2208 ut
651 2180 738 2208 exiret
759 2180 888 2215 impurus.
913 2180 976 2208 Hmc

185 2226 271 2261 itaque
286 2234 352 2254 cum
372 2226 499 2260 sciamus,
514 2226 692 2262 arrogantiam
705 2225 872 2261 abjiciamus,
886 2225 975 2253 humi-

185 2273 282 2300 litatem
297 2273 498 2308 amplectamur,
520 2273 626 2300 solitam
645 2273 757 2308 gloriam
771 2273 913 2301 offeramus
924 2273 974 2301 Pa-

186 2319 217 2345 tri
232 2323 259 2346 et
270 2319 339 2346 Filio
351 2323 378 2346 et
390 2318 501 2354 Spiritui
520 2323 625 2352 sancto,
645 2326 716 2346 nunc
731 2324 757 2347 et
777 2326 893 2354 semper,
907 2323 935 2346 et
948 2318 975 2346 in

187 2365 280 2392 sa:cula
295 2364 466 2392 saeculorum.
482 2364 578 2392 Amen.

188 2451 212 2479 In
225 2453 326 2480 dictum
341 2450 406 2479 illud
423 2450 498 2478 Isaiae
511 2450 651 2486 propheta:
665 2459 671 2477 :
685 2449 792 2478 Factum
804 2454 840 2477 est
858 2450 885 2476 in
896 2458 975 2478 anno.

219 2507 266 2533 quo
280 2502 395 2525 mortuus
410 2502 448 2524 est
463 2496 538 2524 Ozias
551 2505 597 2524 rea:
608 2517 615 2529 ,
629 2496 682 2523 vidi
695 2495 830 2523 Dominum
850 2495 860 2530 (
869 2495 932 2522 Isai.
948 2495 975 2523 6.

221 2546 233 2572 1
248 2545 276 2580 ):
289 2549 317 2572 et
329 2543 523 2572 demonstratio
534 2542 603 2577 quod
616 2542 693 2570 Ozias
703 2542 763 2576 jure
776 2541 856 2569 fuerit
868 2540 977 2568 all‘ectus

222 2591 310 2626 lepra,
326 2589 398 2624 quod
420 2593 517 2623 praeter
531 2588 685 2623 dignitatem
710 2587 848 2614 incensum
864 2586 978 2614 obtulis-

221 2641 280 2669 set,
296 2635 322 2663 id
337 2634 410 2670 quod
432 2641 486 2661 non
501 2633 563 2661 licet
576 2633 683 2668 regibus
694 2653 702 2666 ,
718 2633 765 2661 sed
783 2632 976 2660 sacerdotibus.

489 2711 628 2740 IIOMILIA
649 2711 680 2739 V.

223 2782 248 2809 1.
267 2782 323 2818 Age
343 2779 506 2815 expositioni
530 2779 564 2807 de
587 2779 650 2807 Ozia
677 2783 772 2814 cccpta:
795 2778 874 2806 hodie
899 2778 979 2806 finem

190 2825 370 2862 imponamus,
398 2825 532 2860 fastigium
556 2824 673 2852 sermoni
694 2823 748 2859 jam
773 2824 921 2857 addamus,
946 2831 980 2851 ne

193 2875 290 2913 quando
300 2881 350 2902 nos
358 2880 466 2909 quoque
474 2872 649 2904 derideamur,
666 2871 889 2907 quemadmodum
901 2879 980 2898 evan-

193 2919 286 2954 gelicus
297 2918 353 2952 ille,
362 2916 411 2954 qui
424 2924 566 2953 aggressus
582 2918 715 2947 aedificare
730 2921 834 2953 turrim,
851 2921 979 2955 perlicere

718 195 751 224 IN
768 196 878 229 ILLUD,
902 195 968 223 VIDI
989 186 1153 234 DOMINUM,
1175 201 1289 229 IIO)IIL.
1307 203 1339 231 V.

1776 208 1827 236 150

1038 262 1089 282 non
1102 259 1186 291 potuit
1201 267 1208 285 :
1222 267 1255 286 ne
1268 260 1327 294 quis
1341 261 1484 297 aliquando
1500 266 1715 298 prmlcreuntium
1731 267 1764 294 de
1779 276 1828 297 uo—

1036 301 1077 328 bis
1089 310 1194 338 quoque
1207 305 1278 332 dicat
1293 315 1301 334 ;
1324 306 1374 333 llic
1387 308 1462 335 homo
1479 310 1551 344 carpit
1567 311 1704 346 wdiﬁcnre,
1721 322 1765 339 nec
1781 323 1827 348 po-

1036 348 1082 374 tuit
1095 349 1214 383 perﬁcere
1229 349 1304 385 (an.
1321 353 1364 380 M.
1385 353 1440 390 50).
1460 355 1556 382 Verum
1571 365 1622 389 quo
1637 358 1711 385 vobis
1732 358 1827 386 diluci-

1035 393 1110 421 diora
1125 395 1189 422 fiant
1203 404 1261 430 qua:
1272 397 1402 432 dicentur,
1416 407 1448 427 ex
1463 400 1494 428 iis
1509 409 1567 435 qua:
1575 403 1644 429 dicta
1657 409 1719 430 sunt
1731 413 1826 439 nuper,

1034 445 1124 473 opera:
1136 441 1248 474 pretium
1264 443 1315 470 erit
1330 451 1411 478 pauca
1423 451 1543 480 repetere
1553 468 1560 480 ,
1576 455 1609 475 ne
1624 450 1709 484 capite
1721 455 1826 478 trunca-

1034 488 1077 511 tus
1090 492 1180 513 sermo
1193 491 1285 514 noster
1297 489 1409 523 prodeat
1423 490 1448 517 in
1465 492 1602 525 spiritualc
1618 494 1764 527 theatrum,
1778 496 1826 523 sed

1033 536 1188 565 recuperata
1222 533 1289 561 facie
1311 542 1358 562 sua
1383 535 1458 563 facile
1485 545 1500 563 a
1521 539 1716 572 spectatoribus
1742 543 1824 576 possit

1033 576 1151 610 agnosci.
1180 577 1206 604 ld
1229 580 1299 606 enim
1317 581 1415 614 pariter
1429 582 1502 609 etiis
1515 583 1559 618 qui
1585 585 1744 618 audierunt,
1775 588 1826 614 erit

1033 622 1169 649 memoriae
1188 625 1341 658 renovatio,
1356 631 1383 653 et
1409 626 1440 654 iis
1453 627 1497 662 qui
1519 636 1571 656 non
1592 631 1752 665 audierunt,
1776 633 1823 658 ιΙο-

1032 666 1126 694 ctrina.
1135 667 1224 703 Nuper
1237 669 1315 704 igitur
1327 670 1440 699 diximus
1451 680 1530 707 quam
1541 674 1618 702 interit
1631 676 1689 710 pius
1700 676 1786 710 Ozias,
1798 683 1825 705 et

1032 712 1166 746 quomodo
1181 716 1298 741 evaserit
1313 715 1448 750 improbus
1458 739 1465 750 ,
1482 723 1508 746 et
1523 719 1593 747 unde
1607 727 1699 753 orsus,
1716 729 1767 756 quo
1780 730 1825 749 su-

1032 757 1130 792 perbitc
1154 759 1292 794 prolapsus
1318 762 1351 789 sit
1370 771 1376 788 :
1400 763 1479 791 hodie
1503 772 1567 792 vero
1589 765 1731 794 dicendum
1755 769 1822 802 erit,

1031 803 1164 837 quomodo
1191 806 1317 840 templum
1335 807 1469 842 ingressus
1483 809 1533 842 sit,
1555 811 1688 845 quomodo
1715 815 1823 840 tentarit

1030 848 1138 876 adolere
1158 849 1312 883 incensum,
1336 854 1470 887 quomodo
1493 855 1658 889 prohibuerit
1681 857 1754 884 illum
1777 867 1822 885 sa-

1030 893 1136 928 cerdos,
1145 896 1278 930 quomodo
1289 897 1333 925 ille
1342 905 1395 925 non
1406 900 1527 933 cesserit,
1536 902 1671 936 quomodo
1682 903 1707 930 in
1719 911 1748 931 se
1761 911 1822 938 pro-

1030 941 1164 968 vocaverit
1183 941 1249 969 iram
1264 943 1328 976 Dei,
1343 945 1477 978 quomodo
1499 946 1579 981 lepra:
1594 947 1725 976 obnoxius
1740 949 1820 976 vitam

1030 986 1145 1020 finierit,
1160 992 1187 1015 et
1208 996 1286 1024 quam
1302 990 1336 1017 ob
1349 998 1455 1018 causam
1479 993 1608 1027 propheta
1633 996 1821 1029 praetermissis

1029 1032 1091 1060 vitae
1113 1033 1182 1061 illius
1195 1035 1289 1062 diebus
1300 1055 1307 1068 ,
1322 1037 1416 1064 mortis
1439 1037 1531 1065 fecerit
1552 1040 1715 1067 mentionem
1729 1041 1763 1067 ita
1778 1041 1819 1068 lo-

1029 1085 1113 1113 qnens
1129 1087 1135 1106 :
1151 1079 1241 1113 Anno,
1257 1089 1306 1116 qua
1318 1087 1430 1109 mortuus
1444 1088 1482 1109 est
1497 1083 1573 1111 Ozias
1585 1092 1631 1111 rea:
1644 1084 1720 1120 (luti.
1736 1085 1761 1113 6.
1780 1086 1818 1120 l).

1029 1123 1091 1151 Haec
1105 1125 1175 1152 enim
1197 1133 1275 1153 causa
1291 1126 1340 1153 fuit
1354 1135 1401 1154 cur
1414 1131 1496 1155 totam
1511 1129 1544 1156 ab
1554 1129 1664 1158 exordio
1678 1130 1818 1159 historiam

1029 1173 1221 1204 tractaremus;
1236 1171 1283 1199 sed
1296 1173 1443 1201 auscultate
1456 1174 1606 1209 diligenter.

1065 1216 1141 1252 Regi:
1170 1217 1340 1244 sacerdotium
1363 1219 1502 1246 invadenti;
1525 1219 1642 1248 audacia.
1672 1221 1819 1249 Sacerdoti:

1027 1267 1122 1297 quanta
1138 1267 1257 1297 potestas.
1268 1278 1303 1283 —-
1314 1263 1346 1290 Et
1358 1266 1452 1299 factum
1473 1269 1510 1292 est
1521 1286 1527 1297 ,
1543 1266 1647 1301 inquit,
1670 1275 1727 1294 cum
1747 1268 1819 1295 inua-

1017 1307 1114 1347 ‘Iuisset
1129 1306 1205 1334 Ozias
1219 1316 1280 1341 rex,
1293 1308 1385 1335 elatum
1396 1313 1432 1336 est
1445 1317 1489 1336 cor
1498 1310 1569 1345 ejus,
1583 1319 1660 1346 usque
1679 1313 1713 1338 ad
1728 1321 1818 1340 corru-

1028 1354 1147 1388 ptionem,
1159 1359 1183 1381 et
1192 1355 1312 1389 injuriam
1324 1356 1381 1390 fecit
1394 1356 1421 1382 in
1434 1355 1542 1384 Domino
1554 1356 1608 1384 Deo
1621 1366 1667 1384 tuo
1677 1359 1716 1393 (2.
1728 1358 1817 1386 Pnral.

1026 1399 1071 1427 26.
1085 1400 1140 1435 16).
1153 1400 1217 1434 Quis
1231 1401 1333 1436 injuriae
1347 1402 1462 1429 modus?
1473 1402 1607 1438 Ingressus
1619 1409 1669 1436 est,
1681 1405 1774 1440 inquit,
1791 1407 1818 1432 in

1027 1446 1148 1481 templum
1163 1446 1274 1480 Domini,
1287 1452 1312 1474 ut
1322 1447 1434 1475 adoleret
1447 1448 1576 1475 incensum
1585 1457 1661 1484 super
1670 1450 1750 1477 altare
1761 1451 1818 1486 (Ity-

1026 1492 1161 1519 miamalis.
1183 1491 1205 1520 0
1231 1492 1385 1520 audaciam!
1408 1500 1424 1521 ο
1449 1493 1656 1528 impudentiam!
1684 1495 1818 1524 Adversus

1026 1538 1082 1573 ipsa
1097 1545 1173 1565 sacra
1185 1537 1264 1573 adyta
1276 1546 1355 1565 ausus
1365 1559 1373 1571 ,
1387 1538 1412 1566 in
1432 1543 1524 1566 sancta
1539 1546 1689 1567 sanctorum
1706 1541 1796 1576 irrupit
1807 1562 1816 1574 ,

1026 1584 1070 1619 qui
1084 1583 1157 1622 locus
1169 1583 1292 1611 omnibus
1305 1583 1537 1617 eratinaccessus,
1552 1590 1728 1620 praeterquam
1744 1595 1816 1613 sum-

1026 1636 1071 1657 mo
1082 1628 1213 1657 sacerdoti
1225 1649 1232 1661 ,
1255 1628 1325 1656 hunc
1344 1628 1485 1663 profanare
1497 1634 1608 1657 conatus
1621 1635 1670 1658 cst.
1694 1631 1764 1658 Talis
1774 1636 1819 1658 est

1025 1675 1113 1702 anima
1127 1675 1155 1702 in
1168 1675 1345 1710 arrogantiam
1360 1675 1473 1703 sublata.
1489 1675 1578 1703 Semel
1590 1676 1660 1703 enim
1677 1676 1816 1711 desperata

1026 1721 1112 1748 salute
1126 1727 1291 1756 nequaquam
1300 1719 1397 1747 desiuit
1405 1720 1503 1753 furere,
1513 1728 1605 1748 verum
1617 1720 1734 1749 habenas
1746 1722 1818 1749 salu-

1027 1767 1060 1795 tis
1069 1774 1125 1794 sute
1133 1766 1226 1794 laxans
1235 1766 1461 1794 irrationabilibus
1470 1766 1659 1801 cupiditatibus
1668 1768 1763 1803 quovis
1773 1776 1815 1794 rn-

1026 1813 1109 1849 pitur,
1120 1819 1169 1840 nec
1178 1811 1254 1840 aliter
1263 1819 1341 1847 quam
1349 1819 1433 1847 equus
1442 1812 1581 1846 ferociens,
1593 1813 1637 1842 ubi
1647 1813 1750 1841 frenum
1758 1822 1816 1847 ore,

1025 1865 1159 1886 sessorem
1173 1862 1246 1893 tergo
1256 1857 1382 1890 excussit,
1396 1857 1481 1886 fertur
1489 1859 1582 1893 quovis
1596 1863 1676 1886 vento
1687 1859 1816 1892 velocius,

1026 1903 1150 1931 omnibus
1170 1903 1256 1931 obviis
1275 1903 1458 1936 intolerabilis,
1482 1903 1680 1939 diffugientibus
1700 1905 1813 1935 cunctis.

1026 1958 1113 1986 neque
1125 1957 1257 1985 quoquam
1271 1948 1388 1977 audente
1407 1949 1535 1977 cohibere
1549 1957 1556 1976 :
1572 1949 1611 1977 sic
1624 1954 1651 1977 et
1663 1949 1750 1977 anima
1773 1949 1818 1977 ubi

1027 1997 1075 2025 Dei
1091 1996 1214 2024 timorem
1236 1996 1320 2030 ipsam
1336 1995 1514 2024 refrenantem
1535 1995 1667 2028 excussit,
1685 1999 1713 2024 et
1732 1995 1816 2023 ratio-

1026 2052 1088 2072 nem
1099 2044 1218 2073 habenas
1232 2042 1416 2071 moderantem
1431 2042 1509 2077 ejecit
1519 2062 1526 2074 ,
1547 2041 1581 2069 ad
1594 2042 1694 2077 quaevis
1708 2042 1817 2069 malitiae

1027 2090 1084 2118 loca
1096 2090 1230 2123 decurrit,
1241 2089 1327 2117 donec
1339 2088 1366 2116 in
1379 2088 1452 2115 exitii
1464 2087 1618 2115 barathrum
1630 2086 1732 2120 delata,
1747 2094 1816 2122 pne-

1026 2135 1143 2171 cipitarit
1155 2142 1231 2162 suam
1246 2135 1330 2170 ipsius
1339 2134 1463 2162 salutem.
1476 2133 1644 2168 Quapropter
1656 2136 1762 2167 oportet
1775 2140 1818 2158 as-

1026 2181 1102 2209 sidue
1114 2181 1187 2208 illam
1202 2180 1356 2214 refrenare,
1374 2187 1406 2207 ac
1423 2178 1528 2214 pietatis
1544 2178 1647 2206 ratione
1667 2185 1716 2206 ceu
1741 2177 1817 2204 freno

1026 2226 1141 2262 quodam
1155 2225 1362 2254 irrationabilem
1377 2225 1446 2252 illius
1461 2225 1587 2259 impetum
1599 2223 1735 2251 inhibere:
1747 2223 1817 2258 quod

1028 2281 1080 2301 non
1094 2273 1158 2301 fecit
1170 2273 1247 2300 Ozias
1258 2293 1266 2305 ,
1278 2272 1327 2299 sed
1340 2271 1467 2299 adversus
1479 2271 1564 2306 ipsum
1584 2269 1704 2297 omnium
1721 2275 1817 2302 supre-

1027 2328 1100 2348 mum
1120 2319 1296 2355 principatum
1318 2318 1403 2352 legem
1419 2322 1599 2351 transgressus
1613 2319 1664 2343 est.
1681 2315 1817 2350 Siquidem

1027 2366 1206 2394 sacerdotium
1221 2364 1385 2400 principatus
1399 2367 1440 2391 est
1451 2383 1458 2396 ,
1474 2363 1530 2398 ipso
1544 2363 1623 2389 etiam
1641 2369 1724 2396 regno
1736 2369 1818 2389 vene-

1027 2412 1137 2440 rabilius
1154 2418 1186 2438 ac
1200 2410 1296 2446 majus.
1318 2409 1356 2437 Ne
1369 2409 1433 2436 mihi
1446 2415 1540 2436 narres
1558 2414 1717 2442 purpuram,
1733 2413 1819 2441 neque

1028 2458 1149 2486 diadema
1159 2478 1166 2490 ,
1191 2463 1278 2491 neque
1291 2460 1379 2483 vestes
1399 2462 1504 2482 aureas.
1520 2453 1627 2482 Umbrae
1649 2457 1712 2480 sunt
1726 2452 1819 2480 isthatc

1029 2504 1118 2532 omnia
1130 2523 1138 2537 ,
1152 2503 1296 2536 vet-nisque
1311 2500 1428 2528 ﬂosculis
1442 2500 1550 2527 leviora.
1572 2499 1659 2526 Οιιιηῐε
1674 2499 1744 2526 enim
1755 2519 1763 2532 ,
1779 2499 1820 2525 in-

1029 2550 1103 2585 quit,
1117 2548 1227 2577 hominis
1238 2547 1320 2582 gloria
1327 2546 1391 2573 sicut
1404 2547 1452 2582 ﬂos
1463 2545 1523 2581 fumi
1537 2545 1613 2580 (Isai.
1626 2545 1670 2571 40.
1682 2544 1724 2579 6),
1739 2544 1818 2571 etiam

1030 2596 1052 2624 si
1066 2596 1150 2630 ipsam
1164 2593 1276 2630 gloriam
1289 2593 1405 2627 regalem
1421 2591 1531 2619 dixeris.
1546 2591 1601 2624 Ne,
1618 2590 1736 2625 inquam,
1754 2589 1820 2616 mihi

1030 2649 1124 2670 narres
1134 2640 1201 2672 ista;
1218 2639 1265 2667 sed
1279 2639 1301 2666 si
1316 2638 1357 2665 vis
1369 2638 1461 2665 videre
1474 2637 1616 2665 discrimen
1639 2640 1765 2670 quantum
1787 2635 1824 2662 sit

1031 2694 1121 2722 regem
1135 2687 1205 2713 inter
1223 2688 1250 2712 et
1271 2682 1438 2711 sacerdotem
1449 2703 1457 2716 ,
1475 2681 1597 2717 expende
1613 2680 1720 2708 modum
1744 2684 1822 2714 pote-

1031 2733 1108 2760 statis
1122 2731 1227 2766 utrique
1238 2730 1352 2761 traditae,
1365 2728 1468 2757 videbis
1480 2728 1646 2756 sacerdotem
1661 2727 1744 2754 multo
1759 2725 1824 2752 sub-

1033 2779 1123 2807 limius
1144 2785 1208 2814 rege
1229 2777 1376 2805 sedentem.
1392 2776 1558 2810 Quamquam
1581 2774 1652 2802 enim
1678 2773 1755 2800 nobis
1776 2779 1822 2799 ve—

1034 2824 1182 2852 nerandum
1209 2822 1315 2850 videtur
1342 2821 1437 2849 solium
1464 2819 1566 2854 regium
1593 2819 1628 2846 ob
1653 2824 1773 2852 gemmas
1797 2815 1822 2843 ei

1033 2869 1146 2902 afﬁxas,
1174 2872 1201 2895 et
1225 2875 1317 2895 aurum
1346 2874 1398 2901 quo
1411 2866 1526 2892 cinctum
1540 2868 1582 2890 est
1601 2870 1608 2889 :
1625 2867 1714 2889 tamen
1733 2868 1822 2888 rerum

1037 2923 1202 2946 terrenarum
1218 2913 1474 2941 administrationem
1495 2910 1604 2939 sortitus
1626 2917 1673 2937 rex
1694 2913 1746 2938 est,
1772 2913 1822 2934 nec
