2046 3123
230 170 278 198 151

227 226 294 252 ultra
312 227 469 258 potestatem
493 221 561 249 hanc
575 222 717 257 quidquam
731 221 810 248 habet
830 221 994 248 auctoritatis
1011 230 1017 247 :

187 281 190 284 λ
228 277 322 297 verum
334 268 474 296 sacerdotii
496 268 592 295 solium
613 267 639 294 in
654 267 727 294 czclis
741 267 898 294 collocatum
920 272 975 298 est.
992 272 1019 294 et

227 313 343 341 caelestia
356 313 559 341 administrandi
575 312 656 340 habet
669 313 864 339 auctoritatem.
881 312 945 345 Quis
962 312 1020 339 ha-e

228 358 312 385 dicit?
322 358 380 393 Ipse
391 359 517 386 ett-lorum
532 359 598 386 Rex.
617 358 787 393 Qua‘cumque
797 358 867 385 cuitu
883 358 1018 393 ligaveritis

225 412 301 439 super
319 409 427 437 terram,
442 409 514 431 erunt
532 404 609 439 ligata
624 410 647 431 et
663 404 689 430 iu
707 404 775 430 cadis
790 411 799 430 :
818 409 842 430 et
856 412 1018 439 quacumque

225 451 347 478 solt-eritis
358 459 434 486 super
448 456 556 483 terram,
565 455 644 477 rerum
656 451 737 477 soluta
751 455 774 476 et
787 451 813 477 in
827 451 894 478 uelis
910 451 1016 486 (Matth.

227 498 270 525 16.
294 497 348 532 19).
365 497 433 531 Quid
453 505 513 525 eum
540 497 591 524 hoc
617 497 718 524 honore
740 496 855 524 conferri
879 497 980 532 possit?
996 499 1017 525 Α

226 543 438 579 terrajudicaudi
448 543 619 578 principalem
629 543 814 570 auctoritatem
825 544 1015 573 sumitcadum.

225 590 289 616 Nam
301 590 380 624 jndex
397 590 472 617 sedet
483 590 509 616 in
526 595 606 623 terra,
621 589 748 616 Dominus
763 591 883 625 sequitur
896 599 1013 625 servum,

226 641 254 662 et
266 636 394 671 quidquid
414 636 458 663 hic
472 636 497 663 in
513 635 683 663 inferioribus
699 636 841 670 judicarit,
857 637 909 666 hoc
922 638 966 666 ille
990 639 1016 666 in

224 682 347 717 supernis
359 682 524 717 comprobat.
537 682 628 717 Itaque
642 682 743 710 medius
755 687 806 710 stat
815 683 939 711 sacerdos
948 684 1018 712 inter

225 729 306 756 Deutu
318 733 344 756 et
357 733 477 756 naturam
493 729 647 761 humanam,
664 729 736 756 illinc
746 729 877 758 venientia
889 731 1016 759 beneficia

223 773 255 800 ad
272 781 320 811 nos
332 773 466 807 deferens,
481 779 508 801 et
523 778 628 801 nostras
640 775 780 809 petitiones
795 776 856 803 illuc
869 776 1014 811 perferens,

225 819 364 846 Dominum
380 819 474 846 irattnu
491 820 667 847 recottcilians
679 821 813 848 communi
830 826 931 849 naturae
944 843 952 855 ,
967 830 1015 850 nos

222 866 266 899 qui
289 865 449 894 offendimus
468 867 585 902 eripiens
603 876 636 896 ex
659 868 729 896 illius
755 869 885 897 manibus.
913 870 1015 899 Idcirco

224 911 292 939 Detts
307 912 392 947 ipsqu
404 914 492 948 regale
505 918 585 949 caput
596 915 743 942 sacerdotis
755 916 876 944 manibus
888 917 1013 951 subjecit,

222 965 271 984 nos
285 958 398 992 docens,
418 959 489 987 httnc
511 960 658 995 principem
672 969 732 989 esse
746 962 792 989 illo
811 963 939 998 majorem
956 965 1014 992 :si-

220 1003 326 1038 quidem
341 1004 365 1032 id
382 1005 452 1039 quod
469 1006 556 1033 minus
571 1011 629 1040 est,
646 1007 858 1036 benedictionem
871 1010 967 1044 accipit
980 1010 1014 1038 ab

221 1057 253 1076 co
287 1050 356 1084 quod
390 1052 561 1086 prmstaulius
589 1057 639 1080 est.
671 1053 770 1081 Verum
799 1054 833 1082 de
862 1055 1014 1084 sacerdotio

220 1100 370 1130 quantaqtte
385 1097 420 1124 sit
442 1098 512 1125 illius
535 1098 650 1133 dignitas
660 1120 667 1130 ,
682 1099 735 1126 alio
756 1104 877 1135 tempore
892 1101 1012 1129 declara-

221 1141 306 1168 bimus
324 1150 331 1168 :
349 1142 454 1170 interim
480 1144 683 1171 consideremus
705 1151 802 1180 quanta
826 1147 861 1174 sit
881 1148 951 1182 regis
971 1149 1012 1176 vel

221 1189 326 1222 tyranni
351 1190 438 1223 potius
453 1190 589 1225 iniquitas.
616 1191 754 1226 ingressus
774 1197 816 1220 est
835 1191 861 1220 in
883 1195 1010 1230 templqu

220 1233 341 1268 Domini,
357 1234 493 1268 ingressus
508 1241 548 1263 est
562 1241 589 1263 et
604 1237 711 1264 Azarias
724 1238 851 1266 sacerdos
864 1245 925 1275 post
939 1246 1013 1266 eum.

220 1280 260 1306 An
273 1285 372 1308 temere
387 1281 507 1309 dicebam
523 1283 691 1311 sacerdotem
707 1291 768 1319 rege
784 1285 912 1320 majorem
934 1287 1011 1314 esse?

218 1325 310 1360 Neque
319 1327 390 1354 enim
403 1332 431 1354 ut
440 1335 529 1363 regem
538 1327 682 1363 ejecturus,
692 1329 737 1357 sed
748 1335 776 1357 ut
786 1330 924 1366 profugum
934 1336 961 1359 et
971 1333 1012 1359 iu-

217 1377 321 1406 gratum
332 1372 461 1401 famulum
469 1374 640 1410 expulsurus,
651 1383 711 1403 cum
725 1376 893 1405 vehementia
910 1378 1011 1413 ingres-

217 1426 263 1447 sus
276 1424 331 1452 est,
346 1428 400 1448 non
413 1421 493 1448 aliter
506 1429 586 1456 quam
602 1430 750 1457 generosus
763 1424 837 1451 canis
851 1424 963 1452 incurrit
976 1425 1009 1452 ad

217 1465 348 1500 impuram
359 1466 481 1499 bestiam,
492 1472 522 1494 ut
537 1467 607 1494 illam
617 1467 704 1502 exigat
713 1468 746 1495 ab
759 1468 859 1496 aedibus
871 1469 1008 1497 lterilibtts.

251 1511 278 1538 2.
294 1511 402 1539 Fiducia
414 1513 549 1540 sacerdotis
559 1513 601 1548 qui
618 1512 707 1540 Otium
726 1515 858 1549 repressit,
873 1515 1009 1549 laudatur;

216 1557 304 1585 timida
327 1559 462 1593 impietas;
485 1559 603 1586 sacerdos
626 1560 751 1595 quomodo
774 1560 861 1588 debeat
885 1563 1011 1597 corripere

215 1604 363 1640 principem.
378 1619 414 1625 —
429 1605 521 1632 Vidisti
532 1606 678 1633 sacerdotis
690 1607 806 1634 animum
820 1609 901 1636 multa
915 1609 1008 1637 fiducia

215 1649 333 1682 plenum,
346 1650 497 1685 excelsique
509 1651 636 1685 spiritus?
650 1651 706 1679 Non
717 1653 863 1688 aspiciebat
878 1655 1011 1689 principa-

215 1699 256 1720 tus
270 1693 381 1728 fastum,
395 1702 447 1722 uon
460 1696 626 1730 expendebat
637 1701 736 1732 quanta
750 1705 793 1725 res
806 1703 876 1726 esset
890 1701 1007 1728 animum

214 1739 357 1773 cupiditate
372 1740 546 1768 temulentum
568 1741 713 1774 cohibere;
738 1750 789 1770 non
805 1743 928 1772 audiebat
943 1745 1008 1773 illud

213 1785 380 1813 Salomonis:
393 1785 472 1814 Mince
483 1788 547 1822 regis
557 1787 621 1814 sicut
631 1788 671 1814 ira
681 1788 760 1816 leonis
770 1789 779 1824 (
791 1789 868 1817 Prov.
882 1791 924 1818 19.
939 1792 971 1818 12
981 1794 1008 1827 );

213 1832 259 1858 sed
282 1832 391 1859 sublatis
404 1834 488 1860 oculis
502 1833 535 1861 ad
551 1842 642 1861 verum
659 1835 757 1868 Regem
773 1836 897 1864 cmlorum
907 1858 914 1870 ,
930 1842 1009 1872 atqtte

214 1877 278 1904 illud
295 1878 425 1911 tribunal,
440 1886 539 1914 easque
555 1887 647 1914 poenas
662 1881 850 1916 considerans,
866 1888 893 1911 et
909 1884 950 1912 his
965 1893 1009 1912 co-

213 1922 385 1954 gitationibus
399 1931 459 1951 sese
481 1925 602 1952 muniens
614 1947 621 1957 .
648 1925 775 1960 impetum
792 1927 854 1955 fecit
876 1929 902 1956 in
919 1935 1008 1965 tyrau~

214 1975 287 1995 num.
304 1968 418 1996 Noverat
432 1969 503 1997 enim
514 1991 521 2003 ,
537 1975 665 2005 noverat,
686 1972 810 2007 inquam,
829 1980 904 2002 certe
924 1976 1010 2004 minus

214 2014 283 2049 regis
295 2013 396 2042 similes
414 2022 474 2042 esse
488 2015 534 2043 irae
548 2016 634 2044 leonis
653 2017 790 2046 dumtaxat
809 2019 841 2046 iis
853 2021 898 2055 qui
912 2025 1008 2050 terram

213 2065 383 2094 spectarent:
406 2069 498 2089 verum
519 2062 618 2091 homini
639 2064 683 2099 qui
705 2065 800 2092 caelum
820 2065 934 2095 habebat
956 2076 1009 2102 prae

213 2108 312 2140 oculis.
326 2108 424 2143 quique
438 2109 478 2136 sic
491 2109 633 2138 induxerat
646 2111 763 2139 animum
773 2133 780 2145 ,
796 2117 825 2140 ut
838 2115 916 2141 vitam
931 2115 1009 2142 citius

215 2153 241 2179 in
257 2154 320 2188 ipsis
332 2153 419 2189 adytis
433 2154 597 2189 deponeret,
614 2164 692 2191 quam
707 2165 797 2185 sacras
817 2159 888 2194 leges
910 2161 1010 2188 sineret

215 2199 325 2232 violari,
338 2200 432 2233 quOVis
442 2207 508 2228 caue
520 2201 597 2228 vilior
609 2206 667 2229 erat
681 2202 736 2230 ille.
749 2204 819 2231 Nihil
831 2206 901 2233 enim
915 2214 948 2234 eo
961 2207 1011 2234 itu-

215 2245 351 2278 becillius,
367 2245 410 2280 qui
424 2245 526 2273 divinas
537 2247 676 2274 concaleat
689 2248 760 2283 leges
773 2270 780 2282 ,
797 2254 824 2277 ut
838 2256 929 2278 contra
943 2252 1008 2280 nihil

215 2290 348 2324 potentius
360 2298 392 2318 eo
407 2291 451 2325 qui
463 2291 536 2326 leges
548 2291 653 2321 divinas
665 2292 794 2322 defendit.
810 2295 874 2323 Nam
890 2297 940 2330 Qui
952 2306 1010 2332 pet:-

215 2341 296 2363 ratum
316 2337 464 2370 committit,
490 2346 576 2366 seruus
596 2344 633 2366 est
652 2341 748 2375 peccati
768 2341 864 2376 (Joan.
881 2344 907 2372 8.
923 2345 967 2372 51.
981 2345 989 2380 )
1001 2366 1007 2378 ,

214 2382 318 2410 etiamsi
341 2383 432 2411 decem
455 2385 535 2412 millia
559 2393 720 2415 coronarum
744 2388 840 2416 habeat
860 2389 886 2417 in
901 2391 1007 2426 capite:

213 2432 307 2455 contra
329 2429 352 2455 si
371 2430 431 2464 quis
448 2430 578 2464 justitiam
594 2438 719 2467 operatur
729 2455 735 2466 ,
751 2435 809 2470 ipso
824 2444 885 2471 rege
897 2437 1010 2472 regalior

214 2479 255 2501 est
265 2494 273 2507 ,
289 2474 393 2502 etiautsi
409 2475 488 2504 ftterit
502 2479 620 2506 omnium
636 2480 750 2508 infimus.
768 2482 830 2510 llaec
843 2483 886 2510 illc
900 2484 1010 2518 praecla-

214 2529 259 2548 rus
272 2521 343 2556 apud
358 2529 418 2549 sese
436 2523 655 2559 philosophatus,
670 2527 779 2555 adortus
793 2534 834 2556 est
852 2537 951 2565 regem.
966 2530 1009 2558 ln-

213 2566 366 2601 grediamur
381 2571 407 2595 et
421 2575 470 2595 nos
480 2589 487 2601 ,
504 2570 526 2596 si
540 2570 662 2604 videtur,
678 2580 738 2600 cum
754 2573 814 2607 illo,
832 2579 860 2602 ut
874 2575 1011 2605 videamus

213 2611 276 2645 quid
289 2611 412 2646 loquatur
423 2614 488 2649 regi.
503 2614 578 2642 Licet
589 2617 660 2643 ettim
673 2627 680 2644 :
696 2626 781 2653 neque
795 2620 953 2648 mediocrem
964 2621 1011 2649 ad-

214 2657 282 2685 feret
296 2657 437 2686 utilitatem
448 2681 455 2693 ,
467 2665 589 2695 spectare
599 2670 690 2697 regem
701 2671 716 2691 a
726 2665 865 2693 sacerdote
876 2667 1009 2704 redargui.

213 2703 283 2735 Quid
298 2703 375 2738 igitur
388 2704 451 2732 dicit
466 2706 611 2734 sacerdos?
625 2708 686 2735 Non
704 2709 760 2737 licet
774 2711 832 2745 tibi,
858 2712 936 2746 Ozia,
959 2703 1012 2741 rad-

215 2749 283 2776 olere
295 2750 425 2777 incensum
437 2751 548 2779 Domina
558 2752 602 2788 (2.
618 2753 708 2783 Paral.
719 2755 755 2784 26
764 2757 784 2792 ).
799 2757 857 2786 Non
870 2760 1012 2794 appellavit

214 2802 275 2822 eum
291 2803 380 2830 regem
391 2817 398 2830 ,
422 2805 509 2832 neque
530 2798 634 2834 imperii
650 2801 753 2829 titulum
770 2804 858 2837 dedit,
873 2805 934 2840 quia
954 2806 1012 2841 ipse

215 2842 382 2876 prtevenieus
398 2851 458 2871 sese
474 2844 601 2880 dignitate
621 2846 763 2882 dejecerat.
781 2850 873 2878 Vidisti
889 2852 1010 2880 fiduciam

214 2887 508 2919 sacerdotisiprotnde
533 2889 609 2920 disce
635 2899 662 2921 et
684 2897 926 2927 mansuetudinem.
953 2900 1009 2928 Non

602 164 780 193 SJOANNIS
801 165 1036 205 CllliYSUSTOMI
1057 165 1213 194 ARCllll-ZP.
1231 166 1495 194 CONSTAN'I‘INOP.

1824 174 1869 201 l3?

1074 222 1147 248 enitn
1161 221 1254 249 fiducia
1267 222 1342 250 nobis
1353 227 1454 250 tantum
1468 231 1533 259 optts
1548 229 1587 252 est
1597 225 1621 252 in
1636 226 1869 260 reprehemleinto.

1073 275 1163 294 verum
1180 269 1262 296 multo
1283 269 1366 304 magis
1388 277 1455 306 opus
1470 276 1510 297 est
1525 272 1726 300 mansuetudine
1747 281 1825 309 quam
1842 276 1870 303 li-

1072 313 1160 342 ducia.
1177 315 1242 348 Quia
1260 316 1330 343 enim
1346 317 1479 344 neminem
1495 318 1645 345 mortalium
1662 321 1700 346 sic
1714 327 1871 357 aversantur

1072 359 1237 395 oderuntque
1251 361 1267 388 ii
1283 362 1327 396 qui
1342 367 1451 397 peccant
1461 383 1469 396 ,
1483 368 1511 390 ut
1524 371 1584 390 cum
1598 364 1642 399 qui
1657 365 1870 400 reprchcnsurtts

1071 410 1110 432 est
1121 426 1129 438 ,
1145 406 1309 442 cupiuntqtte
1323 408 1491 436 occasionem
1506 409 1624 444 arripere
1634 430 1642 441 ,
1664 415 1692 437 ut
1711 411 1868 446 elabuntur,

1071 454 1098 476 et
1110 449 1236 485 effugiant
1249 452 1484 486 reprehensionem
1497 462 1504 483 ;
1522 461 1631 482 necesse
1643 459 1685 482 est
1699 460 1727 482 ut
1737 463 1784 483 eos
1798 465 1875 485 mau-

1071 498 1210 525 suetudine
1221 499 1438 534 immanitateque
1446 499 1616 527 retiueamus.
1625 501 1784 537 Objurgator
1795 503 1867 530 enim

1071 549 1124 569 uou
1149 543 1235 570 solum
1258 551 1318 571 cum
1345 552 1436 572 νοεειιι
1452 545 1566 579 proruit,
1588 553 1678 573 verum
1701 547 1780 574 etiam
1806 555 1866 576 cum

1070 588 1191 622 videtur,
1206 589 1293 624 gravis
1305 594 1346 617 est
1360 591 1528 624 peccantibus
1541 600 1548 619 :
1565 591 1654 619 Gratis
1669 593 1750 626 enim,
1766 594 1864 628 inquit,

1070 634 1140 661 nobis
1155 640 1190 661 est
1204 635 1277 662 etiam
1292 641 1395 671 aspectu
1417 636 1502 671 (Sap.
1517 636 1545 663 ἢ.
1563 637 1614 672 15)
1629 647 1635 665 :
1650 638 1710 665 ideo
1723 639 1864 674 plurimam

1069 680 1298 709 mansuetudinem
1317 687 1443 717 praestare
1464 688 1578 718 oportet.
1594 684 1657 712 ldeo
1679 685 1756 713 nobis
1776 694 1865 713 sermo

1069 725 1240 761 propheticus
1254 727 1287 754 ob
1300 728 1391 755 oculos
1405 729 1492 763 posuit
1504 733 1530 756 et
1544 736 1605 756 eum
1630 730 1674 764 qui
1690 731 1823 764 peccavit.
1837 737 1865 759 et

1068 780 1129 799 eum
1142 773 1186 808 qui
1206 773 1291 808 ipsum
1312 775 1447 810 corrigere
1469 775 1587 810 parabat.
1610 775 1714 804 Etenim
1731 778 1863 811 sapientes

1068 817 1163 844 medici
1178 826 1239 846 eum
1254 819 1372 847 membra
1395 821 1539 855 putrefacta
1555 821 1653 848 secturi
1669 827 1746 853 sunt,
1763 827 1807 849 aut
1823 823 1860 850 la-

1068 863 1143 898 pides
1156 863 1182 891 itt
1193 865 1322 892 meatibus
1334 865 1429 892 affixos
1443 866 1586 893 extracturi
1597 887 1603 898 ,
1618 871 1662 893 aut
1676 867 1747 894 aliud
1762 873 1862 896 naturae

1067 909 1159 936 vitium
1174 911 1318 938 correctori
1330 932 1338 944 ,
1361 918 1414 938 non
1431 911 1455 938 id
1473 911 1588 944 faciunt,
1603 919 1636 939 eo
1655 913 1699 947 qui
1720 913 1822 941 laborat
1835 915 1862 941 iu

1065 956 1191 990 angulum
1211 956 1338 989 abducto,
1355 957 1402 984 scd
1422 965 1454 985 eo
1472 957 1498 984 in
1521 958 1614 985 mediis
1637 957 1701 986 foris
1722 959 1860 994 deposito,

1066 1006 1205 1035 postquam
1219 1009 1269 1029 ceu
1281 1004 1412 1030 theatrqu
1427 1004 1644 1037 praetereuntium
1659 1003 1707 1031 sibi
1719 1011 1860 1039 pararunt,

1065 1046 1101 1073 ita
1116 1046 1221 1074 demum
1241 1047 1383 1075 admovent
1404 1049 1560 1076 seetionem.
1581 1048 1637 1076 Hoc
1655 1054 1743 1076 autem
1763 1050 1861 1078 faciunt

1066 1100 1118 1120 non
1131 1094 1202 1128 qttod
1219 1094 1299 1121 velint
1314 1095 1444 1122 humanas
1459 1095 1599 1123 traducere
1613 1095 1777 1124 calamitates
1788 1118 1794 1129 ,
1812 1098 1858 1125 sed

1065 1144 1093 1167 ut
1112 1140 1252 1176 unicuique
1273 1141 1387 1176 propria:
1410 1142 1533 1169 sanitatis
1552 1143 1739 1171 commendent
1757 1151 1857 1172 curam.

1064 1186 1155 1214 Itidem
1171 1191 1198 1214 et
1212 1188 1348 1223 Scriptura
1367 1187 1447 1216 facit:
1464 1188 1507 1216 ubi
1522 1196 1600 1224 quem
1616 1189 1727 1224 arripuit
1746 1198 1859 1225 peccau-

1064 1233 1146 1265 tium,
1162 1233 1214 1260 alta
1228 1240 1292 1261 rore
1305 1233 1378 1260 illum
1389 1234 1535 1262 curandum
1549 1235 1686 1270 proponit,
1699 1243 1752 1263 non
1764 1236 1789 1263 iu
1801 1244 1858 1264 mc-

1062 1277 1113 1305 diis
1129 1278 1191 1305 foris
1202 1298 1210 1311 ,
1226 1278 1273 1306 sed
1289 1279 1315 1306 in
1331 1279 1418 1306 media
1434 1284 1504 1307 terra
1519 1289 1525 1306 :
1541 1284 1568 1307 et
1591 1285 1763 1316 posteaquam
1779 1283 1858 1309 totius

1062 1324 1134 1351 orbis
1149 1324 1354 1358 circumsteterit
1369 1324 1519 1359 theatrum,
1537 1331 1592 1352 tum
1604 1326 1768 1354 curationem
1783 1326 1858 1354 adbi-

1063 1369 1124 1403 bet,
1140 1370 1266 1397 erudiens
1287 1377 1349 1404 nos,
1366 1375 1394 1397 ut
1414 1371 1484 1398 circa
1504 1371 1638 1406 propriam
1660 1372 1774 1399 salutem
1793 1379 1856 1399 cau-

1062 1417 1143 1444 tiores
1152 1417 1244 1444 simus.
1259 1417 1401 1445 Videamus
1414 1417 1493 1453 igitur
1502 1425 1556 1452 quo
1569 1422 1647 1452 pacto
1659 1418 1784 1446 sacerdos
1796 1424 1857 1446 tunc

1062 1463 1135 1490 illutn
1150 1463 1284 1498 corrigere
1297 1464 1331 1491 sit
1352 1471 1504 1499 aggressus.
1519 1463 1575 1491 Non
1590 1463 1675 1498 dixit,
1689 1463 1712 1491 0
1727 1464 1805 1499 impie
1817 1485 1824 1497 ,
1840 1472 1857 1492 ο

1061 1509 1283 1537 sceleratissime:
1306 1510 1394 1537 omnia
1418 1509 1568 1538 subvertisti
1590 1510 1803 1546 confttdistique,
1822 1511 1856 1539 ad

1061 1560 1207 1583 extremam
1231 1555 1393 1591 lmpietatem
1414 1557 1578 1591 prorupisti:
1599 1564 1686 1592 neque
1706 1565 1856 1585 sermonem

1059 1603 1237 1630 accusationis
1250 1603 1276 1630 in
1291 1603 1397 1637 longum
1412 1602 1536 1638 produxit
1548 1612 1556 1635 ;
1570 1603 1618 1630 sed
1631 1602 1855 1638 quemadmodum

1061 1649 1077 1675 ii
1091 1649 1135 1683 qui
1150 1652 1260 1682 secant,
1273 1648 1324 1677 hoc
1337 1648 1453 1676 breviter
1466 1647 1554 1676 facere
1574 1648 1700 1682 student,
1720 1649 1856 1677 celeritate

1060 1694 1185 1722 sectionis
1209 1695 1341 1722 cruciatus
1364 1702 1470 1722 sensum
1494 1694 1635 1722 fallentes:
1653 1695 1742 1723 itidem
1765 1700 1791 1723 et
1813 1695 1856 1723 hic

1060 1741 1231 1776 asperitatem
1245 1741 1436 1777 obiurgationis
1456 1741 1546 1776 paucis
1557 1741 1644 1769 verbis
1654 1741 1837 1776 constringens
1846 1762 1854 1774 .

1061 1788 1130 1822 regis
1145 1787 1307 1815 iracundiam
1319 1786 1447 1814 cohibuit.
1468 1787 1544 1821 Quod
1561 1787 1631 1814 enim
1652 1791 1693 1814 est
1712 1787 1738 1814 in
1760 1787 1792 1814 iis
1810 1787 1855 1823 qtti

1060 1833 1182 1861 laborant
1193 1833 1276 1862 sectio
1287 1833 1295 1849 ί
1306 1853 1314 1867 ,
1326 1833 1376 1861 hoc
1386 1834 1464 1861 estin
1476 1834 1509 1861 iis
1518 1833 1561 1868 qui
1574 1839 1683 1868 pereant
1694 1834 1854 1869 redargutio.

1061 1881 1179 1916 Denique
1203 1886 1301 1916 praeter
1321 1881 1372 1908 alia
1391 1881 1470 1908 etiam
1495 1881 1551 1915 ipsa
1575 1881 1703 1908 brevitate
1723 1881 1856 1908 sermonis

1060 1926 1271 1954 moderationem
1286 1927 1363 1955 nobis
1373 1926 1490 1954 exhibet.
1504 1926 1579 1960 Quod
1592 1926 1613 1954 si
1627 1926 1701 1960 cupis
1712 1927 1853 1954 verborum

1060 1980 1166 2007 quoqtte
1186 1973 1331 2000 sectionem
1351 1972 1443 1999 videre
1462 1975 1489 1999 et
1507 1971 1549 1998 ubi
1571 1971 1670 1998 ferrutn
1695 1972 1853 2004 occultarit,

1060 2017 1132 2045 audi.
1147 2017 1209 2045 Non
1221 2018 1295 2050 licet,
1309 2017 1410 2053 inquit,
1425 2018 1467 2044 tibi
1480 2018 1581 2044 adolere
1592 2018 1720 2045 incensum
1733 2017 1853 2050 Domino,

1059 2063 1104 2090 sed
1116 2064 1176 2090 solis
1190 2063 1359 2091 sacerdotibus
1368 2084 1376 2096 ,
1391 2063 1450 2097 ﬁliis
1461 2063 1546 2091 Aaron
1556 2083 1564 2097 ,
1579 2064 1738 2090 consecratis.
1753 2063 1801 2091 llic
1814 2064 1856 2091 in-

1062 2109 1128 2136 ﬂixit
1146 2109 1253 2137 vulnus.
1273 2108 1430 2142 Quomodo?
1447 2109 1503 2144 Ego
1521 2108 1617 2136 dicam.
1637 2108 1692 2136 Cur
1709 2109 1780 2136 enim
1801 2116 1854 2136 nou

1061 2155 1217 2189 simpliciter
1234 2154 1301 2182 dixit
1312 2175 1320 2188 ,
1337 2154 1533 2187 Sacerdotibus,
1554 2154 1600 2182 sed
1616 2153 1734 2188 addidit,
1749 2154 1856 2182 Aaron?

1061 2201 1085 2229 is
1105 2202 1204 2236 primus
1218 2201 1268 2229 fuit
1282 2202 1414 2236 pontifex,
1428 2200 1566 2236 simileque
1586 2201 1686 2228 facinus
1700 2201 1770 2228 illius
1786 2205 1854 2229 tetu-

1061 2248 1169 2283 poribus
1187 2247 1294 2282 quidatn
1313 2248 1370 2275 ausi
1391 2252 1469 2281 sunt,
1492 2246 1593 2274 Dathan
1611 2247 1682 2274 enim
1701 2254 1728 2274 et
1747 2247 1817 2275 Core
1828 2253 1856 2275 et

1061 2294 1320 2329 Abiron,conjurati
1339 2295 1466 2322 adversus
1487 2293 1559 2321 illum
1574 2301 1634 2321 cum
1654 2294 1713 2321 aliis
1733 2294 1854 2330 aliquot,

1062 2342 1202 2369 voluerunt
1217 2347 1244 2369 et
1258 2341 1306 2376 ipsi
1319 2341 1497 2369 sacerdotium
1510 2341 1584 2368 obire
1600 2340 1697 2376 (Num.
1714 2341 1758 2368 1ϋ.
1772 2346 1795 2368 et
1809 2341 1853 2369 νε.

1063 2388 1123 2415 105.
1139 2388 1183 2415 17.
1204 2387 1276 2422 18);
1292 2387 1338 2414 sed
1352 2387 1418 2414 alios
1431 2386 1537 2422 quidem
1551 2391 1621 2414 terra
1641 2386 1783 2414 dehiscens
1807 2387 1855 2414 ab-

1061 2433 1178 2467 sorbuit,
1194 2433 1260 2461 alios
1272 2440 1335 2461 vero
1349 2433 1383 2460 de
1396 2433 1463 2461 czelo
1474 2433 1587 2460 emissus
1603 2433 1670 2468 ignis
1682 2433 1792 2460 exussit.
1808 2433 1857 2459 llu-

1059 2479 1102 2514 jus
1116 2486 1180 2514 ergo
1194 2479 1311 2507 historiae
1323 2479 1414 2506 volens
1426 2479 1500 2506 illum
1514 2479 1746 2507 commonefacere
1756 2499 1763 2508 .
1778 2487 1855 2506 men-

1063 2526 1162 2553 tionctu
1182 2524 1244 2553 fecit
1257 2526 1369 2552 Aaronis
1381 2546 1388 2558 ,
1405 2525 1450 2560 qui
1470 2529 1533 2552 tunc
1551 2525 1599 2553 fuit
1619 2525 1713 2560 injuria
1727 2525 1853 2557 affectus,

1063 2576 1091 2598 ut
1101 2571 1135 2598 ad
1147 2571 1324 2599 calamitatem
1337 2579 1428 2599 eorum
1440 2571 1486 2607 qui
1499 2570 1617 2599 fecerant
1629 2571 1765 2606 injuriam,
1779 2572 1856 2607 hujus

1062 2618 1250 2652 cogitationem
1269 2617 1469 2645 transtnitteret.
1488 2617 1621 2645 Carterum
1642 2618 1707 2646 nihil
1722 2619 1779 2646 inec
1794 2626 1856 2653 pro-

1063 2664 1147 2697 fuere,
1159 2672 1211 2692 non
1225 2669 1334 2700 propter
1343 2664 1519 2698 sacerdotem,
1531 2664 1579 2692 sed
1592 2665 1626 2692 ob
1637 2665 1706 2701 regis
1718 2665 1855 2693 ferociam.

1063 2710 1128 2738 Cum
1140 2709 1210 2737 enim
1221 2710 1355 2738 debuisset
1366 2710 1474 2738 laudare
1485 2709 1650 2738 sacerdotem
1660 2731 1667 2742 ,
1682 2719 1783 2746 proque
1794 2719 1857 2739 con-

1096 2780 1104 2795 ι
1122 2781 1333 2814 Μθῃυεαῖρλῐοτυιῃ
1345 2779 1383 2814 alii
1395 2779 1504 2814 habent;
1517 2779 1584 2810 Quod
1595 2779 1659 2814 enim
1669 2783 1704 2805 est
1720 2780 1745 2814 in
1755 2781 1857 2814 vulneri-

1063 2809 1106 2836 bus
1117 2811 1206 2846 sectio;
1216 2809 1257 2835 alii
1270 2818 1275 2835 :
1290 2811 1356 2846 Quod
1371 2811 1434 2845 enim
1451 2814 1484 2845 est
1532 2811 1670 2846 corporibus
1681 2811 1762 2837 sectio.
1775 2812 1859 2846 melius

1064 2846 1146 2866 tamen
1158 2842 1258 2873 legitur,
1271 2843 1338 2872 Quod
1350 2842 1414 2867 enim
1424 2845 1458 2867 est
1469 2841 1496 2866 iu
1507 2841 1537 2867 iis
1552 2841 1595 2873 qui
1617 2842 1725 2867 laborant
1736 2843 1818 2869 sectio.
1832 2848 1856 2867 ιιι

1064 2873 1126 2905 legit
1137 2872 1254 2905 erasures,
1273 2880 1328 2904 qua:
1340 2872 1412 2897 lectio
1426 2873 1503 2903 probe
1511 2872 1653 2905 quadrata]
1665 2878 1804 2905 sequentia,
1815 2873 1859 2899 hoc

1064 2910 1098 2930 est
1110 2903 1135 2930 in
1147 2903 1177 2930 iis
1186 2904 1226 2936 qui
1239 2903 1337 2936 peccant
1351 2904 1496 2936 redmyuuo.
