2072 3122
177 137 226 164 135

174 197 233 225 silio
252 195 352 232 gratias
371 201 470 231 agere:
492 193 552 225 ille,
574 192 674 228 inquit,
695 191 845 227 indignatus
864 195 922 225 est,
937 193 966 218 et

174 244 269 271 vulnus
278 242 394 270 reddidit
403 241 534 269 acerbius.
542 239 634 274 Neque
643 239 713 266 enim
725 237 834 273 perinde
845 237 912 264 mala
923 244 968 265 res

173 295 213 318 est
231 294 384 325 peccatum,
405 292 484 322 atque
499 290 558 322 post
578 290 714 321 peccatum
733 283 905 319 impudentia.
921 283 968 310 At-

171 334 217 369 qui
228 343 280 362 non
292 334 388 362 eodem
401 333 481 361 modo
492 332 572 360 David
580 353 588 365 ,
600 331 647 358 sed
660 329 813 366 quomodo?
824 329 967 364 Postquam

173 391 185 407 a
198 381 299 408 Nathan
311 381 447 407 incusatus
457 383 528 405 esset
538 377 571 405 de
582 377 724 410 Bersabee,
735 375 842 403 Peccavi
851 395 859 409 ,
871 375 965 409 inquit,

174 428 282 454 Domino
299 427 342 463 (2.
359 426 421 461 Reg.
439 425 482 452 l2.
499 425 534 452 I5
551 423 571 459 ).

207 475 232 501 5.
258 473 366 500 Peccata
373 473 502 507 justorum
515 471 607 498 cedunt
617 470 643 497 in
657 469 758 496 bonum.
772 484 805 489 —
814 468 906 496 Vidisti
920 475 967 494 cor

173 520 332 547 eunti-itum?
345 519 431 546 vidisti
440 518 599 545 submissam
609 517 725 545 animum
733 516 745 542 ἲ
752 515 838 542 vidisti
850 519 879 542 ιιι
886 515 965 542 etiam

175 566 264 600 lapsus
279 571 433 592 sant-torum
448 564 501 591 sint
513 563 629 598 egregii?
642 561 870 596 Quemadmodum
894 560 966 588 enim

174 611 302 646 przcclara
323 617 435 645 corpora
456 610 536 637 etiam
557 609 582 636 iu
598 608 707 636 advcha
722 607 871 636 valetudine
884 607 966 634 multa

173 657 249 686 nobis
270 648 362 684 fortine
386 656 494 691 vestigia
519 654 684 682 ostendunt:
699 654 739 682 sic
765 658 792 681 et
812 657 965 681 sanctorum

172 704 269 731 anima:
291 703 316 730 in
338 702 403 737 ipsis
419 702 499 730 etiam
513 702 609 729 erratis
621 708 678 728 sua:
699 701 804 728 virtutis
822 701 896 735 signa
912 707 967 734 pra:

172 757 202 777 se
217 748 313 776 ferunt.
332 748 367 775 Et
380 753 467 775 tamen
481 747 525 774 ille
541 747 566 774 in
580 746 667 774 media
680 746 752 781 regia
765 745 939 773 accusabatur
951 753 967 773 a

174 794 303 828 propheta
315 793 406 820 multis
420 792 615 828 prmsentihus;
629 792 672 819 hic
683 799 747 819 vero
759 792 830 818 intus
845 792 870 818 in
882 791 968 826 adytis

175 839 248 866 nullo
262 843 330 866 teste
346 838 503 873 redargutus
515 842 573 870 est;
585 845 678 864 verum
694 844 727 864 ne
737 837 777 864 sic
790 836 897 871 quidem
909 836 968 863 tulit

173 885 393 920 iucrepationem.
419 884 487 918 Quid
510 884 610 919 igitur?
632 883 785 911 insanabilis
805 882 967 918 permansit?

171 932 355 967 Nequaquam,
371 936 480 966 propter
500 930 547 958 Dei
569 930 738 958 clementiam
757 938 763 956 :
779 929 826 957 sed
841 928 969 964 quemad-

175 978 283 1006 modum
295 977 330 1005 de
345 978 534 1011 lunatico,cum
548 976 670 1011 discipuli
680 983 733 1004 non
741 976 861 1003 valerent
870 974 968 1010 ejicere

174 1024 334 1051 daemonium
348 1044 355 1057 ,
372 1023 436 1051 dicit
450 1023 572 1050 Christus
587 1031 594 1050 :
611 1023 734 1049 Adducite
753 1022 815 1049 milii
837 1027 896 1047 eum
919 1021 969 1049 huc

174 1069 279 1104 (Matth.
295 1070 339 1097 17.
355 1069 401 1105 16)
414 1078 420 1096 :
434 1069 473 1097 sic
483 1073 511 1096 et
523 1069 576 1102 hic,
591 1076 651 1096 cum
665 1067 792 1096 sacerdos
810 1075 863 1095 non
880 1063 970 1102 posset

174 1117 295 1144 morbum
308 1117 402 1153 quovis
422 1117 556 1144 daemonio
571 1116 711 1143 suaviorem
722 1136 730 1148 ,
754 1122 850 1150 nempe
875 1121 969 1149 pecca-

175 1167 239 1196 tum,
261 1163 369 1198 ejicere,
394 1163 451 1198 ipse
472 1163 542 1190 Deus
556 1162 723 1190 laborantem
744 1161 907 1197 aggreditur.
936 1161 969 1189 Et

175 1209 238 1244 quid
250 1209 328 1237 facit?
345 1210 456 1244 Lepram
471 1208 588 1236 immittit
603 1208 681 1236 fronti
697 1208 788 1242 ipsius.
798 1206 907 1234 Factum
919 1212 966 1240 est,

175 1256 260 1292 inquit
272 1277 279 1290 ,
303 1265 358 1283 cum
373 1256 416 1283 ille
431 1256 569 1282 minaretur
583 1255 707 1282 sacerdoti
719 1275 726 1286 ,
741 1254 811 1289 lepra
825 1253 930 1288 eﬂloruit
943 1253 969 1280 in

173 1305 257 1338 fronte
267 1303 322 1338 ejus
336 1303 373 1338 (2.
388 1302 478 1330 Paral.
494 1301 538 1329 26.
555 1301 614 1336 l9),
628 1301 735 1336 jamque
749 1301 848 1333 exibat,
864 1299 932 1327 sicut
952 1299 968 1326 ii

174 1349 219 1382 qui
233 1348 265 1375 ad
281 1352 394 1375 monent
410 1347 576 1375 abducuntur
589 1346 678 1374 funem
694 1353 741 1374 ore
750 1350 885 1381 gestantes
892 1345 968 1372 dam-

174 1394 291 1421 nationis
316 1394 441 1428 signum,
468 1393 508 1420 sic
529 1397 557 1420 et
581 1392 627 1420 ille
643 1392 794 1427 ignominia:
815 1391 918 1426 signum
942 1391 968 1418 in

175 1439 263 1467 fronte
275 1443 393 1475 gestans,
414 1447 466 1466 non
482 1439 653 1466 carnificibus
675 1439 761 1474 ipsum
784 1437 948 1466 trahentibus
959 1458 967 1471 ,

175 1485 223 1512 sed
246 1485 319 1520 lepra
335 1486 394 1513 loco
409 1485 541 1513 carnificis
564 1485 650 1520 ipsum
676 1484 839 1519 prmcipitem
862 1488 967 1519 agente.

175 1531 315 1566 Ingressus
336 1536 365 1559 ut
385 1532 564 1559 sacerdotium
579 1535 720 1566 usurparet
733 1551 739 1563 ,
754 1531 835 1558 etiam
857 1538 968 1566 regnum

175 1577 293 1612 perdidit
309 1585 316 1603 :
332 1577 465 1611 ingressus
478 1582 519 1604 est
532 1581 562 1604 ut
582 1576 658 1604 fieret
670 1576 848 1607 venerabilior
860 1597 867 1608 .
883 1582 910 1603 et
929 1575 969 1602 fa-

175 1628 234 1650 ctus
256 1627 298 1650 est
317 1622 517 1651 exsecrabilior.
530 1622 596 1650 Nam
618 1630 679 1650 cum
705 1621 856 1649 immundus
881 1625 968 1654 esset,

175 1669 271 1704 quovis
284 1668 394 1696 homine
406 1669 509 1703 privato
523 1668 634 1703 posthac
645 1668 739 1695 vilior'
754 1671 821 1695 erat.
838 1667 912 1694 Adeo
926 1675 969 1695 res

173 1719 216 1743 est
229 1715 298 1742 mala
312 1723 364 1742 non
377 1722 486 1743 manere
499 1715 567 1742 intra
583 1714 648 1742 fines
660 1714 737 1741 nobis
750 1721 764 1740 a
779 1713 833 1740 Dco
849 1713 970 1748 praescri-

174 1767 246 1797 ptos,
269 1762 326 1790 sive
339 1762 450 1789 honoris
470 1762 526 1790 sive
541 1761 700 1796 cognitionis
714 1768 758 1788 res
771 1760 860 1788 fuerit.
876 1760 969 1787 Nonne

175 1809 251 1836 vides
265 1808 316 1837 hoc
330 1816 414 1841 mare,
430 1816 509 1843 quam
521 1812 563 1835 est
576 1808 613 1835 ob
627 1807 778 1835 violentiam
793 1805 967 1839 intolerabile,

175 1855 282 1890 quantis
299 1855 416 1890 insurgat
429 1854 571 1882 ﬂuctibus?
592 1855 715 1881 Attamen
731 1859 902 1889 posteaquam
921 1859 969 1880 ve-

175 1902 316 1928 hementer
327 1900 483 1933 insurrexit,
499 1900 636 1934 multoque
649 1907 708 1927 cum
725 1903 829 1927 tumore
843 1905 969 1934 progres-

174 1953 235 1973 sum
249 1950 299 1978 est,
315 1945 362 1972 tibi
377 1947 480 1973 venerit
489 1945 521 1972 ad
539 1945 679 1972 terminum
693 1944 742 1979 ipsi
755 1952 770 1971 a
782 1945 837 1972 Deo
850 1940 971 1979 pra-scri-

175 1996 251 2026 ptum
264 2011 272 2024 ,
289 1991 411 2018 fluctibus
431 1991 455 2017 in
476 1998 597 2025 spumam
613 1990 706 2017 solutis
720 1990 745 2017 in
759 1997 821 2017 sese
835 1990 912 2017 redit.
936 1989 970 2017 Et

173 2043 265 2065 tamen
280 2037 343 2072 quid
356 2045 436 2065 arena
451 2037 536 2072 possit
555 2044 614 2064 esse
633 2036 782 2064 inﬁrmius?
796 2036 893 2063 Verum
915 2043 968 2063 non

173 2085 220 2112 illa
234 2089 276 2112 est
289 2092 347 2119 qua:
360 2084 500 2119 prohibet,
523 2083 570 2110 sed
591 2083 649 2117 ejus
659 2087 746 2110 metus
758 2082 803 2117 qui
825 2082 980 2109 terminum‘

172 2131 275 2166 posuit.
289 2130 364 2164 Quod
378 2129 400 2157 si
415 2130 465 2156 hoc
475 2129 627 2163 exemplum
643 2136 694 2155 non
706 2133 731 2156 te
745 2132 851 2155 revocat
864 2127 898 2154 ad
913 2134 970 2154 mo-

173 2177 352 2210 derationem,
367 2184 426 2211 qurc
445 2176 516 2204 Olim
535 2175 689 2203 acciderunt
708 2175 831 2202 erudiant
851 2178 894 2206 te,
909 2181 968 2209 qua:

172 2230 247 2250 nunc
260 2230 275 2249 a
290 2222 367 2250 nobis
382 2222 453 2250 dicta
472 2226 543 2249 sunt.

213 2269 332 2296 Vindicta
340 2268 529 2296 mansuetudine
537 2272 683 2302 temperata.
693 2282 729 2288 —-
737 2267 833 2294 Verum
843 2266 967 2301 quoniam

172 2315 242 2342 iram
260 2315 307 2342 Dei
322 2314 436 2342 vidimus
448 2313 608 2349 dignamque
622 2313 760 2345 ultionem,
773 2319 822 2347 age
835 2317 861 2339 et
875 2311 969 2338 Imma-

173 2362 285 2388 nitatem
305 2360 362 2395 ejus
375 2360 538 2394 multamque
550 2359 701 2394 aequitatem
717 2361 966 2386 commonstremus.

172 2407 265 2441 Neque
279 2406 350 2434 enim
373 2413 403 2433 ea
425 2410 525 2432 tantum
540 2404 651 2432 dicenda
666 2408 737 2436 sunt,
759 2411 819 2438 qua:
834 2403 968 2437 pertinent

172 2453 205 2479 ad
233 2452 311 2485 iram,
334 2458 425 2479 verum
447 2451 525 2478 etiam
542 2458 601 2485 qua:
616 2450 648 2477 ad
663 2448 894 2477 mansuetudinem
907 2468 915 2480 ,
940 2451 968 2474 ut

173 2506 261 2533 neque
275 2498 301 2525 in
316 2497 529 2532 desperatiortem
539 2496 713 2531 conjiciamus
726 2495 871 2526 auditores,
881 2500 967 2529 neque

173 2545 199 2572 in
215 2544 377 2571 Socordiam.
392 2543 438 2571 Sic
461 2543 532 2570 enim
555 2547 582 2570 et
605 2542 702 2569 Paulus
726 2541 787 2568 facit
800 2548 833 2567 ex
856 2544 968 2574 utraque

173 2596 328 2625 temperans
338 2588 545 2616 admonitionem
560 2606 569 2619 ,
586 2587 656 2614 hunc
671 2587 697 2613 in
712 2585 820 2612 modum
833 2586 944 2619 loquens
958 2593 966 2612 :

178 2636 242 2664 Fide
253 2637 330 2671 igitur
343 2635 479 2662 bonitatem
489 2642 519 2660 ac
529 2634 682 2660 severitatem
695 2632 740 2659 Dei
752 2632 838 2668 (Rom.
857 2631 897 2658 II.
907 2631 965 2665 ‘22);

174 2690 227 2718 quo
249 2682 329 2710 simul
343 2686 372 2709 et
386 2686 488 2708 terrore
508 2683 536 2708 et
557 2679 626 2707 bana
647 2687 695 2714 spe
718 2679 817 2706 excitet
839 2686 899 2706 cum
922 2678 966 2713 qui

173 2729 264 2764 lapsus
278 2733 329 2755 est.
347 2726 444 2754 Vidisti
459 2725 628 2753 severitatem
649 2724 715 2752 Dei?
730 2723 790 2751 vide
813 2728 840 2751 et
862 2723 968 2750 bonita-

173 2775 244 2803 tem?
257 2773 397 2810 Quomodo
410 2773 489 2808 igitur
498 2771 646 2800 videbimus
657 2769 821 2799 bonitatem?
833 2769 861 2798 Si
869 2777 967 2805 cogno-

207 2861 213 2876 ‘
231 2869 303 2895 unus,
316 2866 383 2890 Teste
395 2862 490 2893 Savilio,
501 2862 576 2887 habet
589 2880 596 2893 ,
628 2861 742 2894 fragilior
756 2881 763 2893 ,
803 2865 856 2890 pro,
871 2857 946 2884 t'ifiur.

690 132 722 160 IN
741 130 853 165 ILLUD,
874 130 943 159 VIDI
964 129 1128 165 DOIIIINUM,
1150 132 1263 161 IiOiIIL.
1286 134 1316 162 V.

1761 143 1811 171 {'54

1021 190 1138 220 vcrimus
1151 201 1201 228 qua
1215 201 1244 222 re
1252 194 1348 230 dignus
1362 194 1440 223 fuerit
1454 196 1539 225 Ozias.
1552 198 1653 232 Quibus
1663 198 1747 233 igitur
1756 195 1814 229 er'at

1021 237 1170 273 dignus?Ut
1184 241 1262 268 simul
1276 247 1355 277 atque
1369 243 1436 271 intra
1450 251 1554 273 sacrum
1569 248 1727 276 vestibulum
1741 255 1812 279 tanta

1021 290 1080 311 cum
1093 285 1257 321 impudentia
1270 287 1419 323 irrupisset,
1433 290 1504 318 mille
1517 291 1678 326 fulminibus,
1692 300 1813 325 extremo

1021 331 1150 365 supplicio
1164 335 1335 370 cruciatuque
1346 335 1506 365 afficeretur.
1521 339 1548 367 Si
1562 339 1631 367 enim
1646 340 1683 368 illi
1696 342 1740 377 qui
1755 342 1812 371 lucc

1021 381 1135 412 primum
1151 383 1212 406 sttnt
1236 381 1312 413 ausi,
1334 382 1401 410 hanc
1416 384 1513 413 dedere
1539 394 1643 420 pmnam
1657 409 1665 422 ,
1690 390 1813 418 videlicet

1022 423 1135 458 Dathan,
1145 425 1214 453 Core
1227 431 1253 454 et
1263 427 1362 456 Ahiron
1377 429 1470 465 (Nam.
1484 431 1538 467 Ib),
1551 433 1634 460 multo
1647 436 1730 470 magis
1742 435 1813 464 hunc

1020 469 1054 498 ad
1064 478 1125 498 eum
1138 473 1244 501 tnodum
1258 475 1343 509 puniri
1356 478 1484 511 opertuit,
1494 480 1538 513 qui
1546 488 1578 507 ne
1590 469 1812 517 illorumrquidem

1019 517 1214 547 calamitatibus
1227 520 1307 548 fuerit
1319 523 1472 558 castigatus.
1495 524 1592 553 Verum
1616 526 1667 555 hoc
1681 535 1732 555 non
1750 528 1812 556 fecit

1021 563 1155 597 Deus,scd
1170 565 1241 599 prius
1254 566 1290 593 illi
1307 574 1445 596 sermones
1458 570 1574 598 admovit
1584 580 1631 606 per
1644 573 1812 602 sacerdotem

1021 609 1103 637 multa
1125 611 1216 644 plenos
1230 611 1394 641 humanitate
1413 623 1420 641 :
1436 615 1558 651 quodque
1572 616 1692 646 Christus
1713 619 1811 647 adhor‘

1022 660 1090 684 tatus
1105 662 1155 690 est,
1181 662 1210 685 ut
1223 658 1341 687 facerent
1354 660 1475 689 homines
1488 664 1592 697 quoties
1613 665 1638 692 in
1654 672 1684 692 se
1700 665 1811 694 invicem

1021 703 1197 736 peccaverint,
1213 704 1263 732 hoc
1278 705 1348 733 Dcus
1364 706 1423 734 feci;
1437 715 1497 743 erga
1514 708 1658 737 hominem.
1673 710 1738 738 Nam
1754 713 1810 739 ait:

1020 747 1084 775 Cum
1096 751 1233 784 peccaverit
1246 751 1271 778 in
1282 756 1305 778 te
1319 754 1398 788 frater
1410 758 1476 786 tuus,
1490 754 1540 787 abi,
1552 763 1629 790 argue
1641 765 1696 784 cunt
1715 758 1780 785 inter
1790 764 1813 785 te

1021 800 1044 822 et
1057 796 1139 831 ipsum
1155 797 1236 824 solum
1251 797 1357 831 (Matt/1.
1378 800 1421 827 18.
1439 800 1494 836 15).
1517 801 1563 829 Sic
1584 807 1611 830 ct
1632 811 1720 838 regem
1743 804 1814 832 hunc

1021 842 1155 878 redarguit
1169 844 1249 871 Deus.
1264 844 1297 872 Et
1317 845 1439 874 Christus
1452 847 1559 882 quidem
1575 849 1638 877 dicit
1653 859 1660 877 :
1677 850 1709 878 Si
1726 855 1749 878 te
1762 859 1813 878 non

1022 888 1130 915 audierit
1143 909 1151 922 ,
1167 889 1198 916 sit
1213 890 1256 917 tibi
1269 891 1335 918 velut
1350 892 1462 920 ethnicus
1475 899 1497 920 et
1512 894 1662 929 publicanus
1685 895 1764 932 (Ibid.
1787 906 1812 925 υ.

1024 934 1067 962 16.
1084 935 1129 969 17)
1144 944 1150 961 :
1167 940 1195 963 at
1212 936 1282 964 Deus
1302 937 1443 966 clementia
1464 940 1585 974 proprias
1607 942 1813 977 supergredieus

1022 980 1104 1016 leges,
1120 989 1168 1009 nec
1181 982 1219 1009 sic
1232 983 1337 1018 quidem
1354 984 1427 1012 illum
1444 987 1557 1014 resecuit
1567 1007 1574 1018 ,
1598 995 1647 1015 nec
1658 988 1749 1016 audire
1763 997 1812 1017 no-

1022 1025 1120 1053 lentem
1135 1027 1368 1064 indignantemque
1382 1029 1480 1064 dejecit
1491 1051 1498 1064 ,
1523 1031 1570 1059 sed
1585 1033 1679 1060 iterum
1693 1035 1814 1069 aggredi-

1022 1076 1066 1099 tur
1090 1073 1253 1108 castigatque
1278 1074 1358 1102 modo
1377 1077 1570 1104 correctionem
1595 1078 1710 1107 habente
1725 1081 1813 1115 potius

1022 1125 1101 1153 quam
1117 1119 1255 1148 ultionem.
1270 1120 1363 1156 Neque
1377 1123 1447 1149 enim
1464 1122 1562 1151 fulmen
1575 1125 1688 1153 vihravit
1701 1134 1716 1154 e
1730 1127 1813 1155 subli-

1022 1164 1068 1195 nti,
1083 1172 1171 1200 neque
1183 1166 1284 1193 exussit
1298 1167 1438 1201 impudens
1452 1173 1542 1204 caput,
1558 1170 1604 1197 sed
1621 1175 1723 1199 tantum
1740 1173 1811 1208 lepra

1021 1211 1169 1256 castigavit.
1185 1212 1272 1247 Atque
1287 1220 1317 1240 ca
1327 1213 1434 1248 quidem
1447 1223 1505 1250 quin
1519 1215 1591 1244 Oziac
1601 1217 1763 1253 acciderunt,
1776 1221 1814 1256 sic

1023 1255 1122 1284 habent
1138 1265 1145 1284 :
1161 1265 1211 1293 ego
1223 1266 1287 1286 vero
1298 1259 1320 1286 si
1337 1267 1416 1287 unum
1430 1261 1555 1296 quiddam
1568 1263 1656 1291 adhuc
1667 1265 1812 1300 addidero,

1022 1303 1128 1331 dicendi
1148 1304 1226 1332 finem
1252 1305 1357 1333 faciam.
1384 1307 1453 1341 Quid
1475 1313 1564 1337 autem
1580 1309 1631 1338 hoc
1653 1312 1713 1339 est?
1738 1312 1813 1346 Quod

1024 1353 1125 1387 pridem
1134 1354 1168 1382 ab
1180 1354 1256 1382 initio
1266 1356 1460 1391 querebamus,
1470 1366 1518 1386 cur
1525 1366 1586 1387 cum
1595 1360 1621 1386 in
1633 1360 1713 1388 rebus
1729 1365 1815 1389 exter-

1023 1399 1064 1426 nis
1081 1399 1160 1435 inque
1174 1401 1338 1436 prophetiis,
1357 1410 1452 1431 omnes
1465 1402 1723 1441 soleaut'designare
1746 1411 1813 1433 tem-

1023 1452 1086 1479 pora
1102 1446 1163 1473 vita:
1175 1454 1279 1482 regum,
1293 1447 1337 1475 hic
1351 1455 1384 1476 eo
1397 1451 1577 1484 prmtcrmisso
1586 1471 1594 1484 ,
1609 1455 1714 1486 tempus
1727 1457 1814 1480 sumat

1023 1500 1076 1527 quo
1092 1498 1213 1521 mortuus
1226 1494 1258 1521 sit
1273 1494 1361 1528 Ozias,
1375 1494 1408 1522 ad
1423 1495 1493 1523 hunc
1505 1495 1617 1531 loquens
1632 1497 1738 1525 tnodum
1757 1507 1764 1525 :
1782 1498 1814 1525 Et

1023 1540 1118 1574 factum
1131 1543 1167 1566 est
1179 1547 1256 1573 anno,
1270 1548 1319 1575 quo
1334 1544 1450 1568 mortou
1461 1546 1495 1569 est
1505 1541 1581 1570 Ozias
1594 1550 1639 1569 rea:
1651 1543 1660 1577 (
1667 1542 1728 1570 Isai.
1738 1543 1813 1579 6.1).

1023 1585 1057 1613 Et
1071 1591 1157 1614 tamen
1175 1590 1278 1621 poterat
1293 1588 1362 1623 regis
1382 1592 1436 1615 tum
1458 1591 1593 1625 regnantis
1608 1595 1713 1627 tempus
1724 1594 1812 1628 expri-

1023 1640 1108 1665 mere,
1124 1633 1346 1668 quemadmodum
1362 1634 1485 1662 omnibus
1500 1635 1638 1671 prophetis
1658 1645 1716 1664 mos
1731 1643 1787 1665 erat
1805 1648 1811 1666 :

1022 1685 1115 1706 verum
1130 1678 1155 1705 id
1170 1686 1223 1707 non
1240 1678 1311 1707 fecit.
1327 1679 1412 1713 Quam
1429 1679 1464 1708 ob
1482 1688 1588 1708 causam
1613 1682 1692 1717 igitur
1706 1691 1758 1710 non
1776 1683 1814 1711 fe-

1023 1725 1080 1752 cit?
1093 1725 1149 1752 Mos
1161 1729 1219 1753 erat
1231 1729 1307 1753 vetus
1322 1727 1457 1761 leprosum
1471 1735 1486 1755 e
1501 1728 1609 1756 civitate
1622 1729 1769 1764 expellere,
1786 1734 1813 1756 ut

1023 1776 1049 1798 et
1070 1771 1096 1798 hi
1112 1772 1156 1807 qui
1182 1772 1208 1798 in
1228 1772 1337 1800 civitate
1358 1773 1483 1801 vivebant
1503 1775 1600 1802 melius
1620 1774 1763 1808 haberent,
1787 1781 1814 1804 ct

1024 1817 1080 1852 ipse
1093 1818 1215 1852 leprosos
1239 1826 1291 1846 non
1306 1825 1378 1847 esset
1392 1820 1423 1847 iis
1437 1820 1482 1855 qui
1505 1821 1692 1849 contumeliam
1715 1821 1814 1850 inferre

1024 1865 1121 1892 vellent
1134 1870 1310 1893 scommatum
1320 1874 1351 1894 ac
1361 1865 1502 1894 derisionis
1515 1868 1629 1900 occasio,
1638 1868 1684 1895 scd
1698 1873 1727 1895 ut
1738 1874 1813 1896 εχει-ει

1023 1911 1156 1938 civitatem
1173 1919 1353 1945 commorans,
1374 1912 1544 1939 solitudinem
1558 1913 1609 1940 veli
1624 1913 1683 1941 Ioco
1704 1912 1815 1941 haberet

1023 1955 1159 1984 obtentam
1174 1956 1304 1985 adversus
1316 1957 1438 1993 injuriam
1450 1958 1617 1986 calamitatis.
1628 1958 1684 1986 IIoc
1690 1964 1716 1986 et
1726 1967 1813 1994 regem

1024 2002 1096 2030 hunc
1109 2003 1212 2038 perpeti
1225 2004 1343 2038 oportuit
1361 2008 1421 2039 post
1433 2004 1552 2039 Iepram;
1569 2005 1617 2032 sed
1632 2013 1684 2032 non
1705 2013 1813 2040 perpes-

1023 2056 1069 2076 sus
1083 2053 1132 2083 est,
1147 2049 1179 2077 iis
1193 2050 1238 2085 qui
1253 2050 1279 2077 in
1291 2050 1399 2077 civitate
1413 2054 1489 2077 erant
1503 2050 1575 2078 illum
1590 2051 1624 2079 ob
1636 2052 1814 2087 principatum

1023 2094 1222 2127 reverentibus,
1245 2103 1336 2123 verum
1352 2095 1476 2123 manebat
1497 2095 1570 2123 domi
1582 2104 1638 2124 sua:
1653 2097 1813 2126 clanculum.

1023 2140 1079 2168 Ilcc
1093 2141 1126 2168 ad
1142 2140 1303 2168 iracundiam
1327 2141 1479 2175 provocavit
1501 2141 1595 2176 Deum,
1622 2141 1675 2170 hoc
1696 2143 1814 2178 prophe-

1024 2186 1086 2214 tiam
1107 2187 1222 2227 inhibuit
1240 2196 1247 2214 :
1269 2187 1393 2222 quodque
1414 2192 1535 2223 tempore
1557 2188 1614 2216 Heli
1635 2188 1733 2226 factum
1754 2193 1812 2225 est,

1028 2232 1135 2260 Verbum
1151 2234 1288 2268 pretiosum
1302 2238 1355 2260 erat
1367 2254 1375 2266 ,
1400 2241 1445 2260 nec
1457 2238 1509 2260 erat
1523 2233 1585 2261 visio
1598 2233 1755 2270 distinguens
1775 2234 1813 2269 (ι.

1026 2278 1087 2314 Reg.
1102 2279 1129 2306 5.
1143 2279 1180 2314 I).
1205 2279 1244 2306 Tu
1256 2286 1320 2306 vero
1335 2279 1399 2306 mihi
1420 2279 1465 2306 hic
1489 2287 1595 2315 quoque
1613 2279 1753 2307 considera
1769 2281 1813 2308 Dei

1024 2325 1226 2353 humanitatem.
1252 2325 1308 2353 Non
1328 2326 1399 2353 enim
1414 2326 1544 2353 subvertit
1558 2326 1691 2353 civitatem
1703 2347 1710 2360 ,
1727 2335 1814 2362 neque

1023 2371 1139 2406 perdidit
1159 2371 1353 2405 inhabitantes;
1374 2371 1420 2399 sed
1440 2371 1511 2407 quod
1525 2371 1604 2398 amici
1627 2371 1728 2399 faciunt
1750 2380 1812 2407 erga

1022 2418 1139 2452 aequales
1155 2417 1265 2450 amicos,
1282 2417 1386 2452 quoties
1402 2417 1501 2445 habent
1513 2417 1611 2453 aliquid
1626 2417 1696 2452 quod
1718 2418 1814 2445 tnerito

1022 2464 1201 2500 expostulent,
1217 2464 1303 2491 obiter
1313 2464 1419 2491 silentio
1432 2463 1521 2491 ferunt
1532 2468 1718 2498 exspectantes
1732 2472 1739 2490 :
1763 2464 1814 2491 hoc

1022 2515 1050 2537 et
1065 2511 1134 2537 Deus
1149 2518 1211 2546 erga
1224 2515 1329 2545 gentem
1344 2510 1406 2537 facit
1421 2510 1522 2544 majore
1538 2517 1614 2544 ptena
1629 2510 1814 2545 supplicioque

1022 2556 1140 2591 dignam.
1157 2556 1223 2584 Nam
1239 2563 1289 2592 ego
1303 2556 1419 2591 quidem,
1435 2556 1530 2590 inquit,
1547 2555 1614 2590 ejeci
1627 2555 1701 2583 illum
1717 2563 1733 2583 e
1744 2559 1813 2582 tem-

1022 2604 1076 2638 plo,
1092 2610 1140 2630 vos
1154 2608 1242 2630 autem
1258 2610 1291 2630 ne
1305 2602 1438 2630 ercivitatc
1451 2602 1558 2637 quidem
1577 2609 1648 2637 :ego
1661 2601 1736 2629 illum
1754 2603 1813 2628 vin-

1022 2654 1093 2676 ctum
1108 2649 1192 2684 lepra,
1217 2650 1252 2676 ita
1267 2650 1396 2684 privatum
1409 2648 1523 2682 reddidi,
1548 2655 1595 2675 vos
1609 2653 1697 2676 autem
1720 2656 1754 2675 ne
1774 2649 1813 2675 sic

1022 2696 1129 2730 quidem
1142 2695 1286 2723 validiores
1300 2696 1422 2723 evasistis
1433 2716 1440 2729 ,
1456 2695 1502 2722 sed
1525 2702 1540 2722 a
1553 2702 1597 2722 me
1606 2694 1811 2722 condemnatum

1024 2752 1075 2771 non
1092 2743 1255 2771 sustinuistis
1277 2750 1293 2770 e
1306 2743 1413 2770 civitate
1436 2740 1596 2777 propellere.
1620 2741 1736 2769 Tametsi
1751 2741 1813 2776 quis

1021 2798 1069 2818 rex
1090 2790 1188 2817 factum
1206 2789 1256 2817 hoc
1273 2789 1404 2824 patienter
1418 2788 1521 2815 tulisset
1536 2808 1544 2821 ,
1569 2795 1656 2823 neque
1679 2786 1812 2814 civitatem

1024 2838 1141 2867 funditus
1153 2837 1338 2869 subvertisset,
1351 2841 1412 2863 cum
1430 2835 1532 2862 videret
1547 2841 1624 2867 eum,
1641 2833 1684 2868 qui
1700 2832 1724 2859 ia
1738 2832 1811 2859 exsi-
