2046 3123
251 140 302 168 {35

249 197 313 224 liunt
334 195 373 223 ire
383 195 473 230 jussus
489 197 574 223 esset.
592 193 617 220 in
634 193 740 220 civitate
755 191 934 219 commorari?
949 190 1046 217 Verum

251 245 321 272 Deus
335 244 386 270 hoc
400 250 451 270 non
467 242 549 274 fecit;
568 241 636 268 Deus
651 240 722 267 enim
733 242 801 270 erat,
819 246 872 264 non
889 237 979 264 homo.
995 235 1044 274 [ibi

251 298 314 317 vero
329 289 401 317 ﬁnita
416 293 456 316 est
468 289 544 322 hujus
556 288 618 319 vita,
630 287 708 313 simul
724 290 750 313 et
764 285 829 312 iram
842 284 970 311 adversus
985 283 1044 310 illos

250 336 393 371 deposuit,
410 333 610 369 prophetimqne
634 332 705 359 fores
728 332 841 366 aperuit,
858 337 890 358 ac
902 337 995 358 rursus
1010 330 1042 356 ad

250 389 297 408 eos
316 381 406 408 rediit.
420 380 460 407 'l‘u
476 387 541 407 vero
556 387 587 406 ex
607 377 832 405 reconciliationis
854 376 933 403 modo
957 376 1044 402 cousi-

249 427 314 454 dera
330 427 375 454 Dei
392 425 591 460 indulgentiam.
608 423 673 452 Nam
689 424 710 450 si
725 423 783 458 quis
797 422 1042 456 expenderitjusti-

253 462 295 500 tia:
315 472 477 505 rationem',
495 478 529 498 ne
551 475 606 498 tum
630 469 736 504 quidem
754 468 920 496 reconciliari
940 467 1042 494 debuit.

242 515 334 553 Quam
345 518 379 546 ob
391 525 497 545 cansam
508 517 592 550 ‘lQuia
610 523 662 542 non
677 515 781 542 illorum
794 522 873 548 opera
889 513 990 548 ejcctus
1003 518 1045 540 est

249 566 338 593 Ozias.
354 564 445 598 Neque
457 563 527 590 enim
544 563 579 589 illi
590 566 724 596 arreptum
739 561 892 595 abegerant,
913 559 959 587 sed
971 567 1043 586 mors

250 616 352 638 natura:
368 610 425 645 lege
439 609 631 644 superveniens
645 615 706 634 eum
722 611 786 634 tunc
805 614 820 633 e
832 606 940 633 civitate
952 605 1042 639 ejecit.

250 657 347 683 Verum
361 663 422 689 erga
437 663 486 682 nos
503 654 572 681 Deus
589 661 640 680 non
664 653 831 679 minimarum
855 658 943 678 rerum
958 657 1043 684 usque

249 702 316 729 adeo
330 702 459 728 rationem
475 700 565 732 habet,
575 699 621 727 sed
634 703 735 726 tantum
750 697 801 724 hoc
814 697 919 732 qmcrit,
934 696 1042 723 modum

249 755 310 775 sese
335 747 471 774 nobiscum
494 745 694 773 reconciliandi.
710 743 823 771 Proinde
838 751 918 776 super
934 743 975 769 his
989 750 1044 769 om-

249 793 326 820 nibus
339 793 438 828 gratias
448 798 559 827 agamus
573 791 622 822 illi,
638 789 816 825 glurilicemus
832 789 902 816 illius
918 787 1042 815 inell‘abi-

248 839 300 866 lem
320 838 510 873 benignitatem
533 846 540 863 :
561 844 611 871 qua
636 843 683 862 nos
709 843 803 862 omnes
830 834 925 870 dignos
950 833 1042 861 haberi

247 885 395 919 contingat,
411 883 496 918 gratia
510 886 538 910 et
558 881 741 909 miSericordia
758 880 886 915 unigeniti
908 879 967 907 Filii
984 879 1042 914 ejus

249 929 353 957 Domini
368 929 454 956 nostri
473 929 535 956 Jesu
546 927 656 958 Christi.
672 928 779 962 quicum
794 927 864 953 Patri
878 926 972 961 gloria,
991 925 1041 952 ho-

251 984 301 1004 nor
309 981 335 1004 et
349 976 490 1011 imperium
503 996 510 1008 ,
522 975 601 1002 simul
616 982 675 1000 cum
688 973 788 1008 θιὼ-ΠΗ
803 978 895 1000 sancto
905 993 912 1006 ,
933 980 1002 999 nunc
1016 977 1042 999 ct

246 1029 363 1057 semper,
378 1026 406 1049 et
421 1021 446 1048 in
461 1020 558 1047 secula
574 1019 744 1046 saeculorum.
761 1019 857 1046 Amen.

417 1087 555 1116 IlOHlLlA
576 1086 608 1114 lN
628 1086 808 1114 SERAPHlll.
826 1085 868 1113 Vl.

283 1158 309 1184 Ι.
325 1157 373 1184 Vix
396 1155 502 1183 tandem
524 1154 596 1182 Ozite
620 1155 729 1189 pelagus
750 1155 853 1181 emensi
875 1154 1041 1182 sumus:vix

246 1209 336 1230 autem
349 1209 441 1230 sumus
453 1202 554 1229 emensi
566 1221 573 1230 .
587 1208 640 1228 non
658 1205 767 1235 proiilcr
781 1201 883 1228 itineris
894 1201 1041 1236 longitudi-

247 1257 307 1277 nem
319 1270 326 1280 ,
341 1249 388 1276 sed
409 1253 517 1283 propter
530 1252 645 1275 vestram
657 1268 664 1280 ,
681 1247 725 1282 qui
741 1247 877 1274 nobiscum
893 1248 1022 1282 navigatis
1032 1267 1040 1279 ,

246 1295 366 1323 dicendi
386 1293 567 1329 cupiditatem.
584 1293 621 1321 lla
643 1293 804 1327 gubernatur
817 1294 896 1320 etiam
921 1299 1042 1321 vectores

247 1347 341 1368 nactus
348 1340 469 1368 curiosos
479 1344 506 1367 et
515 1339 716 1374 magnificarum
728 1347 816 1366 rerum
829 1339 931 1372 avidos,
943 1341 1041 1374 quique

248 1386 401 1422 peregrinas
414 1385 503 1413 videre
516 1385 634 1420 gestiunt
646 1385 778 1418 civitates,
788 1393 839 1412 non
852 1393 905 1412 uno
917 1385 960 1412 die
971 1385 1040 1412 viam

246 1431 442 1466 euulicithlicet
455 1431 533 1458 unius
543 1431 595 1458 diei
612 1430 692 1458 fuerit
707 1431 884 1464 intervallum,
902 1431 948 1458 sed
965 1432 1042 1466 longe

247 1479 306 1513 plus
321 1477 448 1512 temporis
462 1481 549 1504 terere
560 1477 677 1511 cogitur,
690 1476 752 1503 dum
767 1476 799 1503 ad
816 1477 934 1512 singulos
951 1483 1041 1511 portus

247 1523 336 1550 navim
350 1523 469 1558 appellit,
484 1527 512 1549 et
526 1522 642 1557 singulas
656 1522 758 1557 ingredi
772 1523 852 1549 urbes
865 1523 941 1555 sinit,
956 1529 1040 1550 uteo-

246 1577 303 1597 rum
315 1570 360 1604 qui
370 1576 461 1596 secum
477 1569 599 1604 navigant
610 1569 747 1604 cupiditati
758 1570 892 1605 quidpiam
904 1570 1040 1605 largiatur.

248 1616 302 1642 lloc
313 1623 326 1640 a
342 1615 418 1641 nobis
431 1621 536 1650 quoque
550 1615 647 1641 factum
662 1620 720 1647 est,
737 1615 799 1642 dum
817 1624 869 1642 non
884 1616 984 1644 circum
999 1617 1041 1644 in-

245 1662 318 1688 sulas
346 1661 500 1696 navigaturus
512 1681 519 1693 ,
544 1668 594 1688 nec
619 1661 737 1696 emporia
751 1682 758 1694 ,
778 1666 870 1695 portus
884 1682 891 1695 ,
909 1662 1041 1697 urbesque

246 1712 425 1735 monstramus
435 1727 442 1738 ,
459 1707 505 1734 sed
522 1707 638 1734 virorum
651 1726 659 1739 ,
674 1707 717 1741 qui
733 1708 858 1741 praeclare
871 1716 900 1735 se
913 1716 1020 1743 gessere
1032 1729 1039 1742 ,

245 1754 370 1780 virtutem
383 1774 389 1785 ,
405 1758 433 1780 et
456 1760 550 1780 eorum
561 1773 569 1785 ,
585 1753 629 1788 qui
649 1753 714 1788 lapsi
737 1758 800 1780 sunt
812 1773 819 1784 ,
834 1753 1021 1789 negligentiam
1032 1756 1053 1789 ,⁷

245 1800 315 1834 regis
338 1799 528 1834 impudentiam
540 1819 547 1831 .
565 1799 711 1826 sacerdotis
735 1799 761 1826 in
784 1799 917 1835 loquendo
932 1801 1041 1828 liberta-

242 1850 296 1873 tem
310 1865 318 1877 ,
336 1844 400 1870 iram
417 1844 462 1872 Dei
476 1851 508 1871 ac
526 1844 714 1878 benignitatem
728 1864 735 1878 ,
752 1852 864 1880 quarum
884 1850 996 1881 utraque
1008 1847 1041 1874 ad

244 1889 460 1920 emendationem
483 1889 618 1917 tendebat.
637 1890 696 1917 Jam
721 1898 784 1918 vero
805 1899 865 1917 cum
888 1892 921 1918 ad
942 1893 1040 1927 regiam

242 1933 379 1962 civitatem
397 1935 597 1968 pervenerimus
610 1956 617 1968 ,
630 1943 664 1963 ne
677 1941 834 1963 cuuctemur
849 1937 962 1972 amplius
972 1959 979 1970 ,
994 1939 1040 1966 sed

246 1988 294 2007 nos
310 1980 381 2013 ipsos
393 1984 526 2014 tamquam
542 1981 566 2006 in
580 1981 672 2007 urbem
685 1981 826 2016 ingressuri
839 1990 1040 2018 eoruponamus,

243 2029 274 2052 ut
287 2024 327 2051 sic
340 2024 373 2051 ad
388 2025 524 2052 etclestem
540 2026 708 2059 metropolim
722 2028 897 2055 ascendamus
910 2050 917 2060 ,
930 2029 1040 2057 Jerusa-

245 2070 296 2097 lem
307 2091 313 2101 ,
331 2070 449 2097 omnium
472 2075 592 2098 nostrum
606 2077 718 2099 matrem
734 2094 742 2106 ,
759 2082 817 2108 qua:
834 2074 915 2101 libera
939 2080 996 2106 est.
1014 2076 1040 2104 in

243 2125 294 2150 qua
309 2116 449 2151 Seraphim
459 2138 466 2149 ,
481 2117 506 2144 in
520 2125 571 2152 qua
584 2118 727 2146 Chcrubim
737 2140 744 2149 .
759 2120 785 2146 in
800 2128 850 2156 qua
863 2121 944 2148 multa
959 2123 1040 2150 millia

242 2163 463 2198 archangelorum
476 2184 484 2195 ,
497 2169 525 2190 et
538 2164 676 2192 innumera
692 2166 845 2200 angelorum
861 2188 870 2200 ,
886 2168 930 2195 ubi
944 2169 1040 2196 solium

243 2213 284 2235 est
300 2209 414 2243 regium.
429 2208 514 2236 Nemo
527 2209 605 2244 igitur
622 2210 748 2245 profanus
760 2212 839 2245 adsit,
855 2221 933 2241 nemo
947 2215 1037 2249 piacu-

245 2255 327 2282 laris:
340 2255 451 2291 mystice
468 2256 566 2290 quippe
580 2257 656 2283 nobis
668 2258 843 2291 suscipiendae
864 2266 924 2287 sunt
946 2269 1040 2288 naria-

244 2301 330 2328 tioncs
343 2309 349 2327 :
361 2301 512 2328 immundus
526 2309 615 2335 nemo,
627 2306 653 2329 et
668 2302 717 2330 hoc
727 2303 876 2332 auditorum
889 2310 958 2332 coetu
972 2307 1041 2334 adsit

246 2347 387 2381 indignus:
402 2348 455 2374 imo
469 2355 533 2374 vero
547 2347 675 2383 profanus
690 2353 716 2376 et
740 2350 881 2384 piaeularis
900 2352 968 2379 adsit
983 2354 1041 2387 qui-

244 2393 284 2418 vis
295 2413 301 2423 ,
313 2393 359 2419 sed
372 2393 444 2420 omni
459 2392 523 2420 foris
545 2394 696 2429 impuritate
711 2400 789 2431 atque
811 2396 979 2432 improbitate
993 2399 1040 2427 de-

245 2437 329 2471 posita
344 2438 382 2464 sic
397 2438 568 2472 ingrediatur.
581 2439 657 2467 lllum
669 2441 750 2473 enim,
765 2442 809 2476 qui
823 2449 910 2470 vestes
925 2443 1040 2472 habebat

244 2482 384 2514 sordidas.
399 2484 489 2517 sponsi
511 2489 587 2520 pater
609 2494 624 2513 e
652 2487 741 2521 sponsi
764 2488 883 2515 conclavi
910 2497 1039 2525 sacroque

243 2529 359 2556 thalamo
382 2531 497 2564 expulit,
514 2539 565 2558 non
581 2532 651 2567 quod
670 2533 792 2561 sordidas
811 2540 899 2564 vestes
918 2537 1037 2571 haberet,

243 2576 289 2602 scd
305 2575 375 2611 quod
390 2584 435 2603 cas
449 2577 549 2605 habens
561 2583 633 2606 esset
649 2580 793 2618 ingressus.
807 2581 898 2617 Neque
915 2584 986 2610 enim
1001 2584 1037 2612 illi

242 2621 318 2655 dixit,
328 2623 381 2650 Cur
397 2628 497 2651 vestem
512 2625 653 2659 nuptialem
669 2635 719 2653 non
734 2627 837 2656 habes?
849 2629 906 2663 sed,
922 2629 974 2658 Cur
987 2640 1038 2659 non

242 2668 337 2713 habent
351 2673 441 2695 vestem
462 2670 599 2704 nuptialem
614 2671 662 2698 huc
679 2673 779 2700 intrasti
794 2674 899 2709 (Matth.
911 2675 955 2703 22.
973 2677 1038 2713 12)?

241 2712 350 2748 Stabas,
365 2713 459 2750 inquit,
477 2716 630 2745 mendicans
643 2718 669 2745 in
686 2719 770 2747 triviis
780 2741 787 2751 ,
802 2729 888 2757 neque
902 2726 953 2750 tua:
969 2732 1035 2758 pau-

273 2791 284 2829 ξ
289 2828 292 2829 ν
300 2791 367 2821 tegit
378 2795 503 2829 Erasmus:
518 2797 575 2829 .yam
585 2793 606 2819 si
620 2799 682 2820 nens
690 2797 841 2829 expendissct
848 2799 951 2829 institvit
962 2803 1036 2828 ratio-

239 2827 303 2864 racttt,
316 2823 454 2864 (poclis-uio
466 2824 584 2855 quadrare
598 2833 644 2850 non
657 2823 761 2859 videtur,
774 2836 819 2855 uec
831 2823 858 2854 iii
867 2823 1035 2864 quot-{iani

239 2854 319 2877 etcum
332 2858 421 2878 uestro:
428 2862 466 2878 um
476 2854 610 2886 conrueret.

600 135 629 164 S.
650 134 788 164 JOANNIS
808 133 1041 162 CllilVSOS’l'OMI
1061 133 1219 162 ARCIIIEP.
1238 133 1504 162 CONSTANTINOP.

1849 136 1898 164 156

1101 191 1211 225 portatis
1225 198 1267 218 me
1283 191 1394 226 puduit,
1409 192 1579 226 ignominiam
1598 197 1668 220 tuam
1682 200 1734 220 non
1749 193 1895 228 exhorrui,

1100 236 1147 264 sed
1163 236 1196 263 ab
1209 236 1251 263 ilia
1274 237 1345 264 omni
1359 237 1458 264 vilitate
1473 237 1614 265 liberatum
1636 239 1661 265 in
1676 247 1781 266 sacrum
1797 245 1823 267 te
1835 240 1894 267 tha-

1100 283 1198 310 lamum
1213 283 1357 317 introduxi,
1374 284 1444 319 regia
1461 291 1536 311 coena
1549 292 1607 311 sum
1621 285 1755 320 dignatus,
1769 290 1796 313 et
1809 291 1895 313 extre-

1101 337 1144 356 mo
1159 329 1287 364 supplicio
1308 329 1415 365 dignum
1434 331 1466 357 ad
1488 339 1639 365 supremam
1655 323 1762 366 provexi
1779 332 1892 368 digllita~

1101 379 1153 401 tem
1167 383 1173 401 :
1186 379 1212 401 at
1226 379 1252 402 tu
1267 383 1300 402 ne
1311 374 1448 403 beneﬁciis
1461 375 1568 410 quidem
1585 375 1668 403 factus
1681 384 1710 404 es
1723 377 1818 405 melior
1827 398 1835 411 ,
1848 379 1895 404 sed

1101 421 1126 448 in
1139 421 1214 448 solita
1229 422 1403 456 perversitate
1416 422 1547 456 mansisti,
1558 427 1586 450 ct
1597 430 1656 450 cum
1673 423 1699 450 iu
1711 425 1826 459 nuptias,
1839 429 1894 452 tum

1100 467 1125 495 in
1135 475 1262 502 sponsum
1277 469 1361 502 ipsum
1374 469 1584 496 contumeliosus
1595 469 1676 496 fuisti.
1690 470 1737 498 Abi
1748 478 1812 505 ergo
1824 470 1895 498 dein-

1098 522 1170 549 ceps.
1187 519 1214 541 et
1227 514 1329 541 debitas
1341 519 1413 542 tanto
1426 516 1526 550 stupori
1542 523 1634 550 ptenas
1648 516 1720 543 dato.
1735 516 1829 544 Videat
1843 518 1893 552 igi—

1099 564 1141 588 tur
1159 561 1340 596 unusquisque
1357 567 1475 588 nostrum
1489 583 1495 593 ,
1510 570 1542 588 ne
1556 561 1623 590 forte
1639 563 1716 590 talem
1732 570 1824 591 vocem
1846 572 1893 590 au-

1098 607 1150 633 diat
1166 628 1173 640 ,
1189 611 1217 634 et
1230 608 1301 634 omni
1323 608 1427 642 abjccta
1446 608 1606 643 cogitatione
1642 617 1701 644 qua:
1713 610 1843 644 spirituali
1859 611 1894 637 sit.

1098 652 1203 688 indigna
1218 652 1337 680 doctrina
1351 674 1358 686 ,
1374 654 1408 680 ita
1421 661 1505 681 sacrm
1525 661 1625 682 mensa:
1639 656 1771 690 particeps
1789 656 1842 683 ﬁat.
1859 656 1892 683 Et

1097 701 1192 734 factum
1207 704 1251 731 est,
1268 700 1362 735 inquit,
1375 701 1401 727 in
1415 708 1493 734 anno,
1507 709 1556 736 quo
1571 706 1684 729 mortuus
1696 707 1732 729 est
1747 702 1824 729 Ozias
1835 711 1890 735 rex,

1096 746 1147 772 vidi
1157 744 1293 773 Dominum
1304 746 1430 773 sedentem
1442 747 1468 773 in
1482 748 1545 774 solio
1560 748 1657 775 excelso
1672 753 1694 775 et
1706 748 1800 776 elevato
1813 749 1888 784 (lsui.

1095 791 1122 819 6.
1141 792 1176 828 l).
1194 792 1334 825 Quomodo
1346 793 1449 826 viderit,
1464 794 1573 821 minime
1584 795 1654 821 novi.
1667 793 1701 822 Se
1711 795 1783 822 enim
1793 795 1890 823 vidisse

1095 837 1179 871 dixit,
1193 838 1327 872 quomodo
1346 843 1435 865 autem
1459 839 1555 866 viderit
1567 860 1574 872 ,
1596 839 1695 867 tacuit:
1709 840 1813 874 excipio
1831 848 1890 875 qua:

1096 883 1166 910 dicta
1181 888 1242 911 sunt
1253 905 1260 915 ,
1275 892 1334 919 qua:
1347 884 1452 911 silentio
1467 892 1610 920 suppressa
1622 890 1684 913 sunt
1695 905 1703 918 ,
1719 887 1823 913 curiose
1837 893 1890 913 non

1098 929 1201 963 inquiro
1216 937 1293 964 :qu:e
1317 930 1432 957 revelata
1449 935 1529 964 sunt,
1546 931 1664 966 intelligo
1676 949 1685 962 .
1696 939 1754 966 quae
1767 936 1829 958 sunt
1843 939 1890 958 oc-

1095 977 1204 1008 eultata,
1221 984 1273 1003 non
1289 981 1414 1004 scrutor:
1429 977 1527 1004 idcirco
1544 985 1657 1012 namque
1672 982 1734 1004 sunt
1746 978 1888 1005 occultata.

1095 1022 1192 1057 Pupius
1205 1027 1246 1050 est
1259 1030 1354 1057 aureus
1367 1023 1497 1058 expositio
1507 1023 1773 1058 Scriptitr:e,stamen
1785 1029 1826 1051 est
1840 1031 1889 1050 au-

1094 1077 1163 1101 rum,
1174 1070 1330 1104 subtegmen
1341 1077 1446 1097 aurum.
1461 1071 1624 1097 Aranearum
1635 1070 1700 1097 telas
1716 1077 1768 1097 non
1783 1075 1888 1098 attexo:

1094 1116 1155 1143 novi
1169 1117 1359 1151 cogitationum
1371 1125 1488 1145 mearum
1503 1117 1722 1145 imbecillitatem.
1735 1117 1798 1144 Nati
1809 1122 1890 1144 trans-

1094 1162 1160 1197 [erre
1173 1163 1292 1190 terminos
1305 1163 1421 1196 antiquos
1433 1183 1440 1196 ,
1456 1163 1540 1198 inquit
1552 1184 1560 1196 ,
1573 1171 1636 1198 quos
1648 1167 1784 1198 posuerunt
1806 1168 1889 1198 putres

1094 1209 1130 1235 tui
1141 1208 1231 1243 (Prov.
1243 1209 1288 1236 22.
1304 1209 1360 1244 28).
1373 1209 1514 1237 Terminos
1531 1216 1640 1237 movere
1655 1213 1740 1236 tutum
1761 1217 1813 1236 non
1826 1215 1887 1237 est:

1093 1259 1120 1282 et
1135 1262 1187 1289 quo
1210 1260 1287 1290 pacto
1300 1275 1306 1286 ,
1323 1262 1382 1290 qua:
1404 1255 1474 1283 Deus
1493 1255 1580 1289 posuit
1591 1276 1599 1287 ,
1615 1255 1828 1282 transferemus?
1844 1255 1889 1282 Vis

1093 1301 1208 1333 discere,
1220 1300 1354 1336 quomodo
1368 1301 1463 1328 viderit
1478 1300 1582 1328 Deum?
1595 1300 1615 1328 F
1618 1301 1656 1328 ias
1672 1305 1698 1327 tu
1711 1308 1816 1336 quoque
1829 1309 1890 1336 pro-

1095 1346 1184 1381 pheta.
1199 1347 1248 1380 Qui
1260 1347 1315 1374 ﬁeri
1330 1351 1415 1381 potest
1429 1347 1480 1374 hoc
1491 1368 1498 1380 ,
1513 1347 1626 1382 inquies,
1640 1354 1701 1374 cum
1713 1355 1825 1374 uxorem
1839 1347 1888 1374 ha-

1095 1391 1170 1420 beam
1183 1413 1190 1424 ,
1207 1400 1266 1420 cum
1288 1392 1353 1420 mihi
1366 1401 1438 1420 curat
1451 1394 1484 1421 sit
1499 1393 1621 1420 educatio
1637 1393 1805 1421 liberorum?
1819 1393 1888 1421 Fieri

1094 1438 1201 1474 quidem
1217 1444 1318 1474 potest,
1334 1440 1356 1467 si
1372 1440 1453 1472 velis,
1466 1440 1613 1467 carissime.
1628 1439 1694 1467 Nam
1709 1444 1736 1467 et
1750 1441 1807 1474 ipse
1821 1447 1886 1467 uxo-

1093 1492 1150 1512 rem
1167 1485 1266 1517 habuit,
1281 1490 1309 1513 et
1323 1486 1436 1513 duorum
1450 1490 1524 1521 pater
1537 1486 1637 1513 eXstitit
1652 1486 1807 1519 liberorum,
1823 1486 1888 1513 nihil

1094 1535 1181 1558 tamen
1197 1530 1291 1558 horum
1306 1531 1493 1566 impedimento
1508 1531 1544 1559 illi
1560 1531 1615 1559 fuit.
1627 1532 1718 1567 Neque
1730 1533 1800 1559 enim
1812 1532 1888 1559 nobis

1094 1578 1310 1613 impedimentum
1335 1584 1376 1606 est
1397 1579 1497 1607 itineris
1509 1579 1541 1606 ad
1560 1587 1669 1614 regnum
1685 1579 1809 1607 ctelorum
1824 1587 1888 1606 cono

1091 1624 1193 1659 jugium
1207 1633 1213 1651 :
1225 1625 1350 1660 quoniam
1370 1626 1392 1652 si
1410 1625 1627 1660 impedimentum
1642 1630 1724 1658 esset,
1739 1630 1767 1653 et
1779 1625 1888 1652 insidias

1094 1669 1172 1696 nobis
1196 1675 1317 1704 paralura
1339 1670 1432 1698 ruisset
1454 1678 1539 1702 uxor,
1562 1678 1623 1697 cum
1643 1677 1702 1698 eam
1717 1677 1732 1696 a
1758 1669 1888 1704 principio

1093 1719 1196 1743 crearet
1220 1716 1308 1748 Deus,
1331 1716 1487 1750 adiutricem
1512 1724 1565 1743 non
1592 1716 1763 1751 appellasset.
1787 1716 1887 1742 Vellem

1092 1761 1216 1796 equidem
1225 1761 1323 1795 dicere,
1334 1762 1459 1797 quidnam
1469 1762 1503 1789 sit
1513 1763 1594 1789 Deum
1604 1762 1697 1790 sedere
1706 1771 1712 1789 :
1722 1770 1806 1798 neque
1817 1763 1887 1790 enim

1094 1807 1164 1834 Deus
1177 1807 1252 1835 sedet
1265 1817 1271 1835 :
1283 1815 1345 1835 cum
1359 1808 1401 1835 hic
1414 1809 1447 1835 sit
1462 1816 1603 1843 corpouun
1619 1809 1696 1842 situs,
1715 1809 1786 1836 Deus
1799 1813 1887 1836 autem

1092 1854 1128 1881 sit
1140 1856 1321 1889 incorporeus.
1872 1877 1878 1889 .

1127 1900 1154 1926 2.
1176 1900 1312 1935 Seraphin:
1333 1901 1444 1937 dignitas
1469 1902 1589 1929 maxima.
1608 1916 1645 1922 —
1669 1901 1769 1928 Vellem
1796 1902 1888 1928 dicere

1093 1946 1157 1981 quid
1173 1947 1208 1973 sit
1220 1947 1317 1974 solium
1335 1947 1380 1974 Dei
1397 1955 1404 1973 :
1419 1955 1504 1982 neque
1527 1948 1597 1974 enim
1622 1948 1713 1982 utique
1726 1948 1794 1975 solio
1817 1948 1888 1975 Deus
1909 1947 1910 1950 “
1925 1981 1933 1989 ί

1093 1992 1346 2026 comprehenditur,
1371 2000 1431 2019 cum
1453 1993 1635 2020 circumscribi
1662 1993 1772 2020 minime
1805 1993 1889 2028 possit

1093 2036 1196 2064 Numen
1209 2045 1216 2063 :
1229 2037 1277 2065 sed
1290 2045 1386 2065 vereor
1399 2059 1406 2070 ,
1423 2046 1456 2065 ne
1470 2039 1491 2065 si
1517 2038 1645 2065 docendis
1667 2038 1725 2065 istis
1747 2039 1885 2071 immorer,

1094 2085 1246 2119 prolraham
1261 2085 1342 2112 debiti
1355 2085 1525 2112 solutionem.
1540 2084 1638 2112 Omnes
1654 2085 1725 2112 enim
1736 2085 1814 2112 video
1827 2093 1889 2112 nar-

1092 2130 1189 2157 rationi
1204 2130 1238 2158 de
1261 2131 1401 2166 Seraphim
1430 2131 1542 2163 inhiare,
1558 2139 1610 2158 non
1632 2131 1716 2158 solum
1732 2131 1826 2162 hodie.
1839 2131 1887 2158 sed

1089 2175 1145 2209 jam
1162 2176 1223 2203 inde
1236 2185 1249 2202 a
1266 2177 1352 2211 primo
1366 2177 1409 2204 die
1422 2185 1428 2203 :
1446 2183 1608 2212 quapropter
1619 2177 1815 2204 multitudinem
1829 2184 1891 2204 sen-

1093 2223 1234 2248 tentiarum
1261 2227 1394 2257 tamquam
1421 2223 1558 2250 hominum
1580 2228 1677 2250 canum
1705 2230 1801 2257 magno
1825 2230 1886 2250 cum

1093 2267 1193 2302 impetu
1217 2273 1403 2296 occurrentem
1426 2276 1612 2304 perrumpens,
1624 2268 1656 2295 ad
1672 2268 1869 2303 expositionem

1092 2312 1162 2339 illam
1175 2317 1263 2340 nostra
1274 2313 1380 2340 festinat
1389 2314 1485 2341 oratio.
1498 2313 1531 2341 Et
1543 2314 1678 2349 Seraphim
1692 2315 1791 2340 stabant
1803 2314 1827 2340 in
1837 2315 1887 2341 cir-

1091 2355 1160 2381 cuitu
1170 2355 1234 2390 ejus,
1244 2356 1325 2390 inquit
1338 2356 1449 2391 (1511116.
1458 2357 1498 2392 2).
1509 2357 1578 2384 Ecce
1587 2357 1738 2391 Seraphim,
1748 2365 1807 2391 qua:
1818 2357 1886 2384 vide-

1093 2408 1122 2428 re
1134 2401 1196 2428 olim
1212 2402 1358 2436 enpiebatis
1371 2410 1474 2431 omnes.
1487 2403 1708 2438 Contemplamini
1719 2411 1793 2438 ergo.
1804 2410 1829 2431 et
1842 2413 1887 2431 cu-

1093 2446 1230 2481 piditatem
1245 2448 1350 2482 explete
1364 2457 1370 2474 :
1387 2449 1434 2476 sed
1447 2457 1498 2476 non
1513 2457 1573 2476 cum
1588 2450 1712 2481 tumultu.
1727 2458 1813 2484 neque
1826 2458 1889 2485 pro-

1091 2493 1196 2526 peranti
1210 2494 1370 2528 cogitatione
1383 2515 1390 2526 ,
1404 2495 1473 2522 sicut
1487 2495 1514 2521 tit
1531 2495 1557 2522 in
1572 2495 1766 2530 lmpcratorum
1788 2496 1887 2531 ingres~

1092 2546 1142 2565 su:
1160 2546 1221 2566 nam
1247 2540 1301 2567 illic
1319 2541 1427 2574 quidem
1451 2541 1521 2569 istud
1546 2542 1631 2576 ipsum
1658 2543 1754 2570 merito
1777 2543 1886 2570 accidit.

1090 2584 1183 2618 Neque
1194 2586 1264 2611 enim
1280 2591 1402 2620 spectant
1412 2587 1543 2615 satellites
1554 2607 1562 2621 ,
1579 2593 1606 2614 ut
1623 2593 1787 2622 spectatores
1801 2589 1889 2616 oculis

1090 2635 1185 2658 cuncta
1200 2631 1331 2664 Iustrent;
1348 2633 1406 2665 sed,
1420 2638 1562 2668 antequam
1582 2639 1656 2662 recte
1668 2634 1804 2668 viderint,
1819 2643 1884 2669 prav

1091 2676 1173 2704 Ierire
1191 2678 1250 2705 illos
1269 2683 1369 2713 cogunt
1384 2687 1390 2705 ι
1404 2679 1447 2707 hic
1462 2687 1527 2707 vero
1549 2688 1602 2707 non
1618 2681 1654 2708 ita
1669 2689 1677 2708 :
1692 2681 1739 2708 sed
1760 2686 1885 2708 content-

1089 2721 1235 2758 plationem
1259 2729 1379 2752 nostram
1403 2726 1474 2753 sistit
1498 2727 1603 2760 oratio,
1627 2734 1769 2762 quousque
1794 2728 1886 2754 omnia

1089 2770 1286 2803 percurreritis,
1301 2779 1361 2806 qua:
1372 2772 1492 2806 percurri
1506 2780 1520 2799 a
1533 2772 1609 2800 vobis
1621 2779 1742 2808 possunt.
1757 2773 1788 2800 Et
1803 2773 1886 2800 Sera-

1088 2815 1158 2850 phim
1169 2816 1268 2843 stabant
1281 2817 1308 2844 in
1322 2818 1428 2845 circuitu
1440 2819 1505 2854 ejus.
1520 2819 1591 2846 Ante
1606 2824 1707 2846 natura:
1727 2819 1885 2854 dignitatem

1087 2869 1137 2890 nos
1150 2862 1239 2890 docuit
1250 2863 1327 2892 ismm
1345 2872 1377 2893 ex
1389 2865 1440 2893 loci
1452 2865 1546 2894 vicinia
1561 2866 1729 2901 dignitatem.
1742 2865 1800 2895 Non
1813 2867 1886 2894 cnim

1915 2506 1921 2518 Ι
