2072 3122
149 153 197 181 137

150 213 215 242 dixit
230 213 359 249 primum,
371 219 492 250 quamam
503 212 641 247 Scrapliim
655 216 756 245 essent,
772 211 818 239 sed
832 210 876 238 ubi
890 215 945 238 sta-

151 264 210 288 rent
238 259 320 287 dixit.
341 259 405 286 Haec
429 258 499 286 enim
522 258 635 293 dignitas
654 257 740 293 major
762 261 803 284 est
814 257 869 284 illa.
885 255 943 290 Quo

151 305 254 334 tandem
274 304 374 340 pacto?
386 303 464 338 Quod
488 303 613 331 nimirum
638 303 707 330 haud
722 303 758 330 ita
773 302 938 330 demonstret

150 359 258 388 magnas
280 351 342 379 illas
367 358 427 379 esse
446 350 576 383 virtutes,
600 349 672 385 quod
696 349 748 376 sint
779 348 941 383 Seraphim,

149 406 225 435 quant
242 397 312 433 quod
328 404 411 432 prope
429 396 525 424 solium
539 399 610 423 stent
625 395 737 430 regium.
761 394 826 422 Nam
851 398 878 421 et
893 400 942 421 nos

149 444 208 472 illos
223 443 368 471 nobiliores
383 450 443 470 esse
466 441 593 469 satellites
608 441 786 473 arbitramur,
800 440 845 474 qui
863 439 938 474 juxta

146 490 237 526 jngum
251 490 317 525 regii
332 495 427 517 currus
443 488 578 516 incedunt.
601 487 639 515 ita
654 494 759 523 quoque
768 486 894 513 virtutum
910 485 941 512 il-

148 536 231 563 larum
246 535 464 570 incorporearum
479 533 640 562 illustriores
653 536 716 560 sunt
730 532 792 563 illm.
801 539 864 566 quae
873 531 941 558 solio

147 582 193 610 Dei
203 586 267 609 sunt
280 581 418 616 proximae.
430 580 531 607 idcirco
544 579 624 607 etiam
639 579 767 613 propheta
777 577 811 605 de
824 577 940 604 naturali

147 635 239 656 eorum
258 627 386 662 dignitate
406 626 540 653 disserere
559 625 704 656 Omittens,
720 624 793 659 prius
809 622 885 649 nobis
906 622 940 649 de

146 673 196 700 loci
220 672 393 708 prmrogativa
414 670 624 705 disserit,qnod
645 670 715 696 hunc
730 669 857 704 majorem
879 675 940 695 esse

146 719 211 746 sciat
220 722 344 746 ornatum
353 738 361 750 ,
372 721 402 745 et
414 716 447 744 ab
460 716 512 744 hoc
524 720 628 743 natura:
641 714 746 742 illorum
767 713 940 748 pulchritudi-

146 771 208 792 nem
223 763 370 791 dimanare.
383 762 439 790 Hoc
452 762 524 790 enim
532 761 620 796 gloria
631 781 638 794 ,
655 760 756 792 honor,
770 763 797 787 et
806 759 939 787 securitas

144 809 242 842 omnis,
258 813 287 836 ut
302 809 330 835 in
343 808 455 836 circuitu
468 807 528 835 solii
543 807 613 835 illius
624 810 786 842 appareant.
800 805 856 833 Hoc
870 810 898 832 et
910 805 937 832 in

143 855 246 890 angelis
266 861 378 882 cernere
403 853 466 881 licet
480 862 486 881 :
498 860 560 880 nam
576 856 602 880 et
616 852 676 880 illos
688 859 748 879 esse
762 858 871 887 magnos
887 858 936 878 vo-

143 901 201 929 lens
213 899 337 929 Chrisms
348 900 491 928 ostendere
504 920 512 933 ,
528 907 582 927 non
597 907 644 927 eos
661 898 772 934 angelos
781 905 841 926 esse
852 897 935 929 dixit,

144 951 171 975 et
182 947 266 974 tacuit
281 956 288 974 :
301 946 348 974 sed
360 968 368 980 ,
391 946 457 979 Quia
478 945 565 981 angeli
579 953 667 973 eorum
687 953 786 980 semper
799 944 881 972 uident
893 945 935 980 fa—

143 994 205 1020 ciem
220 992 310 1020 Putris
325 993 373 1020 mei
384 993 428 1028 qui
438 993 465 1019 in
478 992 548 1020 cretis
560 996 596 1019 est
611 991 719 1026 (Matth.
733 991 776 1018 18.
789 990 846 1026 10).
868 989 934 1017 Nam

142 1045 171 1068 ut
182 1041 236 1068 illic
249 1040 368 1076 angelica
383 1039 512 1075 dignitate
524 1039 611 1074 majus
622 1042 663 1066 est
677 1037 771 1065 faciem
790 1037 875 1064 Patris
893 1037 935 1063 vi-

142 1087 224 1115 dere:
239 1087 279 1114 sic
292 1091 318 1114 et
331 1086 460 1121 dignitate
469 1085 609 1121 Seraphim
622 1083 708 1120 majus
728 1087 769 1111 est
783 1083 809 1110 in
821 1082 934 1111 circuitu

141 1137 213 1162 stare
225 1133 302 1165 solii,
317 1137 398 1168 atque
418 1132 445 1160 in
465 1139 558 1160 eorum
573 1130 663 1159 medio
687 1131 774 1165 ipsum
793 1137 864 1157 esse.
881 1129 934 1157 Sed

141 1180 234 1208 ethoc
256 1186 382 1215 magnum
398 1179 456 1206 ﬁeri
473 1182 561 1213 potest
581 1181 610 1205 ut
631 1176 787 1212 adipiscaris
808 1176 829 1204 si
844 1175 932 1203 velis:

142 1235 194 1255 non
215 1227 286 1255 enim
309 1231 351 1254 est
368 1226 395 1253 in
418 1225 507 1253 medio
527 1223 667 1260 Seraphim
683 1228 795 1254 tantum,
808 1222 855 1250 sed
869 1222 934 1250 etin

141 1273 230 1301 medio
244 1273 328 1301 nostri
344 1273 461 1308 ipsorum
472 1292 480 1306 ,
494 1271 516 1299 si
530 1271 652 1298 velimus.
669 1269 719 1298 Ubi
729 1270 794 1297 enim
807 1273 865 1296 sunt
883 1269 934 1296 duo

141 1319 178 1346 uel
192 1323 240 1346 tres
254 1318 399 1354 congregati
409 1338 417 1350 ,
431 1317 534 1352 inquit,
546 1317 574 1344 in
587 1317 687 1344 nomine
705 1323 773 1348 meo,
788 1316 823 1342 ibi
836 1323 893 1342 sum
907 1315 934 1341 in

140 1365 222 1392 medio
228 1373 316 1392 eorum
325 1365 432 1401 (Matth.
444 1364 488 1393 18.
496 1363 555 1400 20);
570 1368 608 1398 et,
617 1362 742 1391 Dominus
752 1363 827 1398 juxta
839 1366 874 1390 est
883 1362 915 1389 iis
924 1383 932 1396 ,

140 1411 184 1446 qui
193 1411 300 1438 contrito
309 1416 369 1439 sunt
381 1411 466 1445 corde,
478 1415 501 1438 et
511 1411 618 1438 Immites
629 1410 720 1445 spiritu
729 1409 835 1438 taluabit
846 1409 930 1444 (Ptol.

140 1459 184 1486 '53.
195 1458 251 1494 i9).
263 1458 406 1494 PrOpterea
418 1457 603 1486 clamatetiam
617 1457 715 1485 Paulus
730 1465 736 1483 :
753 1456 817 1490 Quae
832 1463 933 1483 cursant

140 1509 197 1531 sunt
209 1505 310 1539 sapite,
333 1505 376 1531 ubi
399 1503 514 1531 Christus
537 1507 573 1530 est
596 1503 623 1530 in
646 1503 750 1530 dextera
773 1501 822 1529 Dei
844 1501 933 1528 sedens

120 1549 249 1585 \(COIOM-
266 1550 293 1578 5.
307 1549 348 1584 2).
365 1539 446 1577 Vides
462 1553 490 1576 ut
505 1556 555 1576 nos
568 1555 629 1576 cum
645 1547 784 1582 Seraphim
798 1547 932 1580 statuerit,

122 1599 167 1622 ret
177 1595 252 1630 juxta
263 1596 368 1630 regium
389 1595 485 1622 solium
500 1593 660 1622 deduxerit?
681 1592 783 1620 Deinde
803 1591 931 1628 subjicit:

141 1642 195 1669 Sea:
208 1642 257 1670 alte
268 1642 327 1675 uni,
343 1646 367 1669 et
379 1650 425 1669 sea;
438 1641 486 1669 alte
495 1641 568 1669 alteri
580 1640 591 1677 (
601 1640 665 1668 Icci.
680 1640 706 1668 6.
720 1640 759 1676 ἢ).
774 1639 841 1674 Quid
856 1639 933 1668 nobis

141 1687 181 1715 bin
200 1695 248 1715 sex
268 1687 318 1714 alat
337 1686 496 1722 designant?
516 1686 707 1719 Altitudinem,
721 1685 930 1717 sublimitatem,

140 1732 275 1760 levitatem
284 1753 292 1765 ,
304 1732 468 1760 celeritatem
482 1737 636 1759 naturarum
655 1731 773 1758 illarum.
789 1731 932 1766 Propterea

140 1779 247 1807 Gabriel
260 1786 366 1814 quoque
385 1778 524 1806 descendit
542 1777 628 1805 alatus
639 1797 646 1810 ,
660 1784 713 1804 non
729 1777 799 1813 quod
819 1777 868 1804 alis
890 1777 931 1804 in-

139 1829 240 1853 structa
256 1825 292 1852 sit
304 1824 461 1860 incorporea
476 1824 519 1851 illa
534 1827 646 1856 natura,
668 1823 716 1851 sed
730 1822 800 1858 quod
813 1822 848 1850 ab
860 1822 933 1849 altis-

139 1871 215 1899 simis
231 1872 238 1887 ¹
254 1871 320 1899 locis
334 1871 386 1899 illis
408 1870 596 1904 descenderit,
611 1877 643 1897 ac
660 1870 783 1905 supernis
802 1869 854 1896 illis
868 1876 933 1897 con-

141 1917 263 1945 ventibus
270 1918 369 1945 relictis
376 1917 523 1945 advenerit.
533 1916 600 1951 Quid
609 1921 700 1944 autem
708 1916 758 1944 sibi
766 1916 822 1943 vult
831 1916 933 1944 alarum

140 1963 287 1991 numerus?
309 1962 365 1991 Hoc
383 1963 444 1990 loco
465 1967 555 1991 nostra
579 1963 800 1998 interpretatione
814 1962 879 1990 nihil
893 1966 935 1989 est

140 2017 208 2044 opus
222 2019 230 2036 :
246 2011 361 2044 seipsam
376 2009 446 2037 enim
461 2009 545 2036 oratio
561 2010 625 2037 satis
642 2008 783 2044 exposuit,
799 2015 859 2036 cum
874 2008 934 2036 illa-

142 2063 201 2083 rum
225 2055 303 2083 nobis
325 2062 403 2083 usum
427 2055 554 2083 indicavit
569 2063 576 2082 :
590 2055 699 2082 Duobus
721 2056 792 2083 enitn
806 2076 812 2088 ,
830 2055 932 2090 inquit,

141 2101 286 2137 aperiebant
296 2101 387 2136 faciem
402 2108 494 2135 (suam;
508 2102 619 2135 merito,
631 2105 765 2136 tamquam
778 2101 870 2129 oculos
883 2101 933 2128 du-

142 2148 204 2181 plici
218 2147 335 2183 quodam
351 2153 426 2183 septo
438 2148 590 2175 munientes
601 2168 608 2180 ,
632 2147 703 2182 quod
719 2147 886 2174 exsilientcm
900 2146 934 2173 ab

146 2194 191 2221 illa
203 2193 289 2229 gloria
301 2193 433 2228 fulgorem
446 2193 680 2220 minimctforrent.
695 2192 729 2220 Et
741 2192 840 2220 duabus
857 2192 933 2228 pedes

140 2241 289 2276 obtegcbmit
301 2260 308 2272 ,
324 2240 359 2268 ob
371 2239 492 2267 eamdem
508 2240 577 2268 forte
589 2239 842 2267 consternationem.
857 2238 934 2266 Sole-

141 2295 199 2315 mus
215 2288 314 2322 quippe
322 2293 375 2314 nos
387 2287 542 2318 etiam,eum
551 2289 648 2320 stupor
656 2285 753 2320 aliquis
763 2293 812 2313 nos
828 2285 933 2312 invase-

141 2334 192 2365 rit,
209 2340 309 2368 corpus
328 2332 449 2361 omniex
471 2336 547 2368 parte
569 2336 722 2367 contegere.
749 2331 817 2365 Quid
837 2339 934 2367 corpus

140 2379 216 2411 dico,
233 2386 294 2407 cum
309 2384 337 2406 et
351 2378 401 2413 ipsi
413 2379 510 2406 animae
524 2378 577 2406 hoc
590 2379 729 2413 contingat
750 2378 776 2405 in
791 2378 936 2413 apparitio-

141 2426 295 2460 niliusqnm
306 2425 416 2452 modum
429 2425 577 2458 excedunt,
594 2430 620 2453 et
642 2426 773 2460 repressis
785 2425 935 2452 actionibus

141 2472 197 2499 suis
209 2471 243 2498 ad
262 2471 388 2498 iufcriora
407 2470 559 2506 confugiat,
572 2477 655 2506 seque
674 2477 787 2505 cerpore
801 2475 936 2506 tamquam

141 2518 222 2552 pallio
237 2516 353 2552 quodam
363 2516 506 2544 obvolvat‘i
517 2515 707 2543 Verumtamen
718 2523 797 2542 nemo
809 2523 870 2543 cum
882 2520 937 2543 stu-

143 2570 236 2598 porem
248 2567 275 2590 et
284 2562 529 2590 consternationem
543 2561 626 2595 audit,
642 2562 745 2589 tristem
756 2561 871 2596 aliquem
885 2561 938 2588 illis

144 2609 295 2645 ingenerari
318 2609 441 2636 timorem
459 2608 625 2636 arbitretur:
639 2608 773 2643 siquidem
796 2608 858 2635 hinc
870 2615 936 2634 con-

143 2657 302 2684 sternationi
318 2655 451 2683 immensa
468 2654 591 2690 quardam
606 2655 729 2690 voluptas
744 2660 784 2682 est
804 2655 935 2682 admixta.

145 2704 251 2731 Duabus
263 2708 351 2730 autem
365 2701 492 2729 volabant.
508 2702 541 2729 Et
553 2702 604 2729 hoc
618 2701 744 2729 indicium
759 2707 800 2729 est
814 2709 860 2728 eos
874 2703 938 2728 sub-

143 2751 215 2777 limia
228 2757 337 2785 semper
350 2753 488 2784 appetere,
499 2756 548 2776 nec
561 2756 685 2784 umquam
708 2748 834 2776 deorsum
851 2749 937 2783 rcSpi-

143 2804 213 2824 cere.
228 2796 263 2823 Et
277 2795 405 2824 clamabat
418 2794 482 2822 alter
495 2795 529 2822 ad
544 2795 651 2822 alterum
664 2816 670 2828 ,
687 2795 805 2828 Sanctus,
822 2800 934 2828 sanctus,

176 2867 182 2880 ¹
202 2865 247 2890 Alii
262 2871 299 2890 sic
319 2864 416 2890 habent
427 2870 485 2895 3....
496 2862 538 2895 illa
552 2866 649 2892 natura,
670 2864 712 2889 scd
725 2867 748 2889 ut
759 2867 839 2889 notum
850 2864 940 2895 facere!

146 2897 267 2927 proptrea
280 2895 345 2928 quod
356 2895 388 2920 ab
400 2894 530 2925 altissimis,
544 2900 592 2919 etc.

629 153 661 181 IN
680 152 793 187 ILLUD,
815 153 881 181 Vibi
902 151 1064 187 DOMINUM,
1085 134 1200 181 IIOMI'L.
1223 154 1267 182 \'l.

1742 157 1793 185 158

999 214 1100 239 sumtu;
1117 211 1202 247 (Iani.
1219 211 1247 239 6.
1266 211 1313 248 5).
1329 211 1363 240 Et
1377 211 1434 248 ipse
1446 211 1549 241 clamor
1561 219 1654 241 rursus
1671 213 1790 243 admira-

999 256 1078 284 tionis
1090 257 1216 285 indicium
1237 258 1314 286 nobis
1326 263 1369 286 est
1383 257 1528 287 maximum
1541 268 1548 286 :
1564 266 1618 287 non
1637 259 1708 288 enim
1721 267 1790 296 quo-

997 303 1038 331 vis
1050 303 1131 331 modo
1146 305 1291 333 concinunt
1304 305 1433 342 hymnum
1445 325 1453 338 ,
1471 305 1519 334 scd
1532 314 1593 334 curn
1606 306 1726 336 clamore
1741 314 1789 335 va-

997 349 1062 383 lido;
1083 357 1170 385 neque
1183 358 1244 378 cum
1258 351 1378 379 clamore
1390 351 1564 386 simpliciter,
1580 352 1670 380 sedet
1683 359 1790 389 semper

996 395 1047 424 hoc
1059 395 1189 424 factitant.
1203 396 1270 425 Nam
1283 397 1426 433 splendida
1437 397 1543 433 quidem
1556 405 1681 434 corpora,
1694 405 1788 434 quam-

996 443 1035 470 vis
1056 450 1137 478 supra
1158 443 1266 472 modum
1279 444 1333 472 sint
1345 444 1482 479 splendida
1493 465 1500 478 ,
1514 450 1571 473 tum
1584 446 1670 474 solum
1682 453 1734 474 nos
1753 447 1787 474 ad

995 489 1197 517 admirationem
1211 489 1299 517 solent
1311 490 1462 525 traducere,
1472 498 1533 518 cum
1545 498 1577 519 ea
1592 492 1707 527 primum
1719 499 1788 520 ocu-

995 535 1027 562 lis
1041 535 1258 570 usurpaverimus
1272 543 1279 562 :
1295 543 1357 564 cum
1373 543 1442 564 vero
1452 536 1590 564 multoties
1602 538 1787 572 contemplan-

993 580 1035 608 dis
1050 580 1101 608 illis
1120 581 1255 608 immorati
1271 580 1399 609 fuerimus
1409 602 1417 614 ,
1433 581 1576 609 admiratio
1591 582 1785 610 consuetudine

994 625 1103 659 tollitur,
1116 625 1160 653 ubi
1175 633 1205 654 se
1220 626 1372 661 spectandis
1386 627 1436 654 illis
1446 627 1602 662 corporibus
1624 628 1693 656 oculi
1705 628 1784 656 deiu-

992 678 1055 707 ccps
1077 673 1256 700 exercuerim.
1273 672 1419 708 Propterea
1438 680 1499 701 cum
1520 674 1620 709 regiam
1636 674 1783 709 imaginem

991 725 1086 745 recens
1100 718 1214 752 positam
1230 718 1368 754 multoque
1380 719 1499 747 colorum
1511 720 1657 754 splendore
1680 721 1784 757 fulgen—

992 769 1044 791 tem
1059 764 1196 791 intuemur
1206 784 1214 797 ,
1229 764 1444 799 obstupescimus
1458 773 1466 792 :
1481 769 1541 799 post
1555 773 1637 793 unum
1652 771 1741 794 autent
1754 771 1784 794 et

989 811 1103 838 alterum
1116 810 1186 838 diem
1200 817 1254 837 non
1267 810 1323 846 jam
1337 810 1452 845 amplius
1467 810 1642 839 admiramur.
1666 812 1699 839 Et
1717 813 1781 848 quid

990 857 1050 884 dico
1062 856 1162 892 regiam
1174 856 1328 891 imaginem,
1342 863 1404 884 cum
1416 856 1442 883 in
1452 861 1563 891 aspectu
1572 857 1707 885 radiorum
1717 858 1782 887 solis

989 903 1040 930 hoc
1053 903 1140 938 ipsum
1154 903 1230 931 nobis
1243 903 1356 935 accidat,
1367 903 1464 938 quibus
1475 903 1576 931 nullum
1584 904 1783 939 corpussplen-

988 948 1076 976 didius
1090 949 1203 976 inveniri
1217 948 1328 983 potest?
1342 948 1387 976 Sic
1401 949 1520 977 omnium
1536 956 1679 985 corporum
1693 950 1781 978 admi-

988 994 1118 1022 rationem
1135 995 1203 1022 tollit
1213 993 1380 1022 consuetudo
1395 1003 1402 1021 :
1417 993 1466 1022 sed
1481 994 1508 1022 in
1516 994 1569 1022 ‘Dci
1578 993 1664 1030 gloria
1678 1003 1732 1024 non
1744 996 1781 1023 ita

988 1041 1031 1073 iit,
1048 1044 1076 1068 at
1089 1040 1168 1076 plane
1180 1040 1356 1068 contrarium.
1379 1036 1487 1070 Quanto
1521 1040 1594 1069 enim
1608 1041 1694 1077 magis
1708 1036 1781 1070 illius

986 1088 1078 1122 gloria:
1105 1087 1325 1123 contemplationi
1356 1088 1471 1116 virtutes
1498 1088 1681 1117 immorantur
1702 1089 1778 1122 istae.

988 1137 1060 1160 tanto
1071 1133 1155 1168 magis
1170 1133 1374 1168 obstupescunt,
1390 1137 1417 1161 et
1427 1133 1635 1162 admirationem
1647 1141 1724 1162 suum
1739 1135 1780 1162 in-

988 1179 1100 1208 tendunt
1115 1188 1122 1206 :
1135 1187 1214 1215 quam
1228 1179 1264 1207 ob
1278 1187 1387 1208 causam
1400 1201 1408 1214 ,
1420 1187 1455 1208 ex
1467 1187 1522 1215 quo
1540 1188 1602 1209 esse
1623 1187 1762 1216 cmperunt
1771 1202 1779 1212 .

986 1225 1019 1252 ad
1035 1225 1106 1253 hunc
1130 1232 1215 1261 usque
1232 1225 1303 1253 diem
1327 1225 1439 1261 gloriam
1463 1226 1535 1254 illam
1550 1226 1704 1260 intuentes,
1718 1234 1780 1255 cum

985 1275 1095 1307 stupore
1120 1271 1237 1299 clamare
1260 1279 1314 1299 non
1336 1271 1521 1300 cessant:sed
1543 1272 1614 1308 quod
1634 1272 1660 1300 in
1683 1272 1780 1308 exiguo

987 1318 1114 1353 temporis
1129 1318 1215 1353 spatio
1227 1318 1304 1346 nobis
1315 1318 1460 1354 contingit,
1473 1318 1536 1346 dum
1549 1318 1636 1354 fulgor
1648 1319 1675 1347 in
1687 1319 1780 1347 oculos

985 1363 1070 1392 fertur
1085 1368 1210 1396 nostros.
1227 1363 1280 1392 hoc
1297 1364 1348 1392 illa:
1364 1368 1494 1400 perpetuo
1508 1364 1653 1399 patiuntur,
1666 1369 1694 1393 et
1711 1372 1778 1393 con-

985 1411 1058 1438 tinua
1072 1410 1249 1438 admiratione
1259 1418 1320 1438 cum
1335 1410 1472 1445 voluptate
1485 1411 1600 1446 quadam
1612 1410 1776 1439 afﬁciuntur.

983 1456 1077 1491 Neque
1090 1464 1154 1484 vero
1166 1456 1252 1484 solum
1264 1457 1390 1489 clamant,
1406 1456 1452 1484 sed
1467 1456 1500 1484 ad
1516 1456 1631 1485 invicem
1644 1457 1670 1484 id
1683 1461 1774 1492 agunt,

984 1502 1056 1537 quod
1070 1502 1182 1529 intonsa:
1194 1502 1332 1537 cujusdam
1351 1501 1537 1529 admirationis
1553 1506 1594 1530 est
1606 1502 1722 1538 signum.
1739 1501 1777 1529 Ita
1791 1514 1793 1517 ι

985 1555 1035 1576 nos
1048 1555 1154 1584 quoque
1166 1568 1174 1581 ,
1188 1547 1251 1575 dum
1273 1547 1390 1582 erumpit
1405 1547 1580 1575 tonitruvcum
1595 1547 1718 1583 fragore.
1734 1548 1777 1575 vel

986 1599 1056 1622 terra
1078 1598 1217 1626 movetur,
1241 1601 1294 1622 non
1310 1593 1390 1621 modo
1403 1593 1538 1621 resilimus
1549 1613 1557 1627 ,
1576 1598 1604 1621 et
1613 1594 1776 1625 clamamus.

987 1640 1034 1668 sed
1049 1640 1082 1668 ad
1094 1640 1208 1667 invicem
1225 1639 1250 1666 in
1262 1639 1364 1666 aedibus
1376 1639 1476 1666 nostris
1487 1638 1666 1674 confugimus.
1682 1638 1739 1666 Hoc
1749 1643 1778 1666 et

985 1686 1125 1722 Seraphim
1136 1690 1217 1721 agunt
1231 1694 1238 1713 :
1253 1685 1366 1721 ideoque
1376 1685 1444 1713 alter
1457 1684 1490 1712 ad
1501 1685 1613 1712 alterum
1626 1684 1758 1712 clamabat
1768 1705 1775 1717 ,

987 1732 1110 1764 Sanctus,
1132 1736 1250 1763 sanctus,
1264 1735 1377 1758 sanctus.

1023 1779 1051 1806 ὃ.
1073 1777 1205 1813 Numquid
1216 1777 1285 1804 hanc
1299 1782 1393 1805 vo‘cem
1403 1776 1569 1812 agnovisti‘s?
1590 1776 1717 1812 numquid
1729 1783 1778 1803 no-

985 1831 1039 1854 stra
1056 1830 1107 1860 est,
1121 1833 1154 1853 an
1172 1832 1235 1853 vero
1250 1824 1412 1859 Scraphim?
1426 1824 1458 1851 Et
1480 1828 1572 1851 nostra
1587 1828 1613 1851 et
1625 1823 1775 1858 Semphim,

986 1872 1113 1900 beneficio
1126 1871 1235 1904 Christi,
1249 1871 1294 1906 qui
1307 1870 1423 1898 medium
1438 1870 1567 1905 parietem
1581 1869 1703 1896 maceritc
1715 1875 1776 1896 sus-

986 1919 1055 1951 tulit,
1068 1923 1094 1947 el
1109 1917 1257 1954 paciﬁcavit
1269 1917 1358 1944 omnia
1372 1924 1431 1952 qua:
1446 1916 1471 1943 in
1486 1915 1559 1943 caelis
1573 1918 1653 1947 sunt,
1670 1918 1698 1942 et
1718 1922 1777 1949 quzu

986 1965 1013 1992 in
1026 1965 1114 1998 terris,
1129 1969 1155 1991 et
1170 1964 1228 1999 ejus
1248 1963 1389 1996 beneﬁcio,
1403 1962 1447 1997 qui
1469 1966 1582 1997 utraque
1602 1961 1665 1989 fecit
1685 1968 1778 1989 unum.

985 2013 1051 2041 Nam
1066 2018 1143 2040 antea
1157 2012 1264 2047 quidem
1280 2012 1306 2038 in
1321 2011 1394 2038 caelis
1410 2014 1510 2038 tantum
1529 2009 1645 2045 hymnus
1665 2009 1715 2036 istc
1732 2015 1779 2035 ca-

987 2060 1120 2088 uebatur:
1144 2063 1283 2094 postquam
1299 2062 1387 2084 autem
1404 2057 1428 2084 in
1451 2061 1549 2084 terram
1570 2056 1661 2083 venire
1683 2055 1778 2090 digna-

988 2112 1029 2134 tus
1041 2111 1082 2133 cst
1101 2106 1239 2137 Dominus,
1254 2105 1324 2131 hunc
1339 2103 1418 2131 etiam
1430 2106 1592 2130 concentum
1614 2101 1647 2128 nd
1663 2107 1712 2128 nos
1732 2100 1780 2127 dc-

988 2153 1056 2180 tulit.
1076 2152 1219 2186 Propterea
1243 2157 1348 2185 qnoqnc
1374 2155 1487 2184 magnus
1510 2148 1553 2175 hic
1570 2147 1694 2175 Pontifex
1718 2153 1777 2173 cum

985 2199 1058 2235 juxta
1071 2206 1174 2226 sacram
1189 2197 1257 2224 hanc
1270 2203 1388 2223 mensam
1402 2193 1563 2227 constiterit,
1571 2197 1604 2221 ut
1619 2192 1778 2220 rationalem

988 2245 1087 2272 cultum
1104 2243 1238 2274 exhibeat,
1255 2247 1282 2270 et
1301 2241 1459 2269 sacriﬁcium
1483 2239 1579 2268 oﬂerat
1598 2239 1779 2270 incruentum,

988 2299 1041 2318 non
1056 2289 1212 2324 simpliciter
1232 2295 1280 2315 nos
1292 2287 1324 2315 ad
1340 2287 1409 2314 hanc
1434 2286 1546 2313 faustam
1560 2284 1779 2312 acclamationem

988 2337 1092 2373 invitat,
1106 2335 1154 2362 sed
1169 2335 1213 2362 ubi
1233 2334 1306 2369 prius
1326 2331 1470 2361 Clierubim
1484 2330 1684 2364 nominavit,“
1702 2329 1781 2358 Sera-

989 2383 1061 2418 phim
1077 2382 1237 2409 mentionem
1252 2380 1330 2412 fecit,
1346 2384 1400 2406 tum
1415 2378 1520 2406 demum
1532 2377 1564 2404 a‘d
1580 2377 1648 2405 hanc
1662 2380 1781 2404 tremen-

988 2429 1049 2455 datn
1073 2435 1164 2455 vocem
1192 2425 1348 2454 mittendam
1374 2431 1467 2452 omnes
1490 2423 1696 2456 adltortatur,et
1715 2422 1781 2450 dum

989 2482 1081 2502 eorum
1105 2481 1154 2501 nos
1177 2472 1313 2505 admonet,
1329 2471 1373 2506 qui
1397 2470 1537 2498 nobiscum
1559 2469 1657 2497 choros
1669 2468 1781 2504 agitant,

990 2524 1107 2548 mentem
1122 2523 1238 2546 nostram
1264 2525 1279 2546 a
1308 2522 1378 2545 terra
1401 2516 1543 2549 subducit,
1568 2521 1782 2551 unumquemque

991 2571 1111 2593 nostrum
1125 2565 1168 2592 liis
1181 2563 1373 2600 propemodum
1394 2563 1483 2591 verbis
1496 2562 1634 2590 excitans:
1650 2559 1783 2590 Una-cum

991 2613 1131 2649 Scrapliim
1156 2613 1240 2645 canis,
1255 2620 1306 2638 una
1333 2618 1392 2638 cum
1418 2610 1557 2645 Seraphim
1572 2613 1628 2642 sta,
1644 2616 1706 2636 cum
1731 2607 1784 2635 illis

991 2660 1047 2687 alas
1061 2659 1185 2690 extende.
1199 2666 1258 2686 cum
1270 2658 1321 2685 illis
1332 2657 1433 2692 regium
1449 2656 1544 2684 solium
1554 2654 1724 2682 circumvola.

1027 2706 1114 2733 Altare
1133 2705 1229 2733 cwleste
1251 2705 1334 2740 ﬁgura
1354 2703 1442 2730 altaria
1464 2701 1593 2730 Ecclesia.
1615 2700 1667 2728 Cur
1682 2700 1787 2736 jejunio

992 2757 1051 2780 ante
1067 2751 1276 2779 ronnnunimtem.
1291 2765 1326 2770 —
1339 2749 1407 2784 Quid
1423 2757 1485 2777 vero
1500 2748 1608 2782 mirum,
1623 2748 1645 2776 si
1658 2755 1719 2775 cum
1733 2746 1784 2773 Se-

993 2799 1098 2834 raphim
1114 2798 1231 2831 steteris,
1245 2804 1306 2825 cum
1325 2804 1356 2824 ea
1370 2804 1428 2831 qua:
1450 2795 1593 2831 Serapliim
1612 2803 1664 2822 non
1684 2793 1786 2821 audent

993 2845 1159 2880 contingere,
1176 2844 1223 2871 tibi
1248 2843 1317 2871 Dcus
1342 2843 1423 2870 libere
1439 2841 1575 2870 tractanda
1600 2838 1784 2868 concesserit?

996 2891 1087 2918 Missus
1106 2894 1140 2918 cst
1154 2889 1218 2917 cnim
1239 2889 1273 2916 at!
1293 2897 1341 2920 me,
1363 2887 1457 2925 inquit,
1470 2895 1538 2916 unus
1553 2886 1584 2914 de
1598 2884 1744 2920 Serapim",
1763 2885 1785 2911 et
