2072 3122
258 160 308 187 159

257 217 362 244 habebat
383 214 516 244 carbonem
540 213 615 249 ignis,
639 221 710 248 quem
735 212 832 247 forcipe
853 213 994 245 sumpserat
1016 208 1047 235 de

255 263 332 290 altari
345 261 421 298 (luti.
432 261 457 289 6.
469 261 506 296 6),
517 259 580 287 illud
592 260 675 287 altare
688 259 769 293 ﬁgura
782 262 822 284 est
834 261 861 284 et
875 256 962 290 imago
972 255 1048 282 istius

256 309 348 336 altaris
364 317 371 336 :
387 307 455 343 ignis
471 307 524 339 ille,
540 305 685 341 spiritualis
699 304 768 339 ignis
790 303 876 330 istius.
895 301 930 328 At
943 308 995 328 non
1009 303 1050 326 est

256 362 337 382 ausus
360 353 499 388 Seraphim
521 360 601 379 manu
625 350 789 385 contingere,
812 347 859 376 sed
885 347 1003 382 forcipe:
1022 350 1049 373 tu

256 408 321 428 vero
341 408 419 427 manu
435 399 543 434 accipis.
563 398 707 426 Enimvero
721 396 742 423 si
762 402 854 423 eorum
870 401 928 429 qua!
949 400 1048 428 propo-

256 448 306 474 sita
321 452 382 474 sunt
395 446 551 481 dignitatem
573 448 688 479 spectes,
705 443 762 477 ipso
773 445 896 469 contactu
909 439 1049 474 Seraphim

257 494 343 521 multo
358 493 458 527 majora
480 495 542 519 sunt
555 491 605 518 ista
622 499 628 516 :
642 489 683 516 sin
699 492 788 516 autem
811 487 914 514 Domini
928 485 1050 518 benigni-

258 544 340 567 tatem
353 538 517 570 consideres,
533 544 567 564 ne
577 536 611 563 ad
630 539 750 563 nostram
765 534 872 569 quidem
888 531 1051 560 descendere

258 586 386 614 vilitatem
398 592 489 613 eorum
503 584 585 619 gratia
595 590 656 618 qua:
671 581 807 617 proposita
822 584 884 607 sunt
906 577 1050 606 erubescit.

259 633 322 660 llaec
346 632 426 667 igitur
447 631 577 666 cogitans,
594 629 630 656 mi
651 628 743 660 homo,
763 632 790 654 et
811 631 908 661 quanta
930 625 992 652 doni
1018 623 1053 651 sit

259 676 414 712 magnitudo
437 680 524 703 tecum
548 678 690 710 reputans,
706 671 849 707 aliquando
875 670 982 698 tandem
1007 677 1053 696 ex-

259 730 348 757 surge,
356 726 437 757 atque
447 721 556 748 avulsus
568 728 583 747 a
595 724 664 747 terra
674 719 699 746 in
710 719 805 746 calum
819 716 943 745 ascende.
954 715 1053 743 Verum

259 768 340 796 trahit
359 775 409 796 nos
424 775 531 802 corpus,
548 771 575 794 et
590 765 716 793 deorsum
739 764 802 792 ferri
816 762 906 798 cogit?
919 762 971 790 Sed
991 769 1055 789 ecce

262 813 526 849 adventantjejunia,
541 819 601 847 qua).
615 818 717 846 pennas
733 810 830 837 anima:
843 810 916 836 leves
929 807 1053 840 reddunt,

261 866 288 889 et
301 861 385 889 levem
401 860 531 888 sarcinam
545 859 633 887 carnis
646 857 774 889 efﬁciunt,
796 856 858 884 licet
871 855 978 890 plumbo
990 862 1055 889 quo-

261 908 302 935 vis
321 906 428 943 gravius
451 913 549 941 corpus
571 904 733 939 acceperint.
746 902 938 930 Verumtamen
953 907 1055 927 sermo-

263 960 324 980 nem
341 952 374 980 de
387 952 488 987 jejunio
504 950 633 985 tantisper
646 948 809 981 diﬁ‘eramus,
826 947 897 974 hunc
918 950 1006 973 autem
1022 945 1057 973 de

262 998 398 1035 mysteriis
408 998 463 1033 jam
477 997 657 1028 instituamus,
673 1001 787 1030 quorum
802 993 887 1029 gratia
899 996 925 1020 et
938 992 994 1027 ipsa
1013 991 1056 1026 je-

262 1046 338 1081 junia
359 1048 421 1072 sunt
442 1046 551 1071 statuta.
568 1041 634 1069 Nam
645 1041 719 1068 sicut
732 1040 757 1067 in
771 1038 917 1075 Olympicis
931 1037 1056 1065 certami-

264 1090 342 1118 nibus
355 1089 528 1117 luctationum
542 1087 603 1115 ﬁnis
615 1091 657 1114 est
668 1093 778 1118 corona,
791 1085 830 1113 sic
849 1089 875 1112 ct
887 1084 979 1120 jejunii
998 1083 1058 1110 ﬁnis

264 1141 306 1164 est
320 1135 418 1164 munda
433 1134 604 1162 communio:
619 1133 709 1168 itaque
721 1131 778 1158 .nisi
793 1130 888 1158 diebus
902 1130 959 1157 istis
978 1129 1058 1157 fuerit

264 1189 281 1209 ι
297 1181 373 1209 nobis
399 1180 450 1208 hoc
464 1179 623 1216 praestitum,
637 1178 681 1206 ubi
706 1181 808 1205 temere
828 1184 863 1204 ac
880 1175 983 1204 frustra
1009 1182 1058 1202 nos

266 1229 338 1263 ipsos
358 1226 678 1261 aftlixerimus,cxpcrtes
692 1231 791 1253 corona
813 1231 845 1251 ac
865 1223 925 1251 sine
948 1222 1058 1258 praemio

265 1282 297 1301 ex
309 1273 404 1308 jejunii
420 1276 564 1300 scammate
577 1271 755 1299 discedemus.
779 1269 924 1305 Propterea
944 1268 1059 1302 majores

266 1320 347 1346 etiam
361 1319 443 1346 nostri
466 1317 560 1353 jejunii
576 1316 690 1344 stadium
713 1315 904 1348 extenderunt,
924 1321 955 1341 ac
975 1313 1060 1348 poeni-

267 1365 359 1393 tentia:
372 1369 476 1392 certum
492 1363 570 1390 nobis
585 1367 689 1397 tempus
711 1361 890 1396 assignarunt,
904 1364 933 1387 ut
950 1360 994 1387 ubi
1010 1367 1059 1388 nos

267 1409 515 1446 expurgaverimus,
530 1415 677 1443 omnesque
692 1406 787 1434 sordes
801 1405 1059 1437 absterserimus,ita

268 1456 376 1484 demum
389 1454 559 1484 accedamus.
573 1453 637 1481 Ideo
650 1460 721 1480 nunc
733 1453 813 1480 etiam
828 1459 861 1479 ex
875 1451 926 1479 hoc
941 1455 1061 1485 tempore

270 1503 341 1529 clara
358 1509 422 1530 voce
436 1500 575 1532 denuntio,
589 1499 718 1531 obtestor,
736 1505 841 1533 precor,
858 1503 884 1525 et
898 1497 1012 1525 obsecro
1027 1505 1060 1524 ne

269 1555 330 1575 cum
354 1546 467 1578 macula,
486 1553 519 1574 ne
533 1553 594 1573 cum
619 1551 700 1579 prava
714 1543 877 1571 conscientia
901 1542 935 1570 ad
957 1550 1060 1570 sacram

269 1595 338 1623 hanc
351 1589 470 1622 mensam
484 1592 644 1621 accedamus
656 1600 662 1619 :
679 1598 766 1626 neque
778 1590 850 1618 enim
861 1589 913 1617 hoc
926 1596 1060 1622 accessus,

269 1650 356 1677 neque
375 1640 528 1668 communio
543 1638 595 1666 dici
619 1642 721 1674 potest,
742 1636 863 1672 quamvis
886 1635 981 1663 millies
1001 1642 1062 1662 san-

269 1693 341 1716 ctum
357 1686 422 1714 illud
435 1692 532 1720 corpus
544 1685 716 1719 attingamus,
725 1683 772 1710 sed
784 1680 982 1712 condemnatio,
998 1687 1062 1714 sup—

269 1735 377 1769 plicium
393 1736 422 1761 et
431 1739 569 1768 ptenarum
586 1730 714 1758 accessio.
728 1728 820 1756 Nullus
835 1728 916 1763 igitur
936 1730 1060 1762 peccator

270 1779 401 1807 accedat:
418 1778 472 1805 imo
488 1785 552 1805 vero
575 1783 629 1803 non
643 1775 713 1808 dico,
729 1774 819 1801 nullus
834 1778 967 1809 peccator,
978 1780 1063 1808 quan-

270 1825 413 1860 doquidem
427 1824 558 1858 meipsum
573 1822 689 1857 priorem
708 1828 724 1848 a
736 1819 824 1847 divina
843 1826 935 1846 mensa
950 1818 1064 1853 repulle-

271 1878 348 1902 rem;
368 1869 415 1897 sea]
434 1868 480 1904 qui
506 1870 661 1903 perseveret
684 1870 818 1902 peccator.
832 1864 923 1892 nullus
943 1863 1061 1891 accedat.

271 1915 373 1944 Idcirco
384 1914 439 1950 jam
460 1921 496 1940 ex
521 1913 572 1940 hoc
596 1917 716 1946 tempore
734 1910 860 1946 praedico,
876 1917 910 1937 ne
932 1916 992 1936 cum
1008 1909 1064 1936 dies

271 1963 406 1998 regiarum
418 1960 562 1996 epularum
581 1958 749 1990 advenerint,
763 1965 824 1984 cum
839 1956 883 1984 illa
898 1956 1011 1983 adfuerit
1022 1963 1064 1983 sa-

272 2015 317 2036 cra
343 2014 455 2042 vespera
471 2005 561 2034 dicere
579 2009 660 2040 queat
678 2003 785 2039 aliquis,
800 2002 947 2037 imparatus
968 2001 1063 2028 intravi

272 2063 304 2082 ac
319 2054 416 2085 nudus,
426 2058 453 2081 ct
465 2053 523 2080 hmo
535 2052 598 2079 olim
612 2051 719 2086 praedici
732 2049 859 2086 oportuit.
871 2049 899 2076 Si
914 2048 986 2077 enim
1000 2048 1063 2076 olim

272 2100 330 2128 hznc
356 2099 528 2132 audivissem,
550 2098 660 2125 omnino
685 2101 803 2124 mutatus
828 2103 931 2128 essem,
956 2095 1065 2122 omnino

272 2151 414 2182 postquam
429 2145 560 2180 meipsum
583 2151 782 2179 expurgassem,
797 2143 831 2170 ita
846 2142 954 2170 demum
973 2149 1066 2169 acces-

271 2195 378 2224 sissem,
392 2191 431 2219 Ne
446 2191 525 2226 igitur
539 2190 608 2218 ullus
625 2189 672 2217 has
695 2194 843 2224 praetexere
857 2188 941 2223 possit
954 2195 1066 2215 excusa-

272 2241 370 2272 tiones,
384 2238 439 2273 jam
453 2245 487 2265 ex
502 2237 553 2264 hoc
566 2241 687 2271 tempore
698 2236 771 2271 prius
788 2234 909 2262 obtestor
928 2238 954 2261 ct
969 2233 1066 2261 cohor-

274 2291 325 2316 tor.
339 2288 369 2312 ut
383 2290 506 2319 magnam
525 2283 699 2310 exhibeamus
722 2281 916 2316 paenitentiam.
933 2279 995 2307 Scio
1017 2286 1067 2306 nos

275 2340 369 2360 omnes
383 2338 445 2359 reos
460 2338 520 2359 esse
534 2328 667 2364 supplicii,
685 2336 734 2356 nec
754 2328 838 2355 ullum
860 2334 938 2362 posse
957 2325 1066 2361 gloriari

274 2378 402 2406 mundum
413 2384 444 2405 se
457 2376 556 2404 habere
569 2383 632 2403 cor:
649 2375 695 2402 sed
710 2383 762 2402 non
779 2375 830 2402 hoc
843 2374 941 2401 malum
955 2377 995 2400 est
1007 2379 1066 2406 gra-

274 2422 499 2458 vissimum,quod
512 2422 638 2450 mundum
652 2429 698 2449 cor
712 2428 764 2448 non
776 2420 931 2452 habeamus,
939 2419 985 2447 sed
994 2418 1066 2454 quod

274 2469 403 2497 mundum
419 2476 472 2496 non
489 2468 616 2495 habentes
632 2475 689 2500 cor,
704 2474 754 2494 nec
767 2466 799 2493 ad
818 2474 879 2493 eum
896 2464 1064 2495 accedamus,

274 2516 319 2550 qui
342 2514 470 2541 mundum
493 2517 582 2548 potest
602 2513 665 2540 illud
688 2512 811 2540 reddere.
836 2511 927 2538 Potest
951 2510 1021 2537 enim
1044 2509 1065 2536 si

274 2561 357 2588 velit:
375 2560 417 2587 vel
432 2560 518 2595 potius
538 2559 620 2586 multo
644 2559 728 2593 magis
742 2565 821 2593 quam
846 2564 895 2584 nos
917 2563 998 2591 puros
1019 2562 1067 2582 nos

275 2615 334 2635 esse
357 2607 424 2640 vult,
439 2606 486 2634 sed
511 2610 657 2640 exspectat.
674 2609 703 2632 ut
717 2604 838 2639 exiguam
861 2611 874 2630 a
900 2603 977 2630 nobis
989 2609 1067 2630 occa-

273 2654 375 2681 sionem
403 2652 530 2688 accipiat,
545 2657 574 2679 ut
596 2650 762 2680 conﬁdenter
787 2657 836 2677 nos
860 2653 979 2676 coronet.
1002 2647 1068 2681 Quis

273 2699 359 2735 major
373 2698 424 2726 fuit
438 2704 564 2734 peccator
576 2705 654 2732 quam
679 2696 854 2732 publicanus?
873 2694 925 2723 Sed
951 2699 980 2721 ut
1001 2694 1068 2721 dixit

274 2745 481 2777 tantum:Deus,
497 2745 620 2781 propitius
635 2748 687 2770 esto
710 2743 771 2769 mihi
786 2742 911 2777 peccatort'
926 2741 935 2776 (
946 2740 1009 2767 Luc.
1023 2741 1065 2768 l8.

273 2792 328 2828 l5),
339 2793 398 2827 plus
408 2799 488 2827 quam
500 2791 651 2818 Plnu‘ismus
659 2789 818 2824 justiﬁcatus
829 2787 977 2815 descendit.
989 2786 1067 2813 Tam-

272 2839 321 2865 etsi
335 2842 461 2872 quantam
475 2837 528 2864 vim
555 2836 646 2863 habuit
666 2836 766 2862 dictum
793 2833 876 2861 illud?
889 2833 988 2870 Verum
1014 2838 1066 2858 non

269 2883 373 2912 dictum
387 2885 472 2919 ipsum
487 2883 618 2918 purgavit,
634 2881 681 2909 sed
696 2881 806 2909 allectus
824 2888 883 2908 cum
898 2888 950 2916 quo
968 2879 1066 2906 dictum

630 156 657 184 S.
677 154 815 184 JOANNIS
834 138 1070 181 Clll‘WSOSTOMI
1091 149 1248 178 ARCIIIEP.
1269 146 1538 178 CONSTANTINUP.

1843 144 1894 172 M0

1102 207 1166 234 illud
1181 207 1304 242 protulit:
1318 205 1371 233 imo
1383 212 1446 232 vero
1461 211 1496 232 ne
1509 202 1581 232 solus
1596 201 1702 238 quidem
1717 201 1836 235 affectus,
1846 202 1895 230 sed

1101 258 1163 280 ante
1177 253 1263 287 ipsum
1280 251 1327 279 Dei
1345 251 1503 286 benignitas.

1137 299 1163 326 4.
1185 298 1262 333 Quod
1276 298 1360 330 enim,
1375 304 1477 332 quarso,
1491 301 1545 323 tam
1560 296 1696 331 egregium
1715 299 1758 322 est
1779 294 1894 327 facinus,

1101 345 1162 380 quis
1175 344 1261 376 labor,
1276 343 1336 378 quis
1351 342 1433 370 sudor
1456 342 1597 376 peccatori,
1622 345 1651 367 ut
1672 348 1702 368 se
1723 345 1896 375 .pecratorem

1102 399 1162 419 eSse
1178 390 1337 426 persuadeat
1354 389 1415 421 sibi,
1430 393 1456 416 ct
1469 389 1520 416 hoc
1539 388 1609 424 apud
1623 388 1705 415 Deum
1721 386 1896 423 proﬁteatur?

1102 437 1184 465 Vides
1195 437 1265 464 haud
1282 436 1378 464 frustra
1392 435 1492 463 dixisse
1507 435 1649 464 mc,Deum
1662 434 1731 461 velle
1744 435 1866 468 exiguam
1881 442 1896 461 ι

1103 483 1181 510 nobis
1193 482 1361 510 occasionem
1376 481 1504 516 arripere,
1520 485 1574 507 tum
1588 480 1673 515 ipsum
1691 480 1788 507 deinde
1800 480 1833 507 ad
1852 487 1897 507 sa—

1105 530 1187 557 lutcm
1203 533 1322 556 nostram
1344 532 1439 554 cuncta
1459 526 1601 554 conferre?
1616 525 1802 553 Ptenitentiam
1818 525 1898 561 igitur

1105 583 1226 611 agamus,
1250 575 1397 610 ploremus,
1413 574 1599 601 lamentemur.
1623 573 1814 608 Saepenumero
1836 580 1898 600 cum

1105 621 1187 648 ﬁliam
1202 621 1261 656 quis
1275 619 1410 653 amiserit,
1433 619 1562 654 majorem
1586 618 1647 646 vitae
1669 625 1725 646 suae
1746 622 1848 653 partem
1871 618 1899 645 in

1106 667 1177 695 luctu
1192 675 1224 694 ac
1238 674 1355 694 maerore
1368 665 1483 694 traducit
1497 675 1503 693 :
1519 672 1569 692 nos
1584 664 1700 692 animam
1724 665 1898 700 perdidimus,

1106 721 1156 741 nec
1175 718 1264 740 tamen
1281 711 1424 748 lugemus?
1445 711 1592 739 excidimus
1605 719 1620 738 a
1635 711 1729 743 salute,
1751 719 1800 739 nec
1822 711 1899 746 plan-

1107 759 1214 795 gimus?
1229 759 1296 792 Quid
1319 758 1353 786 de
1375 757 1463 785 anima
1478 763 1506 786 et
1524 758 1610 786 salute
1624 757 1738 793 loquor?
1758 758 1899 786 Dominum

1107 806 1175 834 adeo
1199 806 1289 833 mitem
1315 812 1346 833 ac
1373 805 1516 840 benignum
1540 805 1717 838 irritavimus,
1742 813 1828 840 neque
1850 805 1901 833 sub

1108 857 1178 879 terra
1194 859 1244 879 nos
1257 851 1465 879 abscondimus?
1479 850 1537 878 Non
1553 850 1623 878 enim
1638 854 1740 878 tantum
1754 851 1856 886 providi
1869 858 1901 878 ac

1108 897 1215 941 solliciti
1238 897 1350 930 domini,
1365 896 1412 925 sed
1427 901 1453 925 et
1470 897 1552 931 patris
1575 896 1747 931 indulgentis,
1760 901 1788 924 et
1802 897 1902 924 libero-

1108 953 1168 972 rum
1202 944 1392 971 amantissime
1421 943 1514 971 matris
1545 950 1653 970 omnem
1689 942 1902 970 benevolentiam

1109 994 1254 1025 exsuperat
1278 997 1324 1022 ea,
1349 996 1401 1024 qua
1426 996 1475 1016 nos
1499 988 1697 1023 complectitur,
1713 987 1901 1016 sollicitudine.

1111 1036 1245 1070 Numquid
1258 1036 1329 1063 enim
1344 1035 1513 1068 obliviscetur,
1528 1034 1623 1070 inquit,
1639 1034 1729 1061 mulier
1743 1034 1842 1068 paruuli
1852 1034 1902 1064 sui.

1110 1087 1205 1110 utnon
1227 1082 1375 1109 misereatur
1394 1083 1490 1116 fetuum
1514 1080 1578 1107 uteri
1599 1080 1660 1107 sui?
1681 1079 1750 1106 Licet
1773 1085 1856 1107 autent
1880 1084 1904 1106 et

1110 1130 1201 1156 mulier
1216 1128 1293 1156 oblita
1305 1128 1391 1164 fuerit,
1408 1136 1453 1162 ego
1468 1133 1550 1154 tamen
1559 1135 1614 1154 -ηθη
1628 1126 1761 1154 obliviscar
1780 1127 1826 1159 tui,
1843 1127 1905 1153 dicit

1110 1175 1236 1203 Dominus
1258 1175 1334 1210 (I-sai.
1348 1175 1394 1202 49.
1414 1174 1469 1208 15).
1492 1173 1635 1201 Enimvero
1657 1177 1719 1200 ante
1737 1173 1906 1200 demonstra-

1111 1222 1211 1250 tionem
1224 1221 1276 1249 ﬁde
1289 1221 1368 1256 digna
1389 1220 1432 1248 vel
1452 1220 1508 1247 sola
1530 1219 1608 1247 fuerit
1628 1219 1771 1246 afﬁrmatio
1786 1228 1791 1245 :
1807 1218 1905 1254 quippe

1111 1276 1171 1304 qua:
1193 1269 1238 1296 Dei
1263 1267 1298 1295 sit
1317 1277 1323 1294 :
1347 1267 1522 1295 nihilominus
1547 1272 1646 1300 tamen,
1661 1274 1720 1301 age,
1736 1267 1816 1294 rebus
1840 1266 1906 1301 ipsis

1111 1321 1266 1349 expressam
1287 1313 1542 1341 demonstrationem
1564 1313 1749 1340 exhibeamus.
1772 1313 1838 1340 Cum
1854 1313 1906 1340 im-

1111 1364 1232 1396 perasset
1253 1359 1397 1395 aliquando
1412 1359 1466 1387 ﬁlio
1487 1359 1618 1392 Rebecca,
1637 1363 1666 1386 ut
1685 1359 1756 1386 illam
1778 1358 1811 1386 de
1836 1358 1907 1386 furto

1113 1406 1307 1434 benedictionis
1338 1406 1455 1433 fabulam
1481 1409 1589 1441 ageret;
1614 1411 1753 1441 postquam
1775 1406 1847 1433 omni
1873 1413 1906 1433 ex

1113 1457 1188 1488 parte
1203 1452 1332 1487 prteclare
1347 1452 1434 1487 ipsum
1454 1451 1604 1485 adornavit,
1615 1452 1694 1487 eique
1709 1451 1797 1479 fratris
1813 1459 1906 1486 perso-

1114 1506 1174 1526 nam
1192 1498 1318 1534 imposuit
1333 1508 1339 1526 :
1357 1497 1570 1534 quandoquidem
1597 1506 1631 1525 ne
1650 1498 1688 1525 sic
1701 1497 1808 1533 quidem
1832 1497 1907 1525 illum

1114 1545 1211 1573 ﬁducia
1225 1544 1366 1580 prteditum
1377 1544 1452 1577 vidit,
1466 1551 1572 1572 omnem
1593 1551 1626 1571 ex
1644 1544 1734 1572 animo
1743 1543 1792 1570 ﬁlii
1808 1548 1907 1571 metum

1114 1591 1208 1618 volens
1221 1590 1349 1622 eximere,
1365 1590 1449 1625 Super
1466 1598 1506 1617 me
1518 1591 1560 1623 sit,
1575 1590 1622 1623 ait,
1641 1595 1684 1617 tua
1696 1590 1850 1623 maledictio,
1868 1590 1909 1624 fili

1117 1637 1192 1674 (Gen.
1204 1637 1249 1664 27.
1264 1637 1321 1672 l3).
1342 1636 1434 1664 Matris
1447 1643 1540 1663 revera
1554 1643 1616 1669 vox,
1631 1641 1658 1663 et
1675 1643 1734 1671 quae
1748 1643 1840 1663 amore
1863 1636 1909 1663 ﬁlii

1115 1687 1186 1712 esset
1200 1683 1320 1710 incensa.
1343 1682 1465 1710 Christus
1478 1686 1568 1709 autem
1583 1690 1638 1709 non
1650 1681 1700 1709 hoc
1713 1681 1782 1709 dixit
1794 1686 1907 1714 tantum,

1115 1730 1163 1758 sed
1181 1730 1262 1756 etiam
1279 1729 1343 1757 fecit
1358 1737 1365 1756 :
1383 1736 1435 1756 non
1456 1728 1579 1763 promisit
1599 1731 1712 1759 tantum,
1726 1727 1773 1755 sed
1787 1732 1814 1755 et
1828 1735 1910 1762 opere

1116 1775 1246 1808 exhibuit,
1267 1774 1339 1809 quod
1360 1779 1388 1802 et
1401 1774 1498 1802 Paulus
1518 1774 1591 1801 clara
1605 1781 1671 1802 voce
1692 1773 1848 1809 pronuntiat
1867 1773 1909 1800 di-

1116 1830 1181 1851 eens
1197 1831 1203 1850 :
1218 1822 1335 1850 Christus
1347 1823 1392 1848 n‘os
1412 1821 1518 1848 redemit
1541 1821 1573 1848 de
1589 1820 1724 1848 maledicto
1741 1820 1813 1856 legis,
1827 1820 1910 1855 factu

1117 1877 1163 1905 pro
1176 1869 1247 1896 nobis
1261 1868 1425 1895 maledictum
1441 1866 1513 1904 (Gal.
1536 1867 1563 1894 5.
1579 1866 1635 1901 l5).
1650 1866 1726 1894 Hunc
1741 1866 1820 1901 igitur
1835 1873 1908 1898 num,

1117 1922 1218 1950 quaeso,
1241 1913 1425 1941 irritabimus!
1449 1920 1482 1940 an
1505 1919 1558 1939 non
1581 1916 1622 1939 est
1644 1911 1694 1939 hoc
1707 1912 1764 1946 ipsa
1788 1911 1910 1947 gehenna

1116 1961 1238 1996 gravius,
1257 1965 1284 1987 et
1304 1958 1447 1986 immortali
1469 1965 1570 1992 verme,
1584 1962 1613 1985 et
1633 1957 1694 1992 igne
1705 1957 1751 1992 qui
1765 1963 1910 1992 numquam

1118 2007 1297 2042 exstinguitur
1308 2006 1320 2033 ?

1153 2053 1194 2080 Ad
1203 2060 1301 2080 sacram
1310 2059 1422 2079 mensam
1433 2050 1557 2086 quomodo
1567 2049 1745 2077 accedendum.
1756 2063 1792 2068 —
1800 2047 1912 2082 Quando

1119 2100 1198 2136 igitur
1212 2099 1245 2127 ad
1260 2106 1363 2127 sacram
1376 2105 1496 2126 mensam
1509 2104 1538 2124 es
1550 2103 1722 2128 accessurus,
1739 2095 1795 2122 illic
1817 2094 1912 2121 adesse

1120 2147 1261 2175 Dominum
1275 2145 1394 2173 omnium
1407 2143 1536 2171 arbitrare
1551 2151 1558 2170 :
1574 2141 1704 2177 siquidem
1718 2140 1795 2168 adest
1806 2146 1911 2171 revera,

1119 2197 1146 2220 et
1157 2199 1216 2227 quae
1227 2192 1260 2219 sit
1271 2198 1346 2218 mens
1358 2189 1488 2224 cujusque
1502 2187 1650 2223 cognoscit,
1660 2194 1691 2214 ac
1701 2186 1773 2213 videt
1783 2185 1843 2220 quis
1852 2191 1912 2211 cum

1119 2245 1150 2266 ea
1163 2245 1214 2273 qua
1231 2245 1276 2272 par
1291 2240 1332 2264 est
1343 2234 1492 2266 sanctitate,
1502 2233 1560 2269 quis
1570 2240 1630 2260 cum
1644 2231 1806 2260 conscientia
1819 2230 1913 2264 depra-

1120 2289 1179 2312 vata
1199 2283 1322 2315 accedat.
1338 2289 1398 2310 cum
1418 2279 1561 2308 immundis
1574 2283 1600 2307 et
1612 2277 1727 2306 sordidis
1744 2275 1913 2312 cogitationi-

1120 2331 1180 2363 bus,
1191 2338 1252 2358 cum
1263 2328 1372 2357 nefariis
1380 2327 1538 2355 actionibus.
1554 2324 1631 2359 Quod
1641 2324 1663 2352 si
1673 2323 1825 2359 quempiam
1835 2322 1913 2349 talem

1121 2376 1271 2408 offenderit,
1284 2375 1398 2410 primum
1411 2372 1518 2408 quidem
1531 2371 1618 2407 ipsum
1632 2369 1730 2405 judicio
1742 2367 1914 2396 conscientire

1121 2423 1221 2451 tradit:
1237 2421 1334 2449 deinde
1353 2427 1418 2448 vero
1440 2420 1462 2446 si
1487 2418 1555 2445 forte
1573 2416 1689 2451 seipsum
1709 2413 1916 2450 cogitationibus

1121 2471 1242 2505 castiget,
1261 2468 1407 2502 reddatque
1422 2465 1570 2497 meliorem,
1585 2469 1679 2490 rursus
1692 2461 1766 2490 illum
1781 2459 1913 2492 admittit;

1121 2517 1191 2554 quod
1205 2517 1226 2543 si
1243 2520 1349 2543 maneat
1364 2514 1527 2541 incorrectus
1538 2532 1545 2543 ,
1561 2515 1617 2537 tum
1630 2509 1736 2536 demum
1751 2507 1777 2534 in
1789 2506 1848 2540 ejus
1861 2513 1917 2532 ma-

1122 2572 1173 2592 nus
1190 2562 1281 2591 incidit
1296 2559 1564 2600 tamquam‘ingratus
1579 2561 1606 2584 et
1618 2556 1758 2583 scelestus.
1781 2554 1914 2588 Quantum

1121 2617 1184 2638 vero
1195 2610 1228 2636 sit
1240 2607 1320 2640 istud,
1332 2614 1366 2634 ex
1377 2605 1460 2633 Paulo
1471 2604 1554 2635 disce,
1566 2602 1610 2637 qui
1622 2602 1659 2629 sic
1668 2601 1721 2628 ait:
1735 2600 1898 2627 Horrendnm
1908 2600 1915 2614 ¹

1122 2655 1232 2684 incidere
1252 2654 1278 2680 in
1303 2660 1393 2679 manus
1415 2650 1460 2678 Dei
1480 2649 1583 2676 viventis
1599 2647 1607 2682 (
1623 2647 1700 2674 Hebr.
1716 2646 1760 2673 10.
1776 2646 1807 2673 5i
1821 2646 1841 2680 ).
1856 2645 1917 2672 Scio

1123 2701 1245 2729 mordere
1256 2705 1303 2727 vos
1315 2699 1372 2725 ha'c
1385 2697 1463 2724 verba
1477 2704 1483 2722 :
1496 2694 1542 2723 sed
1555 2693 1617 2729 quid
1628 2692 1742 2720 faciam?
1756 2691 1811 2729 Nisi
1823 2690 1917 2718 acerba

1094 2787 1110 2810 Ἴ
1155 2785 1162 2800 ι
1183 2783 1280 2814 Aliquot
1291 2785 1344 2814 Mss.
1357 2780 1481 2814 variantin
1492 2777 1574 2803 verbis
1585 2776 1677 2814 minimi
1687 2775 1812 2814 momenti.
1822 2777 1846 2798 lu
1858 2772 1918 2814 libro

1122 2806 1339 2840 autenihtrfroshavii
1357 2813 1393 2837 sic
1412 2810 1501 2845 legitur
1511 2815 1522 2845 ⁸ε
1534 2807 1600 2845 Quod
1611 2806 1634 2832 si
1643 2806 1917 2845 mancatjinrorrcc‘trf.

1117 2837 1272 2901 inuitatis;
1282 2848 1413 2875 manusque
1425 2837 1496 2873 libari
1507 2837 1628 2871 utgratum
1640 2841 1662 2864 et
1674 2837 1844 2869 impudentem.
1856 2839 1918 2860 nor-

1123 2884 1164 2903 rrtt
1186 2883 1233 2903 mn.
1247 2882 1261 2900 e
1273 2882 1294 2900 c.

1227 2896 1233 2906 ν
1248 2893 1294 2900 νει..
