2072 3122
186 179 231 207 Nl

182 233 377 266 medicamenta
396 231 548 264 adhibeam,
570 231 678 259 vulnera
699 239 753 259 non
775 231 916 264 tollentur;
934 232 976 260 sin

182 280 321 308 adhibeam
337 279 444 312 acerba,
459 286 507 306 vos
521 278 640 306 dolorem
654 285 708 307 non
722 277 868 306 sustinetis.
884 278 976 314 Angu-

182 326 239 354 stia:
262 325 329 353 mihi
354 329 417 352 sunt
438 323 565 359 undique,
585 323 630 351 sed
650 330 739 358 opera:
760 323 874 358 pretium
898 323 978 353 fuerit

182 379 289 399 manum
306 370 434 405 deinceps
454 369 597 402 cohibere;
620 369 755 397 sufﬁciunt
772 369 843 397 enim
858 369 928 398 dicta
943 369 976 400 ad

183 424 286 449 eorum,
301 415 346 451 qui
359 415 453 442 attenti
467 414 583 448 fuerint,
597 414 821 442 emendationem.
840 414 978 444 Verumta-

182 471 242 491 men
258 468 288 490 ut
307 470 359 490 non
375 462 462 489 solum
474 461 566 494 vobis,
585 460 630 488 sed
645 464 672 488 et
684 461 788 488 caeteris
802 460 874 488 utilia
889 464 978 488 vestra

183 516 265 545 opera
277 509 357 540 fiant,
372 515 420 543 age
431 514 524 535 rursus
538 514 569 534 ea
583 507 735 534 summatim
746 506 858 534 collecta
873 511 977 540 repeta-

183 562 252 583 mus.
270 553 448 581 Disseruimns
467 552 501 580 de
521 552 678 587 Seraphim,
701 552 864 584 ostendimus
879 556 977 586 quanta

183 601 217 628 sit
229 600 353 636 dignitas,
362 600 438 634 juxta
450 598 552 634 regium
564 598 659 626 solium
672 602 753 630 stare,
764 603 791 625 et
803 598 829 628 in
839 598 977 629 hominum

136 646 142 653 '
183 650 313 682 potestate
324 646 404 674 situm
415 653 484 678 esse,
495 650 523 672 ut
533 644 688 680 dignitatem
700 644 773 672 illam
782 643 974 679 adipiscantur.

183 693 303 723 Diximus
316 692 350 720 de
359 691 420 725 alis,
434 696 462 719 et
475 691 509 723 de
522 690 698 718 inaccessibili
710 690 757 718 Dei
769 691 874 722 virtute,
889 690 976 725 deque

184 737 358 774 indulgentia,
373 745 425 773 qua
438 744 467 764 se
484 736 560 764 nobis
574 735 776 770 attemperavit;
791 735 936 770 adjecimus
951 740 978 763 et

183 791 290 815 causam
302 783 426 811 clamoris
437 790 468 809 ac
479 786 614 817 perpetua:
624 781 818 815 admirationis,
828 786 854 808 et
864 781 908 816 qui
920 781 976 815 ﬁat,

186 835 214 857 ut
227 830 291 857 dum
302 829 444 864 Serapliim
456 827 637 855 indesinenter
651 827 736 854 Deum
750 826 975 861 contemplantur,

184 883 245 903 cum
265 874 447 902 indesinenter
468 880 575 909 quoque
593 872 754 908 glorificent;
771 871 978 900 commonefeci-

186 928 246 948 mus
260 928 308 949 vos
327 919 433 948 cuinam
454 918 537 950 choro
553 925 753 952 accenseamur,
770 923 868 945 etcum
883 917 978 952 quibus

187 973 355 994 comnmnem
363 965 507 998 Dominum
516 964 669 998 laudemus;
683 963 829 999 adiecimus
839 967 867 992 et
877 963 910 991 de
921 970 979 999 pte-

500 174 534 204 IN
551 175 652 204 lLLUD
670 175 782 209 lSAle,
803 175 872 204 EGO
888 175 1035 205 DOMINUS
1054 177 1146 210 DEUS
1165 177 1240 205 FECl
1260 177 1387 217 LUMEN,
1408 178 1482 207 ETC.

1771 184 1824 213 ΗΞ

1030 233 1138 264 nitentia
1153 241 1306 266 sermones;
1320 241 1351 262 ac
1365 234 1484 268 demum,
1495 243 1573 270 quam
1584 244 1663 272 grave
1676 237 1711 265 sit
1722 239 1822 268 malum

1028 286 1088 306 eum
1111 287 1191 314 prava
1211 280 1372 310 conscientia
1395 280 1432 307 ad
1450 289 1525 313 sacra
1539 284 1665 318 mysteria
1677 285 1819 317 accedere;

1029 325 1281 359 demonstravimus,
1296 331 1323 354 et
1342 335 1394 362 quo
1417 333 1494 363 pacto
1515 328 1572 356 ﬁeri
1592 335 1718 364 nequeat,
1733 331 1823 366 utqui

1029 377 1120 399 manet
1132 372 1304 406 incorrectus,
1322 381 1428 408 poenam
1443 375 1532 402 evitet.
1547 375 1610 403 lla-c
1624 381 1650 403 et
1663 384 1753 409 umna
1764 377 1839 405 viro‘

1029 417 1123 451 discat,
1136 423 1162 446 et
1176 419 1245 446 filius
1255 427 1268 445 a
1281 424 1366 454 patre,
1378 424 1402 447 et
1417 428 1511 453 servus
1525 428 1539 447 a
1552 420 1669 453 domino,
1683 427 1709 450 et
1723 423 1823 451 vicinus

1029 472 1044 491 a
1057 466 1154 499 vicino,
1168 470 1196 493 et
1206 467 1307 498 amicus
1322 467 1356 498 ab
1369 467 1469 500 amico;
1484 467 1537 496 imo
1553 468 1633 497 etiam
1648 469 1763 503 inimicis
1775 468 1823 496 ista

1030 519 1187 539 narremus:
1201 520 1262 539 nam
1272 512 1413 546 etillorum
1428 513 1521 543 salutis
1536 513 1612 541 nobis
1625 518 1667 542 est
1682 514 1749 545 ratio
1762 515 1824 542 red-

1030 557 1126 588 denda.
1146 557 1173 584 Si
1189 558 1258 589 enim
1273 557 1376 590 illorum
1391 558 1623 594 crigerejumenta
1639 567 1697 595 quae
1715 560 1822 589 cecide-

1030 603 1099 636 rint,
1115 607 1141 630 et
1156 611 1216 638 qua:
1229 604 1410 631 aberraverint
1422 611 1582 635 conservare
1595 612 1626 632 ac
1637 604 1770 636 reducere
1780 605 1823 640 ju-

1030 648 1124 677 bemur
1138 649 1146 684 (
1159 648 1243 676 Exod.
1259 649 1303 677 25.
1322 650 1337 676 Ei
1347 648 1357 685 )
1367 669 1374 682 ,
1390 649 1474 677 multo
1487 650 1571 687 magis
1584 655 1718 679 errantem
1729 658 1822 678 eorum

1030 696 1145 723 animam
1157 703 1207 724 nos
1216 696 1354 729 reducere,
1364 700 1390 723 ct
1400 697 1543 731 collapsam
1555 701 1660 732 oportet
1669 697 1781 732 erigere.
1795 696 1824 724 Si

1030 743 1080 775 hoc
1093 747 1169 778 pacto
1180 747 1286 770 nostras
1295 747 1322 770 et
1331 743 1511 777 proximorum
1522 751 1564 770 res
1572 743 1823 778 dispensaverimus,

1030 793 1093 816 ante
1113 788 1229 816 tribunal
1252 787 1351 816 Christi
1374 796 1434 822 cum
1457 788 1556 822 ﬁducia,
1571 792 1645 822 stare,
1666 789 1823 824 poterimus,

1030 843 1091 865 cum
1113 842 1167 870 quo
1190 834 1262 862 Patri
1283 834 1377 870 gloria,
1399 833 1495 868 honor,
1517 834 1667 869 imperium,
1691 841 1743 866 una
1762 841 1825 862 cum

1030 885 1122 908 sancto
1139 887 1171 908 ac
1188 880 1293 908 viviﬁco
1312 880 1421 915 Spiritu,
1439 886 1508 908 nunc
1519 884 1547 908 et
1558 887 1673 915 semper,
1689 885 1716 908 et
1728 880 1754 908 in
1769 887 1820 909 sae-

1031 926 1089 954 cula
1102 926 1272 954 saeculorum.
1289 926 1386 960 Amen.

191 1051 1788 1072 ww

727 1225 781 1255 AD
799 1224 1004 1256 HOMILIAM
1023 1223 1277 1261 SEQUENTEM.

225 1353 339 1385 Difﬁcile
360 1359 444 1388 porro
470 1355 514 1379 est
532 1355 652 1380 statuere
677 1349 865 1378 Antiocliiaene
877 1357 912 1377 an
928 1349 1163 1385 Constantinopoli
1188 1348 1259 1379 hanc
1283 1348 1409 1378 habuerit
1433 1349 1573 1378 bomiliam
1596 1349 1821 1387 Chrysouomus.

190 1421 341 1458 Augnratur
355 1420 554 1452 'l'illernontius,
569 1418 804 1454 Constantinopoli
828 1418 927 1450 dictam
947 1418 1043 1451 fuisse,
1072 1418 1135 1453 quia
1160 1417 1371 1454 Chrysostomus
1393 1419 1438 1448 hic
1461 1423 1523 1456 post
1542 1420 1625 1449 alium
1640 1420 1819 1449 concionatus

189 1489 304 1522 dicitur;
322 1489 369 1517 sed
384 1494 437 1517 tam
451 1488 503 1516 levi
515 1488 678 1523 conjecturae
693 1495 728 1515 ne
742 1487 799 1522 ipse
815 1487 924 1522 quidem
937 1487 1128 1518 Tillcmontius
1145 1486 1302 1522 adstipulari
1320 1487 1411 1515 audet.

224 1562 416 1597 lnterprctatio
427 1562 522 1589 Latina
536 1566 578 1588 est
595 1561 740 1588 Frontonis
758 1561 857 1590 llum,

522 1771 583 1812 IN
607 1767 1040 1811 PROPHETICUM
1060 1765 1292 1808 DICTUM
1322 1765 1516 1811 ILLUD,

182 1862 242 1890 eoo
263 1862 404 1887 nonanus
424 1861 504 1883 nens
519 1860 591 1883 me!
612 1859 720 1882 LUMEN
737 1859 777 1881 ET
797 1856 972 1884 TENEBRAS,
986 1855 1118 1879 FACIENS
1139 1855 1256 1884 PACEM,
1280 1855 1320 1876 ET
1344 1855 1464 1877 cassus
1486 1854 1571 1877 mu
1595 1844 1685 1885 (.Isai.
1702 1845 1751 1875 5.3.
1773 1846 1822 1887 7).

891 1919 1102 1948 ωοεεΰζϐεδέὒθ
1129 1939 1134 1942 -

215 1995 242 2022 1.
262 1993 349 2021 Pauca
361 1997 423 2021 sunt
437 1993 543 2028 quidem
555 1991 635 2026 dicta,
648 1991 696 2019 sed
706 1991 791 2019 dulcis
811 1990 871 2018 fons
885 1990 972 2018 mellis

180 2046 234 2074 est,
255 2039 343 2068 mellis
361 2039 433 2074 quod
457 2038 591 2069 fastidium
611 2038 722 2065 minime
741 2037 818 2072 parit.
839 2036 904 2064 Nam
922 2036 975 2064 hoc

179 2087 287 2122 quidem
300 2086 353 2114 mel
365 2086 464 2115 sensile
483 2085 647 2121 voluptatem
667 2085 693 2112 in
715 2084 803 2119 lingua
819 2083 892 2116 ﬁnit,
905 2083 975 2115 etin

179 2133 377 2167 corruptionem
390 2132 446 2160 abit
461 2141 468 2158 :
481 2132 534 2159 mel
553 2138 616 2158 vero
635 2129 763 2158 doctrinae
783 2129 973 2158 conscientiam

179 2177 262 2209 afficit
280 2177 329 2213 (a),
344 2184 458 2212 eamque
478 2180 604 2212 perpetua
629 2175 720 2204 laetitia
740 2174 887 2210 perfundit,
902 2179 928 2202 et
939 2175 972 2201 ad

180 2224 409 2253 immortalitatem
429 2231 479 2252 nos
495 2223 612 2255 deducit.
633 2223 719 2257 Atque
738 2221 801 2249 illud
821 2221 927 2256 quidem
940 2229 973 2248 ex

179 2269 272 2297 herbis
292 2270 478 2304 componitur,
494 2268 545 2296 hoc
564 2273 653 2296 autem
668 2276 701 2296 ex
715 2267 811 2295 divinis
829 2267 974 2302 Scripturis

180 2315 280 2349 texitur
293 2323 299 2341 :
316 2315 368 2342 hoc
379 2322 427 2342 vos
441 2314 572 2342 hodierno
586 2314 630 2341 die
646 2313 790 2348 complevit
802 2313 835 2345 is,
849 2313 893 2348 qui
906 2321 974 2348 pra:-

179 2361 252 2388 clare
261 2361 339 2394 dixit,
350 2365 377 2388 et
390 2360 550 2394 obedientim
557 2359 694 2395 praemium
708 2359 863 2394 reportavit,
877 2366 908 2387 ac
922 2359 974 2387 vim

180 2406 298 2434 caritatis
316 2410 344 2434 et
366 2405 426 2434 ﬁdei
446 2406 611 2434 nobilitatem
629 2405 756 2433 ostendit.
768 2405 824 2440 Age
838 2412 901 2440 ergo
925 2412 974 2435 nos

179 2459 286 2488 quoque
307 2452 391 2479 multa
413 2460 475 2480 cum
492 2452 630 2481 alacritate
644 2451 749 2484 solitam
765 2459 884 2485 mensam
897 2451 974 2478 vobis

181 2506 286 2526 rursum
311 2506 494 2533 apponamus:
519 2505 572 2526 non
591 2498 662 2526 enim
688 2497 857 2529 mediocriter
875 2498 974 2533 gaude-

181 2551 251 2578 mus,
263 2545 334 2580 quod
348 2553 408 2572 cum
422 2544 490 2572 adeo
499 2544 618 2576 celebres
631 2544 683 2571 sint
695 2543 750 2572 ludi
763 2543 914 2576 Circenses,
929 2543 973 2570 illa

181 2590 281 2619 ludicra
301 2591 476 2625 occupatione
499 2594 652 2625 contempta
671 2589 724 2618 huc
746 2593 819 2621 tanta
833 2588 974 2621 multitudo

179 2636 348 2664 conﬂuxerit.
359 2636 489 2669 Quocirca
500 2643 549 2667 nos
559 2636 638 2663 etiam
652 2635 734 2662 multa
744 2642 804 2662 cum
816 2634 975 2663 liberalitate

179 2686 311 2710 craterem
324 2682 466 2709 statuimus
476 2702 483 2714 ,
495 2686 625 2708 craterem
639 2680 684 2716 qui
694 2680 849 2708 ebrietatem
865 2680 975 2708 minime

213 2771 249 2802 (α)
265 2770 293 2795 in
310 2774 402 2802 Graeco,
416 2775 550 2802 metuam
559 2772 656 2802 συνιιδᾷτι.
669 2767 808 2802 Ad_literar_n
818 2770 865 2797 est,
877 2767 974 2793 abscon-

181 2798 247 2826 ditur
258 2801 284 2826 in
293 2798 554 2830 conscientibJavilipé.
561 2800 695 2830 suspicatur
704 2798 836 2830 legendum
847 2805 911 2828 esse,
919 2805 974 2827 ιτιά-

179 2837 240 2860 θην...
251 2832 298 2858 sed
306 2832 366 2857 nihil
373 2835 513 2862 suspectum
523 2832 546 2855 in
554 2829 712 2862 haclectione
721 2829 895 2854 animadverto.
904 2833 975 2854 Fron-

180 2867 208 2889 to
219 2868 319 2889 tutczeus
339 2860 425 2891 vertit,
435 2861 600 2894 conscientiam
612 2860 696 2894 afﬁcit,
712 2861 790 2892 magis
809 2867 907 2886 sensum
919 2867 973 2892 ελα-

181 2900 256 2923 etans,
269 2901 342 2924 quam
355 2892 535 2924 etymologiam.

1026 1989 1119 2025 gignit,
1143 1988 1192 2016 sed
1215 1988 1417 2023 temperantiam
1438 1988 1519 2022 parit.
1532 1986 1597 2015 Tale
1616 1994 1731 2023 namque
1747 1987 1820 2016 Scri-

1026 2040 1164 2070 pturarum
1176 2038 1218 2062 est
1227 2034 1328 2067 viuum,
1345 2033 1406 2067 talia
1421 2040 1522 2061 mensae
1535 2037 1597 2060 sunt
1607 2033 1683 2062 istius
1693 2034 1819 2061 obsonia:

1026 2081 1151 2116 pinguem
1166 2084 1194 2108 et
1205 2080 1313 2108 obesam
1326 2086 1435 2107 carnem
1454 2086 1507 2106 non
1523 2078 1646 2106 reddunt.
1667 2079 1699 2107 Et
1712 2079 1770 2107 ha‘e
1779 2080 1821 2107 di-

1026 2128 1121 2161 cimus,
1133 2135 1186 2162 non
1199 2132 1228 2154 ut
1238 2125 1382 2161 ignominia
1394 2133 1502 2153 carnem
1518 2125 1677 2159 afficiamus,
1691 2125 1739 2153 sed
1749 2127 1821 2161 quod

1026 2174 1122 2210 anima:
1144 2173 1309 2201 nobilitatem
1331 2171 1415 2207 pluris
1437 2171 1625 2199 aestimemus:
1650 2179 1739 2206 neque
1755 2179 1822 2199 vero

1027 2227 1103 2247 usum
1125 2219 1271 2253 rejicimus,
1291 2217 1338 2245 sed
1355 2224 1494 2246 excessum
1513 2217 1693 2252 reprimimus.
1707 2217 1736 2245 Si
1749 2217 1820 2245 enim

1027 2266 1256 2302 philosophemur,
1268 2266 1303 2292 ita
1318 2263 1558 2300 philosophandum
1570 2267 1622 2297 est,
1637 2267 1667 2291 ut
1679 2263 1818 2291 hazretico-

1026 2320 1084 2340 rum
1096 2311 1135 2347 (ιι)
1151 2311 1247 2347 linguis
1261 2318 1354 2338 anSam
1374 2318 1427 2338 non
1448 2309 1552 2337 demus.
1566 2308 1633 2337 Nam
1648 2309 1700 2337 hoc
1713 2309 1826 2345 quidem

1026 2365 1124 2393 corpus
1148 2358 1237 2387 minus
1256 2362 1299 2385 est
1320 2356 1419 2390 anima,
1441 2356 1604 2384 contrarium
1629 2363 1692 2384 vero
1714 2363 1767 2384 non
1781 2362 1823 2386 est

1026 2404 1123 2442 anima:
1139 2412 1146 2430 :
1163 2402 1209 2430 sed
1221 2402 1333 2437 simplex
1349 2401 1508 2436 estquidem
1524 2400 1577 2435 illa,
1594 2409 1687 2429 verum
1702 2402 1822 2436 corporis
1872 2436 1876 2440 δ

1027 2449 1218 2484 cupiditatibus
1241 2447 1393 2475 famulatur.
1409 2447 1479 2474 Deus
1493 2447 1563 2474 enim
1577 2446 1673 2474 artifex
1688 2452 1821 2482 praestan-

1028 2496 1145 2522 tissimus
1155 2502 1207 2521 non
1218 2502 1251 2521 ex
1262 2501 1312 2521 una
1323 2499 1350 2520 ct
1360 2492 1462 2520 duabus
1471 2496 1498 2521 et
1510 2491 1595 2519 tribus
1606 2492 1761 2520 substantiis
1773 2492 1822 2519 hoc

1027 2543 1180 2570 universum
1194 2540 1332 2568 constituit
1343 2561 1350 2573 ,
1366 2539 1413 2567 sed
1427 2539 1514 2566 varias
1524 2545 1555 2565 ac
1567 2537 1705 2566 distinctas
1720 2538 1823 2566 invexit

1027 2595 1146 2623 naturas,
1165 2593 1193 2616 ut
1207 2589 1394 2616 abundantiam
1406 2587 1543 2622 sapientiae
1554 2594 1610 2614 suae
1625 2586 1651 2614 in
1666 2586 1825 2614 diversitate

1027 2643 1117 2664 rerum
1140 2635 1305 2662 ostenderet.
1319 2634 1376 2661 Non
1393 2633 1466 2661 enim
1481 2633 1576 2660 caelum
1588 2631 1709 2660 condidit
1722 2632 1822 2664 solum,

1028 2681 1075 2710 sed
1088 2687 1115 2708 ct
1128 2686 1225 2708 terram
1238 2688 1246 2707 :
1257 2687 1311 2708 non
1325 2683 1422 2707 terram
1438 2679 1534 2711 solum,
1549 2677 1597 2705 sed
1607 2682 1633 2705 et
1646 2677 1730 2705 solem
1743 2686 1751 2705 :
1766 2685 1821 2705 non

1028 2728 1111 2755 solem
1134 2727 1224 2759 modo,
1238 2726 1285 2754 sed
1303 2731 1330 2753 et
1347 2726 1435 2752 lunam
1451 2733 1459 2752 :
1482 2732 1535 2752 non
1555 2724 1644 2752 lunam
1661 2724 1758 2757 solum,
1772 2724 1820 2752 sed

1027 2779 1053 2801 et
1066 2774 1156 2801 stellas
1169 2781 1176 2800 :
1197 2780 1249 2799 non
1260 2771 1352 2799 stellas
1364 2771 1461 2803 solum,
1475 2769 1522 2797 sed
1534 2774 1562 2797 et
1571 2777 1660 2797 aerem
1674 2777 1682 2797 :
1704 2776 1756 2796 non
1772 2775 1819 2794 ac-

1027 2829 1083 2849 rem
1094 2821 1190 2853 solum,
1204 2819 1250 2847 sed
1261 2822 1288 2846 et
1297 2818 1395 2845 nubes:
1409 2825 1461 2845 non
1475 2817 1558 2845 nubes
1572 2816 1667 2851 solum,
1679 2815 1726 2844 sed
1739 2815 1818 2843 etiam

1058 2889 1094 2920 (ιι)
1111 2886 1248 2913 Μειιιίοιιποδ
1260 2884 1382 2917 intelligit.
