2046 3123
231 176 281 204 H3

229 236 329 264 aethera
343 243 350 262 :
367 242 419 262 non
434 232 534 261 aethera
548 232 646 266 solum,
662 231 709 259 sed
722 232 801 259 etiam
821 230 904 262 lacus,
919 229 1015 262 fontes,

229 282 333 313 ﬂuvios,
345 284 460 312 montes,
475 279 568 312 valles,
580 278 673 310 colles,
687 281 772 312 prata,
785 277 888 309 hortos,
903 275 1017 309 semina,

229 327 345 362 plantas,
361 325 503 353 herbarum
518 324 589 351 varia
600 330 708 359 genera,
724 323 874 357 formasque
888 320 1018 352 diversas,

228 374 300 399 vires
314 371 444 403 divenas,
459 377 490 398 ac
501 369 620 396 diversas
633 372 741 396 naturas
751 373 862 395 cernere
875 366 984 402 poterit,
997 366 1020 392 si

230 418 289 452 quis
311 416 439 444 mundum
461 415 577 450 undique
591 414 732 447 lustrarit;
753 413 812 441 etsi
829 417 912 440 totum
925 411 1020 440 orbem

229 469 363 491 terrarum
385 462 547 498 cogitatione
564 461 736 496 pereurrerit,
759 467 819 488 cum
842 459 971 494 propheta
993 458 1019 486 in

229 510 278 537 has
288 517 367 539 voces
379 513 518 544 erumpet:
533 508 615 542 Quam
628 507 791 543 magniﬁcam
802 510 860 534 sunt
874 513 951 540 opera
965 510 1020 537 tua,

230 556 358 583 Domine!
373 555 465 582 Omnia
485 555 512 582 in
534 554 656 589 sapientia
679 553 760 589 fecisti
777 553 861 589 (Pral.
881 553 942 580 105.
961 551 1020 586 24).

229 601 320 637 Itaque
333 602 354 629 si
370 601 503 629 theatrum
523 605 645 636 spectare
659 600 735 635 cupis
746 621 754 633 ,
775 599 808 627 ad
821 599 873 627 hoc
885 598 1021 634 spirituale

229 647 350 674 satanieo
364 647 410 674 illo
424 645 552 674 derelicto
564 645 648 673 Veni:
670 645 692 672 si
714 645 798 681 lyram
821 644 897 679 cupis
918 642 1021 676 audire,

231 691 276 719 illo
292 696 424 719 concentu
439 691 560 725 dimisso,
581 695 607 718 et
620 690 736 718 excitato
751 689 848 717 mentis
861 694 913 717 tua:
925 689 1022 716 robore

229 737 262 764 ad
277 737 346 765 hanc
360 737 419 764 veni
432 757 440 769 ,
453 744 512 772 qua:
527 737 644 764 animum
657 740 730 764 tuum
746 736 837 771 erigit,
851 739 1022 770 mentemque

228 783 379 811 continuat.
393 782 461 811 Vide
473 787 501 810 ut
514 783 571 810 soni
584 782 693 816 diversi,
704 781 863 817 chordaaque
878 780 1020 814 distinctae,

228 836 336 856 summo
360 828 449 864 opifici
473 828 529 856 Deo
555 835 637 856 unum
656 832 684 856 et
701 827 888 856 suavissimum
906 826 1022 861 undique

229 879 388 903 concentum
400 875 531 903 emittant.
546 875 601 903 Ceu
613 876 683 903 enim
699 875 806 910 quidam
821 881 902 902 sonus
913 873 1022 909 spiritus

229 930 263 949 ex
273 921 458 949 differentibus
473 922 544 949 sonis
559 921 690 949 conflatus
710 929 792 949 unum
811 920 891 948 habet
905 927 1021 948 concen-

231 972 285 994 tum
299 967 528 1002 glorilieationem,
540 975 591 1002 qua
604 967 721 995 celebrat
733 967 904 995 Conditorem
916 975 923 993 :
938 971 966 994 et
978 974 1022 994 so-

230 1018 295 1041 nant
311 1014 418 1049 quidem
438 1015 582 1049 separatim
601 1013 708 1042 chorda:
721 1014 832 1050 singula:
844 1035 851 1048 ,
867 1019 963 1042 sonant
975 1021 1022 1041 au-

230 1064 284 1087 tem
307 1065 335 1087 et
356 1059 426 1087 inter
441 1066 470 1087 se
484 1060 644 1094 conjunctae.
659 1060 747 1095 Atque
763 1064 792 1087 ut
807 1059 938 1095 intelligas
949 1080 956 1092 ,
969 1067 1023 1093 quo

230 1109 309 1140 pacto
332 1105 476 1139 separatim
499 1109 606 1139 sonent,
630 1105 689 1132 ccli
711 1105 840 1133 chordam
862 1105 1024 1140 cogitatione

229 1151 345 1185 pulsato,
361 1155 417 1178 tum
430 1150 528 1186 ingenti
543 1150 616 1178 edito
629 1157 696 1178 sono
710 1151 803 1178 audies
816 1158 875 1178 eam
891 1151 946 1178 Deo
962 1151 1022 1178 lau-

229 1196 291 1224 dem
311 1196 418 1225 otl'erre.
442 1197 517 1231 Quod
539 1205 600 1225 cum
628 1197 859 1226 animadvertisset
881 1198 1022 1233 propheta,

231 1242 298 1270 dixit
312 1252 318 1270 :
333 1243 395 1270 στειί
408 1248 527 1270 enarrant
536 1243 643 1278 gloriam
657 1243 716 1277 Dei,
730 1252 794 1279 opus
804 1249 888 1272 autem
903 1253 1023 1271 manuum

230 1289 286 1322 ejur
310 1289 444 1316 annuntiat
468 1290 656 1322 ﬁrmamentum
678 1289 762 1326 (Psal.
785 1290 828 1318 l8.
851 1290 891 1325 2).
916 1290 958 1318 Ab
978 1290 1023 1317 illa

230 1333 332 1362 chorda
346 1333 379 1362 ad
392 1334 445 1362 diei
466 1335 604 1370 noctisque
618 1335 745 1364 chordam
760 1337 909 1369 descende.
927 1342 982 1364 tum
996 1341 1024 1365 et

231 1379 282 1407 hos
296 1380 352 1416 lyra
367 1381 460 1415 quavis
472 1385 499 1408 et
511 1381 612 1409 cithara
633 1382 771 1410 suaviores
785 1383 867 1410 emitti
882 1389 963 1410 sonos
984 1383 1024 1409 vi-

230 1426 327 1454 debis:
354 1427 502 1460 prmsertim
525 1434 589 1455 vero
609 1435 671 1455 cum
697 1427 812 1456 adfuerit
836 1428 881 1463 qui
909 1427 1024 1456 chordas

229 1473 294 1499 istas
316 1473 422 1507 pulsare
445 1474 559 1501 noverit.
572 1473 692 1507 Quonam
712 1479 801 1502 autem
816 1479 894 1510 pacto
907 1475 1024 1502 sonant?

230 1518 300 1546 dicet
314 1518 420 1553 aliquis.
440 1519 540 1546 Caelum
554 1527 607 1546 non
621 1527 651 1547 os
666 1524 770 1554 movet,
786 1528 873 1556 neque
885 1521 1000 1556 linguam
1013 1541 1021 1555 ,

230 1572 317 1599 neque
332 1564 459 1599 palatum,
471 1573 556 1600 neque
570 1565 674 1599 dentes,
684 1574 770 1602 neque
782 1566 873 1594 labra:
888 1567 1023 1602 quomodo

230 1618 293 1646 ergo
308 1618 360 1638 vox
372 1611 478 1639 oritur?
492 1611 626 1646 quomodo
640 1616 728 1640 autem
743 1611 800 1640 dies
819 1612 937 1648 loquitur
949 1613 1023 1642 ?Ne—

231 1664 284 1692 que
305 1657 375 1685 enim
392 1657 449 1685 haec
469 1658 568 1686 vocalia
582 1663 644 1686 sunt
659 1652 833 1687 instrumenta
844 1680 852 1694 ,
868 1659 916 1687 sed
929 1666 1024 1687 cursus

230 1703 295 1730 solis
306 1708 332 1731 ct
345 1703 415 1731 luna
427 1703 483 1731 dies
496 1709 535 1732 est
546 1708 574 1732 et
587 1712 651 1739 nox,
662 1705 840 1740 temporisque
855 1713 1023 1741 progressus.

231 1748 270 1775 Nc
285 1748 364 1784 igitur
375 1757 407 1776 ex
426 1749 602 1777 crassioribus
619 1750 715 1785 aliquis
735 1750 776 1778 his
790 1751 888 1779 auditis
901 1759 1023 1780 commo-

234 1799 327 1821 veatur
340 1802 372 1822 ac
386 1796 556 1830 perturbetur
567 1816 574 1828 ,
588 1796 649 1823 audi
667 1804 721 1831 quo
740 1802 817 1832 pacto
832 1797 874 1825 his
887 1818 894 1830 ,
908 1806 966 1833 quae
979 1798 1022 1825 di-

231 1844 273 1866 cta
299 1844 370 1872 sunt,
398 1840 496 1868 addere
521 1841 621 1876 majora
644 1842 780 1870 contendit
803 1843 941 1878 propheta.
957 1844 1022 1871 Cum

231 1885 303 1912 enim
319 1885 399 1912 cazlos
424 1886 470 1913 llei
490 1886 602 1921 gloriam
622 1894 748 1915 enarrare
767 1887 896 1921 dixisset,
911 1892 938 1916 et
951 1888 1022 1916 diem

231 1930 284 1957 diei
299 1931 409 1957 verbum
423 1935 555 1964 eructare,
569 1937 728 1968 noctemque
743 1934 814 1961 nocti
825 1934 963 1962 scientiam
979 1935 1023 1962 in-

231 1975 321 2003 dicare
332 1975 413 2010 (Ibid.
428 1985 452 2005 υ,
466 1977 505 2012 5),
519 1985 570 2004 non
585 1977 627 2005 hic
639 1978 766 2012 substitit,
776 1979 823 2007 sed
834 1979 949 2015 adjecit:
963 1980 1023 2008 Non

232 2025 290 2047 mut
304 2021 420 2056 loquella,
438 2030 517 2057 neque
536 2031 673 2056 sermones,
695 2032 802 2058 quorum
819 2033 869 2052 non
888 2026 1026 2053 audiantur

231 2076 302 2095 vocet
315 2076 401 2096 eorum
421 2069 502 2102 (Ibid.
517 2078 541 2097 v.
556 2070 593 2106 6).
608 2070 707 2098 llorum
723 2076 810 2099 autem
826 2073 967 2101 verborum
982 2073 1025 2100 hic

231 2122 326 2142 sensus
341 2119 382 2142 cst
399 2125 405 2142 :
421 2115 479 2143 Non
495 2115 580 2143 solum
594 2124 686 2145 vocem
703 2118 800 2146 habent
814 2119 872 2147 dies
884 2140 891 2152 ,
907 2125 934 2147 et
950 2128 1002 2147 nnx
1015 2141 1022 2154 ,

231 2161 258 2187 et
271 2160 365 2188 ca-lum
383 2162 402 2193 ‘,
425 2162 471 2189 sed
493 2167 519 2190 et
539 2170 631 2190 vocem
655 2164 797 2198 ejusmodi,
812 2174 871 2200 qua:
884 2166 1022 2202 insignior,

231 2205 339 2238 rlarior,
362 2211 389 2234 et
411 2208 498 2234 acrior
518 2209 553 2236 sit
575 2208 699 2236 humana.
722 2210 780 2243 Quo
799 2211 904 2239 tandem
928 2212 1024 2247 pacto?

231 2251 299 2279 Audi
311 2252 366 2288 ipsa
381 2249 438 2287 eius
451 2254 540 2281 verba.
558 2254 617 2282 Non
636 2261 694 2282 sunt
705 2256 820 2290 loquela,
836 2266 915 2292 neque
928 2266 1024 2286 sermo-

231 2306 401 2333 nes,quorum
427 2308 477 2326 non
499 2301 637 2328 audiantur
658 2309 729 2329 voce:
747 2311 842 2330 eorum.
857 2304 924 2338 Quid
946 2305 1024 2340 igitur

231 2344 282 2372 hoc
295 2350 336 2372 est
348 2345 359 2372 7
371 2346 526 2374 Eneomium
542 2348 627 2380 vocis,
643 2348 700 2376 laus
714 2349 773 2376 soni
789 2349 938 2384 hujus.Vox
952 2346 1023 2379 enim

232 2398 290 2418 mea
311 2396 372 2418 nota
387 2397 428 2419 est
442 2393 476 2420 illi
487 2414 495 2426 ,
509 2394 553 2429 qui
567 2394 659 2422 eadem
675 2403 778 2422 mecum
794 2396 881 2431 lingua
897 2397 1023 2432 loquitur,

231 2435 255 2462 ei
271 2443 335 2463 vero
348 2437 392 2472 qui
405 2437 520 2472 diversa,
535 2447 588 2466 non
600 2440 674 2467 item.
687 2440 805 2475 Exempli
817 2442 937 2474 causa,si
951 2442 1024 2471 Gne-

231 2489 262 2508 ca
277 2482 364 2517 lingua
379 2483 483 2518 loquar,
501 2490 529 2512 et
541 2493 632 2514 vocem
650 2486 718 2514 hanc
733 2488 836 2515 noverit
848 2489 962 2524 aliquis,
979 2489 1025 2518 ille

232 2535 277 2556 me
289 2529 379 2556 audiet
395 2539 402 2557 :
422 2530 519 2567 Scytha
535 2540 599 2559 vero
611 2554 618 2567 ,
635 2533 733 2566 Thrax,
750 2534 874 2568 Maurus,
887 2541 934 2563 aut
944 2535 1024 2564 ludus

233 2581 286 2601 non
302 2574 364 2602 item
381 2583 388 2601 :
405 2576 502 2611 quippe
517 2578 586 2612 quod
604 2579 701 2614 lingnze
720 2580 862 2609 discrimen
885 2581 1022 2618 impediat,

233 2627 267 2646 ne
283 2619 319 2647 illi
331 2627 420 2648 sermo
435 2629 511 2649 meus
525 2622 682 2652 innotescat.
944 2628 952 2643 ³

268 2665 295 2693 2.
312 2665 422 2701 Loquela
435 2673 606 2696 creaturarum
622 2669 702 2698 Deum
715 2672 874 2700 lutuiantium
886 2673 976 2708 qualis.
991 2689 1026 2694 —

234 2712 337 2742 llursus
349 2721 409 2750 ego,
423 2715 445 2743 si
459 2715 582 2751 loquatur
593 2717 690 2753 Scytha
705 2719 745 2747 vel
758 2720 856 2753 Thrax,
869 2721 961 2749 audire
973 2729 1024 2749 non

267 2791 330 2827 15in
346 2797 377 2827 ex
391 2792 528 2827 conjectura
540 2794 648 2827 restituit
663 2797 750 2827 Fronto
767 2800 876 2827 means,
891 2799 1025 2827 etquidem

234 2822 335 2858 optime.
349 2822 418 2858 Apud
429 2822 540 2858 sardium
551 2824 651 2858 legitur,
663 2825 729 2858 dies,
743 2830 766 2851 et
776 2833 833 2856 nox.
846 2822 926 2854 etnon
932 2822 1026 2855 Ἱιοιιιοέ

235 2854 428 2890 veruxnccujtcit
440 2854 482 2879 ille
495 2855 518 2879 in
531 2854 641 2890 margine
662 2854 795 2890 legendum
818 2854 883 2890 esse,
896 2862 920 2885 et
931 2859 1025 2890 t'tl’lttm,

237 2885 263 2907 et
277 2887 345 2908 recte
357 2885 455 2915 quidem
468 2893 474 2910 :
488 2893 542 2911 nam
555 2885 589 2912 sic
601 2885 813 2919 scnsus’postulat.

567 171 594 199 Β.
614 171 753 200 JOANNIS
771 167 1010 199 CHRYSOSTOMI
1029 167 1186 197 ARCHIEP.
1207 168 1474 198 CONSTANTINOP.

1816 173 1868 200 1H-

1075 231 1178 263 potero,
1191 235 1276 263 neque
1291 228 1357 255 alter
1371 228 1487 263 linguam
1501 228 1609 256 alterius
1625 238 1630 255 :
1647 229 1672 256 in
1685 229 1751 257 caelo
1765 234 1865 262 autem,

1073 275 1099 302 in
1115 280 1193 302 nocte
1205 282 1236 302 ac
1251 274 1294 302 die
1306 274 1394 302 locum
1406 274 1431 301 id
1444 281 1496 302 non
1508 274 1598 305 habet.
1612 275 1659 302 sed
1671 275 1801 310 ejusmodi
1815 283 1866 303 Vox

1073 320 1180 347 illorum
1195 325 1244 352 est,
1261 324 1289 347 ut
1304 320 1336 347 ab
1350 321 1422 347 omni
1439 320 1536 355 lingua,
1553 321 1586 347 ah
1601 321 1671 348 omni
1688 321 1790 356 loquela
1807 329 1867 356 po.“-

1073 367 1106 394 sit
1119 367 1213 400 audiri,
1230 367 1306 402 eique
1320 367 1389 395 clara
1404 367 1437 394 sit
1450 372 1476 394 ct
1490 368 1638 402 persp’eua.
1652 367 1794 402 Propterea
1806 375 1866 395 eum

1073 412 1153 440 cados
1169 413 1213 440 Dei
1227 413 1338 448 gloriam
1352 420 1478 441 enarrare
1490 413 1609 444 dixisset.
1624 418 1651 441 et
1664 414 1732 442 diem
1744 414 1795 441 diei
1807 422 1867 441 ver-

1073 459 1136 486 bum
1151 464 1288 492 eructare,
1304 459 1401 494 adjecit
1415 468 1422 487 :
1439 459 1497 486 Non
1511 464 1569 486 sunt
1582 460 1704 495 loquella,
1717 468 1796 495 neque
1811 469 1865 487 ur.

1074 514 1170 539 manu,
1182 514 1287 541 quarunt
1301 514 1351 533 non
1366 506 1502 533 audiantur
1514 513 1585 533 vocas
1599 514 1694 533 eorum.
1709 506 1773 540 Quae
1786 506 1865 534 verba

1075 553 1153 580 talem
1168 553 1326 580 sententiam
1344 552 1442 580 habent
1456 561 1462 579 :
1479 552 1570 580 Talem
1593 552 1691 580 habent
1712 553 1845 588 loquelam
1856 573 1865 585 ,

1075 598 1207 634 talemque
1220 605 1312 626 vocem
1327 597 1425 626 habent
1438 598 1506 631 dies,
1522 606 1583 631 nox,
1597 603 1622 626 et
1637 598 1741 631 czelum,
1757 605 1866 626 omnes-

1073 653 1125 679 que
1140 650 1285 677 creaturae,
1302 650 1330 672 ut
1350 645 1384 672 ab
1404 645 1526 672 omnibus
1544 644 1657 679 loquelis
1668 665 1676 677 ,
1694 645 1744 672 hoc
1758 649 1796 672 est
1809 665 1817 678 ,
1833 643 1866 671 ab

1074 690 1198 718 omnibus
1213 690 1317 726 linguis,
1332 691 1366 718 ab
1380 690 1501 718 omnibus
1513 690 1636 725 gentibus
1650 697 1700 718 vox
1714 696 1807 717 eorum
1817 697 1866 717 au-

1074 737 1170 765 diatur.
1185 737 1242 765 Non
1258 737 1328 765 enim
1340 743 1379 765 est
1395 737 1508 773 loquela,
1521 737 1616 772 inquit,
1632 737 1683 765 hoc
1697 741 1747 770 est,
1760 745 1813 764 non
1825 741 1866 764 est

1073 790 1150 818 gens.
1166 791 1218 810 non
1232 787 1273 811 est
1285 791 1346 817 vox,
1361 783 1405 810 ubi
1421 791 1471 810 vox
1485 783 1543 810 casti
1559 790 1610 810 non
1626 783 1766 810 audiatur:
1780 783 1826 810 sed
1839 786 1867 810 et

1074 829 1184 865 Scytha,
1197 834 1224 857 et
1234 829 1333 863 Thrax,
1347 835 1373 858 et
1386 830 1501 863 Maurus,
1515 835 1542 858 et
1555 830 1644 863 lndus,
1658 834 1685 857 et
1698 830 1864 862 Sauromata,

1074 879 1101 902 et
1114 875 1218 910 loquela
1232 875 1328 908 omnis,
1340 880 1366 903 et
1382 875 1470 911 lingua
1484 876 1571 903 omnis
1585 880 1612 903 et
1623 883 1688 911 gens
1701 876 1786 903 omnis
1797 875 1866 903 hanc

1075 928 1168 949 vorem
1183 921 1279 956 poterit
1293 921 1429 949 exaudire.
1445 922 1503 956 Quo
1517 922 1623 949 tandem
1639 922 1734 956 pacto?
1746 921 1800 949 lloc
1811 921 1865 955 jam

1075 966 1146 999 audi,
1163 970 1191 994 ut
1206 966 1336 1002 intelligas
1352 974 1402 1001 qua
1417 967 1518 994 ratione
1530 967 1624 994 est-lum
1641 967 1751 995 tacendo
1766 967 1866 1002 loqua-

1075 1017 1126 1039 tur.
1141 1013 1206 1040 Cum
1219 1013 1289 1040 enim
1302 1013 1400 1041 videris
1412 1014 1470 1048 ejus
1485 1013 1719 1048 pulchritudinem,
1735 1014 1867 1048 magnitu—

1074 1058 1162 1085 dinem
1175 1079 1182 1092 ,
1200 1059 1278 1086 situm
1292 1079 1298 1090 ,
1314 1059 1516 1094 perpetuitatem
1529 1080 1536 1091 ,
1555 1060 1741 1095 splendorem,
1761 1064 1788 1087 et
1809 1060 1867 1087 ha‘e

1074 1106 1162 1134 omnia
1184 1106 1311 1141 colligens
1332 1106 1402 1141 apud
1423 1112 1448 1134 te
1467 1106 1638 1135 Conditorem
1658 1106 1865 1142 gloriﬁcaveris,

1075 1151 1227 1179 Creatorem
1243 1152 1368 1186 laudaris,
1385 1157 1440 1179 tum
1453 1160 1545 1180 vocem
1559 1153 1647 1180 emisit
1661 1153 1765 1185 celum,
1779 1158 1806 1180 et
1819 1159 1866 1187 per

1075 1198 1189 1233 linguam
1213 1197 1268 1225 Deo
1287 1199 1399 1233 gloriam
1419 1198 1576 1233 laudemque
1597 1198 1699 1226 detulit.
1716 1199 1800 1233 Atque
1815 1198 1866 1225 hoc

1076 1243 1139 1270 illud
1159 1247 1200 1270 est.
1216 1244 1285 1278 quod
1300 1244 1386 1277 dixit,
1401 1244 1462 1272 (Itali
1478 1248 1596 1271 enarrant
1613 1244 1720 1279 gloriam
1735 1244 1792 1271 Dei.
1807 1245 1866 1277 Quo

1075 1290 1182 1317 tandem
1195 1289 1293 1317 modo?
1306 1290 1372 1317 Dum
1385 1290 1425 1318 sui
1439 1290 1589 1325 splendoris
1602 1291 1794 1325 pulchritudine
1805 1298 1866 1325 spe-

1074 1339 1203 1363 ctatorem
1218 1335 1243 1363 in
1258 1335 1460 1363 admirationem
1476 1336 1614 1363 traducunt
1626 1336 1785 1364 Conditoris.
1799 1336 1866 1363 Cum

1075 1381 1145 1408 enim
1157 1385 1300 1415 conspecto
1311 1385 1384 1408 tanto
1393 1388 1474 1416 opere
1484 1381 1582 1408 dixeris
1595 1390 1601 1408 :
1613 1381 1702 1409 Gloria
1715 1381 1770 1413 tibi.
1785 1381 1865 1413 Deus,

1074 1427 1152 1463 quale
1165 1434 1262 1462 corpus
1273 1426 1425 1460 condidisti,
1438 1432 1466 1455 et
1479 1427 1504 1455 in
1519 1427 1606 1455 medio
1617 1427 1794 1455 constituisti!
1809 1428 1866 1455 cadi

1074 1473 1186 1508 gloriam
1206 1473 1283 1500 istam
1303 1472 1472 1505 detulerunt,
1486 1476 1513 1500 et
1533 1477 1575 1500 tua
1597 1473 1684 1507 lingua
1700 1477 1805 1500 utentes
1820 1480 1867 1507 per

1074 1523 1211 1554 aspectum
1225 1519 1428 1547 admirationem
1440 1518 1627 1547 exhibuerunt.
1641 1518 1679 1546 Ita
1692 1520 1800 1548 silentes
1809 1520 1868 1555 glo-

1073 1565 1140 1592 riam
1155 1571 1182 1592 et
1199 1564 1328 1593 honorem
1351 1565 1405 1593 Deo
1424 1564 1563 1598 deferunt,
1578 1569 1605 1593 et
1627 1565 1694 1593 hanc
1710 1573 1802 1593 vocem
1817 1573 1866 1592 an-

1073 1611 1150 1639 diunt
1164 1618 1267 1639 omnes.
1282 1611 1394 1645 Quando
1412 1611 1484 1638 enim
1503 1611 1561 1639 ha-c
1582 1611 1680 1646 percipi
1701 1611 1791 1638 auditu
1812 1618 1866 1638 non

1075 1661 1195 1692 possunt,
1209 1657 1255 1685 sed
1266 1662 1374 1692 aspectu
1385 1661 1412 1684 et
1423 1657 1657 1692 contemplatione,
1670 1663 1793 1692 aspectus
1805 1665 1867 1692 por-

1074 1712 1104 1732 ro
1119 1712 1187 1732 unus
1203 1708 1245 1732 est
1257 1705 1394 1736 omnibus,
1410 1704 1514 1732 tametsi
1530 1704 1618 1740 lingua
1632 1704 1666 1731 sit
1680 1703 1823 1735 differens,
1840 1708 1868 1732 et

1074 1750 1202 1778 barbarus
1214 1770 1221 1783 ,
1237 1749 1359 1786 Scythae,
1380 1749 1496 1777 Thraces
1507 1771 1516 1783 ,
1528 1749 1633 1783 Mauri,
1649 1754 1676 1777 ct
1697 1749 1753 1777 lndi
1775 1756 1866 1776 vocem

1074 1795 1153 1824 istam
1164 1796 1282 1829 audiunt,
1295 1796 1345 1822 hoc
1358 1800 1408 1828 est,
1421 1795 1576 1823 miraculum
1588 1799 1738 1826 cernentes,
1753 1795 1868 1829 pulchri-

1076 1842 1194 1870 tudinem
1207 1842 1435 1877 obstupescentes,
1451 1842 1630 1877 splendorem,
1646 1841 1865 1878 magnitudinem,

1074 1888 1125 1915 alia
1139 1888 1227 1916 omnia
1238 1909 1245 1921 ,
1260 1896 1319 1924 quze
1339 1888 1372 1915 ad
1391 1888 1484 1916 cmlum
1506 1888 1638 1922 pertinent
1650 1909 1657 1922 ,
1672 1888 1716 1923 qui
1736 1892 1808 1916 recta
1822 1895 1867 1914 sa-

1075 1936 1160 1970 piunt,
1176 1933 1286 1968 gloriam
1301 1939 1328 1962 et
1342 1934 1448 1961 laudem
1461 1934 1573 1962 offerunt
1588 1934 1652 1961 Deo.
1668 1934 1783 1969 ldipsum
1797 1933 1868 1962 etde

1075 1981 1118 2008 die
1133 1985 1212 2015 atque
1227 1984 1303 2007 nocte
1316 1980 1367 2007 dici
1384 1985 1479 2015 potest.
1494 1980 1528 2008 Ut
1542 1980 1613 2007 enim
1630 1980 1679 2007 hoc
1693 1980 1867 2016 pulchritudi-

1076 2035 1120 2060 ne,
1136 2027 1199 2059 situ,
1215 2025 1405 2061 magnitudine,
1422 2026 1573 2061 splendore,
1591 2026 1717 2061 temporis
1733 2026 1868 2061 perpetui-

1077 2077 1147 2106 tate,
1162 2080 1226 2103 usu,
1241 2071 1415 2105 eilicacilate,
1431 2073 1535 2100 cmteris
1549 2072 1672 2100 omnibus
1690 2077 1867 2106 spectatorem

1076 2119 1108 2145 ad
1123 2118 1325 2145 admirationem
1339 2118 1479 2146 traducens
1493 2118 1576 2146 allicit
1587 2138 1595 2151 ,
1610 2123 1637 2145 ut
1651 2118 1762 2153 gloriam
1775 2123 1801 2145 et
1817 2118 1867 2145 ho-

1077 2171 1168 2191 norem
1190 2164 1327 2191 Conditori
1347 2164 1497 2191 deferamus
1515 2173 1521 2191 :
1538 2166 1572 2191 ita
1596 2172 1647 2191 nox
1667 2168 1694 2191 et
1713 2165 1779 2192 dies.
1801 2165 1867 2191 Cum

1076 2211 1147 2238 enim
1168 2215 1269 2238 rectum
1290 2210 1384 2238 harum
1407 2215 1557 2245 temporum
1575 2211 1696 2238 ordinem
1711 2211 1824 2243 videris,
1842 2215 1869 2239 et

1076 2265 1129 2292 quo
1144 2261 1220 2291 pacto
1233 2264 1315 2291 penso
1328 2264 1377 2285 suo
1391 2257 1513 2284 absoluto
1527 2257 1584 2284 dies
1597 2261 1702 2285 noctem
1713 2265 1728 2285 e
1741 2258 1796 2285 suis
1807 2265 1868 2292 pro-

1077 2303 1176 2338 pellere
1190 2302 1314 2330 limitibus
1329 2310 1380 2330 non
1395 2303 1540 2335 contendit,
1556 2311 1605 2331 nec
1618 2303 1697 2330 ullam
1711 2312 1764 2339 prie
1777 2311 1806 2331 se
1819 2304 1870 2331 fert

1077 2356 1120 2375 res
1135 2349 1234 2375 alienas
1254 2348 1396 2383 usurpandi
1413 2349 1584 2384 cupiditatem
1599 2358 1605 2376 :
1622 2357 1709 2385 neque
1729 2355 1868 2384 propterea

1077 2394 1147 2429 quod
1172 2394 1226 2428 ipsa
1249 2394 1411 2429 splendidior
1428 2399 1484 2426 est,
1507 2399 1590 2423 totum
1613 2403 1745 2430 occupare
1765 2390 1871 2431 tempus

1077 2445 1198 2473 conatur,
1210 2439 1256 2467 scd
1270 2440 1370 2468 recedit
1381 2449 1387 2466 :
1398 2440 1547 2476 eodemque
1560 2441 1639 2468 modo
1650 2450 1742 2469 rursus
1755 2450 1806 2469 nox
1821 2451 1871 2470 suo

1077 2484 1198 2513 coniecto
1209 2493 1287 2513 cursu
1299 2485 1350 2512 diei
1362 2486 1432 2513 cedit
1444 2495 1451 2513 :
1463 2490 1490 2514 et
1503 2486 1553 2514 hoc
1563 2494 1611 2522 per
1624 2491 1661 2514 tut
1673 2495 1758 2515 annos
1771 2488 1870 2516 factum

1078 2536 1128 2564 est,
1143 2539 1193 2559 nec
1205 2532 1257 2558 ulla
1272 2532 1391 2559 confusio
1406 2532 1447 2560 vel
1464 2533 1626 2567 perturbatio
1643 2534 1697 2561 visa
1712 2539 1763 2566 est,
1779 2538 1808 2562 ct
1823 2542 1872 2561 nee

1078 2577 1127 2605 ista
1142 2577 1213 2604 illam
1227 2577 1304 2612 ejecit
1317 2597 1324 2610 ,
1341 2585 1427 2612 neque
1447 2577 1490 2605 illa
1512 2577 1580 2606 hanc
1600 2579 1749 2612 fraudavit;
1766 2580 1872 2607 tametsi

1078 2623 1242 2658 splendidior
1257 2631 1306 2650 una
1318 2644 1324 2654 ,
1343 2628 1370 2650 et
1389 2623 1528 2651 obscurior
1540 2629 1579 2652 est
1597 2624 1679 2652 altera
1695 2633 1702 2652 :
1719 2633 1811 2652 rursus
1827 2633 1872 2652 re-

1078 2675 1150 2696 ctum
1165 2669 1284 2696 ordinem
1301 2669 1411 2696 miratus
1430 2677 1482 2696 non
1506 2669 1559 2697 Deo
1573 2670 1684 2705 gloriam
1700 2676 1727 2698 et
1743 2671 1872 2698 honorem

1078 2715 1193 2743 otl‘eres?
1205 2715 1237 2742 Et
1248 2715 1469 2750 quemadmodum
1483 2723 1589 2743 sorores
1599 2716 1657 2743 duae
1669 2717 1798 2745 benevole
1810 2725 1872 2752 erga

1079 2768 1108 2788 se
1121 2759 1233 2787 invicem
1247 2759 1363 2793 allectat,
1379 2764 1515 2795 paternam
1536 2761 1710 2789 hereditatem
1725 2762 1750 2789 in
1767 2762 1832 2789 libra
1847 2768 1873 2790 et

1080 2805 1183 2833 bilanee
1198 2805 1365 2840 partiuntur.
1379 2809 1406 2833 et
1421 2813 1454 2833 ne
1473 2806 1581 2834 minima
1595 2807 1702 2842 quidem
1720 2816 1750 2836 re
1762 2809 1815 2835 ulla
1831 2808 1872 2835 al-

1081 2858 1135 2879 tera
1149 2850 1261 2878 alterum
1278 2850 1379 2878 fraudat
1392 2860 1398 2878 :
1412 2851 1450 2878 sic
1465 2851 1588 2880 nimirum
1601 2857 1629 2880 et
1642 2861 1692 2881 nox
1706 2859 1733 2882 et
1747 2854 1805 2882 dies
1819 2859 1874 2881 toto

1082 2902 1199 2933 tempore
1215 2897 1283 2924 inter
1295 2903 1324 2924 se
1338 2896 1432 2930 diviso,
1446 2896 1510 2925 dum
1523 2906 1556 2926 ne
1570 2899 1677 2927 minima
1693 2899 1801 2935 quidem
1817 2900 1873 2934 rjus
