2072 3122
190 176 242 206 HS

190 226 264 259 parte
274 228 304 248 se
315 220 430 249 invicem
443 219 575 253 fraudant,
588 224 687 247 tantam
699 219 877 254 :equalitatcm
890 219 982 246 obser-

189 273 268 301 vant,
282 271 409 303 quantam
422 274 472 293 usu
486 271 513 293 et
531 265 695 301 experientia
711 265 852 293 didicistis.
868 265 983 293 Audiant

189 314 271 347 avari,
284 318 311 341 et
323 314 366 349 qui
382 313 530 341 hereditate
542 311 656 348 spoliant
669 312 763 340 fratres
776 321 782 339 :
797 316 898 339 rectum
912 311 983 339 ordi-

189 368 249 389 nem
264 365 414 395 temporum
427 364 610 392 revereantur,
624 366 655 386 ac
667 359 752 386 noctis
765 362 792 386 et
806 358 857 386 diei
872 365 984 385 concor-

188 407 260 435 diam
270 426 280 440 ,
293 410 320 434 et
338 413 416 434 suum
437 405 529 432 vitium
544 404 687 439 corrigam.
703 404 748 432 Sic
768 404 847 439 igitur
860 403 921 430 Dies
934 403 984 430 diei

188 453 290 480 uerbum
303 455 409 484 emetat,
424 456 447 478 et
462 451 590 478 scientiam
605 451 671 477 nacti
686 458 737 477 nos:
751 450 855 483 indicat,
870 457 923 476 non
938 458 983 476 vo-

188 503 247 523 cem
260 496 406 527 mittentes,
421 494 468 521 sed
482 493 545 521 dum
560 498 633 521 recto
646 500 694 520 suo
709 492 812 524 ordine,
829 500 861 520 ac
874 492 983 527 disposi-

188 545 271 574 tione,
287 545 314 569 et
328 540 516 576 aequabilitate,
532 547 563 567 ac
576 546 698 566 mensura
714 539 746 566 ab
760 538 832 565 omni
847 538 983 565 obstaculo

189 587 282 619 libera,
298 587 358 614 tuba
373 586 471 614 clarius
486 585 631 620 prtedicant
642 584 806 615 Creatorem,
822 592 873 610 non
889 584 914 610 in
930 591 982 611 uno

188 637 320 660 terrarum
334 633 406 660 orbis
418 632 525 667 angulo,
541 632 587 659 sed
601 631 627 658 in
639 631 773 664 omnibus,
787 638 853 666 quas
864 631 904 658 sol
917 631 983 665 aspi-

188 679 241 710 cit,
264 679 427 714 regionibus.
447 678 495 705 Ha:
516 677 647 712 siquidem
668 684 748 704 voces
766 684 812 710 per
831 676 981 703 universum

189 725 317 753 mundum
331 725 462 758 feruntur,
477 723 692 760 quandoquidem
705 723 802 758 ubique
817 723 909 750 cadum
923 727 980 755 est,

188 771 286 807 ubique
298 770 372 804 dies,
388 771 487 806 ubique
509 778 582 803 nox,
600 776 728 804 suamque
742 769 889 796 doctrinam
910 773 937 796 et
956 769 981 795 in

188 822 259 844 terra
278 817 411 851 explicant
432 821 459 844 et
480 815 507 843 in
527 815 603 843 mari.
618 815 747 849 Quocirca
767 822 819 841 non
834 814 900 841 dixit
919 821 982 848 pro-

189 862 268 897 pheta
288 862 460 897 simpliciter,
476 861 541 889 Caeli
557 861 702 896 loquuntur
717 861 827 896 gloriam
843 860 904 893 Dei,
917 859 981 894 sed,

189 909 328 942 Eam-rant,
343 908 393 935 hoc
404 913 455 941 est,
471 907 536 935 alios
548 907 628 936 etiam
643 907 788 940 instruunt,
803 913 834 934 ac
847 913 895 942 pro
907 905 983 933 disci-

189 954 258 989 pulis
271 954 370 982 habent
383 955 535 982 universum
548 961 633 989 genus
646 954 801 986 humanum,
816 957 843 981 et
856 954 882 980 in
896 952 983 980 medio

190 1000 323 1034 proposita
339 1000 453 1027 maxima
466 999 568 1032 schola,
581 999 709 1027 librorum
722 1007 753 1027 ac
766 999 901 1027 literarum
912 998 981 1032 loco,

190 1055 291 1075 natura:
311 1055 366 1075 suae
388 1047 613 1082 pulchritudinem
633 1046 738 1079 idiotis,
760 1046 940 1082 sapientibus,
956 1049 983 1072 et

189 1094 313 1121 omnibus
327 1093 561 1128 contemplandam
574 1093 705 1128 prtebeut,
721 1097 747 1120 et
761 1097 892 1127 tamquam
909 1092 935 1119 in
949 1092 982 1119 li-

189 1141 238 1167 hro
254 1140 413 1168 insidentem
429 1139 493 1175 ipsis
505 1139 539 1167 de
554 1139 601 1167 Dei
620 1139 748 1174 sapientia
768 1147 800 1167 ac
821 1139 919 1168 virtute
933 1140 982 1167 do-

189 1187 313 1214 ctrinam.
329 1186 375 1214 Sic
392 1186 473 1213 etiam
492 1185 615 1213 homines
634 1193 687 1213 non
710 1186 865 1221 loquentes,
879 1185 926 1213 sed
941 1186 983 1213 vel

190 1238 310 1261 tacentes
323 1240 371 1268 per
383 1233 449 1259 alios
465 1232 547 1259 Deum
567 1231 736 1267 gloriﬁcant;
752 1231 865 1266 ideoque
879 1231 984 1260 dicebat

189 1280 311 1307 Christus
325 1287 333 1306 :
349 1277 444 1305 Luceat
467 1278 512 1306 lux
530 1283 611 1305 vestra
630 1285 715 1305 coram
731 1277 888 1310 hominibus,
903 1282 931 1304 ut
945 1277 984 1304 vi-

189 1326 266 1352 deant
279 1333 357 1360 opera
368 1329 449 1352 vestra
462 1324 537 1358 bona,
553 1329 577 1351 et
590 1324 730 1359 gloriﬁcent
751 1323 853 1351 Patrem
866 1328 982 1356 vestrum,

189 1373 231 1406 qui
245 1373 271 1399 in
285 1371 353 1398 cwlis
366 1376 401 1398 est
416 1371 523 1406 (Matth.
538 1371 564 1398 5.
579 1371 635 1404 t6).
657 1370 691 1398 Ut
707 1370 786 1406 igitur
799 1378 859 1399 cum
874 1371 934 1405 quis
947 1371 985 1398 vi-

190 1424 244 1445 tam
262 1418 396 1446 lucentem
410 1417 492 1450 videt,
508 1417 588 1445 etiam
603 1416 649 1444 illo
664 1421 768 1444 tacente
781 1417 826 1452 qui
841 1417 914 1448 vivit,
928 1417 984 1452 glo-

191 1464 258 1490 riam
269 1468 297 1491 et
309 1463 415 1491 laudem
427 1463 506 1490 offert
518 1463 573 1490 Deo
585 1471 591 1489 :
604 1463 643 1490 sic
657 1462 781 1489 nimirum
795 1467 822 1489 et
836 1463 859 1490 is
872 1463 916 1497 qui
927 1463 984 1490 etcli

191 1509 415 1544 pulchritudinem
431 1508 563 1540 intuetur,
577 1507 707 1543 glorificat
720 1506 901 1535 Conditorem.
922 1508 986 1535 Pro-

190 1559 282 1589 pterea
297 1554 403 1582 dicebat
418 1563 424 1582 :
437 1553 499 1581 Curti
511 1558 632 1581 enarrant
649 1553 756 1589 gloriam
777 1553 839 1587 Dei,
861 1561 908 1588 per
922 1561 985 1588 spe-

190 1605 324 1634 ctatores;
339 1599 400 1628 Dies
415 1600 465 1627 diei
481 1604 576 1627 eructat
592 1599 700 1633 verbum,
715 1604 738 1627 et
750 1607 801 1626 nos:
813 1600 880 1626 nocti
892 1599 986 1626 indicat

190 1648 320 1675 scientiam
338 1646 424 1683 (Psal.
441 1647 486 1674 18.
500 1647 538 1682 2).
556 1646 695 1674 Scientiam
705 1655 715 1679 ;
728 1646 891 1682 quamnam?
909 1646 986 1674 Illam

192 1694 318 1721 nimirum
331 1693 365 1721 de
378 1693 530 1721 Condiwre.
546 1692 580 1720 Ut
597 1691 667 1719 enim
681 1691 738 1719 dies
755 1692 789 1719 ad
803 1692 985 1727 operationem

193 1740 329 1769 hominem
345 1738 444 1773 educit,
460 1739 496 1766 ita
513 1737 661 1766 succedens
675 1745 728 1765 nox
742 1737 776 1765 ab
791 1737 935 1765 innumeris
949 1738 987 1765 illi

192 1786 313 1820 requiem
332 1785 378 1812 dat
397 1784 549 1818 laboribus,
567 1787 642 1814 curis
651 1793 714 1812 eum
725 1785 807 1819 levat,
821 1784 913 1811 oculos
927 1783 986 1810 fati-

192 1836 299 1858 scentes
313 1830 453 1866 consopit,
468 1830 609 1866 palpebras
624 1829 793 1865 comprimit,
809 1829 942 1865 efficitque
959 1834 988 1857 nt

193 1876 347 1904 instauratis
359 1876 461 1904 viribus
473 1876 562 1904 radios
576 1875 642 1904 solis
654 1883 747 1903 rursus
759 1875 886 1911 excipiat.
899 1876 988 1911 Itaque

192 1930 246 1950 non
259 1922 353 1957 exigua
368 1922 446 1957 hujus
459 1930 564 1958 quoque
578 1927 619 1950 est
633 1922 731 1949 utilitas
743 1941 751 1955 ,
767 1922 821 1948 imo
835 1921 914 1949 etiam
930 1929 987 1948 ma-

192 1976 255 2003 gna.
272 1968 326 1995 Nisi
340 1968 411 1995 enim
430 1967 580 1996 succedens
600 1967 747 1995 innumeris
759 1974 775 1994 a
788 1967 922 1994 laboribus
938 1968 988 1994 ho-

194 2015 261 2042 mini
275 2015 393 2050 requiem
407 2014 521 2050 aliquam
535 2014 620 2046 daret,
636 2014 700 2041 nihil
715 2014 772 2041 dies
786 2014 822 2040 illi
838 2013 987 2049 prodesset,

193 2068 254 2095 qua:
266 2060 301 2087 ad
313 2060 494 2095 operationem
511 2060 585 2087 illum
601 2060 693 2087 eduxit
707 2069 713 2086 :
726 2059 824 2095 quippe
838 2064 932 2087 natura
945 2060 989 2087 de-

195 2105 312 2139 ficiente,
327 2105 447 2133 laborum
459 2106 634 2133 continuitate
647 2105 797 2133 confectum
811 2106 907 2133 animal
920 2105 989 2133 istud

194 2151 306 2186 periret,
323 2159 373 2179 nec
385 2152 464 2179 ullam
477 2151 500 2179 ei
514 2151 582 2179 lucis
595 2159 673 2179 usura
686 2150 902 2179 commoditatem
912 2151 991 2179 affer-

194 2202 248 2225 ret.
263 2197 302 2224 Ea
315 2198 394 2233 igitur
408 2202 449 2225 est
462 2199 620 2232 prmsertim,
632 2204 691 2232 qua:
704 2197 774 2224 diem
786 2197 885 2224 homini
899 2197 989 2224 utilem

195 2243 299 2275 reddit,
315 2251 375 2278 quae
390 2243 537 2271 ministerio
554 2252 603 2271 suo
618 2243 651 2271 ad
666 2244 845 2279 cognitionem
860 2244 907 2272 Dei
928 2252 989 2279 pro-

196 2289 271 2317 vehit
289 2297 350 2316 eum
362 2310 370 2322 ,
384 2290 430 2324 qui
449 2289 546 2317 chorea
566 2290 648 2324 ipsius
669 2290 822 2325 perfruitur.
838 2290 904 2318 Cum
919 2291 990 2318 enim

195 2335 267 2370 apud
279 2342 308 2362 sc
322 2335 493 2370 perpenderit
506 2335 647 2371 quispiam,
661 2341 758 2370 quanta
769 2336 821 2363 diei
835 2336 868 2363 sit
882 2337 990 2369 utilitas,

196 2387 297 2416 quanta
311 2382 397 2409 noctis
408 2402 416 2416 ,
431 2387 459 2409 et
473 2390 525 2417 quo
542 2387 618 2416 pacto
632 2382 688 2409 haec
704 2382 741 2409 illi
756 2382 890 2416 succedit,
906 2388 932 2410 et
945 2390 992 2409 va-

197 2430 274 2457 riatis
287 2429 399 2462 vicibus,
411 2429 483 2456 velut
495 2430 521 2456 in
536 2429 619 2457 choro
632 2430 768 2464 quopiam,
783 2429 931 2456 alternatim
943 2429 993 2456 sibi

197 2475 373 2502 succedentes
388 2480 507 2502 nostrum
521 2482 605 2510 genus
618 2480 788 2507 c0iiservant,
804 2476 923 2510 quamvis
937 2483 993 2502 Oul-

199 2522 273 2548 niutn
290 2521 427 2549 hominum
443 2522 639 2556 stupidissimus
659 2521 748 2554 fuerit,
763 2523 879 2548 excitata
894 2529 940 2548 sua
956 2529 995 2548 ra-

200 2567 275 2595 tione
293 2567 390 2594 summi
410 2567 513 2602 opificis
532 2567 579 2595 Dei
601 2567 757 2602 sapientiam
780 2573 860 2594 nosse
879 2567 993 2601 poterit,

199 2621 282 2649 quam
295 2622 343 2649 per
354 2613 425 2641 diem
440 2622 472 2642 ac
486 2618 591 2641 noctem
606 2613 739 2645 ostendit,
755 2613 817 2640 dum
833 2613 904 2639 illam
919 2612 995 2645 nobis

200 2660 236 2688 ad
250 2661 448 2696 operationem,
463 2660 533 2688 hanc
551 2660 584 2687 ad
605 2660 724 2689 laborum
746 2660 934 2687 relaxatiouem
954 2664 995 2685 at-

202 2707 306 2735 tribuit.

209 2760 211 2763 '
240 2751 267 2780 3.
284 2751 381 2780 Verum
396 2751 430 2779 ad
443 2751 500 2779 hace
516 2752 603 2779 omnia
622 2751 732 2779 dicenda
745 2751 800 2786 jam
817 2751 877 2778 inde
892 2751 926 2778 ab
937 2758 997 2778 ora-

203 2799 285 2827 tionis
306 2799 417 2828 exordio
440 2799 551 2835 digressi
576 2807 667 2827 smnus
683 2808 689 2826 ε
706 2799 831 2834 quoniam
856 2803 944 2826 autem
964 2807 996 2826 ex

205 2846 250 2873 his
262 2853 320 2881 qua:
334 2845 466 2874 hodierno
479 2845 523 2873 die
536 2846 604 2873 tecta
617 2849 689 2878 sunt,
706 2846 831 2873 nonnulla
853 2846 951 2874 multos
964 2854 997 2873 ex

205 2891 238 2920 iis
256 2892 296 2927 qui
309 2892 398 2920 minus
412 2891 529 2919 animutn
542 2892 679 2919 attendunt
689 2891 754 2919 forte
766 2891 996 2927 perturbaverunt,

508 172 542 200 ΓΝ
562 172 664 201 [LLUD
682 172 792 206 lSAL‘E,
814 172 883 200 EGO
904 171 1051 200 DOMINUS
1071 172 1160 201 DEUS
1179 172 1256 201 FECI
1275 172 1406 209 LUMEN,
1423 173 1498 201 ETC.
1518 181 1521 184 ‘

1779 175 1833 203 HO

1037 227 1136 254 eosque
1146 220 1190 255 qui
1202 221 1227 248 in
1235 219 1377 255 Scripturis
1386 229 1477 257 parum
1487 222 1582 250 versati
1592 227 1667 251 sunt:
1677 228 1726 257 age
1735 229 1830 257 magna

1036 266 1115 293 auitui
1131 268 1309 301 propensioue
1320 275 1351 296 ac
1361 268 1448 296 studio
1460 268 1570 304 gradum
1582 268 1614 295 ad
1626 269 1675 296 ista
1689 267 1829 295 faciamus.

1036 311 1115 338 Lecta
1136 312 1206 339 enirn
1223 318 1263 340 est
1283 314 1362 340 etiam
1377 315 1493 341 narratio
1502 314 1535 341 de
1550 315 1671 345 muliere,
1691 321 1750 349 quae
1770 321 1830 341 san—

1036 357 1122 392 guinis
1137 357 1236 385 ﬂuxum
1259 359 1420 394 patiebatur,
1435 367 1547 395 quteque
1569 359 1669 386 fontetn
1689 360 1825 394 sanguinis

1036 408 1108 431 tactu
1132 405 1269 439 repressit,
1292 414 1324 433 ac
1346 406 1407 434 fidei
1429 407 1525 434 virtute
1547 410 1648 433 tantum
1675 406 1828 433 thesaurum

1035 450 1186 485 depraedata
1207 457 1247 479 est
1261 452 1366 488 (Matth.
1382 453 1408 480 9.
1422 452 1662 488 20-22):furtum
1687 452 1757 479 enim
1781 451 1828 479 fuit

1036 496 1100 523 illud
1120 497 1228 530 factum,
1247 498 1293 526 scd
1315 499 1392 526 laude
1414 499 1534 533 dignum,
1556 503 1583 526 et
1595 498 1639 525 ubi
1660 497 1827 532 deprehensa

1036 546 1076 569 est
1086 550 1144 577 quae
1157 548 1288 577 rapuerat,
1298 544 1482 572 commendata
1493 548 1534 572 est
1547 553 1554 570 ε
1568 544 1665 579 quippe
1677 543 1755 570 Jesus
1764 542 1832 576 ipse,

1035 588 1079 623 qui
1095 587 1192 616 furtum
1205 597 1297 624 passus
1303 595 1369 627 erat,
1379 591 1558 618 mulierculam
1569 590 1736 618 collaudavit.
1748 589 1828 616 Lecta

1034 638 1096 660 sunt
1116 634 1195 661 etiam
1218 635 1340 670 stigmata
1359 636 1443 669 Pauli,
1464 636 1591 670 vulnera,
1616 643 1753 667 carceres,
1778 634 1826 661 ab—

1035 680 1174 709 ductiones
1189 682 1339 717 adjudicia,
1355 683 1501 718 naufragia,
1522 683 1638 715 vincula,
1659 687 1771 715 catenae,
1788 679 1828 708 itt-

1035 727 1108 754 sidim
1126 727 1238 755 diversa:
1252 736 1283 756 ac
1295 729 1426 757 continuae
1439 750 1446 761 ,
1463 729 1623 764 quotidiana:
1652 733 1763 761 mortes,
1787 729 1829 755 fa-

1035 781 1108 806 mes,
1133 774 1325 808 sitis,nuditas,
1346 775 1471 802 instantia
1499 775 1661 811 quotidiana.
1682 774 1735 803 Sed
1764 773 1834 809 quid

1035 819 1148 847 faciam?
1160 820 1254 855 Magno
1272 828 1332 848 cum
1345 821 1445 855 impetu
1459 828 1501 848 me
1516 821 1664 855 proripiens
1679 819 1740 846 hinc
1753 819 1830 846 aufu-

1035 867 1104 902 giam
1117 874 1226 895 necesse
1236 872 1287 900 est,
1300 875 1333 894 ne
1340 875 1433 894 rursus
1443 875 1492 894 nos
1503 867 1624 894 detinens
1634 866 1731 894 Paulus
1739 873 1755 893 ει
1764 873 1828 900 pro-

1035 912 1122 948 posito
1134 917 1290 947 argumento
1300 913 1424 940 abducat.
1435 912 1500 940 Nam
1510 917 1537 939 ut
1547 911 1633 945 scitis,
1642 917 1827 945 smpenumcro

1035 958 1098 985 alibi
1115 966 1157 986 me
1167 958 1333 986 incedentem
1345 963 1371 986 et
1381 966 1539 986 conversunt
1550 965 1694 985 occurrens
1703 956 1730 984 in
1741 956 1830 984 medio

1035 1011 1159 1031 sermone
1175 1003 1299 1036 detinuit,
1309 1009 1335 1031 et
1349 1003 1384 1031 ita
1400 1004 1479 1039 cepit,
1489 1007 1519 1030 ut
1528 1003 1554 1030 in
1566 1004 1623 1038 ipso
1636 1002 1712 1029 ﬁnire
1725 1008 1828 1034 sermo-

1035 1059 1096 1078 nem
1111 1051 1245 1078 suaderet.
1258 1050 1297 1078 Ne
1311 1051 1389 1085 igitur
1405 1050 1430 1078 id
1446 1050 1524 1078 hodie
1541 1057 1646 1085 qttoque
1668 1048 1746 1079 nobis
1759 1047 1829 1075 acci-

1035 1097 1091 1131 dat,
1108 1101 1241 1132 tamquam
1257 1097 1388 1124 violenter
1410 1096 1508 1131 injecto
1529 1095 1606 1122 freno
1627 1094 1689 1122 illuc
1711 1092 1829 1121 tendenti

1036 1143 1161 1176 orationi,
1178 1143 1217 1170 sic
1241 1142 1311 1169 illam
1333 1142 1469 1169 trahamus
1484 1145 1510 1169 et
1523 1140 1556 1169 ad
1569 1140 1621 1169 hoc
1639 1139 1740 1169 dictum
1764 1146 1828 1174 pro-

1035 1189 1171 1224 pheticum
1185 1188 1354 1216 reducamus.
1370 1187 1508 1222 Quodnam
1526 1186 1606 1222 igitur
1619 1185 1682 1212 illud
1698 1184 1759 1215 est?
1772 1183 1830 1220 Ego

1037 1235 1171 1267 Dominus,
1185 1235 1278 1270 inquit,
1294 1234 1338 1270 qui
1349 1234 1399 1270 fect
1409 1233 1490 1261 lucem
1503 1239 1526 1260 et
1540 1233 1662 1266 tenebras,
1680 1233 1774 1268 faciens
1784 1239 1831 1267 pa-

1036 1290 1099 1314 cem,
1114 1286 1138 1309 et
1154 1290 1241 1308 creans
1255 1281 1323 1308 mata
1338 1280 1415 1316 (Isai.
1431 1281 1476 1308 45.
1490 1279 1531 1316 7).
1550 1279 1650 1307 Videtis
1662 1286 1715 1306 non
1729 1282 1831 1309 temere

1036 1336 1122 1363 neque
1131 1328 1226 1355 frustra
1236 1334 1285 1355 nos
1292 1327 1326 1354 ad
1335 1327 1404 1354 hunc
1414 1327 1501 1354 locum
1511 1325 1780 1356 inStituissecursum.
1788 1331 1833 1352 Ve-

1037 1382 1096 1401 rum
1119 1373 1242 1401 omnibus
1262 1372 1448 1408 prmtermiSsis
1463 1371 1514 1398 huc
1529 1370 1668 1405 pervenire
1678 1368 1830 1396 studuisse?

1037 1419 1129 1454 Neque
1142 1419 1212 1446 enim
1229 1419 1389 1446 mediocrem
1405 1418 1429 1445 ei
1442 1417 1486 1452 qui
1498 1417 1586 1444 minus
1604 1419 1722 1447 attentus
1740 1414 1829 1449 fuerit,

1038 1466 1263 1502 perturbationem
1284 1465 1399 1492 afferunt
1418 1464 1477 1491 ista.
1493 1462 1671 1497 Quamobrem
1690 1460 1829 1494 attendite,

1038 1519 1139 1547 qumso,
1160 1511 1287 1543 animtttn,
1310 1513 1337 1537 et
1351 1516 1430 1536 aures
1452 1508 1557 1544 erigite,
1573 1515 1604 1534 ac
1623 1505 1744 1535 smculari
1757 1505 1831 1533 omni

1039 1559 1136 1593 rcjccta
1157 1557 1351 1591 sollicitudine,
1369 1564 1428 1592 quae
1452 1556 1575 1587 dicuntur
1595 1555 1736 1584 advertite.
1757 1553 1832 1582 Hanc

1039 1606 1108 1633 enim
1120 1605 1174 1640 jam
1184 1603 1263 1630 vobis
1271 1602 1354 1638 cupio
1371 1602 1522 1631 mercedem
1536 1601 1619 1628 vestri
1638 1602 1690 1632 huc
1702 1600 1832 1627 adventus

1039 1651 1208 1685 perStilvere,
1228 1657 1260 1679 ac
1282 1649 1462 1683 spiritualibus
1489 1651 1659 1676 exsaturatos
1682 1645 1779 1673 eduliis
1796 1645 1832 1672 ita

1038 1696 1147 1723 domum
1168 1702 1214 1722 vos
1229 1694 1374 1726 remittere,
1390 1699 1418 1720 ιιι
1431 1693 1476 1728 qui
1488 1693 1638 1726 abfuerunt,
1653 1696 1778 1726 quantam
1787 1690 1830 1725 ja-

1039 1747 1141 1769 cturam
1162 1739 1281 1771 fecerint,
1297 1739 1384 1774 reipsa
1398 1738 1501 1766 discant
1515 1746 1521 1764 :
1534 1738 1618 1765 scient
1632 1741 1720 1764 autem
1734 1736 1755 1764 si
1770 1743 1832 1763 cum

1040 1787 1186 1815 attentione
1207 1785 1266 1821 qua’:
1285 1785 1405 1812 dicemus
1426 1784 1601 1819 excaperitis,
1623 1788 1701 1818 atque
1720 1782 1753 1810 ad
1772 1782 1834 1809 illos

1041 1832 1220 1860 transmittere
1241 1831 1389 1866 potueritis.
1414 1829 1470 1865 Ego
1492 1829 1614 1856 Dominus
1635 1828 1713 1862 Deus,
1728 1827 1771 1863 qui
1785 1827 1834 1863 feci

1041 1879 1122 1906 lucem
1136 1883 1158 1905 et
1171 1877 1294 1909 tenebras,
1309 1877 1404 1912 faciens
1418 1884 1516 1913 pacem,
1528 1881 1551 1903 et
1565 1883 1653 1903 creans
1663 1875 1740 1904 mala.
1757 1873 1833 1906 Assi-

1041 1924 1093 1952 due
1114 1924 1213 1951 dictum
1236 1923 1305 1954 istud
1324 1927 1426 1957 repeto,
1442 1926 1470 1949 tit
1482 1922 1508 1949 in
1523 1922 1618 1953 vestris
1629 1920 1724 1948 animis
1735 1919 1834 1954 deﬁga-

1042 1974 1094 2002 tur,
1109 1977 1140 1996 ac
1152 1968 1249 1996 deinde
1266 1968 1363 1995 solutio
1384 1967 1551 2001 adhibeatur.
1575 1966 1666 2002 Neque
1685 1973 1748 1993 vero
1760 1965 1835 1995 solus

1042 2017 1093 2044 huc
1107 2018 1155 2044 iste
1179 2016 1252 2049 dicit,
1268 2015 1316 2044 sed
1334 2021 1360 2044 et
1372 2015 1439 2042 alius
1458 2014 1602 2042 concinens
1622 2013 1684 2042 huic
1705 2011 1836 2048 propheta

1042 2063 1145 2090 diccbat
1156 2072 1163 2090 :
1176 2063 1206 2090 Si
1216 2067 1250 2090 est
1264 2062 1361 2089 malitia
1373 2062 1399 2089 in
1410 2061 1599 2094 civitate,quom
1612 2068 1661 2086 non
1674 2059 1733 2094 [erit
1748 2057 1837 2087 Domi-

1043 2118 1089 2137 nus
1105 2109 1201 2145 (Amos
1215 2110 1241 2136 5.
1258 2108 1380 2144 6)?Quid
1407 2115 1472 2142 ergo
1495 2107 1545 2134 sibi
1567 2106 1622 2137 vult
1643 2105 1713 2140 quod
1735 2105 1835 2132 dictum

1043 2155 1101 2182 cst?
1117 2154 1201 2183 Uuatu
1223 2154 1294 2181 enim
1315 2153 1439 2181 omnibus
1460 2156 1566 2188 oportet
1586 2151 1744 2183 solutionem
1759 2149 1836 2177 adhi-

1043 2202 1116 2229 bere.
1140 2201 1267 2234 Quanam
1287 2201 1365 2235 igitur
1378 2204 1419 2228 est
1433 2198 1548 2228 solutio?
1570 2198 1598 2225 Si
1614 2198 1665 2224 vim
1690 2197 1835 2227 dictionum

1045 2249 1147 2275 illarum
1162 2247 1342 2275 didicerimus.
1352 2246 1450 2274 Verum
1463 2245 1591 2273 attendite
1605 2238 1745 2279 diligenter
1761 2253 1766 2269 :
1784 2251 1838 2271 non

1045 2295 1115 2322 extim
1132 2299 1232 2322 temere
1247 2300 1295 2320 nec
1310 2292 1405 2319 frustra
1418 2298 1468 2318 vos
1481 2291 1513 2318 ad
1527 2290 1578 2317 hoc
1598 2289 1704 2317 assidue
1716 2288 1838 2316 cohorta-

1045 2347 1115 2373 mur,
1130 2339 1175 2366 sed
1190 2339 1314 2373 quoniam
1331 2337 1386 2372 jam
1400 2337 1431 2364 ad
1450 2337 1586 2367 abstrusas
1609 2342 1757 2370 gravesque
1772 2342 1836 2363 sen-

1047 2386 1142 2413 tentias
1159 2385 1267 2420 gradum
1291 2384 1412 2411 facimus.
1428 2382 1528 2411 Rerum
1551 2382 1610 2411 alia:
1630 2380 1736 2416 quidem
1761 2380 1839 2408 bonae

1047 2436 1118 2463 sunt,
1130 2431 1188 2458 alicc
1204 2431 1291 2463 maltr,
1308 2430 1367 2456 aliae
1378 2429 1482 2462 mediae,
1497 2436 1608 2463 quarum
1623 2427 1755 2461 nonnulla}
1769 2427 1840 2454 ntul-

1048 2477 1081 2504 tis
1100 2477 1175 2514 maluo
1190 2476 1322 2507 videnlur,
1335 2476 1397 2503 licet.
1416 2483 1471 2502 non
1494 2476 1557 2508 sint,
1572 2473 1619 2501 sed
1640 2473 1763 2504 dicuntur
1783 2478 1842 2501 tan-

1048 2528 1103 2551 tum
1115 2527 1141 2551 et
1154 2523 1346 2550 existimantur.

1086 2569 1227 2603 Paupertas
1248 2577 1298 2595 non
1317 2568 1395 2601 mala,
1416 2567 1510 2594 divitia:
1527 2575 1578 2594 non
1601 2566 1681 2594 bonte.
1700 2567 1799 2599 —Scd
1815 2571 1843 2596 ut

1049 2615 1119 2651 quod
1129 2623 1143 2642 a
1152 2623 1193 2642 me
1208 2615 1304 2642 dicitur
1317 2614 1458 2641 dilucidius
1473 2614 1528 2647 ﬁat,
1541 2622 1589 2649 age
1603 2614 1735 2644 firmatum
1749 2623 1840 2645 exem-

1050 2662 1100 2696 plis
1114 2669 1264 2690 sermonem
1281 2661 1459 2690 instituamus.
1477 2661 1620 2695 Paupertas
1635 2661 1726 2691 multis
1737 2661 1842 2696 quidem

1051 2709 1148 2736 malum
1171 2708 1285 2742 videtur,
1308 2715 1400 2735 verum
1427 2715 1480 2736 non
1494 2711 1554 2735 est:
1569 2707 1632 2742 quin
1655 2707 1734 2736 etiam
1747 2709 1768 2734 si
1785 2708 1843 2742 quis

1051 2753 1178 2789 providus
1190 2753 1224 2781 sit
1237 2758 1263 2780 et
1275 2753 1324 2780 sibi
1338 2757 1464 2786 attentus,
1480 2752 1549 2779 tnala
1565 2752 1672 2780 tollendi
1686 2753 1738 2781 vim
1753 2752 1843 2783 habet,

1053 2800 1156 2827 Divitias
1179 2806 1271 2826 rursus
1293 2799 1391 2826 bonttm
1405 2798 1511 2832 quidem
1527 2797 1651 2827 videntur
1664 2805 1734 2830 esse.
1752 2801 1839 2828 tamen

1053 2846 1174 2873 absolute
1197 2846 1296 2873 bonum
1317 2844 1427 2871 minime
1450 2847 1522 2877 sunt,
1546 2843 1596 2873 nisi
1619 2844 1680 2878 quis
1698 2846 1843 2877 ntoportct

1056 2892 1087 2920 iis
1102 2894 1200 2919 utatur.
1211 2890 1278 2918 Nam
1292 2889 1315 2918 si
1327 2889 1449 2919 absolute
1461 2889 1559 2918 bonum
1572 2892 1660 2921 essent
1675 2888 1783 2922 divitiae,
1793 2887 1842 2915 bo~
