  <div class='ocr_page' id='page_1' title='image "/cluster/home/n/w/nwhite01/storage/ocr_20150623/56/njp.32101077772646/153.png"; bbox 0 0 2072 3122; ppageno 0'>
   <div class='ocr_carea' id='block_1_1' title="bbox 226 188 276 216">
    <p class='ocr_par' dir='ltr' id='par_1_1' title="bbox 226 188 276 216">
     <span class='ocr_line' id='line_1_1' title="bbox 226 188 276 216; baseline -0.04 0"><span class='ocrx_word' id='word_1_1' title='bbox 226 188 276 216; x_wconf 77' lang='lat' dir='ltr'><strong>H7</strong></span> 
     </span>
    </p>
   </div>
   <div class='ocr_carea' id='block_1_2' title="bbox 224 245 1015 282">
    <p class='ocr_par' dir='ltr' id='par_1_2' title="bbox 224 245 1015 282">
     <span class='ocr_line' id='line_1_2' title="bbox 224 245 1015 282; baseline -0.004 -9"><span class='ocrx_word' id='word_1_2' title='bbox 224 253 272 273; x_wconf 90' lang='lat' dir='ltr'><strong>nos</strong></span> <span class='ocrx_word' id='word_1_3' title='bbox 286 252 346 273; x_wconf 85' lang='lat' dir='ltr'><strong>esse</strong></span> <span class='ocrx_word' id='word_1_4' title='bbox 366 250 504 281; x_wconf 89' lang='lat' dir='ltr'><strong>oporteret</strong></span> <span class='ocrx_word' id='word_1_5' title='bbox 517 247 561 282; x_wconf 91' lang='lat' dir='ltr'><strong>qui</strong></span> <span class='ocrx_word' id='word_1_6' title='bbox 575 254 621 274; x_wconf 90' lang='lat' dir='ltr'><strong>eas</strong></span> <span class='ocrx_word' id='word_1_7' title='bbox 636 245 772 282; x_wconf 77' lang='lat' dir='ltr'><strong>possident</strong></span> <span class='ocrx_word' id='word_1_8' title='bbox 787 254 792 271; x_wconf 94' lang='lat'>:</span> <span class='ocrx_word' id='word_1_9' title='bbox 808 245 848 272; x_wconf 91' lang='lat' dir='ltr'><strong>sin</strong></span> <span class='ocrx_word' id='word_1_10' title='bbox 861 248 949 271; x_wconf 87' lang='lat' dir='ltr'><strong>autem</strong></span> <span class='ocrx_word' id='word_1_11' title='bbox 963 251 1015 270; x_wconf 90' lang='lat' dir='ltr'><strong>non</strong></span> 
     </span>
    </p>
   </div>
   <div class='ocr_carea' id='block_1_3' title="bbox 223 289 1016 327">
    <p class='ocr_par' dir='ltr' id='par_1_3' title="bbox 223 289 1016 327">
     <span class='ocr_line' id='line_1_3' title="bbox 223 289 1016 327; baseline -0.004 -9"><span class='ocrx_word' id='word_1_12' title='bbox 223 299 318 319; x_wconf 77' lang='lat' dir='ltr'><strong>omnes</strong></span> <span class='ocrx_word' id='word_1_13' title='bbox 345 291 443 320; x_wconf 80' lang='lat' dir='ltr'><strong>divites</strong></span> <span class='ocrx_word' id='word_1_14' title='bbox 463 293 560 320; x_wconf 87' lang='lat' dir='ltr'><strong>virtute</strong></span> <span class='ocrx_word' id='word_1_15' title='bbox 583 297 644 320; x_wconf 90' lang='lat' dir='ltr'><strong>sunt</strong></span> <span class='ocrx_word' id='word_1_16' title='bbox 665 292 767 327; x_wconf 65' lang='lat' dir='ltr'><strong>praediti</strong></span> <span class='ocrx_word' id='word_1_17' title='bbox 781 312 788 323; x_wconf 85' lang='lat'><strong>,</strong></span> <span class='ocrx_word' id='word_1_18' title='bbox 810 291 893 326; x_wconf 90' lang='lat' dir='ltr'><strong>liquet</strong></span> <span class='ocrx_word' id='word_1_19' title='bbox 911 289 1016 317; x_wconf 86' lang='lat' dir='ltr'><strong>divitias</strong></span> 
     </span>
    </p>
   </div>
   <div class='ocr_carea' id='block_1_4' title="bbox 224 337 1016 375">
    <p class='ocr_par' dir='ltr' id='par_1_4' title="bbox 224 337 1016 375">
     <span class='ocr_line' id='line_1_4' title="bbox 224 337 1016 375; baseline -0.001 -10"><span class='ocrx_word' id='word_1_20' title='bbox 224 337 382 373; x_wconf 85' lang='lat' dir='ltr'><strong>simpliciter</strong></span> <span class='ocrx_word' id='word_1_21' title='bbox 399 347 430 366; x_wconf 90' lang='lat' dir='ltr'><strong>ac</strong></span> <span class='ocrx_word' id='word_1_22' title='bbox 445 347 495 375; x_wconf 87' lang='lat' dir='ltr'><strong>per</strong></span> <span class='ocrx_word' id='word_1_23' title='bbox 511 347 541 367; x_wconf 87' lang='lat' dir='ltr'><strong>se</strong></span> <span class='ocrx_word' id='word_1_24' title='bbox 554 339 638 367; x_wconf 84' lang='lat' dir='ltr'><strong>bonas</strong></span> <span class='ocrx_word' id='word_1_25' title='bbox 659 347 710 366; x_wconf 94' lang='lat' dir='ltr'><strong>non</strong></span> <span class='ocrx_word' id='word_1_26' title='bbox 723 346 792 371; x_wconf 79' lang='lat' dir='ltr'><strong>esse,</strong></span> <span class='ocrx_word' id='word_1_27' title='bbox 813 345 904 364; x_wconf 87' lang='lat' dir='ltr'><strong>verum</strong></span> <span class='ocrx_word' id='word_1_28' title='bbox 918 337 943 364; x_wconf 91' lang='lat' dir='ltr'><strong>in</strong></span> <span class='ocrx_word' id='word_1_29' title='bbox 958 344 1016 364; x_wconf 91' lang='lat' dir='ltr'><strong>me-</strong></span> 
     </span>
    </p>
   </div>
   <div class='ocr_carea' id='block_1_5' title="bbox 224 383 1033 421">
    <p class='ocr_par' dir='ltr' id='par_1_5' title="bbox 224 383 1033 421">
     <span class='ocr_line' id='line_1_5' title="bbox 224 383 1033 421; baseline -0.002 -9"><span class='ocrx_word' id='word_1_30' title='bbox 224 384 269 412; x_wconf 86' lang='lat' dir='ltr'><strong>dio</strong></span> <span class='ocrx_word' id='word_1_31' title='bbox 291 384 403 420; x_wconf 86' lang='lat' dir='ltr'><strong>positam</strong></span> <span class='ocrx_word' id='word_1_32' title='bbox 427 385 564 413; x_wconf 79' lang='lat' dir='ltr'><strong>materiam</strong></span> <span class='ocrx_word' id='word_1_33' title='bbox 588 385 732 421; x_wconf 76' lang='lat' dir='ltr'><strong>quamdam</strong></span> <span class='ocrx_word' id='word_1_34' title='bbox 756 391 815 412; x_wconf 89' lang='lat' dir='ltr'><strong>esse</strong></span> <span class='ocrx_word' id='word_1_35' title='bbox 838 383 953 411; x_wconf 87' lang='lat' dir='ltr'><strong>virtutis.</strong></span> <span class='ocrx_word' id='word_1_36' title='bbox 973 383 1033 421; x_wconf 31' lang='lat' dir='ltr'><strong>Sic‘</strong></span> 
     </span>
    </p>
   </div>
   <div class='ocr_carea' id='block_1_6' title="bbox 224 430 1016 466">
    <p class='ocr_par' dir='ltr' id='par_1_6' title="bbox 224 430 1016 466">
     <span class='ocr_line' id='line_1_6' title="bbox 224 430 1016 466; baseline -0.004 -9"><span class='ocrx_word' id='word_1_37' title='bbox 224 435 313 458; x_wconf 90' lang='lat' dir='ltr'><strong>autem</strong></span> <span class='ocrx_word' id='word_1_38' title='bbox 328 439 385 458; x_wconf 91' lang='lat' dir='ltr'><strong>rem</strong></span> <span class='ocrx_word' id='word_1_39' title='bbox 396 431 525 466; x_wconf 77' lang='lat' dir='ltr'><strong>expende.</strong></span> <span class='ocrx_word' id='word_1_40' title='bbox 541 431 607 459; x_wconf 90' lang='lat' dir='ltr'><strong>Sunt</strong></span> <span class='ocrx_word' id='word_1_41' title='bbox 618 431 646 458; x_wconf 90' lang='lat' dir='ltr'><strong>in</strong></span> <span class='ocrx_word' id='word_1_42' title='bbox 658 438 771 466; x_wconf 87' lang='lat' dir='ltr'><strong>corpore</strong></span> <span class='ocrx_word' id='word_1_43' title='bbox 783 430 936 465; x_wconf 73' lang='lat' dir='ltr'><strong>qualitates,</strong></span> <span class='ocrx_word' id='word_1_44' title='bbox 951 436 1016 464; x_wconf 91' lang='lat' dir='ltr'><strong>quas</strong></span> 
     </span>
    </p>
   </div>
   <div class='ocr_carea' id='block_1_7' title="bbox 225 475 1014 512">
    <p class='ocr_par' dir='ltr' id='par_1_7' title="bbox 225 475 1014 512">
     <span class='ocr_line' id='line_1_7' title="bbox 225 475 1014 512; baseline -0.004 -8"><span class='ocrx_word' id='word_1_45' title='bbox 225 476 270 510; x_wconf 81' lang='lat' dir='ltr'><strong>qui</strong></span> <span class='ocrx_word' id='word_1_46' title='bbox 284 476 385 505; x_wconf 92' lang='lat' dir='ltr'><strong>habent</strong></span> <span class='ocrx_word' id='word_1_47' title='bbox 405 477 470 504; x_wconf 85' lang='lat' dir='ltr'><strong>tales</strong></span> <span class='ocrx_word' id='word_1_48' title='bbox 482 477 516 505; x_wconf 88' lang='lat' dir='ltr'><strong>ab</strong></span> <span class='ocrx_word' id='word_1_49' title='bbox 528 477 560 504; x_wconf 89' lang='lat' dir='ltr'><strong>iis</strong></span> <span class='ocrx_word' id='word_1_50' title='bbox 574 477 750 512; x_wconf 88' lang='lat' dir='ltr'><strong>appellantur.</strong></span> <span class='ocrx_word' id='word_1_51' title='bbox 765 475 888 511; x_wconf 81' lang='lat' dir='ltr'><strong>Exempli</strong></span> <span class='ocrx_word' id='word_1_52' title='bbox 912 482 991 502; x_wconf 85' lang='lat' dir='ltr'><strong>causa</strong></span> <span class='ocrx_word' id='word_1_53' title='bbox 1008 483 1014 501; x_wconf 91' lang='lat'>:</span> 
     </span>
    </p>
   </div>
   <div class='ocr_carea' id='block_1_8' title="bbox 224 520 1016 556">
    <p class='ocr_par' dir='ltr' id='par_1_8' title="bbox 224 520 1016 556">
     <span class='ocr_line' id='line_1_8' title="bbox 224 520 1016 556; baseline -0.004 -7"><span class='ocrx_word' id='word_1_54' title='bbox 224 523 326 550; x_wconf 89' lang='lat' dir='ltr'><strong>candor</strong></span> <span class='ocrx_word' id='word_1_55' title='bbox 348 523 496 550; x_wconf 87' lang='lat' dir='ltr'><strong>substantia</strong></span> <span class='ocrx_word' id='word_1_56' title='bbox 516 530 568 550; x_wconf 92' lang='lat' dir='ltr'><strong>non</strong></span> <span class='ocrx_word' id='word_1_57' title='bbox 581 527 633 555; x_wconf 84' lang='lat' dir='ltr'><strong>est,</strong></span> <span class='ocrx_word' id='word_1_58' title='bbox 648 522 694 549; x_wconf 85' lang='lat' dir='ltr'><strong>sed</strong></span> <span class='ocrx_word' id='word_1_59' title='bbox 714 521 837 556; x_wconf 79' lang='lat' dir='ltr'><strong>qualitas,</strong></span> <span class='ocrx_word' id='word_1_60' title='bbox 852 525 879 548; x_wconf 87' lang='lat' dir='ltr'><strong>et</strong></span> <span class='ocrx_word' id='word_1_61' title='bbox 893 520 1016 547; x_wconf 83' lang='lat' dir='ltr'><strong>accidens</strong></span> 
     </span>
    </p>
   </div>
   <div class='ocr_carea' id='block_1_9' title="bbox 223 565 1014 603">
    <p class='ocr_par' dir='ltr' id='par_1_9' title="bbox 223 565 1014 603">
     <span class='ocr_line' id='line_1_9' title="bbox 223 565 1014 603; baseline -0.004 -9"><span class='ocrx_word' id='word_1_62' title='bbox 223 567 294 602; x_wconf 90' lang='lat' dir='ltr'><strong>quod</strong></span> <span class='ocrx_word' id='word_1_63' title='bbox 316 567 423 596; x_wconf 82' lang='lat' dir='ltr'><strong>advenit</strong></span> <span class='ocrx_word' id='word_1_64' title='bbox 435 568 604 600; x_wconf 65' lang='lat' dir='ltr'><strong>substantiae;</strong></span> <span class='ocrx_word' id='word_1_65' title='bbox 619 575 682 603; x_wconf 76' lang='lat' dir='ltr'><strong>ergo</strong></span> <span class='ocrx_word' id='word_1_66' title='bbox 693 567 715 595; x_wconf 87' lang='lat' dir='ltr'><strong>si</strong></span> <span class='ocrx_word' id='word_1_67' title='bbox 729 567 770 594; x_wconf 85' lang='lat' dir='ltr'><strong>eui</strong></span> <span class='ocrx_word' id='word_1_68' title='bbox 786 566 944 594; x_wconf 90' lang='lat' dir='ltr'><strong>adnascatur</strong></span> <span class='ocrx_word' id='word_1_69' title='bbox 954 565 1014 597; x_wconf 89' lang='lat' dir='ltr'><strong>hoc,</strong></span> 
     </span>
    </p>
   </div>
   <div class='ocr_carea' id='block_1_10' title="bbox 226 612 1016 648">
    <p class='ocr_par' dir='ltr' id='par_1_10' title="bbox 226 612 1016 648">
     <span class='ocr_line' id='line_1_10' title="bbox 226 612 1016 648; baseline -0.003 -8"><span class='ocrx_word' id='word_1_70' title='bbox 226 613 366 640; x_wconf 88' lang='lat' dir='ltr'><strong>candidum</strong></span> <span class='ocrx_word' id='word_1_71' title='bbox 388 613 519 648; x_wconf 85' lang='lat' dir='ltr'><strong>ejusmodi</strong></span> <span class='ocrx_word' id='word_1_72' title='bbox 538 613 672 641; x_wconf 92' lang='lat' dir='ltr'><strong>hominem</strong></span> <span class='ocrx_word' id='word_1_73' title='bbox 693 613 868 648; x_wconf 83' lang='lat' dir='ltr'><strong>appellamus.</strong></span> <span class='ocrx_word' id='word_1_74' title='bbox 887 612 933 639; x_wconf 86' lang='lat' dir='ltr'><strong>Est</strong></span> <span class='ocrx_word' id='word_1_75' title='bbox 946 620 1016 647; x_wconf 67' lang='lat' dir='ltr'><strong>pra:-</strong></span> 
     </span>
    </p>
   </div>
   <div class='ocr_carea' id='block_1_11' title="bbox 225 658 1015 695">
    <p class='ocr_par' dir='ltr' id='par_1_11' title="bbox 225 658 1015 695">
     <span class='ocr_line' id='line_1_11' title="bbox 225 658 1015 695; baseline -0.001 -10"><span class='ocrx_word' id='word_1_76' title='bbox 225 663 297 686; x_wconf 88' lang='lat' dir='ltr'><strong>lerea</strong></span> <span class='ocrx_word' id='word_1_77' title='bbox 312 659 441 693; x_wconf 78' lang='lat' dir='ltr'><strong>a-gritudo</strong></span> <span class='ocrx_word' id='word_1_78' title='bbox 455 663 483 686; x_wconf 89' lang='lat' dir='ltr'><strong>et</strong></span> <span class='ocrx_word' id='word_1_79' title='bbox 497 659 552 694; x_wconf 90' lang='lat' dir='ltr'><strong>ipsa</strong></span> <span class='ocrx_word' id='word_1_80' title='bbox 565 659 680 695; x_wconf 85' lang='lat' dir='ltr'><strong>qualitas</strong></span> <span class='ocrx_word' id='word_1_81' title='bbox 700 660 821 694; x_wconf 64' lang='lat' dir='ltr'><strong>quietiam</strong></span> <span class='ocrx_word' id='word_1_82' title='bbox 841 663 867 686; x_wconf 89' lang='lat' dir='ltr'><strong>et</strong></span> <span class='ocrx_word' id='word_1_83' title='bbox 879 658 1015 692; x_wconf 80' lang='lat' dir='ltr'><strong>aceidens,</strong></span> 
     </span>
    </p>
   </div>
   <div class='ocr_carea' id='block_1_12' title="bbox 223 698 1031 742">
    <p class='ocr_par' dir='ltr' id='par_1_12' title="bbox 223 698 1031 742">
     <span class='ocr_line' id='line_1_12' title="bbox 223 698 1031 742; baseline 0 -9"><span class='ocrx_word' id='word_1_84' title='bbox 223 713 255 733; x_wconf 86' lang='lat' dir='ltr'><strong>ac</strong></span> <span class='ocrx_word' id='word_1_85' title='bbox 267 705 289 732; x_wconf 92' lang='lat' dir='ltr'><strong>si</strong></span> <span class='ocrx_word' id='word_1_86' title='bbox 303 705 344 733; x_wconf 94' lang='lat' dir='ltr'><strong>cui</strong></span> <span class='ocrx_word' id='word_1_87' title='bbox 367 705 500 739; x_wconf 86' lang='lat' dir='ltr'><strong>adveniat,</strong></span> <span class='ocrx_word' id='word_1_88' title='bbox 515 706 594 734; x_wconf 85' lang='lat' dir='ltr'><strong>talem</strong></span> <span class='ocrx_word' id='word_1_89' title='bbox 608 711 736 742; x_wconf 78' lang='lat' dir='ltr'><strong>:ngrotum</strong></span> <span class='ocrx_word' id='word_1_90' title='bbox 759 713 895 734; x_wconf 87' lang='lat' dir='ltr'><strong>vocamus.</strong></span> <span class='ocrx_word' id='word_1_91' title='bbox 909 705 938 733; x_wconf 90' lang='lat' dir='ltr'><strong>Si</strong></span> <span class='ocrx_word' id='word_1_92' title='bbox 953 698 1031 740; x_wconf 22' lang='lat' dir='ltr'><strong>ergo’</strong></span> 
     </span>
    </p>
   </div>
   <div class='ocr_carea' id='block_1_13' title="bbox 223 748 1015 788">
    <p class='ocr_par' dir='ltr' id='par_1_13' title="bbox 223 748 1015 788">
     <span class='ocr_line' id='line_1_13' title="bbox 223 748 1015 788; baseline 0.005 -13"><span class='ocrx_word' id='word_1_93' title='bbox 223 748 322 777; x_wconf 73' lang='lat' dir='ltr'><strong>divitia:</strong></span> <span class='ocrx_word' id='word_1_94' title='bbox 337 751 421 778; x_wconf 89' lang='lat' dir='ltr'><strong>virtus</strong></span> <span class='ocrx_word' id='word_1_95' title='bbox 433 756 533 786; x_wconf 83' lang='lat' dir='ltr'><strong>essent,</strong></span> <span class='ocrx_word' id='word_1_96' title='bbox 549 760 610 780; x_wconf 92' lang='lat' dir='ltr'><strong>eum</strong></span> <span class='ocrx_word' id='word_1_97' title='bbox 627 753 671 788; x_wconf 90' lang='lat' dir='ltr'><strong>qui</strong></span> <span class='ocrx_word' id='word_1_98' title='bbox 691 752 798 780; x_wconf 79' lang='lat' dir='ltr'><strong>divitias</strong></span> <span class='ocrx_word' id='word_1_99' title='bbox 820 751 939 787; x_wconf 86' lang='lat' dir='ltr'><strong>possidet</strong></span> <span class='ocrx_word' id='word_1_100' title='bbox 961 752 1015 779; x_wconf 87' lang='lat' dir='ltr'><strong>vir-</strong></span> 
     </span>
    </p>
   </div>
   <div class='ocr_carea' id='block_1_14' title="bbox 225 799 1015 837">
    <p class='ocr_par' dir='ltr' id='par_1_14' title="bbox 225 799 1015 837">
     <span class='ocr_line' id='line_1_14' title="bbox 225 799 1015 837; baseline 0.004 -12"><span class='ocrx_word' id='word_1_101' title='bbox 225 802 281 826; x_wconf 90' lang='lat' dir='ltr'><strong>tute</strong></span> <span class='ocrx_word' id='word_1_102' title='bbox 303 799 442 834; x_wconf 71' lang='lat' dir='ltr'><strong>prmditum</strong></span> <span class='ocrx_word' id='word_1_103' title='bbox 467 808 528 829; x_wconf 89' lang='lat' dir='ltr'><strong>esse</strong></span> <span class='ocrx_word' id='word_1_104' title='bbox 548 805 683 837; x_wconf 86' lang='lat' dir='ltr'><strong>oporteret</strong></span> <span class='ocrx_word' id='word_1_105' title='bbox 698 809 729 829; x_wconf 84' lang='lat' dir='ltr'><strong>ac.</strong></span> <span class='ocrx_word' id='word_1_106' title='bbox 750 802 800 829; x_wconf 87' lang='lat' dir='ltr'><strong>dici</strong></span> <span class='ocrx_word' id='word_1_107' title='bbox 819 810 826 829; x_wconf 89' lang='lat'><strong>:</strong></span> <span class='ocrx_word' id='word_1_108' title='bbox 842 801 911 837; x_wconf 93' lang='lat' dir='ltr'><strong>quod</strong></span> <span class='ocrx_word' id='word_1_109' title='bbox 926 801 947 828; x_wconf 90' lang='lat' dir='ltr'><strong>si</strong></span> <span class='ocrx_word' id='word_1_110' title='bbox 963 808 1015 828; x_wconf 89' lang='lat' dir='ltr'><strong>non</strong></span> 
     </span>
    </p>
   </div>
   <div class='ocr_carea' id='block_1_15' title="bbox 225 845 1018 882">
    <p class='ocr_par' dir='ltr' id='par_1_15' title="bbox 225 845 1018 882">
     <span class='ocr_line' id='line_1_15' title="bbox 225 845 1018 882; baseline 0.004 -12"><span class='ocrx_word' id='word_1_111' title='bbox 225 845 335 872; x_wconf 84' lang='lat' dir='ltr'><strong>omnino</strong></span> <span class='ocrx_word' id='word_1_112' title='bbox 355 845 453 874; x_wconf 87' lang='lat' dir='ltr'><strong>virtute</strong></span> <span class='ocrx_word' id='word_1_113' title='bbox 474 846 602 882; x_wconf 72' lang='lat' dir='ltr'><strong>prmditus</strong></span> <span class='ocrx_word' id='word_1_114' title='bbox 622 852 663 875; x_wconf 83' lang='lat' dir='ltr'><strong>est</strong></span> <span class='ocrx_word' id='word_1_115' title='bbox 679 847 764 881; x_wconf 81' lang='lat' dir='ltr'><strong>dives,</strong></span> <span class='ocrx_word' id='word_1_116' title='bbox 784 855 837 874; x_wconf 92' lang='lat' dir='ltr'><strong>non</strong></span> <span class='ocrx_word' id='word_1_117' title='bbox 857 846 1018 882; x_wconf 79' lang='lat' dir='ltr'><strong>simpliciter</strong></span> 
     </span>
    </p>
   </div>
   <div class='ocr_carea' id='block_1_16' title="bbox 227 891 1017 927">
    <p class='ocr_par' dir='ltr' id='par_1_16' title="bbox 227 891 1017 927">
     <span class='ocr_line' id='line_1_16' title="bbox 227 891 1017 927; baseline 0.005 -11"><span class='ocrx_word' id='word_1_118' title='bbox 227 894 273 917; x_wconf 89' lang='lat' dir='ltr'><strong>aut</strong></span> <span class='ocrx_word' id='word_1_119' title='bbox 285 891 369 918; x_wconf 89' lang='lat' dir='ltr'><strong>virtus</strong></span> <span class='ocrx_word' id='word_1_120' title='bbox 382 897 427 919; x_wconf 91' lang='lat' dir='ltr'><strong>aut</strong></span> <span class='ocrx_word' id='word_1_121' title='bbox 440 891 538 919; x_wconf 82' lang='lat' dir='ltr'><strong>bonum</strong></span> <span class='ocrx_word' id='word_1_122' title='bbox 554 897 616 920; x_wconf 88' lang='lat' dir='ltr'><strong>sunt</strong></span> <span class='ocrx_word' id='word_1_123' title='bbox 629 892 741 926; x_wconf 67' lang='lat' dir='ltr'><strong>divitia),</strong></span> <span class='ocrx_word' id='word_1_124' title='bbox 756 892 802 920; x_wconf 88' lang='lat' dir='ltr'><strong>sed</strong></span> <span class='ocrx_word' id='word_1_125' title='bbox 819 892 844 920; x_wconf 89' lang='lat' dir='ltr'><strong>id</strong></span> <span class='ocrx_word' id='word_1_126' title='bbox 861 892 926 920; x_wconf 86' lang='lat' dir='ltr'><strong>fiunt</strong></span> <span class='ocrx_word' id='word_1_127' title='bbox 939 896 1017 927; x_wconf 85' lang='lat' dir='ltr'><strong>prout</strong></span> 
     </span>
    </p>
   </div>
   <div class='ocr_carea' id='block_1_17' title="bbox 223 935 1017 974">
    <p class='ocr_par' dir='ltr' id='par_1_17' title="bbox 223 935 1017 974">
     <span class='ocr_line' id='line_1_17' title="bbox 223 935 1017 974; baseline 0.005 -12"><span class='ocrx_word' id='word_1_128' title='bbox 223 935 334 964; x_wconf 73' lang='lat' dir='ltr'><strong>allectus</strong></span> <span class='ocrx_word' id='word_1_129' title='bbox 357 937 435 965; x_wconf 90' lang='lat' dir='ltr'><strong>fuerit</strong></span> <span class='ocrx_word' id='word_1_130' title='bbox 456 938 514 972; x_wconf 87' lang='lat' dir='ltr'><strong>ejus</strong></span> <span class='ocrx_word' id='word_1_131' title='bbox 537 938 643 966; x_wconf 90' lang='lat' dir='ltr'><strong>animus</strong></span> <span class='ocrx_word' id='word_1_132' title='bbox 665 939 709 974; x_wconf 87' lang='lat' dir='ltr'><strong>qui</strong></span> <span class='ocrx_word' id='word_1_133' title='bbox 734 939 774 966; x_wconf 91' lang='lat' dir='ltr'><strong>eis</strong></span> <span class='ocrx_word' id='word_1_134' title='bbox 793 939 891 966; x_wconf 85' lang='lat' dir='ltr'><strong>utitur.</strong></span> <span class='ocrx_word' id='word_1_135' title='bbox 915 939 1017 966; x_wconf 80' lang='lat' dir='ltr'><strong>Rursus</strong></span> 
     </span>
    </p>
   </div>
   <div class='ocr_carea' id='block_1_18' title="bbox 224 983 1017 1019">
    <p class='ocr_par' dir='ltr' id='par_1_18' title="bbox 224 983 1017 1019">
     <span class='ocr_line' id='line_1_18' title="bbox 224 983 1017 1019; baseline 0.006 -11"><span class='ocrx_word' id='word_1_136' title='bbox 224 988 365 1018; x_wconf 77' lang='lat' dir='ltr'><strong>paupertas</strong></span> <span class='ocrx_word' id='word_1_137' title='bbox 384 983 406 1010; x_wconf 88' lang='lat' dir='ltr'><strong>si</strong></span> <span class='ocrx_word' id='word_1_138' title='bbox 426 985 524 1011; x_wconf 91' lang='lat' dir='ltr'><strong>malum</strong></span> <span class='ocrx_word' id='word_1_139' title='bbox 545 989 626 1017; x_wconf 86' lang='lat' dir='ltr'><strong>esset,</strong></span> <span class='ocrx_word' id='word_1_140' title='bbox 646 993 739 1012; x_wconf 90' lang='lat' dir='ltr'><strong>omnes</strong></span> <span class='ocrx_word' id='word_1_141' title='bbox 762 985 846 1019; x_wconf 92' lang='lat' dir='ltr'><strong>quiin</strong></span> <span class='ocrx_word' id='word_1_142' title='bbox 863 989 1017 1019; x_wconf 82' lang='lat' dir='ltr'><strong>paupertate</strong></span> 
     </span>
    </p>
   </div>
   <div class='ocr_carea' id='block_1_19' title="bbox 224 1030 1017 1065">
    <p class='ocr_par' dir='ltr' id='par_1_19' title="bbox 224 1030 1017 1065">
     <span class='ocr_line' id='line_1_19' title="bbox 224 1030 1017 1065; baseline 0.004 -10"><span class='ocrx_word' id='word_1_143' title='bbox 224 1030 332 1064; x_wconf 79' lang='lat' dir='ltr'><strong>degunt,</strong></span> <span class='ocrx_word' id='word_1_144' title='bbox 355 1035 491 1064; x_wconf 87' lang='lat' dir='ltr'><strong>oporteret</strong></span> <span class='ocrx_word' id='word_1_145' title='bbox 512 1038 572 1059; x_wconf 89' lang='lat' dir='ltr'><strong>esse</strong></span> <span class='ocrx_word' id='word_1_146' title='bbox 585 1031 670 1059; x_wconf 89' lang='lat' dir='ltr'><strong>malos</strong></span> <span class='ocrx_word' id='word_1_147' title='bbox 685 1040 691 1058; x_wconf 90' lang='lat'><strong>:</strong></span> <span class='ocrx_word' id='word_1_148' title='bbox 706 1032 747 1059; x_wconf 93' lang='lat' dir='ltr'><strong>sin</strong></span> <span class='ocrx_word' id='word_1_149' title='bbox 760 1036 848 1059; x_wconf 90' lang='lat' dir='ltr'><strong>autem</strong></span> <span class='ocrx_word' id='word_1_150' title='bbox 864 1031 939 1059; x_wconf 93' lang='lat' dir='ltr'><strong>multi</strong></span> <span class='ocrx_word' id='word_1_151' title='bbox 953 1039 1017 1065; x_wconf 91' lang='lat' dir='ltr'><strong>pau-</strong></span> 
     </span>
    </p>
   </div>
   <div class='ocr_carea' id='block_1_20' title="bbox 226 1076 1016 1112">
    <p class='ocr_par' dir='ltr' id='par_1_20' title="bbox 226 1076 1016 1112">
     <span class='ocr_line' id='line_1_20' title="bbox 226 1076 1016 1112; baseline 0.004 -10"><span class='ocrx_word' id='word_1_152' title='bbox 226 1082 303 1109; x_wconf 84' lang='lat' dir='ltr'><strong>peres</strong></span> <span class='ocrx_word' id='word_1_153' title='bbox 330 1076 425 1103; x_wconf 80' lang='lat' dir='ltr'><strong>czelutn</strong></span> <span class='ocrx_word' id='word_1_154' title='bbox 449 1082 633 1112; x_wconf 89' lang='lat' dir='ltr'><strong>occuparunt,</strong></span> <span class='ocrx_word' id='word_1_155' title='bbox 658 1085 712 1105; x_wconf 94' lang='lat' dir='ltr'><strong>non</strong></span> <span class='ocrx_word' id='word_1_156' title='bbox 738 1081 780 1105; x_wconf 89' lang='lat' dir='ltr'><strong>est</strong></span> <span class='ocrx_word' id='word_1_157' title='bbox 801 1077 890 1112; x_wconf 91' lang='lat' dir='ltr'><strong>utique</strong></span> <span class='ocrx_word' id='word_1_158' title='bbox 917 1077 1016 1105; x_wconf 89' lang='lat' dir='ltr'><strong>malum</strong></span> 
     </span>
    </p>
   </div>
   <div class='ocr_carea' id='block_1_21' title="bbox 224 1126 377 1156">
    <p class='ocr_par' dir='ltr' id='par_1_21' title="bbox 224 1126 377 1156">
     <span class='ocr_line' id='line_1_21' title="bbox 224 1126 377 1156; baseline 0.013 -9"><span class='ocrx_word' id='word_1_159' title='bbox 224 1126 377 1156; x_wconf 82' lang='lat' dir='ltr'><strong>paupertas.</strong></span> 
     </span>
    </p>
   </div>
   <div class='ocr_carea' id='block_1_22' title="bbox 259 1167 1015 1204">
    <p class='ocr_par' dir='ltr' id='par_1_22' title="bbox 259 1167 1015 1204">
     <span class='ocr_line' id='line_1_22' title="bbox 259 1167 1015 1204; baseline 0.003 -10"><span class='ocrx_word' id='word_1_160' title='bbox 259 1167 285 1194; x_wconf 75' lang='grc' dir='ltr'>ι.</span> <span class='ocrx_word' id='word_1_161' title='bbox 302 1167 369 1201; x_wconf 84' lang='lat' dir='ltr'><strong>Quid</strong></span> <span class='ocrx_word' id='word_1_162' title='bbox 384 1170 454 1202; x_wconf 90' lang='lat' dir='ltr'><strong>quod</strong></span> <span class='ocrx_word' id='word_1_163' title='bbox 472 1168 545 1196; x_wconf 88' lang='lat' dir='ltr'><strong>multi</strong></span> <span class='ocrx_word' id='word_1_164' title='bbox 561 1173 670 1204; x_wconf 85' lang='lat' dir='ltr'><strong>propter</strong></span> <span class='ocrx_word' id='word_1_165' title='bbox 689 1173 870 1204; x_wconf 79' lang='lat' dir='ltr'><strong>paupertatem</strong></span> <span class='ocrx_word' id='word_1_166' title='bbox 889 1168 1015 1204; x_wconf 86' lang='lat' dir='ltr'><strong>blasphe-</strong></span> 
     </span>
    </p>
   </div>
   <div class='ocr_carea' id='block_1_23' title="bbox 224 1212 1016 1250">
    <p class='ocr_par' dir='ltr' id='par_1_23' title="bbox 224 1212 1016 1250">
     <span class='ocr_line' id='line_1_23' title="bbox 224 1212 1016 1250; baseline 0.004 -11"><span class='ocrx_word' id='word_1_167' title='bbox 224 1214 318 1239; x_wconf 84' lang='lat' dir='ltr'><strong>mant?</strong></span> <span class='ocrx_word' id='word_1_168' title='bbox 336 1212 408 1241; x_wconf 90' lang='lat' dir='ltr'><strong>dicet</strong></span> <span class='ocrx_word' id='word_1_169' title='bbox 428 1214 532 1250; x_wconf 88' lang='lat' dir='ltr'><strong>aliquis.</strong></span> <span class='ocrx_word' id='word_1_170' title='bbox 554 1214 611 1242; x_wconf 85' lang='lat' dir='ltr'><strong>Non</strong></span> <span class='ocrx_word' id='word_1_171' title='bbox 627 1219 735 1250; x_wconf 86' lang='lat' dir='ltr'><strong>propter</strong></span> <span class='ocrx_word' id='word_1_172' title='bbox 751 1219 952 1250; x_wconf 82' lang='lat' dir='ltr'><strong>paupertatem,</strong></span> <span class='ocrx_word' id='word_1_173' title='bbox 968 1214 1016 1242; x_wconf 83' lang='lat' dir='ltr'><strong>sed</strong></span> 
     </span>
    </p>
   </div>
   <div class='ocr_carea' id='block_1_24' title="bbox 225 1260 1015 1297">
    <p class='ocr_par' dir='ltr' id='par_1_24' title="bbox 225 1260 1015 1297">
     <span class='ocr_line' id='line_1_24' title="bbox 225 1260 1015 1297; baseline 0.003 -11"><span class='ocrx_word' id='word_1_174' title='bbox 225 1264 334 1294; x_wconf 88' lang='lat' dir='ltr'><strong>propter</strong></span> <span class='ocrx_word' id='word_1_175' title='bbox 350 1260 479 1288; x_wconf 89' lang='lat' dir='ltr'><strong>insaniam</strong></span> <span class='ocrx_word' id='word_1_176' title='bbox 494 1268 569 1288; x_wconf 89' lang='lat' dir='ltr'><strong>suam</strong></span> <span class='ocrx_word' id='word_1_177' title='bbox 582 1266 609 1289; x_wconf 90' lang='lat' dir='ltr'><strong>et</strong></span> <span class='ocrx_word' id='word_1_178' title='bbox 622 1261 865 1297; x_wconf 85' lang='lat' dir='ltr'><strong>pusillanimitatetn</strong></span> <span class='ocrx_word' id='word_1_179' title='bbox 882 1261 907 1288; x_wconf 89' lang='lat' dir='ltr'><strong>id</strong></span> <span class='ocrx_word' id='word_1_180' title='bbox 923 1266 1015 1296; x_wconf 84' lang='lat' dir='ltr'><strong>agunt.</strong></span> 
     </span>
    </p>
   </div>
   <div class='ocr_carea' id='block_1_25' title="bbox 224 1305 1016 1342">
    <p class='ocr_par' dir='ltr' id='par_1_25' title="bbox 224 1305 1016 1342">
     <span class='ocr_line' id='line_1_25' title="bbox 224 1305 1016 1342; baseline 0.004 -11"><span class='ocrx_word' id='word_1_181' title='bbox 224 1305 311 1340; x_wconf 80' lang='lat' dir='ltr'><strong>Atque</strong></span> <span class='ocrx_word' id='word_1_182' title='bbox 333 1305 383 1334; x_wconf 90' lang='lat' dir='ltr'><strong>hoc</strong></span> <span class='ocrx_word' id='word_1_183' title='bbox 400 1314 432 1334; x_wconf 82' lang='lat' dir='ltr'><strong>ex</strong></span> <span class='ocrx_word' id='word_1_184' title='bbox 455 1306 524 1334; x_wconf 87' lang='lat' dir='ltr'><strong>heati</strong></span> <span class='ocrx_word' id='word_1_185' title='bbox 539 1306 590 1334; x_wconf 88' lang='lat' dir='ltr'><strong>.Iob</strong></span> <span class='ocrx_word' id='word_1_186' title='bbox 602 1307 724 1342; x_wconf 75' lang='lat' dir='ltr'><strong>exemplo</strong></span> <span class='ocrx_word' id='word_1_187' title='bbox 738 1311 809 1341; x_wconf 87' lang='lat' dir='ltr'><strong>patet</strong></span> <span class='ocrx_word' id='word_1_188' title='bbox 823 1315 830 1339; x_wconf 85' lang='lat'><strong>;</strong></span> <span class='ocrx_word' id='word_1_189' title='bbox 847 1307 891 1342; x_wconf 93' lang='lat' dir='ltr'><strong>qui</strong></span> <span class='ocrx_word' id='word_1_190' title='bbox 907 1314 968 1334; x_wconf 90' lang='lat' dir='ltr'><strong>cum</strong></span> <span class='ocrx_word' id='word_1_191' title='bbox 983 1306 1016 1334; x_wconf 90' lang='lat' dir='ltr'><strong>ad</strong></span> 
     </span>
    </p>
   </div>
   <div class='ocr_carea' id='block_1_26' title="bbox 225 1351 1015 1386">
    <p class='ocr_par' dir='ltr' id='par_1_26' title="bbox 225 1351 1015 1386">
     <span class='ocr_line' id='line_1_26' title="bbox 225 1351 1015 1386; baseline 0.001 -9"><span class='ocrx_word' id='word_1_192' title='bbox 225 1355 371 1377; x_wconf 77' lang='lat' dir='ltr'><strong>extremam</strong></span> <span class='ocrx_word' id='word_1_193' title='bbox 388 1356 571 1386; x_wconf 67' lang='lat' dir='ltr'><strong>paupertatem</strong></span> <span class='ocrx_word' id='word_1_194' title='bbox 587 1351 708 1379; x_wconf 88' lang='lat' dir='ltr'><strong>redactus</strong></span> <span class='ocrx_word' id='word_1_195' title='bbox 722 1356 812 1383; x_wconf 85' lang='lat' dir='ltr'><strong>esset,</strong></span> <span class='ocrx_word' id='word_1_196' title='bbox 832 1356 858 1379; x_wconf 90' lang='lat' dir='ltr'><strong>ct</strong></span> <span class='ocrx_word' id='word_1_197' title='bbox 873 1351 905 1378; x_wconf 87' lang='lat' dir='ltr'><strong>ad</strong></span> <span class='ocrx_word' id='word_1_198' title='bbox 930 1352 1015 1386; x_wconf 85' lang='lat' dir='ltr'><strong>ipsum</strong></span> 
     </span>
    </p>
   </div>
   <div class='ocr_carea' id='block_1_27' title="bbox 225 1396 1016 1430">
    <p class='ocr_par' dir='ltr' id='par_1_27' title="bbox 225 1396 1016 1430">
     <span class='ocr_line' id='line_1_27' title="bbox 225 1396 1016 1430; baseline 0.001 -8"><span class='ocrx_word' id='word_1_199' title='bbox 225 1396 388 1430; x_wconf 78' lang='lat' dir='ltr'><strong>paupertatis</strong></span> <span class='ocrx_word' id='word_1_200' title='bbox 411 1396 564 1424; x_wconf 84' lang='lat' dir='ltr'><strong>barathrum</strong></span> <span class='ocrx_word' id='word_1_201' title='bbox 589 1396 750 1430; x_wconf 76' lang='lat' dir='ltr'><strong>devolutus,</strong></span> <span class='ocrx_word' id='word_1_202' title='bbox 775 1405 827 1424; x_wconf 90' lang='lat' dir='ltr'><strong>non</strong></span> <span class='ocrx_word' id='word_1_203' title='bbox 851 1396 936 1423; x_wconf 87' lang='lat' dir='ltr'><strong>solum</strong></span> <span class='ocrx_word' id='word_1_204' title='bbox 963 1404 1016 1423; x_wconf 90' lang='lat' dir='ltr'><strong>non</strong></span> 
     </span>
    </p>
   </div>
   <div class='ocr_carea' id='block_1_28' title="bbox 224 1441 1018 1477">
    <p class='ocr_par' dir='ltr' id='par_1_28' title="bbox 224 1441 1018 1477">
     <span class='ocr_line' id='line_1_28' title="bbox 224 1441 1018 1477; baseline 0 -9"><span class='ocrx_word' id='word_1_205' title='bbox 224 1442 427 1477; x_wconf 88' lang='lat' dir='ltr'><strong>blasphcmavit,</strong></span> <span class='ocrx_word' id='word_1_206' title='bbox 441 1441 488 1470; x_wconf 89' lang='lat' dir='ltr'><strong>sed</strong></span> <span class='ocrx_word' id='word_1_207' title='bbox 505 1442 586 1469; x_wconf 87' lang='lat' dir='ltr'><strong>Deum</strong></span> <span class='ocrx_word' id='word_1_208' title='bbox 600 1442 758 1470; x_wconf 87' lang='lat' dir='ltr'><strong>benedicere</strong></span> <span class='ocrx_word' id='word_1_209' title='bbox 772 1450 824 1469; x_wconf 93' lang='lat' dir='ltr'><strong>non</strong></span> <span class='ocrx_word' id='word_1_210' title='bbox 839 1442 963 1475; x_wconf 74' lang='lat' dir='ltr'><strong>cessavit,</strong></span> <span class='ocrx_word' id='word_1_211' title='bbox 976 1442 1018 1468; x_wconf 86' lang='lat' dir='ltr'><strong>his</strong></span> 
     </span>
    </p>
   </div>
   <div class='ocr_carea' id='block_1_29' title="bbox 225 1487 1017 1522">
    <p class='ocr_par' dir='ltr' id='par_1_29' title="bbox 225 1487 1017 1522">
     <span class='ocr_line' id='line_1_29' title="bbox 225 1487 1017 1522; baseline 0.001 -8"><span class='ocrx_word' id='word_1_212' title='bbox 225 1488 329 1515; x_wconf 78' lang='lat' dir='ltr'><strong>verbis:</strong></span> <span class='ocrx_word' id='word_1_213' title='bbox 343 1487 464 1515; x_wconf 72' lang='lat' dir='ltr'><strong>Dominus</strong></span> <span class='ocrx_word' id='word_1_214' title='bbox 471 1488 549 1522; x_wconf 83' lang='lat' dir='ltr'><strong>dedit,</strong></span> <span class='ocrx_word' id='word_1_215' title='bbox 560 1487 682 1516; x_wconf 81' lang='lat' dir='ltr'><strong>Dominus</strong></span> <span class='ocrx_word' id='word_1_216' title='bbox 696 1488 798 1515; x_wconf 68' lang='lat' dir='ltr'><strong>abstulit</strong></span> <span class='ocrx_word' id='word_1_217' title='bbox 809 1496 819 1520; x_wconf 89' lang='lat'><strong><em>;</em></strong></span> <span class='ocrx_word' id='word_1_218' title='bbox 831 1488 894 1515; x_wconf 78' lang='lat' dir='ltr'><strong>sicut</strong></span> <span class='ocrx_word' id='word_1_219' title='bbox 909 1487 1017 1515; x_wconf 85' lang='lat' dir='ltr'><strong>Domino</strong></span> 
     </span>
    </p>
   </div>
   <div class='ocr_carea' id='block_1_30' title="bbox 225 1534 1016 1570">
    <p class='ocr_par' dir='ltr' id='par_1_30' title="bbox 225 1534 1016 1570">
     <span class='ocr_line' id='line_1_30' title="bbox 225 1534 1016 1570; baseline -0.001 -9"><span class='ocrx_word' id='word_1_220' title='bbox 225 1534 330 1570; x_wconf 75' lang='lat' dir='ltr'><strong>placuit,</strong></span> <span class='ocrx_word' id='word_1_221' title='bbox 340 1534 374 1561; x_wconf 82' lang='lat' dir='ltr'><strong>ita</strong></span> <span class='ocrx_word' id='word_1_222' title='bbox 384 1536 480 1570; x_wconf 79' lang='lat' dir='ltr'><strong>factum</strong></span> <span class='ocrx_word' id='word_1_223' title='bbox 492 1539 528 1561; x_wconf 82' lang='lat' dir='ltr'><strong>est</strong></span> <span class='ocrx_word' id='word_1_224' title='bbox 541 1542 550 1561; x_wconf 92' lang='lat'><em>:</em></span> <span class='ocrx_word' id='word_1_225' title='bbox 562 1535 593 1561; x_wconf 78' lang='lat' dir='ltr'><strong>sit</strong></span> <span class='ocrx_word' id='word_1_226' title='bbox 606 1542 695 1561; x_wconf 83' lang='lat' dir='ltr'><strong>nomen</strong></span> <span class='ocrx_word' id='word_1_227' title='bbox 711 1534 811 1561; x_wconf 83' lang='lat' dir='ltr'><strong>Domini</strong></span> <span class='ocrx_word' id='word_1_228' title='bbox 825 1534 979 1561; x_wconf 70' lang='lat' dir='ltr'><strong>benedicta»:</strong></span> <span class='ocrx_word' id='word_1_229' title='bbox 991 1535 1016 1560; x_wconf 87' lang='lat' dir='ltr'><strong>in</strong></span> 
     </span>
    </p>
   </div>
   <div class='ocr_carea' id='block_1_31' title="bbox 225 1579 1017 1615">
    <p class='ocr_par' dir='ltr' id='par_1_31' title="bbox 225 1579 1017 1615">
     <span class='ocr_line' id='line_1_31' title="bbox 225 1579 1017 1615; baseline 0.003 -9"><span class='ocrx_word' id='word_1_230' title='bbox 225 1579 318 1606; x_wconf 64' lang='lat' dir='ltr'><strong>tacula</strong></span> <span class='ocrx_word' id='word_1_231' title='bbox 334 1580 393 1613; x_wconf 85' lang='lat' dir='ltr'><strong>(Job</strong></span> <span class='ocrx_word' id='word_1_232' title='bbox 409 1581 434 1607; x_wconf 84' lang='grc'><strong>1.</strong></span> <span class='ocrx_word' id='word_1_233' title='bbox 444 1579 503 1615; x_wconf 71' lang='grc'><strong>21).</strong></span> <span class='ocrx_word' id='word_1_234' title='bbox 516 1580 550 1607; x_wconf 76' lang='lat' dir='ltr'><strong>At</strong></span> <span class='ocrx_word' id='word_1_235' title='bbox 562 1580 632 1607; x_wconf 91' lang='lat' dir='ltr'><strong>enim</strong></span> <span class='ocrx_word' id='word_1_236' title='bbox 645 1580 679 1608; x_wconf 87' lang='lat' dir='ltr'><strong>ob</strong></span> <span class='ocrx_word' id='word_1_237' title='bbox 689 1580 793 1607; x_wconf 82' lang='lat' dir='ltr'><strong>divitias</strong></span> <span class='ocrx_word' id='word_1_238' title='bbox 802 1580 880 1607; x_wconf 87' lang='lat' dir='ltr'><strong>etiam</strong></span> <span class='ocrx_word' id='word_1_239' title='bbox 893 1580 966 1607; x_wconf 88' lang='lat' dir='ltr'><strong>multi</strong></span> <span class='ocrx_word' id='word_1_240' title='bbox 978 1588 1017 1608; x_wconf 85' lang='lat' dir='ltr'><strong>ra-</strong></span> 
     </span>
    </p>
   </div>
   <div class='ocr_carea' id='block_1_32' title="bbox 225 1625 1015 1660">
    <p class='ocr_par' dir='ltr' id='par_1_32' title="bbox 225 1625 1015 1660">
     <span class='ocr_line' id='line_1_32' title="bbox 225 1625 1015 1660; baseline 0.003 -8"><span class='ocrx_word' id='word_1_241' title='bbox 225 1626 337 1660; x_wconf 87' lang='lat' dir='ltr'><strong>piunth</strong></span> <span class='ocrx_word' id='word_1_242' title='bbox 352 1626 437 1653; x_wconf 89' lang='lat' dir='ltr'><strong>aliena</strong></span> <span class='ocrx_word' id='word_1_243' title='bbox 453 1626 590 1658; x_wconf 87' lang='lat' dir='ltr'><strong>invadunt,</strong></span> <span class='ocrx_word' id='word_1_244' title='bbox 605 1625 677 1654; x_wconf 83' lang='lat' dir='ltr'><strong>dicet</strong></span> <span class='ocrx_word' id='word_1_245' title='bbox 689 1626 793 1660; x_wconf 92' lang='lat' dir='ltr'><strong>aliquis.</strong></span> <span class='ocrx_word' id='word_1_246' title='bbox 809 1626 906 1654; x_wconf 75' lang='lat' dir='ltr'><strong>Verum</strong></span> <span class='ocrx_word' id='word_1_247' title='bbox 922 1626 946 1654; x_wconf 88' lang='lat' dir='ltr'><strong>id</strong></span> <span class='ocrx_word' id='word_1_248' title='bbox 963 1634 1015 1654; x_wconf 92' lang='lat' dir='ltr'><strong>non</strong></span> 
     </span>
    </p>
   </div>
   <div class='ocr_carea' id='block_1_33' title="bbox 223 1671 1015 1707">
    <p class='ocr_par' dir='ltr' id='par_1_33' title="bbox 223 1671 1015 1707">
     <span class='ocr_line' id='line_1_33' title="bbox 223 1671 1015 1707; baseline 0.001 -9"><span class='ocrx_word' id='word_1_249' title='bbox 223 1671 259 1699; x_wconf 89' lang='lat' dir='ltr'><strong>ob</strong></span> <span class='ocrx_word' id='word_1_250' title='bbox 271 1671 376 1698; x_wconf 88' lang='lat' dir='ltr'><strong>divitias</strong></span> <span class='ocrx_word' id='word_1_251' title='bbox 392 1672 420 1698; x_wconf 88' lang='lat' dir='ltr'><strong>fit</strong></span> <span class='ocrx_word' id='word_1_252' title='bbox 431 1692 439 1704; x_wconf 88' lang='lat'><strong>,</strong></span> <span class='ocrx_word' id='word_1_253' title='bbox 454 1671 500 1698; x_wconf 87' lang='lat' dir='ltr'><strong>sed</strong></span> <span class='ocrx_word' id='word_1_254' title='bbox 515 1671 550 1698; x_wconf 93' lang='lat' dir='ltr'><strong>ob</strong></span> <span class='ocrx_word' id='word_1_255' title='bbox 564 1672 684 1706; x_wconf 90' lang='lat' dir='ltr'><strong>ipsorum</strong></span> <span class='ocrx_word' id='word_1_256' title='bbox 699 1671 854 1703; x_wconf 84' lang='lat' dir='ltr'><strong>stultitiam;</strong></span> <span class='ocrx_word' id='word_1_257' title='bbox 871 1677 950 1707; x_wconf 90' lang='lat' dir='ltr'><strong>atque</strong></span> <span class='ocrx_word' id='word_1_258' title='bbox 965 1671 1015 1699; x_wconf 86' lang='lat' dir='ltr'><strong>hu-</strong></span> 
     </span>
    </p>
   </div>
   <div class='ocr_carea' id='block_1_34' title="bbox 223 1717 1016 1753">
    <p class='ocr_par' dir='ltr' id='par_1_34' title="bbox 223 1717 1016 1753">
     <span class='ocr_line' id='line_1_34' title="bbox 223 1717 1016 1753; baseline 0 -8"><span class='ocrx_word' id='word_1_259' title='bbox 223 1717 266 1753; x_wconf 88' lang='lat' dir='ltr'><strong>jus</strong></span> <span class='ocrx_word' id='word_1_260' title='bbox 280 1717 317 1745; x_wconf 87' lang='lat' dir='ltr'><strong>rei</strong></span> <span class='ocrx_word' id='word_1_261' title='bbox 333 1718 409 1745; x_wconf 87' lang='lat' dir='ltr'><strong>testis</strong></span> <span class='ocrx_word' id='word_1_262' title='bbox 422 1718 498 1746; x_wconf 88' lang='lat' dir='ltr'><strong>nobis</strong></span> <span class='ocrx_word' id='word_1_263' title='bbox 510 1718 561 1746; x_wconf 90' lang='lat' dir='ltr'><strong>erit</strong></span> <span class='ocrx_word' id='word_1_264' title='bbox 581 1718 623 1745; x_wconf 90' lang='lat' dir='ltr'><strong>hic</strong></span> <span class='ocrx_word' id='word_1_265' title='bbox 638 1718 694 1752; x_wconf 90' lang='lat' dir='ltr'><strong>ipse</strong></span> <span class='ocrx_word' id='word_1_266' title='bbox 706 1717 756 1751; x_wconf 88' lang='lat' dir='ltr'><strong>vir,</strong></span> <span class='ocrx_word' id='word_1_267' title='bbox 770 1718 814 1753; x_wconf 93' lang='lat' dir='ltr'><strong>qui</strong></span> <span class='ocrx_word' id='word_1_268' title='bbox 830 1725 889 1745; x_wconf 89' lang='lat' dir='ltr'><strong>cum</strong></span> <span class='ocrx_word' id='word_1_269' title='bbox 906 1723 943 1745; x_wconf 87' lang='lat' dir='ltr'><strong>tot</strong></span> <span class='ocrx_word' id='word_1_270' title='bbox 959 1719 1016 1753; x_wconf 88' lang='lat' dir='ltr'><strong>opi-</strong></span> 
     </span>
    </p>
   </div>
   <div class='ocr_carea' id='block_1_35' title="bbox 223 1763 1015 1799">
    <p class='ocr_par' dir='ltr' id='par_1_35' title="bbox 223 1763 1015 1799">
     <span class='ocr_line' id='line_1_35' title="bbox 223 1763 1015 1799; baseline 0.001 -8"><span class='ocrx_word' id='word_1_271' title='bbox 223 1763 273 1791; x_wconf 89' lang='lat' dir='ltr'><strong>bus</strong></span> <span class='ocrx_word' id='word_1_272' title='bbox 284 1764 442 1797; x_wconf 87' lang='lat' dir='ltr'><strong>abundaret,</strong></span> <span class='ocrx_word' id='word_1_273' title='bbox 453 1771 504 1791; x_wconf 93' lang='lat' dir='ltr'><strong>non</strong></span> <span class='ocrx_word' id='word_1_274' title='bbox 518 1763 598 1791; x_wconf 92' lang='lat' dir='ltr'><strong>modo</strong></span> <span class='ocrx_word' id='word_1_275' title='bbox 610 1771 654 1791; x_wconf 87' lang='lat' dir='ltr'><strong>res</strong></span> <span class='ocrx_word' id='word_1_276' title='bbox 668 1764 779 1790; x_wconf 87' lang='lat' dir='ltr'><strong>aliorum</strong></span> <span class='ocrx_word' id='word_1_277' title='bbox 792 1772 844 1791; x_wconf 92' lang='lat' dir='ltr'><strong>non</strong></span> <span class='ocrx_word' id='word_1_278' title='bbox 858 1765 954 1799; x_wconf 90' lang='lat' dir='ltr'><strong>rapuit,</strong></span> <span class='ocrx_word' id='word_1_279' title='bbox 969 1765 1015 1792; x_wconf 85' lang='lat' dir='ltr'><strong>sed</strong></span> 
     </span>
    </p>
   </div>
   <div class='ocr_carea' id='block_1_36' title="bbox 222 1808 1014 1844">
    <p class='ocr_par' dir='ltr' id='par_1_36' title="bbox 222 1808 1014 1844">
     <span class='ocr_line' id='line_1_36' title="bbox 222 1808 1014 1844; baseline 0 -8"><span class='ocrx_word' id='word_1_280' title='bbox 222 1808 301 1836; x_wconf 83' lang='lat' dir='ltr'><strong>etiam</strong></span> <span class='ocrx_word' id='word_1_281' title='bbox 313 1809 418 1844; x_wconf 82' lang='lat' dir='ltr'><strong>propria</strong></span> <span class='ocrx_word' id='word_1_282' title='bbox 429 1808 564 1844; x_wconf 82' lang='lat' dir='ltr'><strong>erogabat,</strong></span> <span class='ocrx_word' id='word_1_283' title='bbox 576 1813 602 1836; x_wconf 91' lang='lat' dir='ltr'><strong>et</strong></span> <span class='ocrx_word' id='word_1_284' title='bbox 615 1809 763 1844; x_wconf 77' lang='lat' dir='ltr'><strong>peregrinis</strong></span> <span class='ocrx_word' id='word_1_285' title='bbox 773 1813 878 1843; x_wconf 89' lang='lat' dir='ltr'><strong>portum</strong></span> <span class='ocrx_word' id='word_1_286' title='bbox 894 1810 1014 1843; x_wconf 88' lang='lat' dir='ltr'><strong>parabat,</strong></span> 
     </span>
    </p>
   </div>
   <div class='ocr_carea' id='block_1_37' title="bbox 223 1854 1013 1891">
    <p class='ocr_par' dir='ltr' id='par_1_37' title="bbox 223 1854 1013 1891">
     <span class='ocr_line' id='line_1_37' title="bbox 223 1854 1013 1891; baseline 0 -9"><span class='ocrx_word' id='word_1_287' title='bbox 223 1856 260 1883; x_wconf 87' lang='lat' dir='ltr'><strong>sic</strong></span> <span class='ocrx_word' id='word_1_288' title='bbox 275 1855 384 1882; x_wconf 87' lang='lat' dir='ltr'><strong>dicens:</strong></span> <span class='ocrx_word' id='word_1_289' title='bbox 396 1854 491 1882; x_wconf 74' lang='lat' dir='ltr'><strong>Domus</strong></span> <span class='ocrx_word' id='word_1_290' title='bbox 506 1862 560 1882; x_wconf 88' lang='lat' dir='ltr'><strong>mea</strong></span> <span class='ocrx_word' id='word_1_291' title='bbox 574 1854 643 1881; x_wconf 86' lang='lat' dir='ltr'><strong>omni</strong></span> <span class='ocrx_word' id='word_1_292' title='bbox 657 1854 787 1889; x_wconf 76' lang='lat' dir='ltr'><strong>peregrino</strong></span> <span class='ocrx_word' id='word_1_293' title='bbox 800 1855 880 1890; x_wconf 85' lang='lat' dir='ltr'><strong>patuit</strong></span> <span class='ocrx_word' id='word_1_294' title='bbox 897 1855 955 1891; x_wconf 83' lang='lat' dir='ltr'><strong>(Job</strong></span> <span class='ocrx_word' id='word_1_295' title='bbox 969 1855 1013 1882; x_wconf 79' lang='grc'><strong>51.</strong></span> 
     </span>
    </p>
   </div>
   <div class='ocr_carea' id='block_1_38' title="bbox 222 1901 1015 1937">
    <p class='ocr_par' dir='ltr' id='par_1_38' title="bbox 222 1901 1015 1937">
     <span class='ocr_line' id='line_1_38' title="bbox 222 1901 1015 1937; baseline 0 -8"><span class='ocrx_word' id='word_1_296' title='bbox 222 1902 278 1937; x_wconf 69' lang='grc'><strong>52).</strong></span> <span class='ocrx_word' id='word_1_297' title='bbox 287 1901 418 1929; x_wconf 71' lang='lat' dir='ltr'><strong>Abraham</strong></span> <span class='ocrx_word' id='word_1_298' title='bbox 430 1909 535 1936; x_wconf 86' lang='lat' dir='ltr'><strong>quoque</strong></span> <span class='ocrx_word' id='word_1_299' title='bbox 545 1909 603 1929; x_wconf 92' lang='lat' dir='ltr'><strong>cum</strong></span> <span class='ocrx_word' id='word_1_300' title='bbox 616 1905 651 1929; x_wconf 90' lang='lat' dir='ltr'><strong>tot</strong></span> <span class='ocrx_word' id='word_1_301' title='bbox 663 1909 727 1936; x_wconf 92' lang='lat' dir='ltr'><strong>opes</strong></span> <span class='ocrx_word' id='word_1_302' title='bbox 743 1901 900 1936; x_wconf 88' lang='lat' dir='ltr'><strong>possideret,</strong></span> <span class='ocrx_word' id='word_1_303' title='bbox 910 1902 935 1928; x_wconf 92' lang='lat' dir='ltr'><strong>in</strong></span> <span class='ocrx_word' id='word_1_304' title='bbox 949 1909 1015 1936; x_wconf 75' lang='lat' dir='ltr'><strong>pra:-</strong></span> 
     </span>
    </p>
   </div>
   <div class='ocr_carea' id='block_1_39' title="bbox 223 1947 1015 1984">
    <p class='ocr_par' dir='ltr' id='par_1_39' title="bbox 223 1947 1015 1984">
     <span class='ocr_line' id='line_1_39' title="bbox 223 1947 1015 1984; baseline 0.001 -10"><span class='ocrx_word' id='word_1_305' title='bbox 223 1951 356 1975; x_wconf 87' lang='lat' dir='ltr'><strong>tereuntes</strong></span> <span class='ocrx_word' id='word_1_306' title='bbox 375 1947 463 1974; x_wconf 90' lang='lat' dir='ltr'><strong>omnia</strong></span> <span class='ocrx_word' id='word_1_307' title='bbox 477 1947 660 1984; x_wconf 75' lang='lat' dir='ltr'><strong>expendebat;</strong></span> <span class='ocrx_word' id='word_1_308' title='bbox 680 1952 707 1974; x_wconf 89' lang='lat' dir='ltr'><strong>et.</strong></span> <span class='ocrx_word' id='word_1_309' title='bbox 731 1955 816 1983; x_wconf 86' lang='lat' dir='ltr'><strong>neque</strong></span> <span class='ocrx_word' id='word_1_310' title='bbox 838 1948 907 1975; x_wconf 90' lang='lat' dir='ltr'><strong>hunc</strong></span> <span class='ocrx_word' id='word_1_311' title='bbox 929 1956 1015 1983; x_wconf 89' lang='lat' dir='ltr'><strong>neque</strong></span> 
     </span>
    </p>
   </div>
   <div class='ocr_carea' id='block_1_40' title="bbox 222 1993 1015 2027">
    <p class='ocr_par' dir='ltr' id='par_1_40' title="bbox 222 1993 1015 2027">
     <span class='ocr_line' id='line_1_40' title="bbox 222 1993 1015 2027; baseline 0.001 -6"><span class='ocrx_word' id='word_1_312' title='bbox 222 1994 296 2021; x_wconf 92' lang='lat' dir='ltr'><strong>illum</strong></span> <span class='ocrx_word' id='word_1_313' title='bbox 307 1993 485 2021; x_wconf 80' lang='lat' dir='ltr'><strong>fraudatorem</strong></span> <span class='ocrx_word' id='word_1_314' title='bbox 500 1998 545 2021; x_wconf 93' lang='lat' dir='ltr'><strong>aut</strong></span> <span class='ocrx_word' id='word_1_315' title='bbox 559 2001 669 2021; x_wconf 87' lang='lat' dir='ltr'><strong>avarum</strong></span> <span class='ocrx_word' id='word_1_316' title='bbox 683 1994 782 2021; x_wconf 73' lang='lat' dir='ltr'><strong>divitia:</strong></span> <span class='ocrx_word' id='word_1_317' title='bbox 793 1994 974 2027; x_wconf 87' lang='lat' dir='ltr'><strong>reddiderunt,</strong></span> <span class='ocrx_word' id='word_1_318' title='bbox 986 1999 1015 2022; x_wconf 91' lang='lat' dir='ltr'><strong>ut</strong></span> 
     </span>
    </p>
   </div>
   <div class='ocr_carea' id='block_1_41' title="bbox 222 2040 1012 2075">
    <p class='ocr_par' dir='ltr' id='par_1_41' title="bbox 222 2040 1012 2075">
     <span class='ocr_line' id='line_1_41' title="bbox 222 2040 1012 2075; baseline 0.001 -8"><span class='ocrx_word' id='word_1_319' title='bbox 222 2048 308 2075; x_wconf 87' lang='lat' dir='ltr'><strong>neque</strong></span> <span class='ocrx_word' id='word_1_320' title='bbox 320 2040 502 2075; x_wconf 87' lang='lat' dir='ltr'><strong>blasphemum</strong></span> <span class='ocrx_word' id='word_1_321' title='bbox 513 2044 653 2074; x_wconf 86' lang='lat' dir='ltr'><strong>paupertas</strong></span> <span class='ocrx_word' id='word_1_322' title='bbox 666 2044 712 2067; x_wconf 91' lang='lat' dir='ltr'><strong>aut</strong></span> <span class='ocrx_word' id='word_1_323' title='bbox 723 2040 795 2067; x_wconf 92' lang='lat' dir='ltr'><strong>illum</strong></span> <span class='ocrx_word' id='word_1_324' title='bbox 811 2045 855 2067; x_wconf 92' lang='lat' dir='ltr'><strong>aut</strong></span> <span class='ocrx_word' id='word_1_325' title='bbox 866 2040 1012 2068; x_wconf 87' lang='lat' dir='ltr'><strong>Lazarum:</strong></span> 
     </span>
    </p>
   </div>
   <div class='ocr_carea' id='block_1_42' title="bbox 221 2086 1015 2121">
    <p class='ocr_par' dir='ltr' id='par_1_42' title="bbox 221 2086 1015 2121">
     <span class='ocr_line' id='line_1_42' title="bbox 221 2086 1015 2121; baseline 0 -8"><span class='ocrx_word' id='word_1_326' title='bbox 221 2086 268 2114; x_wconf 85' lang='lat' dir='ltr'><strong>sed</strong></span> <span class='ocrx_word' id='word_1_327' title='bbox 288 2093 348 2113; x_wconf 91' lang='lat' dir='ltr'><strong>cum</strong></span> <span class='ocrx_word' id='word_1_328' title='bbox 369 2093 455 2121; x_wconf 87' lang='lat' dir='ltr'><strong>neque</strong></span> <span class='ocrx_word' id='word_1_329' title='bbox 475 2086 624 2113; x_wconf 88' lang='lat' dir='ltr'><strong>necessaria</strong></span> <span class='ocrx_word' id='word_1_330' title='bbox 644 2086 750 2121; x_wconf 89' lang='lat' dir='ltr'><strong>utrique</strong></span> <span class='ocrx_word' id='word_1_331' title='bbox 772 2091 945 2121; x_wconf 89' lang='lat' dir='ltr'><strong>suppeterent</strong></span> <span class='ocrx_word' id='word_1_332' title='bbox 963 2087 1015 2114; x_wconf 91' lang='lat' dir='ltr'><strong>ali-</strong></span> 
     </span>
    </p>
   </div>
   <div class='ocr_carea' id='block_1_43' title="bbox 221 2131 1012 2167">
    <p class='ocr_par' dir='ltr' id='par_1_43' title="bbox 221 2131 1012 2167">
     <span class='ocr_line' id='line_1_43' title="bbox 221 2131 1012 2167; baseline 0.001 -9"><span class='ocrx_word' id='word_1_333' title='bbox 221 2136 322 2165; x_wconf 87' lang='lat' dir='ltr'><strong>menta,</strong></span> <span class='ocrx_word' id='word_1_334' title='bbox 338 2132 375 2159; x_wconf 89' lang='lat' dir='ltr'><strong>sic</strong></span> <span class='ocrx_word' id='word_1_335' title='bbox 391 2132 506 2160; x_wconf 87' lang='lat' dir='ltr'><strong>illustres</strong></span> <span class='ocrx_word' id='word_1_336' title='bbox 522 2131 640 2166; x_wconf 87' lang='lat' dir='ltr'><strong>fuerunt,</strong></span> <span class='ocrx_word' id='word_1_337' title='bbox 653 2137 682 2159; x_wconf 93' lang='lat' dir='ltr'><strong>ut</strong></span> <span class='ocrx_word' id='word_1_338' title='bbox 696 2132 763 2159; x_wconf 86' lang='lat' dir='ltr'><strong>alter</strong></span> <span class='ocrx_word' id='word_1_339' title='bbox 777 2133 823 2159; x_wconf 89' lang='lat' dir='ltr'><strong>Dei</strong></span> <span class='ocrx_word' id='word_1_340' title='bbox 835 2153 843 2164; x_wconf 94' lang='lat'><strong>,</strong></span> <span class='ocrx_word' id='word_1_341' title='bbox 860 2132 904 2167; x_wconf 91' lang='lat' dir='ltr'><strong>qui</strong></span> <span class='ocrx_word' id='word_1_342' title='bbox 917 2140 1012 2159; x_wconf 84' lang='lat' dir='ltr'><strong>arcana</strong></span> 
     </span>
    </p>
   </div>
   <div class='ocr_carea' id='block_1_44' title="bbox 220 2177 1012 2207">
    <p class='ocr_par' dir='ltr' id='par_1_44' title="bbox 220 2177 1012 2207">
     <span class='ocr_line' id='line_1_44' title="bbox 220 2177 1012 2207; baseline 0 -2"><span class='ocrx_word' id='word_1_343' title='bbox 220 2178 292 2205; x_wconf 86' lang='lat' dir='ltr'><strong>clare</strong></span> <span class='ocrx_word' id='word_1_344' title='bbox 310 2178 554 2207; x_wconf 79' lang='lat' dir='ltr'><strong>novit,testimonio</strong></span> <span class='ocrx_word' id='word_1_345' title='bbox 572 2177 823 2205; x_wconf 84' lang='lat' dir='ltr'><strong>commendaretur:</strong></span> <span class='ocrx_word' id='word_1_346' title='bbox 840 2178 906 2205; x_wconf 88' lang='lat' dir='ltr'><strong>alter</strong></span> <span class='ocrx_word' id='word_1_347' title='bbox 925 2182 1012 2205; x_wconf 88' lang='lat' dir='ltr'><strong>autem</strong></span> 
     </span>
    </p>
   </div>
   <div class='ocr_carea' id='block_1_45' title="bbox 221 2223 1013 2259">
    <p class='ocr_par' dir='ltr' id='par_1_45' title="bbox 221 2223 1013 2259">
     <span class='ocr_line' id='line_1_45' title="bbox 221 2223 1013 2259; baseline -0.003 -7"><span class='ocrx_word' id='word_1_348' title='bbox 221 2225 255 2252; x_wconf 91' lang='lat' dir='ltr'><strong>ab</strong></span> <span class='ocrx_word' id='word_1_349' title='bbox 268 2224 369 2259; x_wconf 79' lang='lat' dir='ltr'><strong>angelis</strong></span> <span class='ocrx_word' id='word_1_350' title='bbox 389 2223 607 2252; x_wconf 87' lang='lat' dir='ltr'><strong>antecedentibus</strong></span> <span class='ocrx_word' id='word_1_351' title='bbox 618 2223 684 2251; x_wconf 84' lang='lat' dir='ltr'><strong>hinc</strong></span> <span class='ocrx_word' id='word_1_352' title='bbox 703 2223 863 2256; x_wconf 81' lang='lat' dir='ltr'><strong>auferretur,</strong></span> <span class='ocrx_word' id='word_1_353' title='bbox 879 2229 906 2251; x_wconf 90' lang='lat' dir='ltr'><strong>et</strong></span> <span class='ocrx_word' id='word_1_354' title='bbox 920 2228 1013 2250; x_wconf 92' lang='lat' dir='ltr'><strong>contu-</strong></span> 
     </span>
    </p>
   </div>
   <div class='ocr_carea' id='block_1_46' title="bbox 221 2268 1013 2304">
    <p class='ocr_par' dir='ltr' id='par_1_46' title="bbox 221 2268 1013 2304">
     <span class='ocr_line' id='line_1_46' title="bbox 221 2268 1013 2304; baseline -0.001 -7"><span class='ocrx_word' id='word_1_355' title='bbox 221 2270 335 2298; x_wconf 87' lang='lat' dir='ltr'><strong>bernalis</strong></span> <span class='ocrx_word' id='word_1_356' title='bbox 356 2269 431 2297; x_wconf 88' lang='lat' dir='ltr'><strong>fieret</strong></span> <span class='ocrx_word' id='word_1_357' title='bbox 451 2269 608 2304; x_wconf 71' lang='lat' dir='ltr'><strong>patriarcha:</strong></span> <span class='ocrx_word' id='word_1_358' title='bbox 624 2289 632 2302; x_wconf 89' lang='lat'><strong>,</strong></span> <span class='ocrx_word' id='word_1_359' title='bbox 651 2268 799 2304; x_wconf 86' lang='lat' dir='ltr'><strong>iisdemque</strong></span> <span class='ocrx_word' id='word_1_360' title='bbox 820 2269 896 2296; x_wconf 91' lang='lat' dir='ltr'><strong>bonis</strong></span> <span class='ocrx_word' id='word_1_361' title='bbox 917 2270 1013 2304; x_wconf 88' lang='lat' dir='ltr'><strong>quibus</strong></span> 
     </span>
    </p>
   </div>
   <div class='ocr_carea' id='block_1_47' title="bbox 221 2314 1013 2350">
    <p class='ocr_par' dir='ltr' id='par_1_47' title="bbox 221 2314 1013 2350">
     <span class='ocr_line' id='line_1_47' title="bbox 221 2314 1013 2350; baseline -0.001 -8"><span class='ocrx_word' id='word_1_362' title='bbox 221 2316 265 2343; x_wconf 88' lang='lat' dir='ltr'><strong>ille</strong></span> <span class='ocrx_word' id='word_1_363' title='bbox 279 2315 420 2342; x_wconf 89' lang='lat' dir='ltr'><strong>frueretur.</strong></span> <span class='ocrx_word' id='word_1_364' title='bbox 434 2315 524 2349; x_wconf 88' lang='lat' dir='ltr'><strong>Itaque</strong></span> <span class='ocrx_word' id='word_1_365' title='bbox 539 2314 633 2341; x_wconf 68' lang='lat' dir='ltr'><strong>media:</strong></span> <span class='ocrx_word' id='word_1_366' title='bbox 647 2322 690 2342; x_wconf 88' lang='lat' dir='ltr'><strong>res</strong></span> <span class='ocrx_word' id='word_1_367' title='bbox 704 2319 766 2342; x_wconf 88' lang='lat' dir='ltr'><strong>sunt</strong></span> <span class='ocrx_word' id='word_1_368' title='bbox 781 2314 837 2342; x_wconf 80' lang='lat' dir='ltr'><strong>ista:</strong></span> <span class='ocrx_word' id='word_1_369' title='bbox 850 2334 858 2347; x_wconf 92' lang='lat'><strong>,</strong></span> <span class='ocrx_word' id='word_1_370' title='bbox 871 2319 1013 2350; x_wconf 87' lang='lat' dir='ltr'><strong>paupertas</strong></span> 
     </span>
    </p>
   </div>
   <div class='ocr_carea' id='block_1_48' title="bbox 221 2360 1014 2396">
    <p class='ocr_par' dir='ltr' id='par_1_48' title="bbox 221 2360 1014 2396">
     <span class='ocr_line' id='line_1_48' title="bbox 221 2360 1014 2396; baseline -0.001 -7"><span class='ocrx_word' id='word_1_371' title='bbox 221 2366 245 2389; x_wconf 78' lang='lat' dir='ltr'><strong>et</strong></span> <span class='ocrx_word' id='word_1_372' title='bbox 260 2361 374 2394; x_wconf 66' lang='lat' dir='ltr'><strong>divitiae,</strong></span> <span class='ocrx_word' id='word_1_373' title='bbox 386 2361 487 2388; x_wconf 85' lang='lat' dir='ltr'><strong>sanitas</strong></span> <span class='ocrx_word' id='word_1_374' title='bbox 500 2365 527 2388; x_wconf 83' lang='lat' dir='ltr'><strong>et</strong></span> <span class='ocrx_word' id='word_1_375' title='bbox 538 2361 648 2388; x_wconf 90' lang='lat' dir='ltr'><strong>morbus</strong></span> <span class='ocrx_word' id='word_1_376' title='bbox 659 2382 667 2394; x_wconf 92' lang='lat'><strong>,</strong></span> <span class='ocrx_word' id='word_1_377' title='bbox 681 2360 735 2388; x_wconf 90' lang='lat' dir='ltr'><strong>vita</strong></span> <span class='ocrx_word' id='word_1_378' title='bbox 750 2365 777 2388; x_wconf 91' lang='lat' dir='ltr'><strong>et</strong></span> <span class='ocrx_word' id='word_1_379' title='bbox 790 2368 873 2393; x_wconf 90' lang='lat' dir='ltr'><strong>mors,</strong></span> <span class='ocrx_word' id='word_1_380' title='bbox 887 2361 969 2396; x_wconf 78' lang='lat' dir='ltr'><strong>gloria</strong></span> <span class='ocrx_word' id='word_1_381' title='bbox 986 2365 1014 2388; x_wconf 86' lang='lat' dir='ltr'><strong>et</strong></span> 
     </span>
    </p>
   </div>
   <div class='ocr_carea' id='block_1_49' title="bbox 220 2406 1012 2441">
    <p class='ocr_par' dir='ltr' id='par_1_49' title="bbox 220 2406 1012 2441">
     <span class='ocr_line' id='line_1_49' title="bbox 220 2406 1012 2441; baseline 0 -8"><span class='ocrx_word' id='word_1_382' title='bbox 220 2407 316 2439; x_wconf 85' lang='lat' dir='ltr'><strong>honor,</strong></span> <span class='ocrx_word' id='word_1_383' title='bbox 331 2407 445 2434; x_wconf 88' lang='lat' dir='ltr'><strong>servitus</strong></span> <span class='ocrx_word' id='word_1_384' title='bbox 459 2411 484 2433; x_wconf 93' lang='lat' dir='ltr'><strong>et</strong></span> <span class='ocrx_word' id='word_1_385' title='bbox 498 2406 605 2433; x_wconf 89' lang='lat' dir='ltr'><strong>libertas</strong></span> <span class='ocrx_word' id='word_1_386' title='bbox 616 2426 623 2438; x_wconf 91' lang='lat'><strong>,</strong></span> <span class='ocrx_word' id='word_1_387' title='bbox 636 2410 663 2433; x_wconf 90' lang='lat' dir='ltr'><strong>et</strong></span> <span class='ocrx_word' id='word_1_388' title='bbox 678 2414 853 2441; x_wconf 76' lang='lat' dir='ltr'><strong>quzccumque</strong></span> <span class='ocrx_word' id='word_1_389' title='bbox 865 2410 927 2433; x_wconf 89' lang='lat' dir='ltr'><strong>sunt</strong></span> <span class='ocrx_word' id='word_1_390' title='bbox 939 2406 1012 2441; x_wconf 87' lang='lat' dir='ltr'><strong>ejus-</strong></span> 
     </span>
    </p>
   </div>
   <div class='ocr_carea' id='block_1_50' title="bbox 220 2451 1014 2488">
    <p class='ocr_par' dir='ltr' id='par_1_50' title="bbox 220 2451 1014 2488">
     <span class='ocr_line' id='line_1_50' title="bbox 220 2451 1014 2488; baseline 0 -9"><span class='ocrx_word' id='word_1_391' title='bbox 220 2453 291 2480; x_wconf 92' lang='lat' dir='ltr'><strong>modi</strong></span> <span class='ocrx_word' id='word_1_392' title='bbox 304 2461 312 2485; x_wconf 87' lang='lat'><strong>;</strong></span> <span class='ocrx_word' id='word_1_393' title='bbox 328 2459 380 2480; x_wconf 91' lang='lat' dir='ltr'><strong>non</strong></span> <span class='ocrx_word' id='word_1_394' title='bbox 395 2452 466 2479; x_wconf 93' lang='lat' dir='ltr'><strong>enim</strong></span> <span class='ocrx_word' id='word_1_395' title='bbox 479 2451 568 2480; x_wconf 88' lang='lat' dir='ltr'><strong>omnia</strong></span> <span class='ocrx_word' id='word_1_396' title='bbox 583 2455 645 2479; x_wconf 91' lang='lat' dir='ltr'><strong>sunt</strong></span> <span class='ocrx_word' id='word_1_397' title='bbox 660 2452 838 2487; x_wconf 90' lang='lat' dir='ltr'><strong>percurrenda</strong></span> <span class='ocrx_word' id='word_1_398' title='bbox 848 2473 856 2485; x_wconf 93' lang='lat'><strong>,</strong></span> <span class='ocrx_word' id='word_1_399' title='bbox 878 2460 911 2479; x_wconf 90' lang='lat' dir='ltr'><strong>ne</strong></span> <span class='ocrx_word' id='word_1_400' title='bbox 932 2453 1014 2488; x_wconf 78' lang='lat' dir='ltr'><strong>proli-</strong></span> 
     </span>
    </p>
   </div>
   <div class='ocr_carea' id='block_1_51' title="bbox 220 2498 1012 2530">
    <p class='ocr_par' dir='ltr' id='par_1_51' title="bbox 220 2498 1012 2530">
     <span class='ocr_line' id='line_1_51' title="bbox 220 2498 1012 2530; baseline -0.001 -4"><span class='ocrx_word' id='word_1_401' title='bbox 220 2500 279 2526; x_wconf 82' lang='lat' dir='ltr'><strong>xior</strong></span> <span class='ocrx_word' id='word_1_402' title='bbox 294 2499 339 2526; x_wconf 86' lang='lat' dir='ltr'><strong>fiat</strong></span> <span class='ocrx_word' id='word_1_403' title='bbox 352 2498 454 2530; x_wconf 88' lang='lat' dir='ltr'><strong>oratio,</strong></span> <span class='ocrx_word' id='word_1_404' title='bbox 471 2498 517 2526; x_wconf 91' lang='lat' dir='ltr'><strong>sed</strong></span> <span class='ocrx_word' id='word_1_405' title='bbox 533 2498 608 2526; x_wconf 83' lang='lat' dir='ltr'><strong>vobis</strong></span> <span class='ocrx_word' id='word_1_406' title='bbox 622 2506 656 2526; x_wconf 85' lang='lat' dir='ltr'><strong>ex</strong></span> <span class='ocrx_word' id='word_1_407' title='bbox 676 2499 716 2525; x_wconf 87' lang='lat' dir='ltr'><strong>his</strong></span> <span class='ocrx_word' id='word_1_408' title='bbox 729 2498 790 2525; x_wconf 87' lang='lat' dir='ltr'><strong>data</strong></span> <span class='ocrx_word' id='word_1_409' title='bbox 807 2499 962 2529; x_wconf 84' lang='lat' dir='ltr'><strong>occasione.</strong></span> <span class='ocrx_word' id='word_1_410' title='bbox 979 2499 1012 2526; x_wconf 91' lang='lat' dir='ltr'><strong>ad</strong></span> 
     </span>
    </p>
   </div>
   <div class='ocr_carea' id='block_1_52' title="bbox 219 2543 1010 2580">
    <p class='ocr_par' dir='ltr' id='par_1_52' title="bbox 219 2543 1010 2580">
     <span class='ocr_line' id='line_1_52' title="bbox 219 2543 1010 2580; baseline -0.001 -8"><span class='ocrx_word' id='word_1_411' title='bbox 219 2553 249 2572; x_wconf 87' lang='lat' dir='ltr'><strong>ea</strong></span> <span class='ocrx_word' id='word_1_412' title='bbox 264 2553 323 2580; x_wconf 66' lang='lat' dir='ltr'><strong>qua:</strong></span> <span class='ocrx_word' id='word_1_413' title='bbox 337 2551 386 2571; x_wconf 93' lang='lat' dir='ltr'><strong>nos</strong></span> <span class='ocrx_word' id='word_1_414' title='bbox 400 2548 494 2579; x_wconf 84' lang='lat' dir='ltr'><strong>urgent</strong></span> <span class='ocrx_word' id='word_1_415' title='bbox 505 2543 615 2571; x_wconf 88' lang='lat' dir='ltr'><strong>dicenda</strong></span> <span class='ocrx_word' id='word_1_416' title='bbox 628 2544 791 2579; x_wconf 78' lang='lat' dir='ltr'><strong>pergendum</strong></span> <span class='ocrx_word' id='word_1_417' title='bbox 806 2549 856 2571; x_wconf 89' lang='lat' dir='ltr'><strong>est.</strong></span> <span class='ocrx_word' id='word_1_418' title='bbox 873 2543 914 2570; x_wconf 85' lang='lat' dir='ltr'><strong>Da</strong></span> <span class='ocrx_word' id='word_1_419' title='bbox 929 2544 1010 2578; x_wconf 87' lang='lat' dir='ltr'><strong>enim,</strong></span> 
     </span>
    </p>
   </div>
   <div class='ocr_carea' id='block_1_53' title="bbox 220 2589 1010 2626">
    <p class='ocr_par' dir='ltr' id='par_1_53' title="bbox 220 2589 1010 2626">
     <span class='ocr_line' id='line_1_53' title="bbox 220 2589 1010 2626; baseline 0 -8"><span class='ocrx_word' id='word_1_420' title='bbox 220 2591 315 2626; x_wconf 89' lang='lat' dir='ltr'><strong>inquit,</strong></span> <span class='ocrx_word' id='word_1_421' title='bbox 331 2591 439 2626; x_wconf 74' lang='lat' dir='ltr'><strong>sapienti</strong></span> <span class='ocrx_word' id='word_1_422' title='bbox 451 2590 618 2624; x_wconf 76' lang='lat' dir='ltr'><strong>occasionem,</strong></span> <span class='ocrx_word' id='word_1_423' title='bbox 633 2596 657 2617; x_wconf 85' lang='lat' dir='ltr'><strong>et</strong></span> <span class='ocrx_word' id='word_1_424' title='bbox 669 2591 807 2625; x_wconf 67' lang='lat' dir='ltr'><strong>sapientior</strong></span> <span class='ocrx_word' id='word_1_425' title='bbox 820 2590 866 2618; x_wconf 86' lang='lat' dir='ltr'><strong>erit</strong></span> <span class='ocrx_word' id='word_1_426' title='bbox 879 2589 968 2626; x_wconf 83' lang='lat' dir='ltr'><strong>(Prov.</strong></span> <span class='ocrx_word' id='word_1_427' title='bbox 983 2590 1010 2618; x_wconf 85' lang='lat'><strong>9.</strong></span> 
     </span>
    </p>
   </div>
   <div class='ocr_carea' id='block_1_54' title="bbox 220 2635 1010 2672">
    <p class='ocr_par' dir='ltr' id='par_1_54' title="bbox 220 2635 1010 2672">
     <span class='ocr_line' id='line_1_54' title="bbox 220 2635 1010 2672; baseline -0.003 -8"><span class='ocrx_word' id='word_1_428' title='bbox 220 2636 264 2672; x_wconf 86' lang='lat'><strong>9).</strong></span> <span class='ocrx_word' id='word_1_429' title='bbox 281 2636 362 2671; x_wconf 77' lang='lat' dir='ltr'><strong>Igitur</strong></span> <span class='ocrx_word' id='word_1_430' title='bbox 377 2644 419 2663; x_wconf 90' lang='lat' dir='ltr'><strong>res</strong></span> <span class='ocrx_word' id='word_1_431' title='bbox 435 2636 529 2664; x_wconf 71' lang='lat' dir='ltr'><strong>medim</strong></span> <span class='ocrx_word' id='word_1_432' title='bbox 546 2640 608 2663; x_wconf 89' lang='lat' dir='ltr'><strong>sunt</strong></span> <span class='ocrx_word' id='word_1_433' title='bbox 627 2636 683 2663; x_wconf 65' lang='lat' dir='ltr'><strong>haec</strong></span> <span class='ocrx_word' id='word_1_434' title='bbox 702 2635 789 2663; x_wconf 83' lang='lat' dir='ltr'><strong>omnia</strong></span> <span class='ocrx_word' id='word_1_435' title='bbox 805 2644 811 2662; x_wconf 90' lang='lat'>:</span> <span class='ocrx_word' id='word_1_436' title='bbox 826 2635 865 2663; x_wconf 87' lang='lat' dir='ltr'><strong>sic</strong></span> <span class='ocrx_word' id='word_1_437' title='bbox 884 2639 913 2662; x_wconf 92' lang='lat' dir='ltr'><strong>ut</strong></span> <span class='ocrx_word' id='word_1_438' title='bbox 928 2635 970 2663; x_wconf 91' lang='lat' dir='ltr'><strong>his</strong></span> <span class='ocrx_word' id='word_1_439' title='bbox 985 2636 1010 2662; x_wconf 92' lang='lat' dir='ltr'><strong>in</strong></span> 
     </span>
    </p>
   </div>
   <div class='ocr_carea' id='block_1_55' title="bbox 220 2681 1011 2716">
    <p class='ocr_par' dir='ltr' id='par_1_55' title="bbox 220 2681 1011 2716">
     <span class='ocr_line' id='line_1_55' title="bbox 220 2681 1011 2716; baseline 0 -8"><span class='ocrx_word' id='word_1_440' title='bbox 220 2682 319 2709; x_wconf 82' lang='lat' dir='ltr'><strong>bonum</strong></span> <span class='ocrx_word' id='word_1_441' title='bbox 334 2686 361 2709; x_wconf 88' lang='lat' dir='ltr'><strong>ct</strong></span> <span class='ocrx_word' id='word_1_442' title='bbox 375 2682 401 2709; x_wconf 90' lang='lat' dir='ltr'><strong>in</strong></span> <span class='ocrx_word' id='word_1_443' title='bbox 417 2682 516 2709; x_wconf 89' lang='lat' dir='ltr'><strong>malum</strong></span> <span class='ocrx_word' id='word_1_444' title='bbox 531 2682 653 2709; x_wconf 89' lang='lat' dir='ltr'><strong>homines</strong></span> <span class='ocrx_word' id='word_1_445' title='bbox 669 2681 706 2709; x_wconf 87' lang='lat' dir='ltr'><strong>uti</strong></span> <span class='ocrx_word' id='word_1_446' title='bbox 726 2681 838 2716; x_wconf 84' lang='lat' dir='ltr'><strong>possint.</strong></span> <span class='ocrx_word' id='word_1_447' title='bbox 850 2681 926 2714; x_wconf 87' lang='lat' dir='ltr'><strong>Quod</strong></span> <span class='ocrx_word' id='word_1_448' title='bbox 940 2681 1011 2708; x_wconf 86' lang='lat' dir='ltr'><strong>enim</strong></span> 
     </span>
    </p>
   </div>
   <div class='ocr_carea' id='block_1_56' title="bbox 220 2727 1013 2762">
    <p class='ocr_par' dir='ltr' id='par_1_56' title="bbox 220 2727 1013 2762">
     <span class='ocr_line' id='line_1_56' title="bbox 220 2727 1013 2762; baseline -0.001 -7"><span class='ocrx_word' id='word_1_449' title='bbox 220 2728 261 2755; x_wconf 73' lang='lat' dir='ltr'><strong>Inc</strong></span> <span class='ocrx_word' id='word_1_450' title='bbox 276 2735 318 2755; x_wconf 82' lang='lat' dir='ltr'><strong>res</strong></span> <span class='ocrx_word' id='word_1_451' title='bbox 331 2729 385 2755; x_wconf 87' lang='lat' dir='ltr'><strong>sint</strong></span> <span class='ocrx_word' id='word_1_452' title='bbox 397 2728 502 2762; x_wconf 71' lang='lat' dir='ltr'><strong>medim,</strong></span> <span class='ocrx_word' id='word_1_453' title='bbox 515 2732 544 2755; x_wconf 91' lang='lat' dir='ltr'><strong>ut</strong></span> <span class='ocrx_word' id='word_1_454' title='bbox 556 2727 665 2760; x_wconf 61' lang='lat' dir='ltr'><strong>divitia},</strong></span> <span class='ocrx_word' id='word_1_455' title='bbox 679 2727 796 2754; x_wconf 86' lang='lat' dir='ltr'><strong>ostendit</strong></span> <span class='ocrx_word' id='word_1_456' title='bbox 807 2727 952 2759; x_wconf 78' lang='lat' dir='ltr'><strong>Abraham,</strong></span> <span class='ocrx_word' id='word_1_457' title='bbox 967 2727 1013 2761; x_wconf 89' lang='lat' dir='ltr'><strong>qui</strong></span> 
     </span>
    </p>
   </div>
   <div class='ocr_carea' id='block_1_57' title="bbox 220 2772 1012 2808">
    <p class='ocr_par' dir='ltr' id='par_1_57' title="bbox 220 2772 1012 2808">
     <span class='ocr_line' id='line_1_57' title="bbox 220 2772 1012 2808; baseline -0.001 -8"><span class='ocrx_word' id='word_1_458' title='bbox 220 2777 248 2800; x_wconf 93' lang='lat' dir='ltr'><strong>ut</strong></span> <span class='ocrx_word' id='word_1_459' title='bbox 259 2781 326 2808; x_wconf 78' lang='lat' dir='ltr'><strong>opus</strong></span> <span class='ocrx_word' id='word_1_460' title='bbox 342 2776 401 2799; x_wconf 89' lang='lat' dir='ltr'><strong>erat</strong></span> <span class='ocrx_word' id='word_1_461' title='bbox 412 2772 477 2807; x_wconf 89' lang='lat' dir='ltr'><strong>ipsis</strong></span> <span class='ocrx_word' id='word_1_462' title='bbox 485 2776 613 2799; x_wconf 87' lang='lat' dir='ltr'><strong>estusus:</strong></span> <span class='ocrx_word' id='word_1_463' title='bbox 630 2773 745 2800; x_wconf 87' lang='lat' dir='ltr'><strong>ostendit</strong></span> <span class='ocrx_word' id='word_1_464' title='bbox 760 2778 786 2800; x_wconf 90' lang='lat' dir='ltr'><strong>et</strong></span> <span class='ocrx_word' id='word_1_465' title='bbox 801 2773 845 2801; x_wconf 90' lang='lat' dir='ltr'><strong>ille</strong></span> <span class='ocrx_word' id='word_1_466' title='bbox 860 2773 903 2804; x_wconf 82' lang='lat' dir='ltr'><strong>qui</strong></span> <span class='ocrx_word' id='word_1_467' title='bbox 920 2772 1012 2800; x_wconf 84' lang='lat' dir='ltr'><strong>Lazari</strong></span> 
     </span>
    </p>
   </div>
   <div class='ocr_carea' id='block_1_58' title="bbox 219 2817 1012 2853">
    <p class='ocr_par' dir='ltr' id='par_1_58' title="bbox 219 2817 1012 2853">
     <span class='ocr_line' id='line_1_58' title="bbox 219 2817 1012 2853; baseline -0.003 -7"><span class='ocrx_word' id='word_1_468' title='bbox 219 2818 371 2846; x_wconf 79' lang='lat' dir='ltr'><strong>vixitzetate</strong></span> <span class='ocrx_word' id='word_1_469' title='bbox 385 2819 469 2851; x_wconf 88' lang='lat' dir='ltr'><strong>dives,</strong></span> <span class='ocrx_word' id='word_1_470' title='bbox 482 2817 526 2853; x_wconf 90' lang='lat' dir='ltr'><strong>qui</strong></span> <span class='ocrx_word' id='word_1_471' title='bbox 542 2818 567 2844; x_wconf 91' lang='lat' dir='ltr'><strong>in</strong></span> <span class='ocrx_word' id='word_1_472' title='bbox 583 2818 678 2852; x_wconf 90' lang='lat' dir='ltr'><strong>capitis</strong></span> <span class='ocrx_word' id='word_1_473' title='bbox 691 2818 730 2845; x_wconf 89' lang='lat' dir='ltr'><strong>sui</strong></span> <span class='ocrx_word' id='word_1_474' title='bbox 746 2818 890 2852; x_wconf 88' lang='lat' dir='ltr'><strong>perniciem</strong></span> <span class='ocrx_word' id='word_1_475' title='bbox 902 2817 1012 2845; x_wconf 85' lang='lat' dir='ltr'><strong>faculta-</strong></span> 
     </span>
    </p>
   </div>
   <div class='ocr_carea' id='block_1_59' title="bbox 219 2863 1011 2900">
    <p class='ocr_par' dir='ltr' id='par_1_59' title="bbox 219 2863 1011 2900">
     <span class='ocr_line' id='line_1_59' title="bbox 219 2863 1011 2900; baseline 0 -9"><span class='ocrx_word' id='word_1_476' title='bbox 219 2869 259 2892; x_wconf 88' lang='lat' dir='ltr'><strong>tes</strong></span> <span class='ocrx_word' id='word_1_477' title='bbox 272 2864 411 2900; x_wconf 83' lang='lat' dir='ltr'><strong>impendit.</strong></span> <span class='ocrx_word' id='word_1_478' title='bbox 424 2864 515 2899; x_wconf 82' lang='lat' dir='ltr'><strong>Neque</strong></span> <span class='ocrx_word' id='word_1_479' title='bbox 529 2864 627 2891; x_wconf 93' lang='lat' dir='ltr'><strong>bonum</strong></span> <span class='ocrx_word' id='word_1_480' title='bbox 644 2864 722 2899; x_wconf 80' lang='lat' dir='ltr'><strong>igitur</strong></span> <span class='ocrx_word' id='word_1_481' title='bbox 733 2864 853 2892; x_wconf 50' lang='lat' dir='ltr'><strong>absolute</strong></span> <span class='ocrx_word' id='word_1_482' title='bbox 867 2869 927 2891; x_wconf 92' lang='lat' dir='ltr'><strong>sunt</strong></span> <span class='ocrx_word' id='word_1_483' title='bbox 942 2863 1011 2891; x_wconf 83' lang='lat' dir='ltr'><strong>divi-</strong></span> 
     </span>
    </p>
   </div>
   <div class='ocr_carea' id='block_1_60' title="bbox 216 2909 1012 2952">
    <p class='ocr_par' dir='ltr' id='par_1_60' title="bbox 216 2909 1012 2952">
     <span class='ocr_line' id='line_1_60' title="bbox 216 2909 1012 2952; baseline 0 -14"><span class='ocrx_word' id='word_1_484' title='bbox 216 2912 367 2952; x_wconf 67' lang='lat' dir='ltr'><strong>tizc,nequc</strong></span> <span class='ocrx_word' id='word_1_485' title='bbox 382 2909 492 2938; x_wconf 87' lang='lat' dir='ltr'><strong>malum.</strong></span> <span class='ocrx_word' id='word_1_486' title='bbox 511 2909 539 2938; x_wconf 86' lang='lat' dir='ltr'><strong>Si</strong></span> <span class='ocrx_word' id='word_1_487' title='bbox 552 2910 672 2938; x_wconf 73' lang='lat' dir='ltr'><strong>absalute</strong></span> <span class='ocrx_word' id='word_1_488' title='bbox 687 2910 785 2938; x_wconf 78' lang='lat' dir='ltr'><strong>bonum</strong></span> <span class='ocrx_word' id='word_1_489' title='bbox 800 2915 907 2945; x_wconf 82' lang='lat' dir='ltr'><strong>essent,</strong></span> <span class='ocrx_word' id='word_1_490' title='bbox 925 2918 1012 2946; x_wconf 85' lang='lat' dir='ltr'><strong>neque</strong></span> 
     </span>
    </p>
   </div>
   <div class='ocr_carea' id='block_1_61' title="bbox 616 186 1526 217">
    <p class='ocr_par' dir='ltr' id='par_1_61' title="bbox 616 186 1526 217">
     <span class='ocr_line' id='line_1_61' title="bbox 616 186 1526 217; baseline -0.001 -1"><span class='ocrx_word' id='word_1_491' title='bbox 616 189 645 216; x_wconf 86' lang='lat' dir='ltr'><strong>S.</strong></span> <span class='ocrx_word' id='word_1_492' title='bbox 665 188 804 217; x_wconf 80' lang='lat' dir='ltr'><strong>J0.\NNIS</strong></span> <span class='ocrx_word' id='word_1_493' title='bbox 823 186 1060 216; x_wconf 76' lang='lat' dir='ltr'><strong>CHRYSOSTOMI</strong></span> <span class='ocrx_word' id='word_1_494' title='bbox 1080 187 1238 215; x_wconf 81' lang='lat' dir='ltr'><strong>ARCIIIEP.</strong></span> <span class='ocrx_word' id='word_1_495' title='bbox 1258 187 1526 216; x_wconf 78' lang='lat' dir='ltr'><strong>CONSTANTINOP.</strong></span> 
     </span>
    </p>
   </div>
   <div class='ocr_carea' id='block_1_62' title="bbox 1815 191 1867 218">
    <p class='ocr_par' dir='ltr' id='par_1_62' title="bbox 1815 191 1867 218">
     <span class='ocr_line' id='line_1_62' title="bbox 1815 191 1867 218; baseline 0 -1"><span class='ocrx_word' id='word_1_496' title='bbox 1815 191 1867 218; x_wconf 71' lang='lat' dir='ltr'><strong>Ho’</strong></span> 
     </span>
    </p>
   </div>
   <div class='ocr_carea' id='block_1_63' title="bbox 1069 242 1864 282">
    <p class='ocr_par' dir='ltr' id='par_1_63' title="bbox 1069 242 1864 282">
     <span class='ocr_line' id='line_1_63' title="bbox 1069 242 1864 282; baseline 0.006 -13"><span class='ocrx_word' id='word_1_497' title='bbox 1069 250 1114 270; x_wconf 82' lang='lat' dir='ltr'><strong>res</strong></span> <span class='ocrx_word' id='word_1_498' title='bbox 1127 242 1230 277; x_wconf 59' lang='lat' dir='ltr'><strong>media‘,</strong></span> <span class='ocrx_word' id='word_1_499' title='bbox 1241 243 1315 271; x_wconf 91' lang='lat' dir='ltr'><strong>dives</strong></span> <span class='ocrx_word' id='word_1_500' title='bbox 1329 244 1373 272; x_wconf 91' lang='lat' dir='ltr'><strong>ille</strong></span> <span class='ocrx_word' id='word_1_501' title='bbox 1383 244 1427 279; x_wconf 89' lang='lat' dir='ltr'><strong>qui</strong></span> <span class='ocrx_word' id='word_1_502' title='bbox 1443 248 1520 272; x_wconf 68' lang='lat' dir='ltr'><strong>relate</strong></span> <span class='ocrx_word' id='word_1_503' title='bbox 1532 243 1624 272; x_wconf 80' lang='lat' dir='ltr'><strong>Lazari</strong></span> <span class='ocrx_word' id='word_1_504' title='bbox 1636 245 1711 278; x_wconf 75' lang='lat' dir='ltr'><strong>vixit,</strong></span> <span class='ocrx_word' id='word_1_505' title='bbox 1724 250 1777 274; x_wconf 89' lang='lat' dir='ltr'><strong>tam</strong></span> <span class='ocrx_word' id='word_1_506' title='bbox 1791 247 1864 282; x_wconf 68' lang='lat' dir='ltr'><strong>gravi</strong></span> 
     </span>
    </p>
   </div>
   <div class='ocr_carea' id='block_1_64' title="bbox 1069 288 1866 325">
    <p class='ocr_par' dir='ltr' id='par_1_64' title="bbox 1069 288 1866 325">
     <span class='ocr_line' id='line_1_64' title="bbox 1069 288 1866 325; baseline 0.005 -10"><span class='ocrx_word' id='word_1_507' title='bbox 1069 288 1200 323; x_wconf 63' lang='lat' dir='ltr'><strong>supplitio</strong></span> <span class='ocrx_word' id='word_1_508' title='bbox 1213 289 1322 324; x_wconf 84' lang='lat' dir='ltr'><strong>punitus</strong></span> <span class='ocrx_word' id='word_1_509' title='bbox 1336 297 1388 316; x_wconf 93' lang='lat' dir='ltr'><strong>non</strong></span> <span class='ocrx_word' id='word_1_510' title='bbox 1400 295 1471 317; x_wconf 85' lang='lat' dir='ltr'><strong>esset</strong></span> <span class='ocrx_word' id='word_1_511' title='bbox 1485 298 1492 316; x_wconf 89' lang='lat'>:</span> <span class='ocrx_word' id='word_1_512' title='bbox 1507 289 1530 317; x_wconf 83' lang='lat' dir='ltr'><strong>si</strong></span> <span class='ocrx_word' id='word_1_513' title='bbox 1543 291 1643 317; x_wconf 88' lang='lat' dir='ltr'><strong>malum</strong></span> <span class='ocrx_word' id='word_1_514' title='bbox 1659 297 1750 318; x_wconf 77' lang='lat' dir='ltr'><strong>essent</strong></span> <span class='ocrx_word' id='word_1_515' title='bbox 1760 313 1767 325; x_wconf 81' lang='grc'><em>,</em></span> <span class='ocrx_word' id='word_1_516' title='bbox 1780 293 1866 319; x_wconf 82' lang='lat' dir='ltr'><strong>Abra—</strong></span> 
     </span>
    </p>
   </div>
   <div class='ocr_carea' id='block_1_65' title="bbox 1069 333 1865 369">
    <p class='ocr_par' dir='ltr' id='par_1_65' title="bbox 1069 333 1865 369">
     <span class='ocr_line' id='line_1_65' title="bbox 1069 333 1865 369; baseline 0.006 -9"><span class='ocrx_word' id='word_1_517' title='bbox 1069 333 1130 360; x_wconf 92' lang='lat' dir='ltr'><strong>ham</strong></span> <span class='ocrx_word' id='word_1_518' title='bbox 1144 355 1151 366; x_wconf 92' lang='lat'><strong>,</strong></span> <span class='ocrx_word' id='word_1_519' title='bbox 1164 334 1207 369; x_wconf 93' lang='lat' dir='ltr'><strong>qui</strong></span> <span class='ocrx_word' id='word_1_520' title='bbox 1231 334 1305 362; x_wconf 88' lang='lat' dir='ltr'><strong>dives</strong></span> <span class='ocrx_word' id='word_1_521' title='bbox 1323 334 1392 368; x_wconf 86' lang='lat' dir='ltr'><strong>fuit,</strong></span> <span class='ocrx_word' id='word_1_522' title='bbox 1405 343 1457 362; x_wconf 90' lang='lat' dir='ltr'><strong>non</strong></span> <span class='ocrx_word' id='word_1_523' title='bbox 1481 340 1534 363; x_wconf 83' lang='lat' dir='ltr'><strong>tam</strong></span> <span class='ocrx_word' id='word_1_524' title='bbox 1550 336 1662 364; x_wconf 89' lang='lat' dir='ltr'><strong>celebris</strong></span> <span class='ocrx_word' id='word_1_525' title='bbox 1684 337 1786 365; x_wconf 84' lang='lat' dir='ltr'><strong>fuisset.</strong></span> <span class='ocrx_word' id='word_1_526' title='bbox 1801 338 1865 366; x_wconf 85' lang='lat' dir='ltr'><strong>Tale</strong></span> 
     </span>
    </p>
   </div>
   <div class='ocr_carea' id='block_1_66' title="bbox 1069 379 1863 416">
    <p class='ocr_par' dir='ltr' id='par_1_66' title="bbox 1069 379 1863 416">
     <span class='ocr_line' id='line_1_66' title="bbox 1069 379 1863 416; baseline 0.005 -11"><span class='ocrx_word' id='word_1_527' title='bbox 1069 379 1132 414; x_wconf 92' lang='lat' dir='ltr'><strong>quid</strong></span> <span class='ocrx_word' id='word_1_528' title='bbox 1148 384 1187 407; x_wconf 85' lang='lat' dir='ltr'><strong>est</strong></span> <span class='ocrx_word' id='word_1_529' title='bbox 1200 380 1279 407; x_wconf 88' lang='lat' dir='ltr'><strong>etiam</strong></span> <span class='ocrx_word' id='word_1_530' title='bbox 1295 381 1412 408; x_wconf 86' lang='lat' dir='ltr'><strong>morbus.</strong></span> <span class='ocrx_word' id='word_1_531' title='bbox 1429 381 1495 408; x_wconf 80' lang='lat' dir='ltr'><strong>Nam</strong></span> <span class='ocrx_word' id='word_1_532' title='bbox 1507 381 1529 409; x_wconf 88' lang='lat' dir='ltr'><strong>si</strong></span> <span class='ocrx_word' id='word_1_533' title='bbox 1541 381 1640 409; x_wconf 87' lang='lat' dir='ltr'><strong>malum</strong></span> <span class='ocrx_word' id='word_1_534' title='bbox 1654 387 1724 410; x_wconf 88' lang='lat' dir='ltr'><strong>esset</strong></span> <span class='ocrx_word' id='word_1_535' title='bbox 1742 383 1863 416; x_wconf 78' lang='lat' dir='ltr'><strong>morbus,</strong></span> 
     </span>
    </p>
   </div>
   <div class='ocr_carea' id='block_1_67' title="bbox 1069 427 1864 464">
    <p class='ocr_par' dir='ltr' id='par_1_67' title="bbox 1069 427 1864 464">
     <span class='ocr_line' id='line_1_67' title="bbox 1069 427 1864 464; baseline 0.005 -10"><span class='ocrx_word' id='word_1_536' title='bbox 1069 431 1205 460; x_wconf 85' lang='lat' dir='ltr'><strong>oporteret</strong></span> <span class='ocrx_word' id='word_1_537' title='bbox 1218 431 1243 454; x_wconf 93' lang='lat' dir='ltr'><strong>et</strong></span> <span class='ocrx_word' id='word_1_538' title='bbox 1257 427 1357 454; x_wconf 89' lang='lat' dir='ltr'><strong>malum</strong></span> <span class='ocrx_word' id='word_1_539' title='bbox 1370 435 1429 455; x_wconf 88' lang='lat' dir='ltr'><strong>esse</strong></span> <span class='ocrx_word' id='word_1_540' title='bbox 1443 433 1583 463; x_wconf 64' lang='lat' dir='ltr'><strong>a‘grotum.</strong></span> <span class='ocrx_word' id='word_1_541' title='bbox 1602 429 1691 464; x_wconf 87' lang='lat' dir='ltr'><strong>Itaque</strong></span> <span class='ocrx_word' id='word_1_542' title='bbox 1706 430 1864 458; x_wconf 80' lang='lat' dir='ltr'><strong>Timotheus</strong></span> 
     </span>
    </p>
   </div>
   <div class='ocr_carea' id='block_1_68' title="bbox 1069 472 1864 511">
    <p class='ocr_par' dir='ltr' id='par_1_68' title="bbox 1069 472 1864 511">
     <span class='ocr_line' id='line_1_68' title="bbox 1069 472 1864 511; baseline 0.006 -13"><span class='ocrx_word' id='word_1_543' title='bbox 1069 479 1175 507; x_wconf 89' lang='lat' dir='ltr'><strong>quoque</strong></span> <span class='ocrx_word' id='word_1_544' title='bbox 1190 472 1274 500; x_wconf 88' lang='lat' dir='ltr'><strong>malus</strong></span> <span class='ocrx_word' id='word_1_545' title='bbox 1288 480 1349 501; x_wconf 87' lang='lat' dir='ltr'><strong>esse</strong></span> <span class='ocrx_word' id='word_1_546' title='bbox 1363 473 1500 501; x_wconf 86' lang='lat' dir='ltr'><strong>debuisset</strong></span> <span class='ocrx_word' id='word_1_547' title='bbox 1512 495 1519 507; x_wconf 87' lang='lat'><strong>,</strong></span> <span class='ocrx_word' id='word_1_548' title='bbox 1534 475 1580 510; x_wconf 90' lang='lat' dir='ltr'><strong>qui</strong></span> <span class='ocrx_word' id='word_1_549' title='bbox 1598 476 1693 503; x_wconf 85' lang='lat' dir='ltr'><strong>morbo</strong></span> <span class='ocrx_word' id='word_1_550' title='bbox 1706 477 1864 511; x_wconf 64' lang='lat' dir='ltr'><strong>gravissimo</strong></span> 
     </span>
    </p>
   </div>
   <div class='ocr_carea' id='block_1_69' title="bbox 1069 517 1864 558">
    <p class='ocr_par' dir='ltr' id='par_1_69' title="bbox 1069 517 1864 558">
     <span class='ocr_line' id='line_1_69' title="bbox 1069 517 1864 558; baseline 0.005 -14"><span class='ocrx_word' id='word_1_551' title='bbox 1069 517 1281 546; x_wconf 80' lang='lat' dir='ltr'><strong>conflictabatur.</strong></span> <span class='ocrx_word' id='word_1_552' title='bbox 1290 518 1355 546; x_wconf 80' lang='lat' dir='ltr'><strong>Vino</strong></span> <span class='ocrx_word' id='word_1_553' title='bbox 1368 520 1438 546; x_wconf 89' lang='lat' dir='ltr'><strong>enim</strong></span> <span class='ocrx_word' id='word_1_554' title='bbox 1453 520 1552 547; x_wconf 81' lang='lat' dir='ltr'><strong>modico</strong></span> <span class='ocrx_word' id='word_1_555' title='bbox 1565 525 1644 553; x_wconf 84' lang='lat' dir='ltr'><strong>utere,</strong></span> <span class='ocrx_word' id='word_1_556' title='bbox 1655 521 1749 556; x_wconf 92' lang='lat' dir='ltr'><strong>inquit,</strong></span> <span class='ocrx_word' id='word_1_557' title='bbox 1762 527 1864 558; x_wconf 82' lang='lat' dir='ltr'><strong>praptcr</strong></span> 
     </span>
    </p>
   </div>
   <div class='ocr_carea' id='block_1_70' title="bbox 1069 563 1861 602">
    <p class='ocr_par' dir='ltr' id='par_1_70' title="bbox 1069 563 1861 602">
     <span class='ocr_line' id='line_1_70' title="bbox 1069 563 1861 602; baseline 0.008 -13"><span class='ocrx_word' id='word_1_558' title='bbox 1069 563 1244 596; x_wconf 73' lang='lat' dir='ltr'><strong>stomachum,</strong></span> <span class='ocrx_word' id='word_1_559' title='bbox 1257 569 1280 591; x_wconf 81' lang='lat' dir='ltr'><strong>et</strong></span> <span class='ocrx_word' id='word_1_560' title='bbox 1294 565 1433 600; x_wconf 75' lang='lat' dir='ltr'><strong>frequentes</strong></span> <span class='ocrx_word' id='word_1_561' title='bbox 1446 570 1502 592; x_wconf 67' lang='lat' dir='ltr'><strong>tua:</strong></span> <span class='ocrx_word' id='word_1_562' title='bbox 1515 566 1676 600; x_wconf 72' lang='lat' dir='ltr'><strong>inﬁrmitates</strong></span> <span class='ocrx_word' id='word_1_563' title='bbox 1691 567 1734 602; x_wconf 84' lang='grc'><strong>(1.</strong></span> <span class='ocrx_word' id='word_1_564' title='bbox 1753 567 1818 594; x_wconf 82' lang='lat' dir='ltr'><strong>Tim.</strong></span> <span class='ocrx_word' id='word_1_565' title='bbox 1835 568 1861 595; x_wconf 78' lang='grc' dir='ltr'><strong>ὕ.</strong></span> 
     </span>
    </p>
   </div>
   <div class='ocr_carea' id='block_1_71' title="bbox 1068 609 1864 646">
    <p class='ocr_par' dir='ltr' id='par_1_71' title="bbox 1068 609 1864 646">
     <span class='ocr_line' id='line_1_71' title="bbox 1068 609 1864 646; baseline 0.008 -11"><span class='ocrx_word' id='word_1_566' title='bbox 1068 609 1133 644; x_wconf 75' lang='grc'><strong>25).</strong></span> <span class='ocrx_word' id='word_1_567' title='bbox 1148 609 1223 643; x_wconf 85' lang='lat' dir='ltr'><strong>Quod</strong></span> <span class='ocrx_word' id='word_1_568' title='bbox 1236 610 1258 637; x_wconf 90' lang='lat' dir='ltr'><strong>si</strong></span> <span class='ocrx_word' id='word_1_569' title='bbox 1273 618 1324 638; x_wconf 92' lang='lat' dir='ltr'><strong>non</strong></span> <span class='ocrx_word' id='word_1_570' title='bbox 1338 611 1417 639; x_wconf 89' lang='lat' dir='ltr'><strong>modo</strong></span> <span class='ocrx_word' id='word_1_571' title='bbox 1430 612 1516 639; x_wconf 85' lang='lat' dir='ltr'><strong>malus</strong></span> <span class='ocrx_word' id='word_1_572' title='bbox 1530 612 1628 640; x_wconf 88' lang='lat' dir='ltr'><strong>idcirco</strong></span> <span class='ocrx_word' id='word_1_573' title='bbox 1639 621 1691 640; x_wconf 87' lang='lat' dir='ltr'><strong>non</strong></span> <span class='ocrx_word' id='word_1_574' title='bbox 1706 613 1764 646; x_wconf 87' lang='lat' dir='ltr'><strong>fuit,</strong></span> <span class='ocrx_word' id='word_1_575' title='bbox 1777 614 1823 641; x_wconf 85' lang='lat' dir='ltr'><strong>sed</strong></span> <span class='ocrx_word' id='word_1_576' title='bbox 1837 620 1864 642; x_wconf 87' lang='lat' dir='ltr'><strong>et</strong></span> 
     </span>
    </p>
   </div>
   <div class='ocr_carea' id='block_1_72' title="bbox 1069 656 1863 696">
    <p class='ocr_par' dir='ltr' id='par_1_72' title="bbox 1069 656 1863 696">
     <span class='ocr_line' id='line_1_72' title="bbox 1069 656 1863 696; baseline 0.008 -14"><span class='ocrx_word' id='word_1_577' title='bbox 1069 656 1201 683; x_wconf 87' lang='lat' dir='ltr'><strong>mercedis</strong></span> <span class='ocrx_word' id='word_1_578' title='bbox 1216 656 1306 683; x_wconf 71' lang='lat' dir='ltr'><strong>multa:</strong></span> <span class='ocrx_word' id='word_1_579' title='bbox 1319 658 1499 686; x_wconf 83' lang='lat' dir='ltr'><strong>accessionem</strong></span> <span class='ocrx_word' id='word_1_580' title='bbox 1512 660 1625 694; x_wconf 86' lang='lat' dir='ltr'><strong>accepit,</strong></span> <span class='ocrx_word' id='word_1_581' title='bbox 1641 665 1669 687; x_wconf 90' lang='lat' dir='ltr'><strong>ut</strong></span> <span class='ocrx_word' id='word_1_582' title='bbox 1682 661 1814 696; x_wconf 83' lang='lat' dir='ltr'><strong>patienter</strong></span> <span class='ocrx_word' id='word_1_583' title='bbox 1824 663 1863 688; x_wconf 92' lang='lat' dir='ltr'><strong>in-</strong></span> 
     </span>
    </p>
   </div>
   <div class='ocr_carea' id='block_1_73' title="bbox 1069 701 1862 741">
    <p class='ocr_par' dir='ltr' id='par_1_73' title="bbox 1069 701 1862 741">
     <span class='ocr_line' id='line_1_73' title="bbox 1069 701 1862 741; baseline 0.01 -14"><span class='ocrx_word' id='word_1_584' title='bbox 1069 701 1221 730; x_wconf 84' lang='lat' dir='ltr'><strong>firmitatem</strong></span> <span class='ocrx_word' id='word_1_585' title='bbox 1242 703 1314 730; x_wconf 90' lang='lat' dir='ltr'><strong>illam</strong></span> <span class='ocrx_word' id='word_1_586' title='bbox 1335 704 1415 737; x_wconf 90' lang='lat' dir='ltr'><strong>tulit,</strong></span> <span class='ocrx_word' id='word_1_587' title='bbox 1436 705 1558 732; x_wconf 91' lang='lat' dir='ltr'><strong>morbum</strong></span> <span class='ocrx_word' id='word_1_588' title='bbox 1579 705 1668 741; x_wconf 85' lang='lat' dir='ltr'><strong>utique</strong></span> <span class='ocrx_word' id='word_1_589' title='bbox 1689 707 1786 734; x_wconf 89' lang='lat' dir='ltr'><strong>malum</strong></span> <span class='ocrx_word' id='word_1_590' title='bbox 1808 716 1862 736; x_wconf 89' lang='lat' dir='ltr'><strong>non</strong></span> 
     </span>
    </p>
   </div>
   <div class='ocr_carea' id='block_1_74' title="bbox 1068 748 1863 789">
    <p class='ocr_par' dir='ltr' id='par_1_74' title="bbox 1068 748 1863 789">
     <span class='ocr_line' id='line_1_74' title="bbox 1068 748 1863 789; baseline 0.01 -15"><span class='ocrx_word' id='word_1_591' title='bbox 1068 755 1128 774; x_wconf 85' lang='lat' dir='ltr'><strong>esse</strong></span> <span class='ocrx_word' id='word_1_592' title='bbox 1143 748 1312 776; x_wconf 88' lang='lat' dir='ltr'><strong>manifestum</strong></span> <span class='ocrx_word' id='word_1_593' title='bbox 1332 755 1382 777; x_wconf 88' lang='lat' dir='ltr'><strong>est.</strong></span> <span class='ocrx_word' id='word_1_594' title='bbox 1404 751 1479 779; x_wconf 84' lang='lat' dir='ltr'><strong>Alius</strong></span> <span class='ocrx_word' id='word_1_595' title='bbox 1498 760 1604 788; x_wconf 90' lang='lat' dir='ltr'><strong>quoque</strong></span> <span class='ocrx_word' id='word_1_596' title='bbox 1626 753 1754 789; x_wconf 86' lang='lat' dir='ltr'><strong>propheta</strong></span> <span class='ocrx_word' id='word_1_597' title='bbox 1778 755 1863 783; x_wconf 73' lang='lat' dir='ltr'><strong>oculis</strong></span> 
     </span>
    </p>
   </div>
   <div class='ocr_carea' id='block_1_75' title="bbox 1068 795 1862 835">
    <p class='ocr_par' dir='ltr' id='par_1_75' title="bbox 1068 795 1862 835">
     <span class='ocr_line' id='line_1_75' title="bbox 1068 795 1862 835; baseline 0.01 -14"><span class='ocrx_word' id='word_1_598' title='bbox 1068 800 1197 830; x_wconf 87' lang='lat' dir='ltr'><strong>perpetuo</strong></span> <span class='ocrx_word' id='word_1_599' title='bbox 1220 795 1380 825; x_wconf 78' lang='lat' dir='ltr'><strong>laborabat:</strong></span> <span class='ocrx_word' id='word_1_600' title='bbox 1397 806 1447 826; x_wconf 89' lang='lat' dir='ltr'><strong>nec</strong></span> <span class='ocrx_word' id='word_1_601' title='bbox 1466 803 1554 826; x_wconf 89' lang='lat' dir='ltr'><strong>tamen</strong></span> <span class='ocrx_word' id='word_1_602' title='bbox 1576 805 1684 835; x_wconf 88' lang='lat' dir='ltr'><strong>propter</strong></span> <span class='ocrx_word' id='word_1_603' title='bbox 1707 800 1756 829; x_wconf 88' lang='lat' dir='ltr'><strong>hoc</strong></span> <span class='ocrx_word' id='word_1_604' title='bbox 1777 803 1862 830; x_wconf 83' lang='lat' dir='ltr'><strong>malus</strong></span> 
     </span>
    </p>
   </div>
   <div class='ocr_carea' id='block_1_76' title="bbox 1068 841 1862 881">
    <p class='ocr_par' dir='ltr' id='par_1_76' title="bbox 1068 841 1862 881">
     <span class='ocr_line' id='line_1_76' title="bbox 1068 841 1862 881; baseline 0.01 -14"><span class='ocrx_word' id='word_1_605' title='bbox 1068 845 1127 868; x_wconf 88' lang='lat' dir='ltr'><strong>erat</strong></span> <span class='ocrx_word' id='word_1_606' title='bbox 1139 861 1146 872; x_wconf 90' lang='lat'><strong>,</strong></span> <span class='ocrx_word' id='word_1_607' title='bbox 1161 841 1208 868; x_wconf 88' lang='lat' dir='ltr'><strong>sed</strong></span> <span class='ocrx_word' id='word_1_608' title='bbox 1223 847 1250 869; x_wconf 91' lang='lat' dir='ltr'><strong>et</strong></span> <span class='ocrx_word' id='word_1_609' title='bbox 1264 843 1441 877; x_wconf 86' lang='lat' dir='ltr'><strong>prophetabat</strong></span> <span class='ocrx_word' id='word_1_610' title='bbox 1451 865 1458 876; x_wconf 98' lang='lat'><strong>,</strong></span> <span class='ocrx_word' id='word_1_611' title='bbox 1473 849 1500 872; x_wconf 87' lang='lat' dir='ltr'><strong>et</strong></span> <span class='ocrx_word' id='word_1_612' title='bbox 1515 844 1602 872; x_wconf 83' lang='lat' dir='ltr'><strong>futura</strong></span> <span class='ocrx_word' id='word_1_613' title='bbox 1619 846 1781 881; x_wconf 71' lang='lat' dir='ltr'><strong>praevidebat</strong></span> <span class='ocrx_word' id='word_1_614' title='bbox 1793 868 1800 880; x_wconf 82' lang='grc'><em>,</em></span> <span class='ocrx_word' id='word_1_615' title='bbox 1816 856 1862 875; x_wconf 88' lang='lat' dir='ltr'><strong>ne-</strong></span> 
     </span>
    </p>
   </div>
   <div class='ocr_carea' id='block_1_77' title="bbox 1068 887 1861 926">
    <p class='ocr_par' dir='ltr' id='par_1_77' title="bbox 1068 887 1861 926">
     <span class='ocr_line' id='line_1_77' title="bbox 1068 887 1861 926; baseline 0.01 -14"><span class='ocrx_word' id='word_1_616' title='bbox 1068 893 1120 921; x_wconf 89' lang='lat' dir='ltr'><strong>que</strong></span> <span class='ocrx_word' id='word_1_617' title='bbox 1135 887 1246 914; x_wconf 89' lang='lat' dir='ltr'><strong>morbus</strong></span> <span class='ocrx_word' id='word_1_618' title='bbox 1264 887 1301 915; x_wconf 89' lang='lat' dir='ltr'><strong>illi</strong></span> <span class='ocrx_word' id='word_1_619' title='bbox 1320 889 1427 923; x_wconf 86' lang='lat' dir='ltr'><strong>aliquod</strong></span> <span class='ocrx_word' id='word_1_620' title='bbox 1446 889 1478 916; x_wconf 86' lang='lat' dir='ltr'><strong>ad</strong></span> <span class='ocrx_word' id='word_1_621' title='bbox 1502 889 1626 918; x_wconf 88' lang='lat' dir='ltr'><strong>virtutem</strong></span> <span class='ocrx_word' id='word_1_622' title='bbox 1643 892 1861 926; x_wconf 81' lang='lat' dir='ltr'><strong>impedimentum</strong></span> 
     </span>
    </p>
   </div>
   <div class='ocr_carea' id='block_1_78' title="bbox 1068 932 1861 971">
    <p class='ocr_par' dir='ltr' id='par_1_78' title="bbox 1068 932 1861 971">
     <span class='ocr_line' id='line_1_78' title="bbox 1068 932 1861 971; baseline 0.011 -12"><span class='ocrx_word' id='word_1_623' title='bbox 1068 932 1204 960; x_wconf 83' lang='lat' dir='ltr'><strong>achrebat.</strong></span> <span class='ocrx_word' id='word_1_624' title='bbox 1226 934 1260 961; x_wconf 85' lang='lat' dir='ltr'><strong>At</strong></span> <span class='ocrx_word' id='word_1_625' title='bbox 1275 942 1361 970; x_wconf 88' lang='lat' dir='ltr'><strong>neque</strong></span> <span class='ocrx_word' id='word_1_626' title='bbox 1373 937 1472 964; x_wconf 85' lang='lat' dir='ltr'><strong>sanitas</strong></span> <span class='ocrx_word' id='word_1_627' title='bbox 1486 937 1607 965; x_wconf 88' lang='lat' dir='ltr'><strong>absolute</strong></span> <span class='ocrx_word' id='word_1_628' title='bbox 1622 937 1721 966; x_wconf 91' lang='lat' dir='ltr'><strong>bonum</strong></span> <span class='ocrx_word' id='word_1_629' title='bbox 1737 944 1778 967; x_wconf 84' lang='lat' dir='ltr'><strong>est</strong></span> <span class='ocrx_word' id='word_1_630' title='bbox 1789 960 1795 971; x_wconf 94' lang='lat'><strong>,</strong></span> <span class='ocrx_word' id='word_1_631' title='bbox 1811 941 1861 968; x_wconf 86' lang='lat' dir='ltr'><strong>nisi</strong></span> 
     </span>
    </p>
   </div>
   <div class='ocr_carea' id='block_1_79' title="bbox 1068 978 1861 1017">
    <p class='ocr_par' dir='ltr' id='par_1_79' title="bbox 1068 978 1861 1017">
     <span class='ocr_line' id='line_1_79' title="bbox 1068 978 1861 1017; baseline 0.011 -13"><span class='ocrx_word' id='word_1_632' title='bbox 1068 978 1127 1013; x_wconf 90' lang='lat' dir='ltr'><strong>quis</strong></span> <span class='ocrx_word' id='word_1_633' title='bbox 1144 986 1175 1006; x_wconf 85' lang='lat' dir='ltr'><strong>ea</strong></span> <span class='ocrx_word' id='word_1_634' title='bbox 1189 983 1218 1006; x_wconf 91' lang='lat' dir='ltr'><strong>ut</strong></span> <span class='ocrx_word' id='word_1_635' title='bbox 1229 984 1334 1014; x_wconf 90' lang='lat' dir='ltr'><strong>oportet</strong></span> <span class='ocrx_word' id='word_1_636' title='bbox 1345 1001 1352 1013; x_wconf 91' lang='lat'><strong>,</strong></span> <span class='ocrx_word' id='word_1_637' title='bbox 1369 989 1421 1008; x_wconf 91' lang='lat' dir='ltr'><strong>non</strong></span> <span class='ocrx_word' id='word_1_638' title='bbox 1437 981 1470 1008; x_wconf 89' lang='lat' dir='ltr'><strong>ad</strong></span> <span class='ocrx_word' id='word_1_639' title='bbox 1486 982 1637 1017; x_wconf 88' lang='lat' dir='ltr'><strong>improbum</strong></span> <span class='ocrx_word' id='word_1_640' title='bbox 1653 983 1755 1011; x_wconf 88' lang='lat' dir='ltr'><strong>facinus</strong></span> <span class='ocrx_word' id='word_1_641' title='bbox 1769 985 1811 1013; x_wconf 88' lang='lat' dir='ltr'><strong>vel</strong></span> <span class='ocrx_word' id='word_1_642' title='bbox 1827 986 1861 1013; x_wconf 86' lang='lat' dir='ltr'><strong>ad</strong></span> 
     </span>
    </p>
   </div>
   <div class='ocr_carea' id='block_1_80' title="bbox 1068 1023 1861 1065">
    <p class='ocr_par' dir='ltr' id='par_1_80' title="bbox 1068 1023 1861 1065">
     <span class='ocr_line' id='line_1_80' title="bbox 1068 1023 1861 1065; baseline 0.01 -15"><span class='ocrx_word' id='word_1_643' title='bbox 1068 1023 1161 1051; x_wconf 85' lang='lat' dir='ltr'><strong>inutile</strong></span> <span class='ocrx_word' id='word_1_644' title='bbox 1173 1024 1255 1052; x_wconf 90' lang='lat' dir='ltr'><strong>otium</strong></span> <span class='ocrx_word' id='word_1_645' title='bbox 1270 1029 1360 1053; x_wconf 90' lang='lat' dir='ltr'><strong>utatur</strong></span> <span class='ocrx_word' id='word_1_646' title='bbox 1375 1035 1382 1053; x_wconf 88' lang='lat'><strong>:</strong></span> <span class='ocrx_word' id='word_1_647' title='bbox 1399 1035 1485 1062; x_wconf 88' lang='lat' dir='ltr'><strong>neque</strong></span> <span class='ocrx_word' id='word_1_648' title='bbox 1498 1028 1569 1055; x_wconf 88' lang='lat' dir='ltr'><strong>enim</strong></span> <span class='ocrx_word' id='word_1_649' title='bbox 1583 1029 1695 1057; x_wconf 76' lang='lat' dir='ltr'><strong>crimine</strong></span> <span class='ocrx_word' id='word_1_650' title='bbox 1711 1029 1760 1058; x_wconf 89' lang='lat' dir='ltr'><strong>hoc</strong></span> <span class='ocrx_word' id='word_1_651' title='bbox 1776 1030 1861 1065; x_wconf 88' lang='lat' dir='ltr'><strong>ipsum</strong></span> 
     </span>
    </p>
   </div>
   <div class='ocr_carea' id='block_1_81' title="bbox 1068 1070 1862 1111">
    <p class='ocr_par' dir='ltr' id='par_1_81' title="bbox 1068 1070 1862 1111">
     <span class='ocr_line' id='line_1_81' title="bbox 1068 1070 1862 1111; baseline 0.01 -15"><span class='ocrx_word' id='word_1_652' title='bbox 1068 1074 1154 1097; x_wconf 84' lang='lat' dir='ltr'><strong>vacat.</strong></span> <span class='ocrx_word' id='word_1_653' title='bbox 1169 1070 1298 1104; x_wconf 87' lang='lat' dir='ltr'><strong>Quocirca</strong></span> <span class='ocrx_word' id='word_1_654' title='bbox 1316 1072 1414 1100; x_wconf 83' lang='lat' dir='ltr'><strong>Paulus</strong></span> <span class='ocrx_word' id='word_1_655' title='bbox 1435 1074 1516 1101; x_wconf 86' lang='lat' dir='ltr'><strong>etiam</strong></span> <span class='ocrx_word' id='word_1_656' title='bbox 1534 1074 1640 1102; x_wconf 88' lang='lat' dir='ltr'><strong>dicebat</strong></span> <span class='ocrx_word' id='word_1_657' title='bbox 1657 1084 1663 1102; x_wconf 89' lang='lat'>:</span> <span class='ocrx_word' id='word_1_658' title='bbox 1687 1075 1718 1103; x_wconf 83' lang='lat' dir='ltr'><strong>Si</strong></span> <span class='ocrx_word' id='word_1_659' title='bbox 1735 1077 1790 1111; x_wconf 77' lang='lat' dir='ltr'><strong>quis</strong></span> <span class='ocrx_word' id='word_1_660' title='bbox 1811 1085 1862 1103; x_wconf 85' lang='lat' dir='ltr'><strong>non</strong></span> 
     </span>
    </p>
   </div>
   <div class='ocr_carea' id='block_1_82' title="bbox 1068 1115 1860 1156">
    <p class='ocr_par' dir='ltr' id='par_1_82' title="bbox 1068 1115 1860 1156">
     <span class='ocr_line' id='line_1_82' title="bbox 1068 1115 1860 1156; baseline 0.01 -15"><span class='ocrx_word' id='word_1_661' title='bbox 1068 1115 1120 1142; x_wconf 81' lang='lat' dir='ltr'><strong>t&#39;ult</strong></span> <span class='ocrx_word' id='word_1_662' title='bbox 1134 1117 1234 1150; x_wconf 80' lang='lat' dir='ltr'><strong>operari</strong></span> <span class='ocrx_word' id='word_1_663' title='bbox 1245 1138 1251 1150; x_wconf 90' lang='lat'><strong>,</strong></span> <span class='ocrx_word' id='word_1_664' title='bbox 1267 1125 1313 1144; x_wconf 81' lang='lat' dir='ltr'><strong>nec</strong></span> <span class='ocrx_word' id='word_1_665' title='bbox 1328 1118 1461 1145; x_wconf 84' lang='lat' dir='ltr'><strong>manducet</strong></span> <span class='ocrx_word' id='word_1_666' title='bbox 1478 1119 1523 1154; x_wconf 68' lang='grc'><strong>(2.</strong></span> <span class='ocrx_word' id='word_1_667' title='bbox 1536 1119 1625 1148; x_wconf 70' lang='lat' dir='ltr'><strong>Thess.</strong></span> <span class='ocrx_word' id='word_1_668' title='bbox 1641 1121 1667 1147; x_wconf 79' lang='grc'><strong>5.</strong></span> <span class='ocrx_word' id='word_1_669' title='bbox 1683 1121 1716 1148; x_wconf 86' lang='grc'><strong>10</strong></span> <span class='ocrx_word' id='word_1_670' title='bbox 1728 1121 1747 1156; x_wconf 93' lang='grc'><strong>).</strong></span> <span class='ocrx_word' id='word_1_671' title='bbox 1763 1121 1860 1149; x_wconf 83' lang='lat' dir='ltr'><strong>Verum</strong></span> 
     </span>
    </p>
   </div>
   <div class='ocr_carea' id='block_1_83' title="bbox 1069 1160 1860 1200">
    <p class='ocr_par' dir='ltr' id='par_1_83' title="bbox 1069 1160 1860 1200">
     <span class='ocr_line' id='line_1_83' title="bbox 1069 1160 1860 1200; baseline 0.009 -13"><span class='ocrx_word' id='word_1_672' title='bbox 1069 1160 1126 1188; x_wconf 80' lang='lat' dir='ltr'><strong>haec</strong></span> <span class='ocrx_word' id='word_1_673' title='bbox 1140 1161 1226 1189; x_wconf 90' lang='lat' dir='ltr'><strong>media</strong></span> <span class='ocrx_word' id='word_1_674' title='bbox 1238 1167 1300 1189; x_wconf 91' lang='lat' dir='ltr'><strong>sunt</strong></span> <span class='ocrx_word' id='word_1_675' title='bbox 1312 1167 1339 1190; x_wconf 90' lang='lat' dir='ltr'><strong>et</strong></span> <span class='ocrx_word' id='word_1_676' title='bbox 1350 1162 1535 1197; x_wconf 76' lang='lat' dir='ltr'><strong>indifferentia,</strong></span> <span class='ocrx_word' id='word_1_677' title='bbox 1546 1169 1573 1192; x_wconf 88' lang='lat' dir='ltr'><strong>et</strong></span> <span class='ocrx_word' id='word_1_678' title='bbox 1588 1173 1636 1200; x_wconf 89' lang='lat' dir='ltr'><strong>pro</strong></span> <span class='ocrx_word' id='word_1_679' title='bbox 1652 1167 1753 1194; x_wconf 86' lang='lat' dir='ltr'><strong>ratione</strong></span> <span class='ocrx_word' id='word_1_680' title='bbox 1767 1175 1860 1194; x_wconf 94' lang='lat' dir='ltr'><strong>eorum</strong></span> 
     </span>
    </p>
   </div>
   <div class='ocr_carea' id='block_1_84' title="bbox 1068 1209 1859 1246">
    <p class='ocr_par' dir='ltr' id='par_1_84' title="bbox 1068 1209 1859 1246">
     <span class='ocr_line' id='line_1_84' title="bbox 1068 1209 1859 1246; baseline 0.006 -11"><span class='ocrx_word' id='word_1_681' title='bbox 1068 1209 1111 1243; x_wconf 91' lang='lat' dir='ltr'><strong>qui</strong></span> <span class='ocrx_word' id='word_1_682' title='bbox 1123 1209 1163 1236; x_wconf 89' lang='lat' dir='ltr'><strong>eis</strong></span> <span class='ocrx_word' id='word_1_683' title='bbox 1176 1214 1286 1236; x_wconf 87' lang='lat' dir='ltr'><strong>utuntur</strong></span> <span class='ocrx_word' id='word_1_684' title='bbox 1303 1210 1446 1245; x_wconf 88' lang='lat' dir='ltr'><strong>aliquando</strong></span> <span class='ocrx_word' id='word_1_685' title='bbox 1462 1210 1512 1238; x_wconf 92' lang='lat' dir='ltr'><strong>hoc</strong></span> <span class='ocrx_word' id='word_1_686' title='bbox 1523 1232 1531 1244; x_wconf 93' lang='lat'><strong>,</strong></span> <span class='ocrx_word' id='word_1_687' title='bbox 1545 1211 1687 1246; x_wconf 90' lang='lat' dir='ltr'><strong>aliquando</strong></span> <span class='ocrx_word' id='word_1_688' title='bbox 1703 1212 1765 1240; x_wconf 93' lang='lat' dir='ltr'><strong>illud</strong></span> <span class='ocrx_word' id='word_1_689' title='bbox 1784 1213 1859 1240; x_wconf 89' lang='lat' dir='ltr'><strong>fiunt.</strong></span> 
     </span>
    </p>
   </div>
   <div class='ocr_carea' id='block_1_85' title="bbox 1068 1255 1861 1289">
    <p class='ocr_par' dir='ltr' id='par_1_85' title="bbox 1068 1255 1861 1289">
     <span class='ocr_line' id='line_1_85' title="bbox 1068 1255 1861 1289; baseline 0.006 -7"><span class='ocrx_word' id='word_1_690' title='bbox 1068 1255 1136 1289; x_wconf 85' lang='lat' dir='ltr'><strong>Quid</strong></span> <span class='ocrx_word' id='word_1_691' title='bbox 1155 1263 1218 1283; x_wconf 90' lang='lat' dir='ltr'><strong>vero</strong></span> <span class='ocrx_word' id='word_1_692' title='bbox 1237 1257 1332 1284; x_wconf 91' lang='lat' dir='ltr'><strong>attinet</strong></span> <span class='ocrx_word' id='word_1_693' title='bbox 1354 1257 1495 1285; x_wconf 89' lang='lat' dir='ltr'><strong>sanitatem</strong></span> <span class='ocrx_word' id='word_1_694' title='bbox 1515 1265 1728 1288; x_wconf 89' lang='lat' dir='ltr'><strong>commemorare</strong></span> <span class='ocrx_word' id='word_1_695' title='bbox 1742 1267 1773 1287; x_wconf 84' lang='lat' dir='ltr'><strong>ac</strong></span> <span class='ocrx_word' id='word_1_696' title='bbox 1788 1268 1861 1287; x_wconf 92' lang='lat' dir='ltr'><strong>mor-</strong></span> 
     </span>
    </p>
   </div>
   <div class='ocr_carea' id='block_1_86' title="bbox 1068 1300 1860 1341">
    <p class='ocr_par' dir='ltr' id='par_1_86' title="bbox 1068 1300 1860 1341">
     <span class='ocr_line' id='line_1_86' title="bbox 1068 1300 1860 1341; baseline 0.006 -13"><span class='ocrx_word' id='word_1_697' title='bbox 1068 1300 1141 1334; x_wconf 86' lang='lat' dir='ltr'><strong>bum,</strong></span> <span class='ocrx_word' id='word_1_698' title='bbox 1154 1301 1260 1329; x_wconf 89' lang='lat' dir='ltr'><strong>divitias</strong></span> <span class='ocrx_word' id='word_1_699' title='bbox 1270 1306 1297 1329; x_wconf 93' lang='lat' dir='ltr'><strong>et</strong></span> <span class='ocrx_word' id='word_1_700' title='bbox 1307 1303 1512 1337; x_wconf 81' lang='lat' dir='ltr'><strong>paupertatem?</strong></span> <span class='ocrx_word' id='word_1_701' title='bbox 1526 1303 1581 1331; x_wconf 92' lang='lat' dir='ltr'><strong>lIoc</strong></span> <span class='ocrx_word' id='word_1_702' title='bbox 1594 1302 1668 1330; x_wconf 91' lang='lat' dir='ltr'><strong>enim</strong></span> <span class='ocrx_word' id='word_1_703' title='bbox 1679 1304 1779 1338; x_wconf 87' lang='lat' dir='ltr'><strong>ipsum,</strong></span> <span class='ocrx_word' id='word_1_704' title='bbox 1790 1307 1860 1341; x_wconf 87' lang='lat' dir='ltr'><strong>quod</strong></span> 
     </span>
    </p>
   </div>
   <div class='ocr_carea' id='block_1_87' title="bbox 1069 1346 1859 1383">
    <p class='ocr_par' dir='ltr' id='par_1_87' title="bbox 1069 1346 1859 1383">
     <span class='ocr_line' id='line_1_87' title="bbox 1069 1346 1859 1383; baseline 0.005 -10"><span class='ocrx_word' id='word_1_705' title='bbox 1069 1346 1148 1380; x_wconf 81' lang='lat' dir='ltr'><strong>vulgo</strong></span> <span class='ocrx_word' id='word_1_706' title='bbox 1163 1347 1292 1374; x_wconf 87' lang='lat' dir='ltr'><strong>bonorum</strong></span> <span class='ocrx_word' id='word_1_707' title='bbox 1307 1348 1426 1374; x_wconf 92' lang='lat' dir='ltr'><strong>omnium</strong></span> <span class='ocrx_word' id='word_1_708' title='bbox 1443 1352 1522 1383; x_wconf 89' lang='lat' dir='ltr'><strong>caput</strong></span> <span class='ocrx_word' id='word_1_709' title='bbox 1537 1354 1672 1382; x_wconf 85' lang='lat' dir='ltr'><strong>censetur,</strong></span> <span class='ocrx_word' id='word_1_710' title='bbox 1687 1354 1714 1376; x_wconf 84' lang='lat' dir='ltr'><strong>et</strong></span> <span class='ocrx_word' id='word_1_711' title='bbox 1729 1351 1859 1378; x_wconf 87' lang='lat' dir='ltr'><strong>malorum</strong></span> 
     </span>
    </p>
   </div>
   <div class='ocr_carea' id='block_1_88' title="bbox 1069 1392 1860 1431">
    <p class='ocr_par' dir='ltr' id='par_1_88' title="bbox 1069 1392 1860 1431">
     <span class='ocr_line' id='line_1_88' title="bbox 1069 1392 1860 1431; baseline 0.006 -12"><span class='ocrx_word' id='word_1_712' title='bbox 1069 1392 1314 1427; x_wconf 78' lang='lat' dir='ltr'><strong>colophon,mors,</strong></span> <span class='ocrx_word' id='word_1_713' title='bbox 1328 1394 1434 1428; x_wconf 85' lang='lat' dir='ltr'><strong>inquam</strong></span> <span class='ocrx_word' id='word_1_714' title='bbox 1448 1415 1455 1427; x_wconf 94' lang='lat'><strong>,</strong></span> <span class='ocrx_word' id='word_1_715' title='bbox 1470 1399 1497 1422; x_wconf 90' lang='lat' dir='ltr'><strong>et</strong></span> <span class='ocrx_word' id='word_1_716' title='bbox 1519 1395 1590 1428; x_wconf 84' lang='lat' dir='ltr'><strong>vita,</strong></span> <span class='ocrx_word' id='word_1_717' title='bbox 1614 1403 1700 1431; x_wconf 87' lang='lat' dir='ltr'><strong>neque</strong></span> <span class='ocrx_word' id='word_1_718' title='bbox 1721 1402 1783 1424; x_wconf 88' lang='lat' dir='ltr'><strong>sunt</strong></span> <span class='ocrx_word' id='word_1_719' title='bbox 1803 1396 1860 1424; x_wconf 69' lang='lat' dir='ltr'><strong>hmo</strong></span> 
     </span>
    </p>
   </div>
   <div class='ocr_carea' id='block_1_89' title="bbox 1068 1438 1860 1477">
    <p class='ocr_par' dir='ltr' id='par_1_89' title="bbox 1068 1438 1860 1477">
     <span class='ocr_line' id='line_1_89' title="bbox 1068 1438 1860 1477; baseline 0.006 -12"><span class='ocrx_word' id='word_1_720' title='bbox 1068 1438 1200 1471; x_wconf 87' lang='lat' dir='ltr'><strong>absolute,</strong></span> <span class='ocrx_word' id='word_1_721' title='bbox 1216 1439 1263 1466; x_wconf 89' lang='lat' dir='ltr'><strong>sed</strong></span> <span class='ocrx_word' id='word_1_722' title='bbox 1276 1445 1302 1466; x_wconf 87' lang='lat' dir='ltr'><strong>et</strong></span> <span class='ocrx_word' id='word_1_723' title='bbox 1317 1440 1372 1474; x_wconf 90' lang='lat' dir='ltr'><strong>ipsa</strong></span> <span class='ocrx_word' id='word_1_724' title='bbox 1385 1441 1471 1468; x_wconf 87' lang='lat' dir='ltr'><strong>media</strong></span> <span class='ocrx_word' id='word_1_725' title='bbox 1487 1446 1559 1475; x_wconf 83' lang='lat' dir='ltr'><strong>sunt,</strong></span> <span class='ocrx_word' id='word_1_726' title='bbox 1575 1446 1601 1469; x_wconf 90' lang='lat' dir='ltr'><strong>et</strong></span> <span class='ocrx_word' id='word_1_727' title='bbox 1615 1447 1693 1477; x_wconf 90' lang='lat' dir='ltr'><strong>prout</strong></span> <span class='ocrx_word' id='word_1_728' title='bbox 1705 1451 1796 1470; x_wconf 91' lang='lat' dir='ltr'><strong>eorum</strong></span> <span class='ocrx_word' id='word_1_729' title='bbox 1810 1443 1860 1470; x_wconf 79' lang='lat' dir='ltr'><strong>fert</strong></span> 
     </span>
    </p>
   </div>
   <div class='ocr_carea' id='block_1_90' title="bbox 1068 1485 1861 1525">
    <p class='ocr_par' dir='ltr' id='par_1_90' title="bbox 1068 1485 1861 1525">
     <span class='ocr_line' id='line_1_90' title="bbox 1068 1485 1861 1525; baseline 0.008 -13"><span class='ocrx_word' id='word_1_730' title='bbox 1068 1485 1173 1513; x_wconf 87' lang='lat' dir='ltr'><strong>animus</strong></span> <span class='ocrx_word' id='word_1_731' title='bbox 1188 1506 1196 1517; x_wconf 89' lang='lat'><strong>,</strong></span> <span class='ocrx_word' id='word_1_732' title='bbox 1211 1486 1255 1520; x_wconf 91' lang='lat' dir='ltr'><strong>qui</strong></span> <span class='ocrx_word' id='word_1_733' title='bbox 1277 1487 1316 1514; x_wconf 90' lang='lat' dir='ltr'><strong>eis</strong></span> <span class='ocrx_word' id='word_1_734' title='bbox 1339 1492 1466 1521; x_wconf 92' lang='lat' dir='ltr'><strong>utuntur,</strong></span> <span class='ocrx_word' id='word_1_735' title='bbox 1489 1487 1618 1516; x_wconf 89' lang='lat' dir='ltr'><strong>alterutra</strong></span> <span class='ocrx_word' id='word_1_736' title='bbox 1641 1489 1719 1517; x_wconf 91' lang='lat' dir='ltr'><strong>fiunt.</strong></span> <span class='ocrx_word' id='word_1_737' title='bbox 1739 1490 1861 1525; x_wconf 75' lang='lat' dir='ltr'><strong>Exempli</strong></span> 
     </span>
    </p>
   </div>
   <div class='ocr_carea' id='block_1_91' title="bbox 1068 1531 1860 1570">
    <p class='ocr_par' dir='ltr' id='par_1_91' title="bbox 1068 1531 1860 1570">
     <span class='ocr_line' id='line_1_91' title="bbox 1068 1531 1860 1570; baseline 0.008 -13"><span class='ocrx_word' id='word_1_738' title='bbox 1068 1538 1148 1558; x_wconf 80' lang='lat' dir='ltr'><strong>causa</strong></span> <span class='ocrx_word' id='word_1_739' title='bbox 1159 1533 1261 1559; x_wconf 84' lang='lat' dir='ltr'><strong>bonum</strong></span> <span class='ocrx_word' id='word_1_740' title='bbox 1271 1537 1313 1560; x_wconf 88' lang='lat' dir='ltr'><strong>est</strong></span> <span class='ocrx_word' id='word_1_741' title='bbox 1321 1531 1423 1565; x_wconf 88' lang='lat' dir='ltr'><strong>vivere,</strong></span> <span class='ocrx_word' id='word_1_742' title='bbox 1443 1533 1465 1560; x_wconf 91' lang='lat' dir='ltr'><strong>si</strong></span> <span class='ocrx_word' id='word_1_743' title='bbox 1478 1533 1537 1568; x_wconf 90' lang='lat' dir='ltr'><strong>quis</strong></span> <span class='ocrx_word' id='word_1_744' title='bbox 1549 1541 1582 1561; x_wconf 94' lang='lat' dir='ltr'><strong>eo</strong></span> <span class='ocrx_word' id='word_1_745' title='bbox 1594 1538 1623 1561; x_wconf 91' lang='lat' dir='ltr'><strong>ut</strong></span> <span class='ocrx_word' id='word_1_746' title='bbox 1635 1540 1741 1570; x_wconf 90' lang='lat' dir='ltr'><strong>oportet</strong></span> <span class='ocrx_word' id='word_1_747' title='bbox 1754 1540 1860 1564; x_wconf 87' lang='lat' dir='ltr'><strong>utatur:</strong></span> 
     </span>
    </p>
   </div>
   <div class='ocr_carea' id='block_1_92' title="bbox 1068 1577 1861 1615">
    <p class='ocr_par' dir='ltr' id='par_1_92' title="bbox 1068 1577 1861 1615">
     <span class='ocr_line' id='line_1_92' title="bbox 1068 1577 1861 1615; baseline 0.005 -11"><span class='ocrx_word' id='word_1_748' title='bbox 1068 1584 1129 1604; x_wconf 85' lang='lat' dir='ltr'><strong>eum</strong></span> <span class='ocrx_word' id='word_1_749' title='bbox 1142 1585 1206 1604; x_wconf 86' lang='lat' dir='ltr'><strong>vero</strong></span> <span class='ocrx_word' id='word_1_750' title='bbox 1223 1577 1255 1604; x_wconf 85' lang='lat' dir='ltr'><strong>ad</strong></span> <span class='ocrx_word' id='word_1_751' title='bbox 1270 1582 1377 1612; x_wconf 88' lang='lat' dir='ltr'><strong>peccata</strong></span> <span class='ocrx_word' id='word_1_752' title='bbox 1393 1579 1435 1605; x_wconf 81' lang='lat' dir='ltr'><strong>vel</strong></span> <span class='ocrx_word' id='word_1_753' title='bbox 1449 1578 1613 1614; x_wconf 88' lang='lat' dir='ltr'><strong>iniquitates,</strong></span> <span class='ocrx_word' id='word_1_754' title='bbox 1629 1588 1681 1608; x_wconf 93' lang='lat' dir='ltr'><strong>non</strong></span> <span class='ocrx_word' id='word_1_755' title='bbox 1694 1581 1747 1615; x_wconf 87' lang='lat' dir='ltr'><strong>jam</strong></span> <span class='ocrx_word' id='word_1_756' title='bbox 1763 1582 1861 1608; x_wconf 85' lang='lat' dir='ltr'><strong>bonum</strong></span> 
     </span>
    </p>
   </div>
   <div class='ocr_carea' id='block_1_93' title="bbox 1068 1623 1862 1661">
    <p class='ocr_par' dir='ltr' id='par_1_93' title="bbox 1068 1623 1862 1661">
     <span class='ocr_line' id='line_1_93' title="bbox 1068 1623 1862 1661; baseline 0.005 -10"><span class='ocrx_word' id='word_1_757' title='bbox 1068 1627 1119 1656; x_wconf 88' lang='lat' dir='ltr'><strong>cst,</strong></span> <span class='ocrx_word' id='word_1_758' title='bbox 1133 1623 1180 1651; x_wconf 89' lang='lat' dir='ltr'><strong>sed</strong></span> <span class='ocrx_word' id='word_1_759' title='bbox 1197 1624 1280 1650; x_wconf 91' lang='lat' dir='ltr'><strong>multo</strong></span> <span class='ocrx_word' id='word_1_760' title='bbox 1296 1624 1390 1651; x_wconf 89' lang='lat' dir='ltr'><strong>melius</strong></span> <span class='ocrx_word' id='word_1_761' title='bbox 1404 1624 1501 1657; x_wconf 91' lang='lat' dir='ltr'><strong>fuerit,</strong></span> <span class='ocrx_word' id='word_1_762' title='bbox 1517 1626 1600 1660; x_wconf 91' lang='lat' dir='ltr'><strong>utqui</strong></span> <span class='ocrx_word' id='word_1_763' title='bbox 1613 1626 1743 1661; x_wconf 87' lang='lat' dir='ltr'><strong>ejusmodi</strong></span> <span class='ocrx_word' id='word_1_764' title='bbox 1753 1633 1793 1655; x_wconf 88' lang='lat' dir='ltr'><strong>est</strong></span> <span class='ocrx_word' id='word_1_765' title='bbox 1805 1636 1862 1655; x_wconf 81' lang='lat' dir='ltr'><strong>mo-</strong></span> 
     </span>
    </p>
   </div>
   <div class='ocr_carea' id='block_1_94' title="bbox 1068 1668 1858 1707">
    <p class='ocr_par' dir='ltr' id='par_1_94' title="bbox 1068 1668 1858 1707">
     <span class='ocr_line' id='line_1_94' title="bbox 1068 1668 1858 1707; baseline 0.006 -12"><span class='ocrx_word' id='word_1_766' title='bbox 1068 1669 1162 1696; x_wconf 88' lang='lat' dir='ltr'><strong>riatur.</strong></span> <span class='ocrx_word' id='word_1_767' title='bbox 1177 1668 1280 1696; x_wconf 83' lang='lat' dir='ltr'><strong>Rursus</strong></span> <span class='ocrx_word' id='word_1_768' title='bbox 1295 1669 1358 1697; x_wconf 91' lang='lat' dir='ltr'><strong>illud</strong></span> <span class='ocrx_word' id='word_1_769' title='bbox 1371 1690 1379 1702; x_wconf 94' lang='lat'><strong>,</strong></span> <span class='ocrx_word' id='word_1_770' title='bbox 1395 1670 1464 1704; x_wconf 92' lang='lat' dir='ltr'><strong>quod</strong></span> <span class='ocrx_word' id='word_1_771' title='bbox 1479 1670 1632 1706; x_wconf 80' lang='lat' dir='ltr'><strong>fugiendum</strong></span> <span class='ocrx_word' id='word_1_772' title='bbox 1647 1673 1722 1700; x_wconf 87' lang='lat' dir='ltr'><strong>multi</strong></span> <span class='ocrx_word' id='word_1_773' title='bbox 1736 1679 1858 1707; x_wconf 83' lang='lat' dir='ltr'><strong>censent,</strong></span> 
     </span>
    </p>
   </div>
   <div class='ocr_carea' id='block_1_95' title="bbox 1068 1717 1860 1751">
    <p class='ocr_par' dir='ltr' id='par_1_95' title="bbox 1068 1717 1860 1751">
     <span class='ocr_line' id='line_1_95' title="bbox 1068 1717 1860 1751; baseline 0.004 -7"><span class='ocrx_word' id='word_1_774' title='bbox 1068 1717 1205 1744; x_wconf 86' lang='lat' dir='ltr'><strong>innumera</strong></span> <span class='ocrx_word' id='word_1_775' title='bbox 1231 1717 1306 1744; x_wconf 87' lang='lat' dir='ltr'><strong>nobis</strong></span> <span class='ocrx_word' id='word_1_776' title='bbox 1326 1717 1395 1744; x_wconf 88' lang='lat' dir='ltr'><strong>bona</strong></span> <span class='ocrx_word' id='word_1_777' title='bbox 1414 1718 1557 1751; x_wconf 88' lang='lat' dir='ltr'><strong>conciliat,</strong></span> <span class='ocrx_word' id='word_1_778' title='bbox 1573 1718 1636 1746; x_wconf 91' lang='lat' dir='ltr'><strong>dum</strong></span> <span class='ocrx_word' id='word_1_779' title='bbox 1656 1721 1860 1747; x_wconf 82' lang='lat' dir='ltr'><strong>convenientem</strong></span> 
     </span>
    </p>
   </div>
   <div class='ocr_carea' id='block_1_96' title="bbox 1067 1762 1860 1801">
    <p class='ocr_par' dir='ltr' id='par_1_96' title="bbox 1067 1762 1860 1801">
     <span class='ocr_line' id='line_1_96' title="bbox 1067 1762 1860 1801; baseline 0.004 -12"><span class='ocrx_word' id='word_1_780' title='bbox 1067 1770 1173 1790; x_wconf 88' lang='lat' dir='ltr'><strong>causam</strong></span> <span class='ocrx_word' id='word_1_781' title='bbox 1188 1762 1284 1790; x_wconf 87' lang='lat' dir='ltr'><strong>habeat</strong></span> <span class='ocrx_word' id='word_1_782' title='bbox 1295 1763 1456 1798; x_wconf 85' lang='lat' dir='ltr'><strong>adjunctam.</strong></span> <span class='ocrx_word' id='word_1_783' title='bbox 1469 1765 1636 1799; x_wconf 78' lang='lat' dir='ltr'><strong>Argumenta</strong></span> <span class='ocrx_word' id='word_1_784' title='bbox 1646 1769 1707 1792; x_wconf 89' lang='lat' dir='ltr'><strong>sunt</strong></span> <span class='ocrx_word' id='word_1_785' title='bbox 1717 1769 1860 1801; x_wconf 72' lang='lat' dir='ltr'><strong>martyres,</strong></span> 
     </span>
    </p>
   </div>
   <div class='ocr_carea' id='block_1_97' title="bbox 1067 1810 1861 1846">
    <p class='ocr_par' dir='ltr' id='par_1_97' title="bbox 1067 1810 1861 1846">
     <span class='ocr_line' id='line_1_97' title="bbox 1067 1810 1861 1846; baseline 0.005 -10"><span class='ocrx_word' id='word_1_786' title='bbox 1067 1810 1110 1844; x_wconf 90' lang='lat' dir='ltr'><strong>qui</strong></span> <span class='ocrx_word' id='word_1_787' title='bbox 1123 1815 1231 1845; x_wconf 90' lang='lat' dir='ltr'><strong>propter</strong></span> <span class='ocrx_word' id='word_1_788' title='bbox 1243 1815 1355 1838; x_wconf 89' lang='lat' dir='ltr'><strong>mortem</strong></span> <span class='ocrx_word' id='word_1_789' title='bbox 1367 1812 1484 1838; x_wconf 90' lang='lat' dir='ltr'><strong>omnium</strong></span> <span class='ocrx_word' id='word_1_790' title='bbox 1499 1816 1562 1838; x_wconf 90' lang='lat' dir='ltr'><strong>sunt</strong></span> <span class='ocrx_word' id='word_1_791' title='bbox 1575 1811 1731 1838; x_wconf 79' lang='lat' dir='ltr'><strong>felicissimi.</strong></span> <span class='ocrx_word' id='word_1_792' title='bbox 1747 1812 1861 1846; x_wconf 61' lang='grc' dir='ltr'><strong>Ρι-οβιρι*</strong></span> 
     </span>
    </p>
   </div>
   <div class='ocr_carea' id='block_1_98' title="bbox 1067 1855 1861 1892">
    <p class='ocr_par' dir='ltr' id='par_1_98' title="bbox 1067 1855 1861 1892">
     <span class='ocr_line' id='line_1_98' title="bbox 1067 1855 1861 1892; baseline 0.003 -10"><span class='ocrx_word' id='word_1_793' title='bbox 1067 1855 1118 1883; x_wconf 89' lang='lat' dir='ltr'><strong>hoc</strong></span> <span class='ocrx_word' id='word_1_794' title='bbox 1132 1856 1255 1883; x_wconf 90' lang='lat' dir='ltr'><strong>nimirum</strong></span> <span class='ocrx_word' id='word_1_795' title='bbox 1269 1856 1364 1884; x_wconf 82' lang='lat' dir='ltr'><strong>Paulus</strong></span> <span class='ocrx_word' id='word_1_796' title='bbox 1376 1864 1428 1884; x_wconf 92' lang='lat' dir='ltr'><strong>non</strong></span> <span class='ocrx_word' id='word_1_797' title='bbox 1439 1857 1598 1892; x_wconf 86' lang='lat' dir='ltr'><strong>simpliciter</strong></span> <span class='ocrx_word' id='word_1_798' title='bbox 1611 1857 1699 1884; x_wconf 88' lang='lat' dir='ltr'><strong>vivere</strong></span> <span class='ocrx_word' id='word_1_799' title='bbox 1713 1858 1739 1884; x_wconf 92' lang='lat' dir='ltr'><strong>in</strong></span> <span class='ocrx_word' id='word_1_800' title='bbox 1752 1858 1861 1885; x_wconf 82' lang='lat' dir='ltr'><strong>Christo</strong></span> 
     </span>
    </p>
   </div>
   <div class='ocr_carea' id='block_1_99' title="bbox 1066 1901 1858 1936">
    <p class='ocr_par' dir='ltr' id='par_1_99' title="bbox 1066 1901 1858 1936">
     <span class='ocr_line' id='line_1_99' title="bbox 1066 1901 1858 1936; baseline 0.003 -9"><span class='ocrx_word' id='word_1_801' title='bbox 1066 1901 1206 1935; x_wconf 85' lang='lat' dir='ltr'><strong>cupiebat,</strong></span> <span class='ocrx_word' id='word_1_802' title='bbox 1230 1901 1276 1928; x_wconf 87' lang='lat' dir='ltr'><strong>sed</strong></span> <span class='ocrx_word' id='word_1_803' title='bbox 1296 1902 1419 1936; x_wconf 91' lang='lat' dir='ltr'><strong>quoniam</strong></span> <span class='ocrx_word' id='word_1_804' title='bbox 1435 1901 1485 1929; x_wconf 89' lang='lat' dir='ltr'><strong>hoc</strong></span> <span class='ocrx_word' id='word_1_805' title='bbox 1507 1902 1543 1929; x_wconf 89' lang='lat' dir='ltr'><strong>illi</strong></span> <span class='ocrx_word' id='word_1_806' title='bbox 1563 1902 1652 1936; x_wconf 90' lang='lat' dir='ltr'><strong>operis</strong></span> <span class='ocrx_word' id='word_1_807' title='bbox 1671 1901 1772 1930; x_wconf 87' lang='lat' dir='ltr'><strong>fructus</strong></span> <span class='ocrx_word' id='word_1_808' title='bbox 1792 1908 1858 1930; x_wconf 77' lang='lat' dir='ltr'><strong>erat.</strong></span> 
     </span>
    </p>
   </div>
   <div class='ocr_carea' id='block_1_100' title="bbox 1069 1946 1860 1983">
    <p class='ocr_par' dir='ltr' id='par_1_100' title="bbox 1069 1946 1860 1983">
     <span class='ocr_line' id='line_1_100' title="bbox 1069 1946 1860 1983; baseline 0.006 -12"><span class='ocrx_word' id='word_1_809' title='bbox 1069 1946 1190 1974; x_wconf 71' lang='lat' dir='ltr'><strong>«Etenim</strong></span> <span class='ocrx_word' id='word_1_810' title='bbox 1205 1947 1267 1982; x_wconf 91' lang='lat' dir='ltr'><strong>quid</strong></span> <span class='ocrx_word' id='word_1_811' title='bbox 1280 1948 1385 1983; x_wconf 75' lang='lat' dir='ltr'><strong>eligam,</strong></span> <span class='ocrx_word' id='word_1_812' title='bbox 1399 1958 1408 1974; x_wconf 77' lang='grc' dir='ltr'><strong>ι</strong></span> <span class='ocrx_word' id='word_1_813' title='bbox 1424 1948 1518 1983; x_wconf 90' lang='lat' dir='ltr'><strong>inquit,</strong></span> <span class='ocrx_word' id='word_1_814' title='bbox 1533 1957 1542 1975; x_wconf 79' lang='grc' dir='ltr'><strong>ι</strong></span> <span class='ocrx_word' id='word_1_815' title='bbox 1557 1948 1667 1983; x_wconf 81' lang='lat' dir='ltr'><strong>ignoro:</strong></span> <span class='ocrx_word' id='word_1_816' title='bbox 1682 1955 1803 1976; x_wconf 80' lang='lat' dir='ltr'><strong>coarctor</strong></span> <span class='ocrx_word' id='word_1_817' title='bbox 1814 1957 1860 1976; x_wconf 93' lang='lat' dir='ltr'><strong>au-</strong></span> 
     </span>
    </p>
   </div>
   <div class='ocr_carea' id='block_1_101' title="bbox 1067 1991 1864 2022">
    <p class='ocr_par' dir='ltr' id='par_1_101' title="bbox 1067 1991 1864 2022">
     <span class='ocr_line' id='line_1_101' title="bbox 1067 1991 1864 2022; baseline 0.003 -3"><span class='ocrx_word' id='word_1_818' title='bbox 1067 1997 1119 2020; x_wconf 89' lang='lat' dir='ltr'><strong>tem</strong></span> <span class='ocrx_word' id='word_1_819' title='bbox 1136 2000 1151 2020; x_wconf 90' lang='lat' dir='ltr'><strong>e</strong></span> <span class='ocrx_word' id='word_1_820' title='bbox 1165 1992 1268 2020; x_wconf 92' lang='lat' dir='ltr'><strong>duobus</strong></span> <span class='ocrx_word' id='word_1_821' title='bbox 1285 1991 1470 2020; x_wconf 67' lang='lat' dir='ltr'><strong>t&#39;desiderium</strong></span> <span class='ocrx_word' id='word_1_822' title='bbox 1490 1994 1560 2020; x_wconf 91' lang='lat' dir='ltr'><strong>enim</strong></span> <span class='ocrx_word' id='word_1_823' title='bbox 1584 1994 1685 2021; x_wconf 84' lang='lat' dir='ltr'><strong>habens</strong></span> <span class='ocrx_word' id='word_1_824' title='bbox 1705 1994 1814 2021; x_wconf 84' lang='lat' dir='ltr'><strong>dissolvi</strong></span> <span class='ocrx_word' id='word_1_825' title='bbox 1834 2000 1864 2022; x_wconf 76' lang='lat' dir='ltr'><strong>et</strong></span> 
     </span>
    </p>
   </div>
   <div class='ocr_carea' id='block_1_102' title="bbox 1066 2039 1859 2076">
    <p class='ocr_par' dir='ltr' id='par_1_102' title="bbox 1066 2039 1859 2076">
     <span class='ocr_line' id='line_1_102' title="bbox 1066 2039 1859 2076; baseline 0.001 -11"><span class='ocrx_word' id='word_1_826' title='bbox 1066 2045 1125 2065; x_wconf 88' lang='lat' dir='ltr'><strong>esse</strong></span> <span class='ocrx_word' id='word_1_827' title='bbox 1145 2046 1205 2065; x_wconf 91' lang='lat' dir='ltr'><strong>cum</strong></span> <span class='ocrx_word' id='word_1_828' title='bbox 1223 2039 1351 2072; x_wconf 84' lang='lat' dir='ltr'><strong>Christo;</strong></span> <span class='ocrx_word' id='word_1_829' title='bbox 1375 2039 1451 2067; x_wconf 88' lang='lat' dir='ltr'><strong>valde</strong></span> <span class='ocrx_word' id='word_1_830' title='bbox 1472 2040 1541 2067; x_wconf 90' lang='lat' dir='ltr'><strong>enim</strong></span> <span class='ocrx_word' id='word_1_831' title='bbox 1564 2039 1647 2067; x_wconf 86' lang='lat' dir='ltr'><strong>multo</strong></span> <span class='ocrx_word' id='word_1_832' title='bbox 1661 2040 1774 2072; x_wconf 78' lang='lat' dir='ltr'><strong>melius;</strong></span> <span class='ocrx_word' id='word_1_833' title='bbox 1800 2048 1859 2076; x_wconf 13' lang='lat' dir='ltr'><strong>plur.</strong></span> 
     </span>
    </p>
   </div>
   <div class='ocr_carea' id='block_1_103' title="bbox 1066 2085 1860 2121">
    <p class='ocr_par' dir='ltr' id='par_1_103' title="bbox 1066 2085 1860 2121">
     <span class='ocr_line' id='line_1_103' title="bbox 1066 2085 1860 2121; baseline 0.004 -10"><span class='ocrx_word' id='word_1_834' title='bbox 1066 2092 1175 2112; x_wconf 88' lang='lat' dir='ltr'><strong>manere</strong></span> <span class='ocrx_word' id='word_1_835' title='bbox 1198 2090 1286 2112; x_wconf 86' lang='lat' dir='ltr'><strong>autem</strong></span> <span class='ocrx_word' id='word_1_836' title='bbox 1307 2085 1333 2112; x_wconf 93' lang='lat' dir='ltr'><strong>in</strong></span> <span class='ocrx_word' id='word_1_837' title='bbox 1356 2093 1436 2113; x_wconf 87' lang='lat' dir='ltr'><strong>carne</strong></span> <span class='ocrx_word' id='word_1_838' title='bbox 1457 2086 1539 2120; x_wconf 79' lang='lat' dir='ltr'><strong>magis</strong></span> <span class='ocrx_word' id='word_1_839' title='bbox 1559 2086 1738 2114; x_wconf 88' lang='lat' dir='ltr'><strong>necessarium</strong></span> <span class='ocrx_word' id='word_1_840' title='bbox 1754 2093 1860 2121; x_wconf 79' lang='lat' dir='ltr'><strong>propter</strong></span> 
     </span>
    </p>
   </div>
   <div class='ocr_carea' id='block_1_104' title="bbox 1066 2131 1860 2167">
    <p class='ocr_par' dir='ltr' id='par_1_104' title="bbox 1066 2131 1860 2167">
     <span class='ocr_line' id='line_1_104' title="bbox 1066 2131 1860 2167; baseline 0.003 -10"><span class='ocrx_word' id='word_1_841' title='bbox 1066 2138 1113 2158; x_wconf 91' lang='lat' dir='ltr'><strong>vos</strong></span> <span class='ocrx_word' id='word_1_842' title='bbox 1127 2141 1137 2158; x_wconf 69' lang='grc' dir='ltr'><strong>ι</strong></span> <span class='ocrx_word' id='word_1_843' title='bbox 1151 2131 1261 2166; x_wconf 85' lang='lat' dir='ltr'><strong>(Philip.</strong></span> <span class='ocrx_word' id='word_1_844' title='bbox 1275 2132 1299 2159; x_wconf 85' lang='grc'><strong>1.</strong></span> <span class='ocrx_word' id='word_1_845' title='bbox 1311 2131 1412 2167; x_wconf 65' lang='grc'><strong>22-21).</strong></span> <span class='ocrx_word' id='word_1_846' title='bbox 1427 2131 1466 2159; x_wconf 90' lang='lat' dir='ltr'><strong>0b</strong></span> <span class='ocrx_word' id='word_1_847' title='bbox 1479 2131 1530 2159; x_wconf 88' lang='lat' dir='ltr'><strong>hoc</strong></span> <span class='ocrx_word' id='word_1_848' title='bbox 1542 2132 1627 2167; x_wconf 77' lang='lat' dir='ltr'><strong>ipsum</strong></span> <span class='ocrx_word' id='word_1_849' title='bbox 1639 2140 1743 2167; x_wconf 74' lang='lat' dir='ltr'><strong>quoque</strong></span> <span class='ocrx_word' id='word_1_850' title='bbox 1755 2132 1860 2159; x_wconf 74' lang='lat' dir='ltr'><strong>dicebat.</strong></span> 
     </span>
    </p>
   </div>
   <div class='ocr_carea' id='block_1_105' title="bbox 1065 2176 1859 2212">
    <p class='ocr_par' dir='ltr' id='par_1_105' title="bbox 1065 2176 1859 2212">
     <span class='ocr_line' id='line_1_105' title="bbox 1065 2176 1859 2212; baseline 0.001 -9"><span class='ocrx_word' id='word_1_851' title='bbox 1065 2177 1194 2212; x_wconf 89' lang='lat' dir='ltr'><strong>propheta</strong></span> <span class='ocrx_word' id='word_1_852' title='bbox 1207 2198 1215 2210; x_wconf 85' lang='lat'><strong>,</strong></span> <span class='ocrx_word' id='word_1_853' title='bbox 1239 2176 1353 2204; x_wconf 75' lang='lat' dir='ltr'><strong>Pretiosa</strong></span> <span class='ocrx_word' id='word_1_854' title='bbox 1367 2177 1392 2204; x_wconf 88' lang='lat' dir='ltr'><strong>in</strong></span> <span class='ocrx_word' id='word_1_855' title='bbox 1405 2182 1540 2212; x_wconf 82' lang='lat' dir='ltr'><strong>conspectu</strong></span> <span class='ocrx_word' id='word_1_856' title='bbox 1559 2177 1662 2204; x_wconf 85' lang='lat' dir='ltr'><strong>Domini</strong></span> <span class='ocrx_word' id='word_1_857' title='bbox 1678 2186 1744 2204; x_wconf 78' lang='lat' dir='ltr'><strong>mors</strong></span> <span class='ocrx_word' id='word_1_858' title='bbox 1759 2183 1859 2204; x_wconf 67' lang='lat' dir='ltr'><strong>sancto-</strong></span> 
     </span>
    </p>
   </div>
   <div class='ocr_carea' id='block_1_106' title="bbox 1066 2222 1862 2258">
    <p class='ocr_par' dir='ltr' id='par_1_106' title="bbox 1066 2222 1862 2258">
     <span class='ocr_line' id='line_1_106' title="bbox 1066 2222 1862 2258; baseline 0.003 -10"><span class='ocrx_word' id='word_1_859' title='bbox 1066 2231 1121 2248; x_wconf 86' lang='lat' dir='ltr'><strong>rum</strong></span> <span class='ocrx_word' id='word_1_860' title='bbox 1134 2223 1188 2257; x_wconf 61' lang='lat' dir='ltr'><strong>ejus</strong></span> <span class='ocrx_word' id='word_1_861' title='bbox 1200 2222 1284 2257; x_wconf 73' lang='lat' dir='ltr'><strong>(Paul.</strong></span> <span class='ocrx_word' id='word_1_862' title='bbox 1301 2222 1361 2249; x_wconf 83' lang='grc'><strong>115.</strong></span> <span class='ocrx_word' id='word_1_863' title='bbox 1381 2222 1433 2257; x_wconf 80' lang='grc'><strong>15)</strong></span> <span class='ocrx_word' id='word_1_864' title='bbox 1449 2231 1455 2248; x_wconf 85' lang='lat'><strong>:</strong></span> <span class='ocrx_word' id='word_1_865' title='bbox 1471 2231 1523 2249; x_wconf 87' lang='lat' dir='ltr'><strong>non</strong></span> <span class='ocrx_word' id='word_1_866' title='bbox 1539 2223 1696 2258; x_wconf 67' lang='lat' dir='ltr'><strong>simpliciter</strong></span> <span class='ocrx_word' id='word_1_867' title='bbox 1709 2230 1796 2255; x_wconf 86' lang='lat' dir='ltr'><strong>mors,</strong></span> <span class='ocrx_word' id='word_1_868' title='bbox 1812 2223 1862 2250; x_wconf 86' lang='lat' dir='ltr'><strong>sed</strong></span> 
     </span>
    </p>
   </div>
   <div class='ocr_carea' id='block_1_107' title="bbox 1066 2268 1858 2303">
    <p class='ocr_par' dir='ltr' id='par_1_107' title="bbox 1066 2268 1858 2303">
     <span class='ocr_line' id='line_1_107' title="bbox 1066 2268 1858 2303; baseline -0.001 -8"><span class='ocrx_word' id='word_1_869' title='bbox 1066 2276 1139 2295; x_wconf 84' lang='lat' dir='ltr'><strong>mors</strong></span> <span class='ocrx_word' id='word_1_870' title='bbox 1153 2268 1292 2303; x_wconf 77' lang='lat' dir='ltr'><strong>ejusmodi.</strong></span> <span class='ocrx_word' id='word_1_871' title='bbox 1310 2268 1343 2296; x_wconf 86' lang='lat' dir='ltr'><strong>Et</strong></span> <span class='ocrx_word' id='word_1_872' title='bbox 1362 2276 1454 2295; x_wconf 89' lang='lat' dir='ltr'><strong>rursus</strong></span> <span class='ocrx_word' id='word_1_873' title='bbox 1473 2269 1569 2296; x_wconf 88' lang='lat' dir='ltr'><strong>alicubi</strong></span> <span class='ocrx_word' id='word_1_874' title='bbox 1581 2289 1588 2301; x_wconf 89' lang='lat'><strong>,</strong></span> <span class='ocrx_word' id='word_1_875' title='bbox 1612 2268 1684 2296; x_wconf 81' lang='lat' dir='ltr'><strong>Illors</strong></span> <span class='ocrx_word' id='word_1_876' title='bbox 1699 2274 1858 2303; x_wconf 79' lang='lat' dir='ltr'><strong>peccatorum</strong></span> 
     </span>
    </p>
   </div>
   <div class='ocr_carea' id='block_1_108' title="bbox 1066 2313 1859 2350">
    <p class='ocr_par' dir='ltr' id='par_1_108' title="bbox 1066 2313 1859 2350">
     <span class='ocr_line' id='line_1_108' title="bbox 1066 2313 1859 2350; baseline 0.001 -11"><span class='ocrx_word' id='word_1_877' title='bbox 1066 2314 1174 2349; x_wconf 74' lang='lat' dir='ltr'><strong>pessima</strong></span> <span class='ocrx_word' id='word_1_878' title='bbox 1188 2313 1197 2350; x_wconf 92' lang='lat'>(</span> <span class='ocrx_word' id='word_1_879' title='bbox 1211 2313 1282 2340; x_wconf 76' lang='lat' dir='ltr'><strong>I’sal.</strong></span> <span class='ocrx_word' id='word_1_880' title='bbox 1298 2314 1342 2341; x_wconf 76' lang='lat'><strong>55.</strong></span> <span class='ocrx_word' id='word_1_881' title='bbox 1356 2314 1422 2349; x_wconf 70' lang='lat'><strong>‘12).</strong></span> <span class='ocrx_word' id='word_1_882' title='bbox 1441 2313 1519 2342; x_wconf 77' lang='lat' dir='ltr'><strong>Vides</strong></span> <span class='ocrx_word' id='word_1_883' title='bbox 1543 2314 1593 2341; x_wconf 89' lang='lat' dir='ltr'><strong>hoc</strong></span> <span class='ocrx_word' id='word_1_884' title='bbox 1615 2321 1719 2349; x_wconf 90' lang='lat' dir='ltr'><strong>quoque</strong></span> <span class='ocrx_word' id='word_1_885' title='bbox 1743 2314 1859 2341; x_wconf 83' lang='lat' dir='ltr'><strong>inediqu</strong></span> 
     </span>
    </p>
   </div>
   <div class='ocr_carea' id='block_1_109' title="bbox 1066 2360 1858 2392">
    <p class='ocr_par' dir='ltr' id='par_1_109' title="bbox 1066 2360 1858 2392">
     <span class='ocr_line' id='line_1_109' title="bbox 1066 2360 1858 2392; baseline 0.001 -6"><span class='ocrx_word' id='word_1_886' title='bbox 1066 2367 1124 2387; x_wconf 87' lang='lat' dir='ltr'><strong>esse</strong></span> <span class='ocrx_word' id='word_1_887' title='bbox 1135 2381 1142 2392; x_wconf 96' lang='lat'><strong>,</strong></span> <span class='ocrx_word' id='word_1_888' title='bbox 1158 2368 1207 2387; x_wconf 89' lang='lat' dir='ltr'><strong>nec</strong></span> <span class='ocrx_word' id='word_1_889' title='bbox 1222 2360 1343 2387; x_wconf 85' lang='lat' dir='ltr'><strong>absolute</strong></span> <span class='ocrx_word' id='word_1_890' title='bbox 1364 2360 1463 2388; x_wconf 89' lang='lat' dir='ltr'><strong>bonum</strong></span> <span class='ocrx_word' id='word_1_891' title='bbox 1478 2381 1486 2392; x_wconf 93' lang='lat'><strong>,</strong></span> <span class='ocrx_word' id='word_1_892' title='bbox 1509 2367 1558 2388; x_wconf 91' lang='lat' dir='ltr'><strong>nec</strong></span> <span class='ocrx_word' id='word_1_893' title='bbox 1579 2360 1641 2388; x_wconf 85' lang='lat' dir='ltr'><strong>item</strong></span> <span class='ocrx_word' id='word_1_894' title='bbox 1662 2360 1784 2388; x_wconf 83' lang='lat' dir='ltr'><strong>absolute</strong></span> <span class='ocrx_word' id='word_1_895' title='bbox 1801 2369 1858 2387; x_wconf 69' lang='lat' dir='ltr'><strong>nta&lt;</strong></span> 
     </span>
    </p>
   </div>
   <div class='ocr_carea' id='block_1_110' title="bbox 1065 2406 1860 2442">
    <p class='ocr_par' dir='ltr' id='par_1_110' title="bbox 1065 2406 1860 2442">
     <span class='ocr_line' id='line_1_110' title="bbox 1065 2406 1860 2442; baseline 0.003 -10"><span class='ocrx_word' id='word_1_896' title='bbox 1065 2406 1130 2438; x_wconf 86' lang='lat' dir='ltr'><strong>lum,</strong></span> <span class='ocrx_word' id='word_1_897' title='bbox 1143 2407 1188 2433; x_wconf 85' lang='lat' dir='ltr'><strong>sed</strong></span> <span class='ocrx_word' id='word_1_898' title='bbox 1205 2414 1252 2441; x_wconf 89' lang='lat' dir='ltr'><strong>pro</strong></span> <span class='ocrx_word' id='word_1_899' title='bbox 1266 2407 1367 2434; x_wconf 89' lang='lat' dir='ltr'><strong>ratione</strong></span> <span class='ocrx_word' id='word_1_900' title='bbox 1380 2407 1460 2434; x_wconf 88' lang='lat' dir='ltr'><strong>animi</strong></span> <span class='ocrx_word' id='word_1_901' title='bbox 1473 2411 1499 2434; x_wconf 90' lang='lat' dir='ltr'><strong>et</strong></span> <span class='ocrx_word' id='word_1_902' title='bbox 1511 2407 1622 2434; x_wconf 77' lang='lat' dir='ltr'><strong>affectus</strong></span> <span class='ocrx_word' id='word_1_903' title='bbox 1635 2415 1726 2434; x_wconf 87' lang='lat' dir='ltr'><strong>eorum</strong></span> <span class='ocrx_word' id='word_1_904' title='bbox 1738 2415 1753 2434; x_wconf 92' lang='lat' dir='ltr'><strong>a</strong></span> <span class='ocrx_word' id='word_1_905' title='bbox 1764 2407 1860 2442; x_wconf 79' lang='lat' dir='ltr'><strong>quibus</strong></span> 
     </span>
    </p>
   </div>
   <div class='ocr_carea' id='block_1_111' title="bbox 1066 2452 1858 2487">
    <p class='ocr_par' dir='ltr' id='par_1_111' title="bbox 1066 2452 1858 2487">
     <span class='ocr_line' id='line_1_111' title="bbox 1066 2452 1858 2487; baseline -0.001 -8"><span class='ocrx_word' id='word_1_906' title='bbox 1066 2452 1129 2479; x_wconf 89' lang='lat' dir='ltr'><strong>illud</strong></span> <span class='ocrx_word' id='word_1_907' title='bbox 1145 2453 1296 2487; x_wconf 80' lang='lat' dir='ltr'><strong>excipitur?</strong></span> <span class='ocrx_word' id='word_1_908' title='bbox 1315 2452 1416 2479; x_wconf 89' lang='lat' dir='ltr'><strong>Idcirco</strong></span> <span class='ocrx_word' id='word_1_909' title='bbox 1431 2457 1460 2480; x_wconf 92' lang='lat' dir='ltr'><strong>et</strong></span> <span class='ocrx_word' id='word_1_910' title='bbox 1480 2453 1692 2487; x_wconf 87' lang='lat' dir='ltr'><strong>sapientissimus</strong></span> <span class='ocrx_word' id='word_1_911' title='bbox 1707 2452 1834 2480; x_wconf 75' lang='lat' dir='ltr'><strong>Saluium:</strong></span> <span class='ocrx_word' id='word_1_912' title='bbox 1851 2474 1858 2484; x_wconf 88' lang='lat'><strong>,</strong></span> 
     </span>
    </p>
   </div>
   <div class='ocr_carea' id='block_1_112' title="bbox 1065 2498 1859 2533">
    <p class='ocr_par' dir='ltr' id='par_1_112' title="bbox 1065 2498 1859 2533">
     <span class='ocr_line' id='line_1_112' title="bbox 1065 2498 1859 2533; baseline 0 -8"><span class='ocrx_word' id='word_1_913' title='bbox 1065 2498 1127 2525; x_wconf 91' lang='lat' dir='ltr'><strong>dum</strong></span> <span class='ocrx_word' id='word_1_914' title='bbox 1144 2498 1283 2526; x_wconf 79' lang='lat' dir='ltr'><strong>utilitatem</strong></span> <span class='ocrx_word' id='word_1_915' title='bbox 1299 2503 1512 2532; x_wconf 81' lang='lat' dir='ltr'><strong>commemorat,</strong></span> <span class='ocrx_word' id='word_1_916' title='bbox 1528 2506 1587 2533; x_wconf 56' lang='lat' dir='ltr'><strong>qute</strong></span> <span class='ocrx_word' id='word_1_917' title='bbox 1603 2499 1628 2525; x_wconf 92' lang='lat' dir='ltr'><strong>in</strong></span> <span class='ocrx_word' id='word_1_918' title='bbox 1643 2499 1732 2525; x_wconf 83' lang='lat' dir='ltr'><strong>medio</strong></span> <span class='ocrx_word' id='word_1_919' title='bbox 1746 2499 1859 2525; x_wconf 85' lang='lat' dir='ltr'><strong>istorum</strong></span> 
     </span>
    </p>
   </div>
   <div class='ocr_carea' id='block_1_113' title="bbox 1066 2543 1859 2578">
    <p class='ocr_par' dir='ltr' id='par_1_113' title="bbox 1066 2543 1859 2578">
     <span class='ocr_line' id='line_1_113' title="bbox 1066 2543 1859 2578; baseline -0.004 -7"><span class='ocrx_word' id='word_1_920' title='bbox 1066 2548 1106 2571; x_wconf 87' lang='lat' dir='ltr'><strong>cst</strong></span> <span class='ocrx_word' id='word_1_921' title='bbox 1121 2544 1203 2578; x_wconf 82' lang='lat' dir='ltr'><strong>posita</strong></span> <span class='ocrx_word' id='word_1_922' title='bbox 1217 2563 1224 2576; x_wconf 92' lang='lat'><strong>,</strong></span> <span class='ocrx_word' id='word_1_923' title='bbox 1246 2548 1273 2571; x_wconf 90' lang='lat' dir='ltr'><strong>et</strong></span> <span class='ocrx_word' id='word_1_924' title='bbox 1287 2543 1321 2571; x_wconf 89' lang='lat' dir='ltr'><strong>de</strong></span> <span class='ocrx_word' id='word_1_925' title='bbox 1336 2543 1377 2570; x_wconf 90' lang='lat' dir='ltr'><strong>his</strong></span> <span class='ocrx_word' id='word_1_926' title='bbox 1391 2544 1604 2578; x_wconf 83' lang='lat' dir='ltr'><strong>philosophatur,</strong></span> <span class='ocrx_word' id='word_1_927' title='bbox 1621 2543 1790 2578; x_wconf 88' lang='lat' dir='ltr'><strong>ostenditque</strong></span> <span class='ocrx_word' id='word_1_928' title='bbox 1807 2551 1859 2570; x_wconf 84' lang='lat' dir='ltr'><strong>non</strong></span> 
     </span>
    </p>
   </div>
   <div class='ocr_carea' id='block_1_114' title="bbox 1067 2589 1860 2622">
    <p class='ocr_par' dir='ltr' id='par_1_114' title="bbox 1067 2589 1860 2622">
     <span class='ocr_line' id='line_1_114' title="bbox 1067 2589 1860 2622; baseline 0 -6"><span class='ocrx_word' id='word_1_929' title='bbox 1067 2589 1117 2616; x_wconf 93' lang='lat' dir='ltr'><strong>hoc</strong></span> <span class='ocrx_word' id='word_1_930' title='bbox 1130 2589 1252 2617; x_wconf 89' lang='lat' dir='ltr'><strong>absolute</strong></span> <span class='ocrx_word' id='word_1_931' title='bbox 1267 2589 1366 2617; x_wconf 89' lang='lat' dir='ltr'><strong>bonum</strong></span> <span class='ocrx_word' id='word_1_932' title='bbox 1380 2597 1440 2617; x_wconf 89' lang='lat' dir='ltr'><strong>esse</strong></span> <span class='ocrx_word' id='word_1_933' title='bbox 1452 2611 1459 2622; x_wconf 86' lang='lat'><strong>,</strong></span> <span class='ocrx_word' id='word_1_934' title='bbox 1475 2594 1502 2616; x_wconf 88' lang='lat' dir='ltr'><strong>et</strong></span> <span class='ocrx_word' id='word_1_935' title='bbox 1516 2589 1580 2616; x_wconf 94' lang='lat' dir='ltr'><strong>illud</strong></span> <span class='ocrx_word' id='word_1_936' title='bbox 1596 2590 1695 2616; x_wconf 90' lang='lat' dir='ltr'><strong>malum</strong></span> <span class='ocrx_word' id='word_1_937' title='bbox 1709 2609 1716 2622; x_wconf 90' lang='lat'><strong>,</strong></span> <span class='ocrx_word' id='word_1_938' title='bbox 1732 2590 1778 2616; x_wconf 90' lang='lat' dir='ltr'><strong>sed</strong></span> <span class='ocrx_word' id='word_1_939' title='bbox 1795 2597 1860 2616; x_wconf 88' lang='lat' dir='ltr'><strong>con-</strong></span> 
     </span>
    </p>
   </div>
   <div class='ocr_carea' id='block_1_115' title="bbox 1065 2635 1860 2670">
    <p class='ocr_par' dir='ltr' id='par_1_115' title="bbox 1065 2635 1860 2670">
     <span class='ocr_line' id='line_1_115' title="bbox 1065 2635 1860 2670; baseline 0.001 -8"><span class='ocrx_word' id='word_1_940' title='bbox 1065 2635 1180 2662; x_wconf 86' lang='lat' dir='ltr'><strong>veuienti</strong></span> <span class='ocrx_word' id='word_1_941' title='bbox 1201 2643 1262 2662; x_wconf 93' lang='lat' dir='ltr'><strong>cum</strong></span> <span class='ocrx_word' id='word_1_942' title='bbox 1277 2640 1397 2670; x_wconf 87' lang='lat' dir='ltr'><strong>tempore</strong></span> <span class='ocrx_word' id='word_1_943' title='bbox 1413 2635 1471 2662; x_wconf 86' lang='lat' dir='ltr'><strong>ﬁeri</strong></span> <span class='ocrx_word' id='word_1_944' title='bbox 1487 2635 1555 2662; x_wconf 87' lang='lat' dir='ltr'><strong>hona</strong></span> <span class='ocrx_word' id='word_1_945' title='bbox 1569 2655 1576 2667; x_wconf 83' lang='lat'><strong>,</strong></span> <span class='ocrx_word' id='word_1_946' title='bbox 1595 2635 1658 2663; x_wconf 87' lang='lat' dir='ltr'><strong>licet</strong></span> <span class='ocrx_word' id='word_1_947' title='bbox 1672 2636 1784 2663; x_wconf 87' lang='lat' dir='ltr'><strong>molesta</strong></span> <span class='ocrx_word' id='word_1_948' title='bbox 1800 2643 1860 2663; x_wconf 86' lang='lat' dir='ltr'><strong>esse</strong></span> 
     </span>
    </p>
   </div>
   <div class='ocr_carea' id='block_1_116' title="bbox 1066 2680 1859 2718">
    <p class='ocr_par' dir='ltr' id='par_1_116' title="bbox 1066 2680 1859 2718">
     <span class='ocr_line' id='line_1_116' title="bbox 1066 2680 1859 2718; baseline 0 -10"><span class='ocrx_word' id='word_1_949' title='bbox 1066 2681 1214 2714; x_wconf 84' lang='lat' dir='ltr'><strong>videantur,</strong></span> <span class='ocrx_word' id='word_1_950' title='bbox 1228 2680 1265 2717; x_wconf 80' lang='grc' dir='ltr'><strong>(α)</strong></span> <span class='ocrx_word' id='word_1_951' title='bbox 1275 2681 1313 2718; x_wconf 87' lang='lat' dir='ltr'><strong>[et</strong></span> <span class='ocrx_word' id='word_1_952' title='bbox 1323 2681 1402 2713; x_wconf 84' lang='lat' dir='ltr'><strong>mala,</strong></span> <span class='ocrx_word' id='word_1_953' title='bbox 1417 2681 1478 2709; x_wconf 89' lang='lat' dir='ltr'><strong>licet</strong></span> <span class='ocrx_word' id='word_1_954' title='bbox 1489 2681 1605 2716; x_wconf 86' lang='lat' dir='ltr'><strong>jucunda</strong></span> <span class='ocrx_word' id='word_1_955' title='bbox 1619 2689 1678 2710; x_wconf 90' lang='lat' dir='ltr'><strong>esse</strong></span> <span class='ocrx_word' id='word_1_956' title='bbox 1689 2681 1829 2709; x_wconf 81' lang='lat' dir='ltr'><strong>videantur</strong></span> <span class='ocrx_word' id='word_1_957' title='bbox 1840 2681 1859 2718; x_wconf 85' lang='lat'><strong>:]</strong></span> 
     </span>
    </p>
   </div>
   <div class='ocr_carea' id='block_1_117' title="bbox 1065 2727 1860 2763">
    <p class='ocr_par' dir='ltr' id='par_1_117' title="bbox 1065 2727 1860 2763">
     <span class='ocr_line' id='line_1_117' title="bbox 1065 2727 1860 2763; baseline 0 -10"><span class='ocrx_word' id='word_1_958' title='bbox 1065 2735 1125 2754; x_wconf 91' lang='lat' dir='ltr'><strong>cum</strong></span> <span class='ocrx_word' id='word_1_959' title='bbox 1140 2735 1192 2754; x_wconf 92' lang='lat' dir='ltr'><strong>non</strong></span> <span class='ocrx_word' id='word_1_960' title='bbox 1205 2727 1372 2754; x_wconf 87' lang='lat' dir='ltr'><strong>convenienti</strong></span> <span class='ocrx_word' id='word_1_961' title='bbox 1387 2728 1452 2754; x_wconf 88' lang='lat' dir='ltr'><strong>fiunt</strong></span> <span class='ocrx_word' id='word_1_962' title='bbox 1465 2733 1594 2762; x_wconf 78' lang='lat' dir='ltr'><strong>tempore,</strong></span> <span class='ocrx_word' id='word_1_963' title='bbox 1610 2728 1716 2755; x_wconf 85' lang='lat' dir='ltr'><strong>dicebat</strong></span> <span class='ocrx_word' id='word_1_964' title='bbox 1731 2728 1860 2763; x_wconf 70' lang='lat' dir='ltr'><strong>:Tempus</strong></span> 
     </span>
    </p>
   </div>
   <div class='ocr_carea' id='block_1_118' title="bbox 1065 2773 1860 2810">
    <p class='ocr_par' dir='ltr' id='par_1_118' title="bbox 1065 2773 1860 2810">
     <span class='ocr_line' id='line_1_118' title="bbox 1065 2773 1860 2810; baseline 0.001 -10"><span class='ocrx_word' id='word_1_965' title='bbox 1065 2773 1144 2808; x_wconf 83' lang='lat' dir='ltr'><strong>ﬂendi</strong></span> <span class='ocrx_word' id='word_1_966' title='bbox 1157 2778 1180 2800; x_wconf 84' lang='lat' dir='ltr'><strong>et</strong></span> <span class='ocrx_word' id='word_1_967' title='bbox 1193 2778 1289 2808; x_wconf 78' lang='lat' dir='ltr'><strong>tempus</strong></span> <span class='ocrx_word' id='word_1_968' title='bbox 1303 2773 1401 2800; x_wconf 85' lang='lat' dir='ltr'><strong>ridendi</strong></span> <span class='ocrx_word' id='word_1_969' title='bbox 1412 2784 1421 2800; x_wconf 86' lang='lat'><em>:</em></span> <span class='ocrx_word' id='word_1_970' title='bbox 1431 2778 1527 2810; x_wconf 67' lang='lat' dir='ltr'><strong>tempus</strong></span> <span class='ocrx_word' id='word_1_971' title='bbox 1542 2774 1648 2808; x_wconf 81' lang='lat' dir='ltr'><strong>vivendi,</strong></span> <span class='ocrx_word' id='word_1_972' title='bbox 1662 2779 1685 2801; x_wconf 83' lang='lat' dir='ltr'><strong>et</strong></span> <span class='ocrx_word' id='word_1_973' title='bbox 1699 2779 1795 2810; x_wconf 75' lang='lat' dir='ltr'><strong>tempus</strong></span> <span class='ocrx_word' id='word_1_974' title='bbox 1807 2782 1860 2801; x_wconf 82' lang='lat' dir='ltr'><strong>mo-</strong></span> 
     </span>
    </p>
   </div>
   <div class='ocr_carea' id='block_1_119' title="bbox 1097 2851 1859 2885">
    <p class='ocr_par' dir='ltr' id='par_1_119' title="bbox 1097 2851 1859 2885">
     <span class='ocr_line' id='line_1_119' title="bbox 1097 2851 1859 2885; baseline -0.003 -8"><span class='ocrx_word' id='word_1_975' title='bbox 1097 2852 1134 2883; x_wconf 82' lang='lat' dir='ltr'><strong>(u)</strong></span> <span class='ocrx_word' id='word_1_976' title='bbox 1150 2856 1205 2881; x_wconf 78' lang='lat' dir='ltr'><strong>Qua:</strong></span> <span class='ocrx_word' id='word_1_977' title='bbox 1214 2852 1308 2885; x_wconf 83' lang='lat' dir='ltr'><strong>uncinis</strong></span> <span class='ocrx_word' id='word_1_978' title='bbox 1320 2852 1464 2876; x_wconf 86' lang='lat' dir='ltr'><strong>clauduntur</strong></span> <span class='ocrx_word' id='word_1_979' title='bbox 1475 2852 1565 2877; x_wconf 86' lang='lat' dir='ltr'><strong>desunt</strong></span> <span class='ocrx_word' id='word_1_980' title='bbox 1577 2852 1601 2876; x_wconf 93' lang='lat' dir='ltr'><strong>in</strong></span> <span class='ocrx_word' id='word_1_981' title='bbox 1624 2855 1720 2881; x_wconf 57' lang='lat' dir='ltr'><strong>Gram;</strong></span> <span class='ocrx_word' id='word_1_982' title='bbox 1796 2851 1859 2875; x_wconf 80' lang='lat' dir='ltr'><strong>desi-</strong></span> 
     </span>
    </p>
   </div>
   <div class='ocr_carea' id='block_1_120' title="bbox 1065 2882 1859 2915">
    <p class='ocr_par' dir='ltr' id='par_1_120' title="bbox 1065 2882 1859 2915">
     <span class='ocr_line' id='line_1_120' title="bbox 1065 2882 1859 2915; baseline -0.003 -8"><span class='ocrx_word' id='word_1_983' title='bbox 1065 2883 1181 2907; x_wconf 77' lang='lat' dir='ltr'><strong>derantur</strong></span> <span class='ocrx_word' id='word_1_984' title='bbox 1193 2884 1221 2906; x_wconf 85' lang='lat' dir='ltr'><strong>ad</strong></span> <span class='ocrx_word' id='word_1_985' title='bbox 1233 2883 1332 2915; x_wconf 74' lang='lat' dir='ltr'><strong>seriem,</strong></span> <span class='ocrx_word' id='word_1_986' title='bbox 1346 2890 1426 2915; x_wconf 84' lang='lat' dir='ltr'><strong>eaque</strong></span> <span class='ocrx_word' id='word_1_987' title='bbox 1438 2887 1523 2908; x_wconf 74' lang='lat' dir='ltr'><strong>Fronto</strong></span> <span class='ocrx_word' id='word_1_988' title='bbox 1543 2887 1650 2914; x_wconf 73' lang='lat' dir='ltr'><strong>vitemus,</strong></span> <span class='ocrx_word' id='word_1_989' title='bbox 1661 2890 1709 2908; x_wconf 89' lang='lat' dir='ltr'><strong>non</strong></span> <span class='ocrx_word' id='word_1_990' title='bbox 1719 2882 1794 2907; x_wconf 79' lang='lat' dir='ltr'><strong>dubia</strong></span> <span class='ocrx_word' id='word_1_991' title='bbox 1801 2889 1820 2906; x_wconf 41' lang='lat' dir='ltr'><strong>et</strong></span> <span class='ocrx_word' id='word_1_992' title='bbox 1832 2888 1859 2905; x_wconf 73' lang='grc' dir='ltr'>ἰ-</span> 
     </span>
    </p>
   </div>
   <div class='ocr_carea' id='block_1_121' title="bbox 1065 2914 1311 2945">
    <p class='ocr_par' dir='ltr' id='par_1_121' title="bbox 1065 2914 1311 2945">
     <span class='ocr_line' id='line_1_121' title="bbox 1065 2914 1311 2945; baseline -0.004 -6"><span class='ocrx_word' id='word_1_993' title='bbox 1065 2916 1168 2944; x_wconf 78' lang='lat' dir='ltr'><strong>jectura,</strong></span> <span class='ocrx_word' id='word_1_994' title='bbox 1181 2914 1311 2945; x_wconf 77' lang='lat' dir='ltr'><strong>supplevit.</strong></span> 
     </span>
    </p>
   </div>
  </div>
