2072 3122
229 90 280 117 117

226 147 340 179 πλοῦτος
353 146 433 174 πάλιν
445 147 518 174 δοκεῖ
529 149 578 184 μὲν
589 149 696 180 πολλοῖς
706 147 775 177 εἶναι
787 151 879 182 καλὸν,
893 151 942 176 οὐκ
954 149 1012 176 ἔστι

227 190 254 217 δὲ
270 189 363 221 ἁπλῶς
382 190 474 221 καλὸν,
489 191 514 217 εί
537 194 573 226 μή
588 200 629 223 τις
643 193 684 224 είς
699 192 758 219 δέον
778 192 852 227 αὺτῷ
873 192 1012 228 χρώμενος

227 232 278 267 εἴη.
289 231 321 258 Εἰ
334 231 389 267 γὰρ
404 231 497 264 ἁπλῶς
511 233 592 259 καλὸν
602 231 636 269 ἦν
650 235 665 260 6
678 233 801 265 πλοῦτος,
817 234 869 260 ἔδει
887 235 934 261 καὶ
949 235 1013 266 τοὺς

226 275 336 310 ἔχοντας
348 274 429 301 αὐτὴν
442 273 510 302 εἶναι
521 275 630 307 καλοῦς’
651 277 676 303 εί
690 276 719 303 δὲ
734 276 764 303 οὐ
785 277 885 308 πάντες
898 277 922 303 οἱ
933 277 1014 303 πλου-

224 316 332 348 τοῦντες
355 317 486 352 ὲνάρετοι,
506 317 562 344 ἀλλ’
582 318 606 344 οί
622 318 712 350 καλῶς
731 318 769 353 τῷ
785 318 892 354 πλούτῳ
911 327 1013 354 κεχρη-

226 359 311 394 μένοι,
324 358 435 394 εὔδηλον
443 359 483 386 ὃτι
499 360 547 395 οὐχ
558 360 651 391 ἀτελῶς
662 357 803 387 αὐτὸκαθ’
816 360 896 387 ἑαυτὸ
905 362 918 387 6
933 360 1012 388 πλοῦ-

223 411 268 433 τος
292 401 382 433 καλὸν,
408 401 464 427 ἀλλ’
481 401 531 436 ῦλη
552 401 594 432 τίς
617 402 690 429 ἐστιν
712 402 813 438 ἀρετῆς
834 403 862 429 ὲν
878 402 917 438 τῷ
936 402 1011 438 μέσῳ

224 444 347 479 κειμένη.
362 444 462 470 Σκόπει
477 443 514 470 δέ.
535 444 610 470 Εἰσὶν
627 445 656 470 έν
675 443 715 479 τῷ
734 444 840 479 σώματι
857 444 1009 479 ποιότητες,

222 487 254 518 ἃς
269 486 294 512 οἱ
307 485 414 520 ἔχοντες
434 485 481 512 ἀπ’
493 485 583 512 αὐτῶν
598 485 752 513 καλοῦνται.
767 484 829 513 Οίόν
841 495 866 513 τι
879 486 963 521 λέγω·
980 487 1010 513 τὸ

223 529 317 555 λευκὸν
332 529 381 555 οὐκ
400 528 473 555 ἔστιν
491 529 580 558 οὐσία,
593 528 659 555 ἀλλά
671 529 790 564 ποιότης,
809 530 855 556 καὶ
870 529 1009 564 συμϐεϐη-

223 571 269 602 κὺς
285 571 472 606 ὲπιγινόμενον
490 572 522 606 τῇ
541 571 631 606 οὐσίᾳ·
652 571 685 597 ἂν
702 568 748 598 οὖν
759 580 811 598 τινι
825 572 1009 607 προσγένηται

221 613 310 643 τοῦτο,
321 613 415 639 λευκὸν
423 613 469 639 τὸν
478 612 598 639 τοιοῦτον
609 612 853 648 καλοῦμεν.’Ἑστιν
867 613 1009 648 ἀρρωστία

223 656 301 683 πάλιν
317 656 365 682 καὶ
385 655 454 690 αὑτὴ
471 655 582 691 ποιότης
602 664 645 687 τις
661 653 729 683 οὖσα
746 656 792 682 καὶ
817 655 1007 691 ωμόεὸηκός·

221 699 271 724 κᾶν
285 707 337 724 τινι
357 698 558 733 προσγένηται,
581 698 721 734 ἄρρωστον
745 699 790 725 τὸν
814 698 935 724 τοιοῦτον
957 707 1007 724 κα-

220 740 328 775 λοῦμεν.
345 741 376 766 El
395 740 484 767 τοίνυν
500 740 547 767 καὶ
563 739 578 766 ὁ
595 740 708 772 πλοῦτος
723 737 758 776 ἦν
776 740 871 776 ἁρετὴ,
890 740 943 766 ἔδει
962 740 1007 766 τὸν

220 782 315 817 ἔχοντα
334 782 378 809 τὸν
393 782 506 809 πλοῦτον
523 782 648 818 ἐνάρετον
663 780 733 809 εἶναι
754 782 801 808 καὶ
818 781 961 816 λέγεσθαι·
982 782 1006 808 εί

219 825 246 851 δὲ
263 825 293 850 οὐ
309 825 416 856 πάντως
431 826 445 851 6
464 824 588 856 πλούσιος
612 825 749 859 ἐνάρετος,
765 824 814 851 οὐκ
833 824 927 859 ἀρετὴ,
945 823 1006 850 οὐδὲ

220 867 302 893 καλὸν
314 868 327 893 6
345 866 460 898 πλοῦτος
480 867 582 898 ἁπλῶς,
601 867 668 893 ἀλλὰ
680 867 754 902 παρὰ
767 866 814 901 τὴν
827 866 938 901 γνώμην
957 865 1005 892 τοῦ

220 909 359 943 χρωμένου
374 908 453 935 τοῦτο
466 909 580 943 γίνεται.
593 908 678 935 Πάλιν
691 910 708 944 ἡ
727 908 807 935 πενία
822 909 846 934 εἰ
866 907 949 935 κακὸν
960 906 1004 944 ἦν,

219 951 271 977 ἔδει
288 951 351 982 τοὺς
363 952 392 978 ὲν
401 951 481 986 πενίᾳ
498 951 621 983 ἃπαντας
636 950 704 978 εἶναι
718 950 833 982 κακούς·
854 951 878 977 εἰ
897 949 925 977 δὲ
939 949 1004 976 πολ-

218 993 257 1018 λοὶ
268 993 321 1019 τῶν
334 994 362 1020 ἐν
374 993 455 1028 πενίᾳ
471 993 555 1034 ὄντων
572 993 626 1020 τῶν
637 993 759 1029 οὐρανῶν
771 991 941 1022 ἐπελάΰοντο.
954 992 1004 1019 οὐκ

217 1035 270 1070 ἄρα
288 1036 304 1070 ὴ
323 1035 402 1061 πενία
419 1037 514 1062 κακόν.

251 1086 280 1113 6’.
299 1086 332 1112 Τί
343 1083 400 1119 οὖν,
411 1087 452 1113 ὅτι
464 1086 557 1113 πολλοὶ
567 1085 756 1122 βλασφημοῦσι
766 1086 810 1112 διὰ
824 1086 872 1121 τὴν
887 1086 1001 1118 πενίανς

217 1131 307 1164 ᾳησίν.
323 1130 361 1158 Οὺ
374 1130 417 1157 διὰ
428 1131 477 1166 τὴν
488 1131 594 1163 πενίαν,
611 1131 677 1157 ἀλλά
689 1131 732 1157 διὰ
745 1131 794 1166 τὴν
805 1131 908 1157 οἰκείαν
923 1131 1004 1164 ἀφρο-

217 1175 297 1209 σύνην
308 1183 337 1200 τε
355 1175 401 1201 καὶ
413 1174 596 1210 μικροψυχίαν
608 1175 687 1202 τοῦτο
699 1176 815 1202 ποιοῦσι.
832 1175 887 1201 Καὶ
901 1174 1002 1201 τούτων

215 1219 348 1252 ἀπόδειξις
360 1221 374 1247 6
385 1220 519 1255 μακάριος
532 1220 602 1253 Ἰὼϐ,
611 1221 640 1252 ὃς
652 1222 682 1248 ἐν
697 1221 799 1256 ἐσχάτῃ
811 1219 943 1256 πενίᾳῶν,
955 1219 1002 1246 καὶ

215 1264 282 1300 πρός
295 1266 361 1292 αὐτὸ
377 1265 427 1300 τῆς
448 1266 541 1298 πενίας
557 1266 728 1301 κατενεχθείς
751 1265 784 1292 τὸ
800 1265 947 1301 βάραθρον,
969 1267 1000 1292 ού

217 1309 294 1344 μόνον
306 1310 356 1336 οὐκ
372 1310 594 1346 ἐϐλασφήμησεν,
607 1311 664 1337 ἀλλ’
680 1310 798 1345 εὐλογῶν
817 1310 861 1338 τὸν
876 1310 941 1336 Θεὸν
951 1309 1002 1336 διε-

213 1354 293 1387 τέλει,
311 1355 414 1389 λέγων’
445 1355 476 1381 '0
497 1356 604 1389 Κύριος
621 1355 742 1386 ἔδωκεν,
755 1357 771 1381 ὁ
789 1355 894 1389 Κύριος
917 1354 1000 1389 ἀφεί-

212 1400 293 1425 λετο·
311 1399 352 1432 ὡς
367 1398 407 1431 τῷ
417 1399 515 1433 Κυρίῳ
524 1399 640 1432 ἔδοξεν,
655 1400 732 1426 οὕτω
748 1399 796 1426 καὶ
808 1398 926 1433 ἐγένετο
937 1408 942 1413 ·
953 1399 999 1433 εἴη

212 1442 244 1469 τὸ
264 1443 359 1478 ὄνομα
381 1444 491 1477 Κυρίου
507 1444 712 1479 δὺλογημέινον
730 1445 774 1477 εἰς
791 1443 863 1476 τοὺς
879 1442 998 1476 αἰῶνας.

219 1488 297 1514 Ἀλλά
312 1488 360 1515 καὶ
372 1489 417 1516 διὰ
432 1489 478 1516 τὸν
489 1488 604 1516 πλοῦτον
619 1489 723 1521 πολλοὶ,
741 1488 833 1523 φησὶν,
846 1487 998 1524 ἁρπάζουσι

212 1533 258 1559 καὶ
279 1532 499 1560 πλεονεκτοῦσιν.
524 1533 594 1560 Ἀλλ’
606 1533 636 1560 οὐ
654 1533 698 1560 διὰ
725 1532 770 1559 τὸν
789 1533 912 1565 πλοῦτον,
932 1531 998 1559 ἀλλὰ

211 1576 254 1604 διὰ
266 1577 316 1612 τὴν
329 1578 433 1604 οἰκείαν
448 1577 606 1614 ἀφροσύνην
615 1586 621 1593 ·
635 1578 683 1604 καὶ
691 1577 785 1604 τούτου
803 1578 907 1613 μάρτυς
919 1576 999 1603 πάλιν

211 1622 224 1647 6
240 1622 320 1653 αὐτὸς
345 1622 487 1656 ἄνθρωπος
508 1618 595 1653 οὗτος,
613 1622 642 1654 ὃς
659 1623 687 1648 ὲν
709 1622 828 1656 τοσούτῳ
844 1620 951 1655 πλούτῳ
968 1620 997 1646 οὺ

213 1666 292 1700 μόνον
308 1667 357 1701 οὐχ
371 1667 480 1702 ἥρπασε
498 1667 532 1694 τὰ
545 1666 656 1702 ἐτέρων,
678 1666 747 1693 ἀλλὰ
765 1666 811 1693 καὶ
827 1666 862 1692 τά
876 1667 963 1692 οίκεῖα
984 1671 997 1685 ιι

211 1709 329 1746 [ἐδίδου],
346 1712 393 1738 καὶ
413 1711 511 1746 λιμένα
530 1713 588 1743 τοῖς
600 1711 686 1745 ξένοις
701 1710 910 1743 κατεσκεύαζεν,
928 1710 998 1737 οὕτω

210 1754 309 1789 λέγων·
331 1755 363 1782 Ἠ
382 1755 462 1782 οἰκία
483 1764 543 1790 μου
560 1755 651 1782 παντὶ
672 1755 748 1787 ξένῳ
777 1754 853 1790 [151]
878 1754 998 1782 ἐλθόντι

209 1799 349 1833 ἡνέῳκτο.
370 1800 425 1826 Καὶ
449 1801 462 1826 6
483 1799 609 1836 Ἀϐραὰμ
632 1800 746 1826 πλοῦτον
768 1799 896 1826 τοσοῦτον
916 1798 996 1834 ἔχων,

208 1846 263 1876 τοῖς
281 1844 410 1880 παριοῦσι
422 1845 510 1872 πάντα
521 1845 642 1872 ἐδαπάνα
653 1853 659 1860 ”
676 1845 723 1872 καὶ
737 1844 798 1872 οὔτε
816 1844 920 1876 τοῦτον,
935 1843 997 1871 οὔτε

207 1889 310 1916 ἐκεῖνον
330 1890 494 1925 πλεονέκτην
512 1891 526 1917 6
543 1889 657 1922 πλοῦτος
671 1890 807 1924 ἐποίησεν,
824 1889 919 1925 ὥσπερ
937 1889 996 1916 οὐδὲ

213 1933 372 1968 βλάσφημον
388 1933 450 1960 οὔτε
465 1934 580 1964 ἐκεῖνον,
593 1933 655 1960 οὔτε
669 1934 715 1960 τὸν
729 1933 853 1968 Λάζαρον
867 1935 884 1969 ἡ
900 1933 994 1960 πενία·

206 1977 264 2003 ἀλλ’
285 1977 356 2004 οὓτω
372 1977 522 2012 διέλαμψαν
544 1978 678 2012 ἑκάτεροι,
698 1978 764 2014 μηδὲ
783 1979 832 2013 τῆς
845 1978 996 2011 ἀναγκαίας

208 2021 389 2056 εὐποροῦντες
400 2023 515 2057 τροφῆς,
528 2023 566 2053 ὡς
582 2022 628 2049 τὸν
644 2023 692 2057 μὲν
717 2022 791 2057 παρὰ
805 2021 850 2048 τοῦ
868 2021 934 2048 Θεοῦ
954 2021 996 2047 δέ-

207 2065 304 2098 ξασθαι
317 2065 366 2101 τὴν
383 2066 544 2102 μαρτυρίαν,
558 2066 605 2093 τοῦ
619 2066 651 2093 τὰ
666 2066 810 2102 ἀπόρρητα
823 2065 916 2100 σαφῶς
931 2065 996 2092 εἰδό-

205 2118 268 2141 τος·
286 2109 331 2136 τὸν
347 2109 375 2136 δὲ
388 2110 441 2136 ὑπὸ
455 2110 509 2136 τῶν
532 2110 656 2144 ἀγγέλων
672 2110 885 2145 προηγουμένων
909 2109 995 2142 οὕτως

205 2153 333 2180 ἐντεῦθεν
348 2153 542 2189 ἀπενεχθῆναι,
559 2154 605 2180 καὶ
622 2154 773 2189 ὁμόσκηνον
785 2153 825 2189 τῷ
839 2153 995 2190 πατριάρχῃ

206 2197 342 2232 γενέσθαι,
369 2199 416 2225 καὶ
437 2198 491 2226 τῶν
515 2198 625 2232 ἀγαθῶν
639 2198 797 2231 ἀπολαύειν,
817 2195 854 2225 ὧν
881 2200 992 2230 ἐκεῖνος.

208 2242 281 2277 Ἄρα
304 2242 358 2269 τῶν
382 2242 473 2277 μέσων
492 2242 579 2269 ταῦτά
601 2243 669 2275 ἐστι,
698 2243 777 2269 πενία
800 2243 845 2270 καὶ
869 2243 993 2275 πλοῦτος,

206 2286 298 2320 ὑγίεια
307 2287 353 2313 καὶ
364 2286 451 2318 νόσος,
468 2286 516 2313 καὶ
532 2286 588 2322 ζωὴ
602 2287 648 2313 καλ⁴
661 2286 856 2319 θάνατος,δόξα
864 2287 993 2322 καὶτιμὴ,

205 2330 312 2357 δουλεία
326 2330 374 2357 καὶ
397 2330 547 2366 ἐλευθερία,
570 2331 617 2358 καὶ
635 2331 686 2357 ὅσα
696 2330 809 2357 τοιαῦτα
820 2340 826 2347 ·
842 2331 873 2357 οὺ
889 2332 943 2366 γὰρ
955 2331 995 2358 δεῖ

205 2374 294 2401 πάντα
311 2374 426 2405 ἐπιέναι,
441 2374 512 2401 ὥστε
527 2375 564 2409 μὴ
580 2374 711 2410 μηκύνειν
723 2375 769 2401 τὸν
782 2375 870 2409 λόγον,
886 2375 952 2402 ἀλλά
964 2376 993 2402 ἐν

203 2418 307 2450 τούτοις
332 2418 487 2453 παρέχοντα
504 2419 568 2453 ὑμῖν
585 2419 722 2454 ἀφορμὰς,
747 2419 794 2445 ὲπὶ
809 2419 844 2446 τὰ
867 2419 993 2445 κατεπεί-

204 2470 287 2494 γοντα
306 2461 435 2495 βαδίζειν.
456 2462 543 2489 Δίὸου
563 2463 628 2498 γὰρ.
645 2462 720 2498 φησὶ,
743 2462 829 2497 σοφῷ
841 2463 991 2498 ἀφορμὴν,

204 2505 253 2531 καὶ
268 2505 439 2540 σοφώτερος
451 2506 546 2533 ἔσται.
567 2507 637 2542 Ἀρα
651 2506 705 2532 τῶν
723 2506 813 2541 μέσων
834 2506 921 2534 ταῦτά
934 2508 992 2534 ἐστι

204 2549 303 2581 πάντα,
319 2549 358 2581 ὡς
380 2550 485 2582 τούτοις
500 2550 547 2577 καὶ
561 2551 600 2583 εἰς
621 2551 713 2583 καλὸν,
732 2551 778 2577 καλ¹
799 2552 837 2583 εἰς
857 2551 951 2584 κακον,
968 2552 991 2578 οί

203 2593 340 2628 χρώμενοι
356 2594 471 2620 δύναιντ’
492 2594 523 2621 ἀν
548 2595 574 2621 ιτ.
594 2595 652 2621 Ὅτι
671 2594 725 2630 γὰρ
747 2595 802 2622 τῶν
827 2596 916 2631 μέσων
935 2597 992 2622 ἐστὶ

201 2638 300 2670 ταῦτα,
324 2636 362 2665 ὧν
380 2640 395 2665 6
418 2639 542 2672 πλοῦτος,
560 2639 659 2672 ἔδειξεν
680 2641 694 2666 6
721 2640 855 2675 Ἀϐραὰμ,
873 2641 912 2671 εἰς
933 2640 991 2666 δέον

231 2734 244 2747 ι
255 2731 365 2756 Verbum
380 2732 457 2756 ἐδίδου
475 2732 541 2756 inter
551 2732 612 2756 duos
629 2732 732 2756 uncinos
750 2732 884 2763 posuimus,
896 2735 924 2756 ut
934 2739 992 2756 con-

196 2763 291 2794 jcclura
303 2764 410 2794 positum
420 2764 608 2788 declararemus.

229 2795 243 2814 δ
254 2795 362 2818 Savilius
375 2797 445 2824 pulal
457 2794 587 2824 lugendum
597 2803 637 2818 και
655 2795 686 2821 εἰς
697 2794 772 2817 κακὸν
779 2795 879 2824 χρῆσθαι
892 2795 990 2818 δύναιντ’

196 2825 233 2852 ἄν,
247 2828 273 2849 (ιι
287 2832 346 2849 vere
368 2825 460 2849 melius
471 2825 584 2849 haberi-1:
607 2825 650 2849 sed
671 2831 726 2849 lllSS.
741 2825 851 2849 dcsliluli
865 2826 924 2849 nihil
938 2833 990 2850 mu-

197 2860 249 2881 Larc
263 2856 391 2881 audemus.

541 89 575 116 IN
595 89 698 118 ιω,υο
718 90 832 125 ΙΞΛΙΑΕ,
853 93 922 121 EGO
937 91 1093 120 DOMINUS
1117 92 1207 122 DEUS
1227 93 1302 122 FECI
1319 94 1449 130 LUMEN,
1465 96 1542 125 ETC.

1803 101 1853 129 HS

1065 149 1140 186 αὐτῷ
1154 152 1334 187 χρησάμενος.
1355 154 1458 187 Ἐδειξε
1469 155 1496 182 δὲ
1513 156 1559 182 καὶ
1572 155 1619 182 ἐπὶ
1637 156 1683 182 τοῦ
1699 157 1824 192 Λαζάρου
1838 160 1852 186 6

1067 194 1202 228 πλούσιος,
1222 196 1268 223 ἐπὶ
1284 197 1406 233 ἀπωλείᾳ
1428 199 1478 233 τῆς
1496 199 1593 226 ἑαυτοῦ
1610 201 1731 236 κεφαλῆς
1743 203 1777 228 τὰ
1789 202 1853 230 ὅντα

1063 239 1232 275 δαπανήσας.
1253 241 1322 268 Οὔτε
1341 240 1387 269 οὖν
1400 243 1481 270 καλὸν
1502 244 1595 276 ἀπλῶς
1610 246 1624 271 6
1644 245 1767 278 πλοῦτος,
1789 246 1851 274 οὔτε

1065 283 1163 311 κακόν.
1177 284 1209 310 Εἰ
1224 284 1305 311 καλὸν
1321 283 1355 321 ἦν
1375 286 1477 319 ἁπλῶς,
1495 288 1551 314 ἀλλ’
1572 289 1632 324 οὐχὶ
1651 290 1742 324 μέσον,
1758 291 1806 317 οὐκ
1819 291 1851 317 ἂν

1066 328 1081 354 6
1094 328 1139 354 ἐπὶ
1154 328 1200 354 τοῦ
1216 329 1339 365 Λαζάρου
1362 331 1490 364 πλούσιος
1508 334 1620 360 τοιαῦτα
1640 335 1783 366 ἐκολάζετο
1794 343 1800 350 ·
1826 337 1851 362 εί

1064 373 1150 399 κακὸν
1162 370 1206 408 ἦν,
1223 374 1272 400 οὐκ
1288 375 1320 400 ἂν
1346 375 1471 411 ’Λὸραάμ
1488 377 1572 409 οὕτως
1595 378 1756 414 εὐδοκίμησε
1774 379 1851 405 πλού-

1063 424 1119 447 σιος
1131 416 1180 444 ῶν.
1194 417 1321 446 Τοιοῦτόν
1335 428 1360 445 τι
1373 420 1420 446 καί
1432 421 1448 455 ἡ
1463 420 1540 454 νόσος
1552 422 1635 448 ἐστίν.
1652 423 1683 449 Εί
1699 423 1752 457 γὰρ
1766 423 1851 450 κακὸν

1060 457 1095 496 ἦν
1113 462 1129 497 ή
1143 462 1233 496 νόσος,
1246 463 1298 490 ἔδει
1312 464 1358 491 καὶ
1368 465 1462 491 τοῦτον
1476 471 1487 484 α
1500 466 1585 493 κακὸν
1598 465 1667 494 εἶναι
1683 468 1728 495 τὸν
1743 468 1848 503 ἔχοντα.

1064 505 1135 541 ’Ἄρα
1150 506 1197 532 καὶ
1212 507 1344 542 Τιμόθεος
1357 508 1469 544 ἔμελλεν
1483 508 1553 537 εἶναι
1566 511 1637 538 κατά
1652 512 1731 539 τοῦτο
1753 513 1848 545 κακὸς,

1061 548 1161 585 ἐσχάτῃ
1178 550 1248 585 νόσῳ
1266 551 1397 579 παλαίων.
1421 554 1498 587 Οἵνῳ
1514 555 1568 589 γὰρ
1584 556 1675 590 ὀλίγῳ
1684 556 1755 590 χρῶ,
1772 557 1848 592 φησὶ,

1060 592 1108 620 διὰ
1119 593 1173 620 τὸν
1186 595 1340 629 στόμαχον·
1355 604 1423 629 σου,
1435 598 1483 625 καὶ
1498 598 1682 633 τὰςκπυκνάς
1694 609 1751 628 σου
1761 602 1850 628 ἀσθε-

1059 637 1153 670 νείας.
1170 638 1200 664 El
1220 638 1248 665 δὲ
1263 639 1292 665 οὺ
1309 639 1388 674 μόνον
1413 642 1498 673 κακὸς
1513 642 1562 669 οὐκ
1576 641 1609 678 ἦν
1623 644 1762 676 ἐντεῦθεν,
1781 645 1849 672 ἀλλὰ

1060 681 1106 707 καὶ
1118 681 1216 708 πολλοῦ
1230 682 1326 717 μισθοῦ
1335 684 1492 721 προσθήκην
1502 685 1647 721 ἐλάμϐανε,
1659 690 1788 722 γενναίως
1799 689 1848 725 τὴν

1058 724 1213 760 ἀρρωστίαν
1233 726 1356 760 ἐνέγκας,
1378 727 1488 762 εὔδηλον
1507 730 1548 756 ὅτι
1565 730 1594 756 οὐ
1617 731 1702 758 κακὸν
1724 733 1740 766 ή
1760 724 1846 764 νόσος.

1058 768 1114 794 Καὶ
1125 768 1167 795 Et:
1173 778 1217 805 ρος
1228 769 1256 796 δὲ
1269 771 1412 806 προφήτης
1424 772 1486 804 τοὺς
1498 773 1653 809 ὀφθαλμοὺς
1666 775 1750 802 νοσῶν
1762 776 1848 802 διετέ-

1058 811 1099 839 λει
1110 821 1116 828 ·
1131 813 1189 839 ἀλλ’
1200 814 1230 840 οὺ
1245 814 1315 841 κατὰ
1330 815 1409 841 τοῦτο
1418 816 1513 849 κακὸς,
1525 816 1594 844 ἀλλά
1604 818 1650 844 καὶ
1664 821 1845 854 προεφήτευε,

1061 857 1108 883 καὶ
1124 857 1156 884 τὰ
1169 858 1300 893 μέλλοντα
1312 860 1448 896 προεώρα,
1464 862 1512 887 καὶ
1526 861 1602 888 οὐδὲν
1618 863 1634 896 ἡ
1648 863 1723 894 νόσος
1740 864 1780 895 είς
1796 865 1846 898 τὴν

1059 901 1160 937 ἀρετὴν
1179 903 1286 937 ἐγένετο
1302 903 1427 939 κώλυμα.
1450 904 1519 932 Ἀλλ’
1532 905 1592 932 οὐδὲ
1613 907 1628 941 ἡ
1644 907 1735 940 ὑγίεια
1754 907 1846 939 ἁπλῶς

1058 946 1152 978 καλὸν,
1170 946 1203 974 ἂν
1219 949 1256 984 μή
1273 958 1313 980 τις
1330 950 1370 980 εἰς
1381 949 1440 976 δέον
1455 951 1626 985 κεχρημένος
1641 952 1709 987 αὐτῇ
1721 953 1774 987 εἴη,
1786 953 1845 979 ἀλλ’

1056 991 1097 1022 είς
1109 992 1240 1027 ἐργασίαν
1254 993 1410 1030 πονηρὰν,ἢ
1421 995 1460 1026 είς
1473 995 1571 1030 ἀργίαν
1583 995 1710 1031 ἀνόητον·
1721 996 1780 1023 οὐδὲ
1792 997 1845 1032 γὰρ

1054 1035 1134 1062 τοῦτο
1156 1036 1312 1063 ἀνεύθυνον.
1327 1038 1373 1064 Διὺ
1386 1038 1433 1064 καὶ
1444 1039 1458 1064 6
1478 1038 1583 1071 Παῦλος
1599 1039 1692 1074 ἔλεγεν
1705 1047 1713 1055 '
1745 1041 1782 1067 El
1800 1050 1846 1074 τις

1054 1079 1091 1105 οὐ
1111 1079 1190 1106 θέλει
1210 1080 1391 1115 ἐργάζεσθαι,
1411 1082 1488 1117 μηδὲ
1501 1083 1634 1110 ἐσθιέτω.
1663 1084 1743 1110 ’Λλλά
1758 1084 1845 1111 ταῦτα

1054 1122 1108 1148 τῶν
1126 1123 1216 1158 μέσων
1232 1125 1307 1157 ἐστὶ,
1335 1127 1410 1161 παρὰ
1434 1126 1498 1158 τοὺς
1528 1127 1688 1161 χρωμένους
1711 1128 1776 1155 ποτὲ
1796 1129 1844 1163 μὲν

1057 1165 1147 1199 τοῦτο,
1169 1167 1234 1194 ποτὲ
1248 1168 1277 1195 δὲ
1296 1170 1383 1196 ἐκεῖνο
1402 1170 1531 1205 γινόμενα
1542 1171 1567 1197 ἀ.
1583 1171 1639 1198 Καὶ
1653 1171 1680 1198 τί
1696 1172 1737 1198 δεῖ
1757 1172 1844 1206 λέγειν

1054 1209 1169 1243 ὑγίειαν,
1190 1212 1237 1238 καὶ
1255 1212 1342 1244 νόσον,
1361 1214 1408 1240 καὶ
1427 1213 1551 1245 πλοῦτον,
1578 1215 1626 1242 καὶ
1645 1215 1758 1248 πενίαν;
1774 1217 1844 1243 Αὐτὸ

1052 1254 1107 1290 γὰρ
1121 1255 1211 1289 τοῦτο,
1227 1256 1241 1282 ὃ
1251 1255 1325 1283 δοκεῖ
1335 1259 1390 1289 τοῖς
1404 1258 1510 1290 πολλοῖς
1525 1256 1594 1286 εἶναι
1606 1260 1661 1286 τῶν
1674 1260 1784 1294 ἀγαθῶν
1797 1269 1844 1288 κε-

1056 1298 1180 1332 φάλαιον,
1194 1301 1241 1326 καὶ
1251 1300 1306 1327 τῶν
1317 1301 1411 1328 κακῶν
1421 1303 1435 1329 6
1450 1302 1582 1337 κολοφὼν,
1598 1304 1613 1330 6
1624 1304 1746 1336 θάνατος,
1761 1304 1842 1339 λέγω,

1053 1342 1100 1369 καὶ
1115 1343 1132 1378 ὴ
1150 1343 1217 1379 ζωὴ,
1231 1344 1291 1371 οὐδὲ
1303 1345 1388 1372 ταῦτα
1405 1346 1498 1378 ἁπλῶς
1511 1347 1598 1378 ἔσται,
1614 1347 1682 1374 ἀλλὰ
1697 1348 1744 1375 καὶ
1758 1349 1843 1375 ταῦτα

1053 1386 1130 1427 [152]
1145 1388 1200 1414 τῶν
1222 1388 1322 1422 μέσων,
1341 1390 1416 1426 παρὰ
1429 1391 1479 1425 τὴν
1494 1391 1607 1427 γνώμην
1626 1391 1681 1418 τῶν
1695 1392 1843 1427 χρωμένων

1051 1431 1169 1467 ἑκάτερα
1181 1433 1267 1459 ταῦτα
1277 1434 1416 1469 γινόμενα.
1429 1433 1491 1462 Οἷόν
1504 1444 1530 1462 τι
1546 1436 1631 1470 λέγω·
1648 1436 1677 1462 τὸ
1688 1435 1736 1472 ζῇν
1749 1436 1840 1469 καλὸν,

1052 1475 1115 1502 ὅταν
1132 1477 1173 1507 εἰς
1187 1476 1246 1503 δέον
1267 1477 1408 1512 χρώμενος
1428 1479 1503 1514 αὐτῷ
1522 1488 1563 1512 τις
1588 1481 1646 1514 εἴη’
1665 1481 1728 1508 ὃταν
1747 1481 1775 1507 δὲ
1801 1481 1843 1512 εἰς

1051 1520 1239 1554 ἁμαρτήματα
1258 1521 1306 1547 καὶ¹
1321 1523 1504 1558 παρανομίας,
1524 1524 1617 1550 οὐκέτι
1631 1524 1664 1551 ἂν
1685 1524 1727 1560 εἴη
1748 1524 1840 1558 καλδν,

1051 1563 1118 1590 ἀλλὰ
1134 1563 1238 1598 βέλτιον
1247 1564 1292 1591 τὸν
1304 1566 1423 1592 τοιοῦτον
1434 1567 1602 1602 τελευτῆσαι.
1617 1568 1701 1595 Πάλιν
1712 1568 1726 1595 δ
1736 1569 1842 1600 πολλοῖς

1051 1609 1168 1642 φευκτὸν
1179 1606 1247 1635 εἶναι
1262 1609 1344 1642 δοκεῖ,
1360 1610 1465 1645 μυρίων
1472 1611 1582 1644 ἀγαθῶν
1592 1611 1691 1645 γένοιτ’
1699 1612 1731 1638 ἂν
1744 1612 1840 1643 αἴτιον,

1051 1652 1114 1679 ὅταν
1137 1653 1226 1679 αἰτίαν
1243 1652 1291 1688 ἔχῃ
1312 1653 1360 1688 τὴν
1377 1655 1578 1689 προσήκουσαν.
1595 1656 1650 1682 Καὶ
1672 1656 1796 1692 δηλοῦσιν
1816 1656 1840 1682 οἱ

1051 1696 1198 1733 μάρτυρες,
1217 1697 1241 1723 οἳ
1254 1697 1363 1724 πάντων
1376 1699 1429 1724 εἰσὶ
1439 1698 1482 1725 διὰ
1496 1698 1545 1734 τὴν
1555 1699 1682 1735 τελευτὴν
1700 1699 1842 1736 μακαριώ-

1049 1748 1135 1775 τεροι.
1158 1740 1206 1767 Διὰ
1222 1740 1254 1776 δὴ
1272 1741 1351 1768 τοῦτο
1369 1743 1383 1768 6
1406 1741 1511 1773 Παῦλος
1531 1743 1579 1778 οὐχ
1595 1743 1687 1775 ἁπλῶς
1708 1743 1840 1778 ἐπεθύμει

1052 1783 1102 1819 ζῇν
1112 1785 1140 1810 ὲν
1154 1784 1274 1820 Χριστῷ,
1285 1785 1342 1811 ἀλλ’
1354 1786 1446 1820 ἐπειδὴ
1456 1786 1534 1812 τοῦτο
1549 1786 1623 1822 αὐτῷ
1635 1787 1738 1820 καρπὸς
1747 1787 1838 1822 ἔργου.

1049 1827 1103 1854 Καὶ
1122 1829 1150 1854 τί
1161 1829 1320 1863 αἱρήσομαι
1345 1829 1409 1864 γὰρ,
1434 1830 1526 1865 φησίν,
1548 1831 1584 1856 οὺ
1604 1831 1730 1865 γνωρίζω
1742 1842 1748 1847 ·
1767 1840 1841 1858 συν.

1048 1871 1153 1907 ἐχομαι
1170 1872 1204 1899 δὲ
1224 1873 1258 1900 ἐκ
1274 1872 1333 1899 τῶν
1355 1873 1409 1900 δύο
1420 1894 1427 1905 ,
1444 1874 1502 1907 τὴν
1517 1875 1677 1909 ἐπιθυμίαν
1695 1875 1773 1909 ἔχων
1786 1875 1839 1902 τοῦ

1048 1915 1200 1943 ἀναλῦσαι
1211 1917 1259 1944 καὶ
1271 1917 1331 1943 σὺν
1346 1917 1461 1950 Χριστῷ
1475 1915 1551 1945 εἶναι
1560 1927 1566 1933 ·
1576 1918 1681 1950 πολλῷ
1696 1919 1751 1953 γὰρ
1760 1919 1839 1953 μᾶλ-

1047 1961 1104 1986 λον
1117 1960 1274 1994 κρεῖσσον·
1292 1961 1325 1987 τὸ
1336 1960 1370 1987 δὲ
1381 1961 1527 1996 ἐπιμεῖναι
1542 1961 1579 1995 τῇ
1593 1961 1681 1996 σαρκὶ
1697 1963 1840 1998 ἀναγκαι-

1048 2005 1153 2038 ότερον
1167 2004 1204 2031 δι’
1224 2004 1313 2040 ὑμᾶς.
1333 2006 1383 2031 Διά
1396 2006 1428 2040 δὴ
1444 2006 1523 2032 τοῦτο
1540 2005 1587 2032 καὶ
1599 2007 1614 2033 6
1626 2005 1781 2042 Προφήτης,
1801 2007 1841 2033 Τί-

1044 2057 1113 2082 μιος
1136 2049 1276 2076 ἐναντίον
1289 2050 1401 2083 Κυρίου
1419 2051 1435 2076 ὁ
1449 2049 1578 2082 θάνατος
1598 2049 1658 2076 τῶν
1674 2050 1767 2076 ὁσίων
1786 2051 1839 2078 αὑ-

1048 2092 1101 2118 τοῦ
1113 2100 1119 2106 ·
1134 2092 1183 2127 οὺχ
1202 2092 1296 2124 ἁπλῶς
1309 2094 1324 2119 6
1339 2092 1464 2125 θάνατος,
1479 2092 1537 2119 ἀλλ’
1553 2094 1567 2119 6
1590 2093 1691 2120 τοιόσδε
1712 2093 1837 2126 θάνατος.

1049 2136 1105 2162 Καὶ
1123 2136 1203 2163 πάλιν
1217 2136 1346 2171 ἀλλαχοῦ,
1360 2136 1492 2170 Θάνατος
1504 2136 1686 2171 ἁμαρτωλῶν
1695 2138 1837 2172 πονηρός.

1055 2180 1136 2215 Ὁρᾷς
1151 2180 1199 2207 καὶ
1213 2179 1292 2207 τοῦτο
1308 2180 1361 2207 τῶν
1377 2181 1477 2216 μέσων,
1495 2182 1544 2215 οὐχ
1562 2181 1654 2212 ἁπλῶς
1666 2181 1758 2214 καλὸν,
1778 2181 1838 2208 οὐδὲ

1047 2224 1141 2256 ἁπλῶς
1157 2224 1252 2257 κακὸν,
1270 2224 1328 2255 ἀλλῗ
1343 2225 1398 2252 ἀπὸ
1414 2225 1462 2260 τῆς
1479 2225 1591 2261 γνώμης
1603 2225 1656 2251 τῶν
1669 2225 1836 2261 ὑποδεχομέ-

1047 2277 1100 2295 νων
1115 2268 1200 2301 αὐτό,
1222 2269 1271 2296 Διά
1288 2268 1319 2304 δὴ
1333 2269 1414 2295 τοῦτο
1427 2270 1474 2295 καὶ
1492 2271 1506 2296 6
1529 2269 1684 2303 σοφώτατος
1700 2269 1836 2305 Σολομὼν,

1047 2312 1077 2339 τὸ
1093 2313 1175 2348 μέσον
1192 2313 1295 2340 τούτων
1311 2313 1341 2340 τδ
1357 2314 1494 2349 χρήσιμον
1513 2314 1681 2348 καταλέγων,
1697 2314 1744 2340 καὶ
1762 2314 1838 2348 φιλο.

1048 2356 1140 2390 σοφῶν
1153 2356 1223 2392 ὑπὲρ
1235 2357 1334 2388 αὐτῶν,
1350 2358 1397 2383 καὶ
1406 2357 1512 2389 δεικνὺς
1526 2358 1566 2383 ὅτι
1579 2357 1627 2392 οὺχ
1645 2357 1737 2389 ἁπλῶς
1757 2358 1836 2384 τοῦτο

1046 2400 1138 2432 καλὸν,
1155 2402 1266 2428 κάκεῖνο
1283 2401 1379 2433 κακὸν,
1393 2401 1461 2428 ἀλλὰ
1479 2401 1546 2437 μετά
1562 2400 1660 2436 καιροῦ
1675 2401 1722 2428 τοῦ
1753 2411 1837 2437 προσ-

1046 2446 1158 2481 ήκοντος
1171 2446 1275 2479 γίνεται
1292 2446 1372 2479 καλὰ,
1387 2446 1438 2474 κᾶν
1448 2446 1565 2482 φορτικὰ
1578 2444 1647 2473 εἶναι
1656 2447 1720 2482 δοκῇ
1737 2453 1760 2479 ε,
1769 2447 1834 2473 ὅταν

1046 2490 1092 2517 τὸν
1109 2490 1204 2526 καιρὸν
1230 2490 1267 2526 μὴ
1286 2492 1335 2526 ἔχῃ
1359 2490 1403 2517 τδν
1431 2491 1620 2526 προσήκοντα,
1651 2491 1758 2525 Καιρὸς
1782 2490 1836 2517 τοῦ

1044 2533 1187 2566 κλαῦσαι,
1197 2535 1245 2560 καὶ
1255 2534 1358 2568 καιρὸς
1369 2534 1422 2560 τοῦ
1435 2534 1664 2569 γελάσαι,έ).εγε,
1675 2535 1776 2569 καιρὸς
1782 2534 1835 2561 τοῦ

1045 2576 1143 2611 ζῆσαι,
1158 2578 1208 2604 καὶ
1221 2577 1323 2611 καιρὸς
1333 2578 1385 2604 τοῦ
1400 2577 1573 2604 ἀποθανεῖν.
1591 2578 1657 2604 Οὐδὲ
1666 2578 1720 2614 γὰρ
1731 2587 1835 2605 παντα-

1044 2622 1091 2656 χοῦ
1110 2622 1139 2649 τὸ
1154 2622 1264 2658 χαίρειν
1277 2622 1369 2656 καλὸν,
1385 2622 1441 2648 ἀλλ’
1457 2623 1529 2649 ἔστιν
1544 2623 1609 2650 ὅπου
1627 2623 1673 2650 καὶ
1685 2623 1814 2659 βλαόερόν
1827 2631 1834 2638 ·

1076 2704 1090 2738 ε.
1101 2702 1245 2732 Legendum
1257 2706 1323 2727 esset
1335 2703 1376 2726 καὶ
1389 2703 1485 2733 ταύτην,
1505 2703 1638 2727 secundum
1656 2703 1835 2734 grammalicnm

1041 2739 1218 2794 δεὲιῖῗιομενα.
1234 2764 1258 2787 In
1271 2764 1354 2787 Gram-0
1367 2766 1500 2794 exemplari
1510 2764 1772 2795 γινόμενονιεεαυοῐυτ.

1075 2796 1088 2810 ε
1112 2793 1171 2819 Ροὲι
1182 2796 1240 2825 δοκῄ
1253 2795 1390 2819 δάιίρῐιώιηὶ
1414 2793 1511 2820 γὶιΙιιιιιΓ
1530 2793 1570 2819 καὶ
1585 2793 1723 2821 κακὰξκᾶν
1743 2793 1833 2824 χρηστὰ

1042 2826 1100 2850 εἶναι
1112 2826 1181 2860 δοκῇ,
1193 2826 1378 2857 \‘Nisilui.oquc
1389 2830 1423 2850 esi
1438 2827 1482 2851 hoc
1495 2827 1629 2851 membrum
1643 2825 1673 2850 δι’
1687 2826 1834 2856 600L015“:-

1041 2865 1081 2881 τον
1094 2862 1224 2881 ρχςίαιδεσ.
