2072 3122
175 98 223 125 H9

170 158 250 184 rirmfi
266 156 365 192 (Ecrfe.
382 157 409 184 5.
425 155 464 192 ιι).
478 157 568 192 Neque
583 158 653 185 enim
667 165 772 193 semper
786 158 902 194 gaudere
917 158 963 185 bo-

170 212 232 232 unm
247 208 288 231 est
299 224 307 236 ,
323 203 370 231 sed
385 202 528 238 aliquando
541 204 620 231 etiam
637 203 746 231 noxium
764 212 771 234 ;
789 211 874 239 neque
888 204 960 231 enim

170 257 275 284 semper
289 249 382 277 dolere
394 249 493 276 bonum
506 270 513 281 ,
529 249 577 277 sed
592 249 735 285 aliquando
747 251 826 277 etiam
842 250 919 277 letale
931 257 963 277 ac

166 295 356 331 perniciosum.
369 295 457 330 Atque
469 295 519 322 hoc
530 296 614 331 ipsum
627 303 719 323 rursus
732 296 851 323 iudicans
865 295 962 322 Paulus

165 340 289 369 dicebat:
309 350 318 367 ι
336 340 400 375 Qua:
414 341 561 368 secundum
578 341 660 368 Deum
675 341 780 369 tristitia
794 345 834 368 est
848 362 855 374 ,
877 341 961 376 pmni-

166 387 276 414 tentiam
292 387 318 414 in
334 387 448 415 salutem
464 387 587 414 stabilem
602 392 728 423 operatur
743 397 750 415 :
766 388 855 415 sasculi
870 391 958 414 autem

167 433 272 460 tristitia
289 437 403 461 mortem
415 438 541 468 operatur
553 443 562 459 ι
581 432 628 468 (2.
641 433 699 461 Cor.
714 434 738 460 7.
754 434 787 461 10
798 434 817 468 ).

197 478 228 507 5.
254 478 336 506 Vides
356 479 407 506 hoc
428 487 534 514 quoque
558 479 674 507 medium
700 485 779 515 atque
804 479 959 507 indifferens

165 525 245 552 esse?
260 525 341 559 Igitur
354 529 381 552 et
401 525 563 552 contrarium
587 525 645 560 ejus
666 530 708 553 est
728 526 843 553 medium
856 546 863 557 ,
879 527 958 553 nimi-

164 577 221 597 rum
237 570 366 605 gauderc.
390 570 453 597 Ideo
473 578 525 598 non
541 571 697 606 simpliciter
716 572 833 606 gaudere
856 572 957 606 jussit,

164 615 210 642 sed
224 615 249 642 in
264 615 377 643 Domino
389 616 506 651 gaudere
518 616 635 652 (Philip.
652 617 678 644 4.
693 616 741 653 ι).
757 617 809 645 Sed
825 618 889 644 satis
901 618 956 652 jam

163 667 315 689 sermonem
334 662 406 689 hunc
427 662 460 689 de
485 663 566 690 rebus
584 663 679 690 mediis
701 663 918 696 enueleavimus,
934 663 957 690 si

163 708 268 742 quidem
279 713 396 736 attentos
408 709 476 736 nacti
489 709 616 737 fuerimus
627 709 763 737 auditores
775 719 782 743 ;
796 714 878 737 restat
887 715 915 737 ut
923 709 956 737 ad

163 762 194 782 ea
205 755 415 790 progrediamur,
427 763 486 790 qua:
499 763 552 783 non
564 761 626 783 sunt
638 756 735 789 media,
749 757 783 785 ad
804 756 884 789 bona,
898 764 956 791 quin

163 801 219 828 fieri
233 801 302 828 mala
317 809 369 829 non
385 805 516 836 possunt,
532 805 558 829 et
573 802 606 829 ad
626 801 694 829 mala
707 822 714 834 ,
730 809 789 837 qua:
809 809 956 837 numquam

163 846 218 874 ﬁeri
230 850 341 882 possunt
351 848 429 875 bona.
442 847 509 875 Nam
519 855 550 875 ea
562 848 667 883 quidem
677 856 735 884 quae
748 848 863 876 diximus
876 848 955 876 modo

162 893 221 926 hoc,
237 894 317 921 modo
336 894 399 921 illud
423 894 507 928 ﬁunt,
523 895 745 930 quemadmodum
761 895 860 923 divitia:
875 895 956 923 modo

161 940 259 966 malum
273 945 346 972 sunt,
356 948 417 967 cum
428 940 460 967 ad
472 941 557 968 aliena
570 941 638 968 bona
652 941 803 977 usurpanda
818 942 956 969 insumun-

162 989 203 1012 tur
218 995 226 1019 ;
241 985 320 1012 modo
334 985 433 1013 bonum
446 1007 454 1020 ,
471 993 530 1014 cum
546 987 571 1014 in
585 988 782 1023 eleemosynam
795 987 954 1023 expendun-

161 1037 211 1064 tur.
227 1037 253 1059 et
267 1033 317 1060 alia
332 1032 482 1068 hnjusmodi
497 1034 645 1061 secundum
659 1035 727 1062 hanc
740 1035 868 1070 regulam.
884 1034 954 1062 Sunt

160 1084 248 1106 autem
264 1080 390 1107 nonnulla
401 1102 408 1114 ,
423 1088 482 1115 quae
501 1089 645 1117 numquam
663 1081 719 1109 ﬁeri
734 1087 846 1117 possunt
860 1083 928 1110 mala
945 1091 952 1110 :

160 1129 218 1161 qua:
231 1134 295 1154 vero
308 1131 371 1154 sunt
385 1127 426 1154 his
439 1128 588 1161 contraria,
603 1136 710 1164 semper
724 1129 793 1156 mala
808 1134 887 1162 sunt,
903 1137 954 1158 nec

159 1180 283 1207 umquam
296 1172 353 1200 ﬁeri
367 1173 436 1201 bona
448 1179 575 1209 possunt:
587 1174 735 1209 cujusmodi
747 1180 810 1202 sunt
820 1176 951 1210 impietas,

159 1219 333 1254 blasphemia,
347 1219 466 1252 lascivia,
481 1220 638 1254 crudelitas,
655 1221 847 1255 inhumanitas,
864 1222 952 1257 inglu-

159 1265 213 1292 vies
220 1285 227 1296 ,
244 1270 270 1292 et
282 1265 333 1292 alia
346 1265 488 1300 ejusmodi.

194 1311 254 1338 Tria
262 1320 355 1347 genera
364 1320 447 1339 rerum
460 1312 560 1346 :bonar,
574 1314 658 1348 malae,
672 1315 769 1342 medite.
778 1313 878 1342 —-Non
892 1313 952 1341 dico

157 1357 258 1385 malum
269 1358 402 1386 hominem
415 1367 560 1394 numquam
575 1360 630 1387 ﬁeri
645 1367 725 1395 posse
738 1361 847 1393 bonum,
864 1368 952 1396 neque

157 1404 255 1432 bonum
279 1404 335 1432 ﬁeri
357 1405 456 1433 malum
481 1406 551 1434 haud
573 1414 699 1442 umquam
721 1415 819 1442 posse:
836 1407 884 1435 sed
907 1416 951 1435 res

157 1452 228 1487 ipsas
243 1451 298 1480 ﬁeri
313 1453 379 1480 tales
397 1461 450 1480 non
472 1460 559 1488 posse.
569 1450 718 1481 Enimvero
734 1453 774 1481 hac
790 1454 816 1482 in
830 1461 878 1482 suo
893 1462 950 1482 ma-

157 1504 251 1527 nentes
269 1499 374 1533 ordine,
397 1499 457 1526 alizc
477 1499 553 1527 bonae
574 1504 656 1532 sunt,
671 1500 731 1528 ariae
752 1500 830 1527 malae
846 1509 852 1528 :
868 1500 950 1528 homo

156 1553 220 1572 vero
231 1565 240 1577 ,
261 1545 368 1580 quando
388 1545 432 1573 illa
447 1543 555 1580 quidem
569 1545 700 1580 elegerit,
722 1545 808 1573 bonus
821 1567 828 1579 ,
844 1546 950 1581 quando

156 1598 220 1618 vero
232 1591 377 1624 contraria,
391 1592 476 1619 malus
486 1591 548 1620 erit.
560 1590 641 1627 Igitur
654 1596 710 1620 tres
725 1597 787 1620 sunt
802 1592 846 1619 isti
859 1600 950 1620 rerum

155 1636 262 1664 ordines
279 1645 286 1664 :
303 1636 371 1664 bona
385 1637 492 1672 quidem
509 1645 654 1673 numquam
667 1637 724 1665 ﬁeri
741 1642 853 1673 possunt
868 1638 949 1672 mala,

155 1683 302 1718 cujusmodi
317 1688 379 1711 sunt
393 1684 578 1718 temperantia,
595 1685 777 1720 eleemosyna,
793 1689 819 1712 et
833 1684 948 1712 similia:

155 1729 222 1755 mala
237 1736 301 1756 vero
315 1737 459 1764 numquam
476 1728 532 1756 ﬁeri
550 1733 661 1764 possunt
676 1729 744 1756 bona
757 1752 763 1762 ,
778 1734 806 1756 ut
821 1730 926 1757 lascivia
940 1751 946 1762 ,

154 1774 334 1802 inhumanitas
347 1779 374 1802 et
385 1774 531 1803 crudelitas
545 1784 552 1802 :
569 1775 691 1811 quaedam
703 1781 792 1804 autem
806 1777 948 1812 aliquando

153 1821 205 1848 hoc
216 1841 223 1853 ,
239 1821 384 1856 aliquando
399 1821 464 1849 illud
480 1822 547 1849 ﬁunt
561 1829 609 1857 pro
624 1822 730 1850 ratione
744 1823 827 1850 animi
842 1827 868 1850 ct
883 1822 946 1851 affe-

152 1873 210 1896 ctus
223 1876 316 1896 eorum
330 1890 338 1901 ,
360 1869 405 1904 qui
427 1869 467 1897 eis
480 1873 601 1896 utuntur.
623 1869 727 1897 Divitis:
747 1877 947 1905 nonnumquam

152 1915 185 1942 ad
199 1916 285 1943 aliena
301 1915 370 1943 bona
388 1916 539 1943 invadenda
561 1916 726 1950 inserviunt,
746 1924 946 1951 nonnumquam

151 1962 184 1989 arl
196 1962 396 1998 eleemosynam
407 1962 610 1998 impertiendam
620 1971 626 1990 :
635 1970 728 1990 verum
741 1963 766 1990 id
776 1963 804 1990 ﬁt
813 1971 844 1991 ex
857 1964 947 1991 animo

150 2013 178 2036 et
186 2009 282 2037 aﬁ‘ectu
295 2009 364 2044 ejus,
374 2010 418 2045 qui
433 2009 471 2037 eis
485 2009 577 2037 utitur.
589 2009 735 2045 Paupertas
747 2017 945 2045 nonnumquam

149 2055 183 2082 ad
199 2055 409 2091 blasphemiam,
422 2063 622 2091 nonnumquam
637 2056 670 2083 ad
685 2055 899 2083 benedictionem
915 2063 947 2083 ac

150 2102 348 2137 philosophiam
365 2102 485 2130 inservit.
500 2103 566 2137 Quia
581 2102 662 2138 igitur
674 2102 872 2138 insipientiores
893 2110 945 2130 non

150 2149 226 2184 pauci
241 2148 313 2185 (jam
332 2149 404 2176 enim
418 2148 451 2176 ad
466 2148 629 2176 solutionem
642 2148 801 2176 veniendum
815 2153 856 2176 est
870 2148 878 2183 )
891 2156 945 2176 non

149 2195 235 2222 solum
250 2194 319 2221 mala
330 2215 337 2227 ,
352 2202 412 2228 quae
426 2201 571 2230 numquam
592 2193 662 2222 bona
679 2193 736 2221 ﬁeri
750 2198 863 2229 possunt
875 2215 883 2226 .
898 2194 945 2222 scd

149 2241 230 2268 etiam
243 2248 276 2268 ex
291 2240 324 2268 iis
337 2248 397 2275 qua:
410 2240 497 2268 media
511 2245 592 2274 sunt,
607 2240 734 2268 nonnulla
748 2246 844 2268 vocant
857 2240 926 2268 mala
936 2261 944 2275 ,

149 2286 178 2314 ut
191 2289 377 2322 paupertatem
387 2307 395 2318 ,
411 2286 592 2321 captivitatem
605 2306 613 2320 ,
629 2287 785 2313 servitutem
796 2306 804 2320 ,
818 2294 877 2322 qua:
891 2294 944 2315 non

149 2333 219 2361 inter
233 2333 301 2360 mala
312 2354 319 2366 ,
333 2333 381 2360 sed
394 2333 463 2361 inter
477 2333 564 2360 media
578 2340 639 2360 esse
655 2333 816 2361 numeranda
831 2333 944 2361 demon-

148 2379 292 2407 stravimus
307 2388 314 2406 :
330 2379 405 2406 multi
421 2386 486 2407 vero
496 2400 503 2412 ,
521 2384 548 2406 ut
563 2384 624 2406 ante
638 2379 692 2406 dixi
706 2399 714 2412 ,
738 2379 795 2407 hzrc
809 2380 945 2414 appellant

149 2426 216 2453 mala
230 2433 292 2461 quae
306 2425 375 2453 mala
389 2433 441 2452 non
457 2429 520 2453 sunt
534 2436 541 2452 :
555 2425 588 2452 de
602 2425 659 2453 istis
673 2425 790 2460 loquitur
803 2425 943 2461 propheta,

148 2480 206 2508 quae
225 2472 374 2500 secundum
389 2472 458 2507 vulgi
472 2472 695 2500 existimationem
717 2473 787 2500 mala
803 2478 943 2508 vocantur,

148 2527 200 2546 non
216 2526 311 2545 revera
326 2523 390 2545 sunt
405 2518 474 2545 mala
490 2527 496 2545 :
513 2518 547 2545 de
559 2518 713 2553 captivitate
726 2539 733 2551 ,
749 2518 782 2546 de
797 2519 924 2547 servitute
935 2541 943 2553 ,

145 2564 180 2592 de
192 2564 264 2592 fame
278 2569 305 2592 et
317 2565 376 2592 aliis
391 2564 533 2599 ejusmodi.
550 2564 626 2598 Quod
640 2565 711 2592 enim
725 2565 783 2593 hmc
798 2574 850 2594 non
865 2566 945 2594 modo

147 2611 216 2639 mala
236 2619 290 2638 non
304 2611 359 2638 sint
372 2632 380 2643 ,
403 2611 451 2638 sed
471 2611 550 2638 etiam
571 2611 604 2638 ad
625 2610 694 2638 mala
715 2611 873 2646 depellenda
891 2612 946 2640 sint

147 2657 227 2690 usui,
251 2657 368 2692 primum
387 2657 415 2684 in
434 2657 550 2684 medium
571 2657 672 2692 prolata
694 2656 763 2684 fame
777 2657 921 2685 doceamus
934 2679 943 2692 ,

147 2711 206 2739 quae
230 2703 370 2731 tremenda
396 2703 520 2730 omnibus
546 2710 577 2730 ac
598 2702 725 2730 terribilis
747 2703 852 2730 videtur
871 2710 943 2730 esse.

149 2749 223 2777 Disce
236 2750 328 2785 igitur,
342 2757 396 2785 quo
411 2754 487 2783 pacto
500 2749 568 2776 mala
581 2757 634 2776 non
655 2750 710 2782 sit,
731 2753 758 2776 et
779 2749 812 2776 ad
828 2749 945 2783 philoso-

149 2795 283 2830 phandum
309 2795 454 2822 instruere.
480 2793 546 2822 Cum
571 2794 685 2829 populus
711 2794 885 2822 Hebrzcurum
912 2795 945 2822 ad

149 2851 276 2870 sunuuatn
288 2841 487 2877 improbitatem
498 2841 658 2875 devertisset,
672 2847 726 2869 tum
738 2850 847 2877 magnus
859 2842 942 2877 Elius,

487 99 518 126 ΙΝ
538 99 637 128 ILLUD
657 99 769 131 ISAIAE.
792 102 860 130 EGU
880 101 1030 130 DOSIlNUS
1050 102 1140 132 DEUS
1158 103 1234 132 FECI
1255 104 1383 140 LUMEN,
1405 105 1481 148 E'l'C.

1759 111 1810 140 ίέἳο

1015 161 1043 185 et
1053 158 1118 186 cmlo
1129 159 1236 195 dignus,
1249 168 1310 188 cutn
1322 161 1402 189 vellet
1415 162 1545 190 socordiae
1557 164 1679 192 morbum
1691 165 1808 201 auferre,

1015 212 1129 240 eumque
1142 205 1292 242 corrigere,
1305 207 1402 242 adjecit
1414 208 1507 237 dicens
1519 218 1525 237 :
1544 209 1608 237 Vitn‘t
1623 211 1756 245 Dominus.
1769 215 1811 242 cui

1014 252 1100 279 adstiti
1113 261 1198 281 coram
1211 263 1240 282 eo
1250 275 1258 288 ,
1276 255 1299 281 si
1317 255 1364 282 erit
1377 255 1463 290 pluvia
1473 277 1482 290 ,
1503 257 1551 283 nisi
1564 265 1610 292 per
1624 266 1652 285 as
1669 266 1750 286 meum
1762 259 1807 295 (5.

1015 298 1078 334 Reg.
1095 299 1137 326 17.
1154 300 1163 327 Ι
1179 299 1188 335 )
1205 309 1212 327 :
1228 305 1255 327 et
1274 300 1318 335 qui
1334 301 1449 328 meloten
1471 302 1554 329 solam
1572 303 1740 338 possidebat,
1755 312 1808 331 ca:-

1014 343 1068 371 lum
1086 345 1201 377 clausit,
1221 350 1293 373 tanta
1313 347 1384 382 apud
1406 347 1489 375 Deum
1509 348 1594 383 gratia
1618 349 1711 377 valuit.
1727 349 1807 378 Vides

1014 396 1195 424 paupertatem
1210 392 1308 419 malum
1321 400 1373 419 non
1387 393 1468 420 esse?
1483 393 1539 420 Non
1553 395 1624 422 enim
1638 399 1707 422 tanta
1722 396 1805 430 gratia

1011 436 1139 463 valuisset
1155 437 1305 465 mortalium
1321 443 1477 466 cunctorum
1494 440 1688 475 pauperrimus,
1705 445 1734 468 ut
1745 449 1805 469 cum

1013 482 1038 509 in
1053 483 1132 510 terris
1147 489 1308 517 versaretur,
1326 488 1426 512 tantam
1443 486 1568 513 virtutem
1583 494 1636 513 uno
1651 487 1709 515 solo
1723 487 1806 515 verbo

1012 536 1066 563 pra:
1079 537 1108 556 se
1120 529 1211 557 ferret.
1223 530 1278 558 Hoc
1287 539 1350 567 ergo
1360 531 1432 559 dicto
1443 531 1538 560 famem
1551 533 1661 560 immisit
1672 539 1804 568 tamquam

1010 575 1141 609 optimmn
1164 576 1336 612 predagogum
1348 598 1356 610 ,
1372 583 1399 604 et
1417 578 1547 605 malorum
1571 586 1630 613 quae
1651 579 1806 607 acciderant

1010 621 1211 649 emendatorem
1227 631 1233 648 :
1249 627 1330 658 atque
1344 627 1373 649 ut
1387 624 1417 650 fit
1434 631 1494 650 cum
1515 624 1662 652 Vehemens
1681 625 1804 660 quaedam

1009 666 1091 694 febris
1104 675 1201 702 corpus
1216 668 1322 701 invasit,
1340 677 1415 696 venae
1430 670 1495 704 ipsae
1510 675 1588 697 terrae
1600 671 1803 706 exarescebant,

1009 716 1141 740 torrentes
1156 712 1327 746 deﬁciebant,
1342 719 1369 742 et
1383 714 1483 746 herbae,
1497 719 1525 743 et
1537 719 1616 743 terra:
1630 716 1733 744 viscera
1746 721 1803 744 ste-

1008 757 1068 785 rilia
1082 758 1188 792 penitus
1203 758 1329 794 deinceps
1342 764 1429 788 erant.
1445 759 1538 795 Neque
1553 768 1617 788 vero
1633 762 1805 790 mediocriter

1008 802 1034 830 id
1050 804 1147 838 populo
1167 804 1215 832 fuit
1236 805 1300 832 utile
1312 826 1320 838 ,
1338 813 1400 833 cum
1415 813 1553 841 repressus
1574 806 1687 842 impetus
1702 807 1802 840 fuerit,

1008 857 1061 885 quo
1072 850 1106 878 ad
1119 851 1285 887 iniquitatem
1297 852 1441 886 ferebatur,
1453 857 1481 880 et
1491 853 1634 889 castigatus
1645 853 1802 882 modestior-

1006 904 1059 932 que
1074 897 1109 924 sit
1125 898 1217 930 factus,
1234 902 1260 925 et
1274 898 1307 925 ad
1321 898 1559 933 obtemperaudum
1574 899 1710 934 propheta
1725 907 1800 927 man-

1006 944 1117 971 suetior.
1141 943 1208 972 Nam
1228 945 1274 979 qui
1296 944 1329 972 ad
1353 944 1422 972 idola
1442 944 1605 977 currebant,
1620 949 1647 972 et
1661 944 1800 974 dtemoniis

1007 988 1076 1016 ﬁlios
1091 997 1154 1017 suos
1164 990 1325 1022 mactabaut,
1339 990 1366 1017 hi
1379 994 1417 1018 tot
1427 990 1522 1018 occisis
1531 990 1714 1018 sacerdotibus
1727 991 1800 1022 Baal,

1006 1043 1059 1063 non
1075 1036 1202 1071 indignati
1218 1041 1289 1070 sunt,
1303 1044 1356 1064 non
1371 1036 1554 1071 indoluerunt,
1570 1036 1618 1064 sed
1629 1036 1707 1064 famis
1720 1044 1802 1072 Opera

1005 1082 1102 1110 redditi
1117 1083 1242 1111 meliores
1253 1104 1261 1117 ,
1281 1087 1400 1110 tacentes
1417 1090 1448 1110 ac
1460 1087 1533 1110 metu
1547 1083 1663 1118 correpti
1681 1090 1738 1111 rem
1753 1090 1802 1118 pa-

1006 1128 1104 1156 tienter
1118 1128 1247 1156 tulerunt.

1041 1174 1068 1202 6.
1090 1174 1171 1202 Vides
1196 1182 1250 1202 non
1272 1174 1351 1202 modo
1365 1175 1464 1202 malum
1485 1183 1539 1202 non
1553 1182 1613 1203 esse
1630 1175 1738 1209 famem,
1749 1175 1797 1203 sed

1004 1220 1036 1247 ad
1053 1220 1121 1247 mala
1135 1221 1214 1247 etiam
1230 1220 1346 1254 tollenda
1358 1220 1528 1256 prodesse,et
1539 1220 1571 1248 ad
1582 1221 1713 1248 sanandas
1722 1221 1801 1257 a‘gri-

1005 1267 1111 1294 tudines
1126 1266 1237 1294 remedii
1252 1266 1340 1294 locum
1349 1266 1488 1294 obtinere?
1500 1266 1575 1301 Quod
1586 1267 1609 1294 si
1620 1267 1799 1302 captivitatem

1003 1312 1089 1347 ipsam
1104 1312 1184 1340 etiam
1200 1312 1290 1340 videre
1300 1312 1366 1339 Velis
1377 1312 1475 1339 malum
1490 1320 1543 1340 non
1558 1318 1627 1346 esse,
1642 1312 1727 1348 cogita
1735 1321 1801 1348 qua-

1003 1359 1042 1386 les
1052 1364 1113 1387 ante
1123 1360 1303 1394 captivitatem
1314 1363 1405 1387 essent
1415 1358 1510 1391 Judaei,
1523 1363 1551 1386 et
1565 1360 1656 1395 quales
1672 1360 1697 1386 in
1713 1360 1799 1396 capti-

1003 1405 1094 1437 vitate,
1108 1409 1136 1432 ut
1150 1405 1283 1440 intelligas
1298 1404 1543 1439 nequelibertatem
1553 1404 1676 1432 absolute
1686 1405 1797 1437 bunum,

1003 1457 1090 1485 neque
1104 1450 1283 1485 captivitatem
1297 1450 1394 1477 malum
1409 1457 1478 1477 esse.
1489 1449 1601 1484 Quando
1609 1450 1680 1478 enim
1692 1450 1799 1478 liberta-

1003 1501 1029 1524 te
1043 1497 1200 1524 fruebantur
1209 1517 1217 1529 .
1228 1501 1256 1524 et
1270 1497 1295 1524 in
1311 1496 1395 1531 patria
1408 1504 1455 1524 sua
1468 1496 1613 1532 degebant,
1626 1497 1662 1524 ita
1678 1504 1707 1524 se
1719 1503 1798 1531 gere-

1001 1543 1076 1577 bant,
1091 1547 1120 1570 ut
1133 1542 1243 1577 singulis
1257 1542 1350 1570 diebus
1369 1542 1499 1570 adversus
1514 1543 1573 1571 illos
1586 1542 1799 1571 vociferarentur

1001 1589 1155 1624 prophetae,
1180 1589 1242 1616 dum
1265 1589 1340 1624 leges
1361 1589 1593 1623 coneulcarentur,
1620 1589 1798 1616 adorarentttr

1001 1635 1082 1668 idola,
1098 1640 1126 1663 et
1141 1636 1184 1663 Dei
1204 1636 1329 1664 mandata
1340 1636 1525 1664 violarentur:
1542 1641 1682 1672 postquam
1707 1641 1795 1663 autem

1001 1683 1027 1710 in
1037 1683 1150 1710 alienam
1166 1682 1247 1710 delati
1263 1688 1325 1710 sunt
1339 1688 1437 1711 terram
1450 1705 1457 1716 ,
1473 1688 1501 1711 et
1519 1683 1546 1711 in
1559 1684 1734 1712 barbarorum
1753 1691 1796 1712 re-

1000 1729 1080 1764 gione
1095 1729 1192 1757 versati
1204 1751 1211 1761 ,
1227 1729 1266 1756 sic
1280 1730 1400 1765 depressi
1414 1734 1475 1756 sunt
1488 1751 1495 1762 ,
1506 1738 1539 1757 ac
1556 1731 1681 1758 meliores
1700 1738 1795 1757 evase-

1000 1779 1071 1807 runt,
1087 1775 1226 1810 legemque
1239 1780 1396 1807 servarunt,
1412 1780 1441 1803 ut
1461 1784 1493 1803 ex
1516 1776 1573 1811 ipso
1588 1776 1693 1810 psalmo
1706 1777 1794 1812 colligi

1000 1825 1098 1856 potest,
1113 1829 1192 1856 quem
1214 1829 1303 1857 operae
1318 1822 1432 1856 pretium
1447 1826 1488 1848 est
1501 1821 1630 1849 hodierno
1641 1822 1683 1849 die
1698 1822 1724 1850 in
1735 1831 1794 1850 me-

999 1868 1072 1895 dium
1083 1867 1189 1901 afferre,
1204 1873 1233 1895 ut
1245 1876 1278 1895 ex
1292 1876 1324 1895 eo
1332 1868 1492 1903 captivitatis
1505 1867 1619 1896 fructum
1631 1869 1793 1902 agnoscatis.

999 1914 1063 1948 Quis
1084 1914 1126 1941 ille
1139 1922 1219 1949 porro
1236 1914 1354 1945 psalmus
1367 1914 1425 1941 est?
1437 1913 1521 1948 Super
1535 1914 1643 1949 [lumina
1657 1913 1794 1949 Babyloni:

998 1960 1050 1986 illic
1062 1960 1182 1993 sedimus,
1197 1965 1219 1986 et
1238 1959 1363 1995 ﬂeuimus,
1379 1959 1440 1986 dum
1461 1960 1650 1986 recordaremur
1663 1959 1738 1987 Sion.
1760 1960 1794 1987 In

998 2006 1115 2033 salicibus
1128 2006 1154 2032 in
1168 2005 1249 2032 medio
1260 2006 1314 2040 rjns
1323 2005 1498 2040 suspendimns
1506 2013 1602 2040 organa
1612 2010 1707 2032 nostra.
1721 2005 1794 2039 Quo-

998 2053 1066 2079 niam
1088 2052 1140 2079 illic
1154 2052 1370 2087 interrogaverunt
1394 2059 1449 2082 nos.
1465 2051 1508 2086 qui
1531 2052 1643 2085 captivos
1667 2051 1793 2078 duxerunt

998 2107 1053 2131 nos,
1068 2098 1140 2125 verba
1149 2099 1304 2129 cantionum,
1321 2097 1431 2124 dicentes
1445 2097 1567 2124 :Cantale
1582 2097 1651 2124 nobis
1665 2098 1696 2124 de
1709 2098 1791 2124 tanti.

997 2145 1032 2172 ria
1049 2145 1121 2172 Sion.
1136 2143 1267 2177 Quomodo
1280 2144 1435 2171 cantabimus
1446 2143 1572 2170 canticum
1580 2143 1715 2170 Dominiin
1725 2147 1793 2170 terra

997 2190 1080 2218 aliena
1104 2190 1188 2226 (Psal.
1204 2190 1265 2217 156.
1281 2189 1374 2225 1-4)?
1394 2189 1474 2216 Vides
1487 2193 1517 2216 ut
1538 2189 1610 2223 ipsos
1629 2189 1793 2224 depresserit

997 2237 1146 2272 captivitas.
1160 2235 1226 2263 Nam
1237 2239 1300 2263 ante
1316 2234 1386 2262 illam
1407 2233 1512 2269 quidem
1528 2234 1672 2269 prophetas
1685 2242 1738 2262 non
1755 2235 1792 2262 fe-

997 2284 1108 2318 rebant,
1122 2291 1137 2310 a
1154 2283 1249 2318 quibus
1262 2281 1482 2314 admonebantur,
1500 2285 1529 2308 ut
1547 2288 1582 2309 ne
1597 2281 1681 2315 legem
1704 2285 1792 2308 trans-

996 2331 1172 2366 grederentur
1194 2338 1200 2355 :
1225 2332 1285 2363 post
1314 2328 1386 2355 illam
1414 2331 1502 2354 autem
1526 2327 1606 2354 etiam
1631 2326 1791 2354 instantibus

996 2376 1129 2408 barbaris,
1145 2380 1172 2402 et
1183 2373 1300 2402 dominis
1314 2373 1469 2409 cogentibus
1482 2377 1561 2408 atque
1576 2373 1730 2408 urgentibus
1740 2393 1748 2405 ,
1763 2377 1791 2400 ut

996 2431 1056 2450 eam
1080 2420 1342 2456 transgrederentur,
1366 2419 1475 2446 minimc
1500 2418 1643 2454 parebant,
1658 2418 1704 2445 sed
1719 2417 1791 2444 dice-

996 2470 1061 2498 bant
1074 2478 1080 2496 :
1096 2469 1155 2496 Non
1165 2467 1330 2496 cantabimus
1342 2465 1474 2493 canticum
1487 2465 1591 2492 Domini
1607 2464 1632 2491 in
1644 2468 1713 2491 terra
1727 2464 1791 2490 alie~

997 2524 1041 2550 na,
1055 2516 1179 2551 quoniam
1194 2514 1219 2541 id
1234 2515 1276 2542 lex
1292 2520 1344 2541 non
1360 2511 1542 2547 permittebat.
1569 2510 1637 2537 Vide
1655 2515 1744 2537 autem
1765 2514 1791 2537 et

997 2568 1051 2591 tres
1063 2569 1177 2598 pueros,
1191 2561 1235 2597 qui
1251 2568 1305 2588 non
1327 2559 1413 2587 solum
1435 2567 1450 2586 a
1474 2557 1627 2592 captivitate
1653 2556 1709 2583 ltusi
1738 2564 1790 2583 non

997 2615 1076 2643 sunt,
1089 2609 1137 2637 sed
1150 2609 1229 2636 etiam
1237 2607 1295 2642 ejus
1305 2613 1386 2642 opera
1400 2605 1559 2633 illustriores
1573 2608 1731 2635 evaserunt;
1746 2610 1790 2629 eo-

997 2655 1111 2691 demque
1120 2655 1199 2683 modo
1212 2654 1361 2682 Daniclem.
1373 2652 1441 2686 Quid
1454 2659 1517 2679 vero
1527 2650 1645 2686 Ioseph?
1655 2649 1717 2684 quid
1729 2647 1790 2676 mali

996 2711 1090 2739 passus
1103 2706 1155 2734 est,
1169 2709 1229 2730 cum
1247 2705 1273 2728 et
1287 2699 1456 2735 peregrinus.
1468 2703 1495 2726 et
1509 2704 1602 2724 servus
1614 2717 1622 2730 ,
1632 2701 1659 2723 et
1670 2693 1793 2729 captivus

996 2754 1036 2777 est
1051 2748 1151 2776 factus?
1164 2755 1252 2775 nonne
1263 2745 1315 2773 hoc
1328 2753 1408 2772 unum
1424 2744 1462 2772 illi
1474 2743 1643 2779 splendorem
1654 2748 1788 2775 compara-

996 2794 1054 2822 vit?
1069 2793 1137 2828 Quid
1155 2800 1218 2820 vero
1237 2791 1334 2819 mulier
1351 2789 1395 2817 illa
1408 2789 1538 2822 barbara,
1553 2796 1611 2823 quae
1635 2788 1660 2814 in
1685 2785 1788 2820 opibus,

1000 2841 1137 2878 superbia,
1153 2845 1180 2868 et
1195 2839 1316 2867 libertate
1331 2836 1453 2873 degebat,
1468 2835 1529 2864 inde
1542 2835 1642 2862 lucrata
1651 2832 1710 2860 cst?
1726 2838 1790 2858 non-
