2046 3123
257 125 305 155 151

257 190 290 210 ne
305 181 423 210 omnium
435 180 482 208 fuit
497 180 656 212 miserrima,
669 184 808 215 postquam
821 178 887 210 istis,
905 182 934 205 ut
943 182 1050 212 oporte-

259 228 315 262 bat,
328 227 366 255 uti
379 227 482 255 noluit?
498 227 559 254 lla‘c
572 227 651 262 igitur
663 226 801 254 evidenter
811 232 825 251 a
841 224 917 251 nobis
931 229 992 250 sunt
1002 222 1048 250 dc-

256 277 414 306 monstrata,
424 280 545 308 qumnam
555 272 608 300 sint
618 272 696 303 mala,
707 279 828 307 quzcnam
838 270 916 302 bona,
928 277 1050 304 qumnam

257 319 354 354 media,
367 323 395 347 et
411 319 444 346 de
458 319 552 346 mediis
563 319 632 353 loqui
647 318 882 352 prophetam,qn:e
894 316 980 350 reipsa
995 322 1052 342 ma-

255 365 280 392 la
295 372 347 392 non
361 369 432 398 sunt.
449 364 495 391 sed
510 364 587 398 vulgo
602 363 670 390 mala
685 362 819 395 videmur,
839 361 872 388 de
887 360 1050 396 captivitate,

255 413 401 442 servitute,
426 410 597 437 abductione.
621 409 705 442 Quam
727 415 791 434 vero
812 407 846 433 ob
864 414 973 433 causam
993 405 1051 433 hazc

259 456 328 484 dicta
343 456 406 488 sint,
423 463 511 491 operae
528 454 641 490 pretium
657 453 736 480 fuerit
751 459 820 479 nunc
835 452 942 479 docere.

296 501 433 538 Propheta
457 509 502 528 cur
525 501 604 527 missi.
623 515 659 519 —
678 499 811 533 Benignns
825 505 885 526 cum
909 497 944 524 sit
969 497 1049 530 Deus,

257 552 284 575 et
297 547 329 574 ad
345 546 524 575 miserandum
541 550 688 581 promptus,
703 545 736 572 ad
759 543 940 580 castigandum
955 551 986 570 ac
1002 551 1051 578 pu-

257 595 382 622 niendum
398 598 537 621 cunctator
558 596 586 620 et
605 592 771 625 tardus,‘ne
785 591 892 618 Judmos
915 590 1051 625 suppliciis

257 642 397 669 mulctaret
410 663 417 673 ,
434 640 576 675 prophetas
596 639 677 671 misit,
699 644 728 666 ut
747 638 835 666 verbis
854 646 900 666 eos
927 642 1050 671 terreret,

255 696 342 724 neque
363 688 443 715 rebus
468 687 532 722 ipsis
550 686 680 722 puniret:
703 686 774 721 quod
788 690 815 713 et
838 693 900 720 erga
921 684 1051 712 Ninivitas

256 736 387 770 prmstitit.
404 735 470 762 Nam
486 739 512 762 et
524 734 578 761 illic
592 734 655 761 olim
671 733 763 760 urbem
782 741 811 761 se
825 740 982 760 eversurum
1001 731 1052 758 mi-

256 787 333 808 natus
347 785 405 814 est,
421 789 474 808 non
490 786 519 807 ut
533 784 682 812 everteret,
697 779 744 806 sed
769 784 798 806 ut
826 787 878 806 non
906 783 1050 812 everteret,

255 827 327 862 quod
341 828 430 862 utique
445 825 566 860 contigit.
593 825 649 852 Hoc
673 825 797 852 nimirum
815 829 842 852 et
864 829 926 851 tunc
945 824 1049 859 agebat,

256 873 399 908 prophetas
414 872 546 906 mittebat,
554 879 585 900 ac
593 871 765 899 barbarorum
782 871 958 904 incursiones,
970 870 1050 903 bella,

255 919 423 953 captivitatcs
435 939 442 952 ,
457 918 643 946 abductionem
655 937 662 950 ,
679 922 706 945 et
719 917 745 944 in
757 917 842 945 aliena
857 916 965 952 regione
975 923 1050 943 eom-

256 968 431 992 moratt‘onem
452 964 613 991 minabatur.
634 963 668 990 Et
680 962 903 998 quemadmodum
920 967 994 998 pater
1008 962 1051 989 in-

255 1011 378 1046 dulgens,
393 1011 435 1038 cui
447 1011 517 1038 filius
530 1015 571 1038 est
582 1010 740 1037 libidinosus
754 1017 786 1038 ac
797 1009 943 1044 negligens,
957 1010 990 1036 ad
1005 1016 1051 1036 sa-

255 1064 316 1084 nam
331 1062 446 1084 mentem
459 1056 552 1084 volens
565 1063 626 1084 eum
646 1056 789 1089 reducere,
812 1055 913 1091 ﬂagella
928 1055 1050 1090 requirit,

255 1101 332 1129 funes
348 1103 462 1129 minatur
476 1101 568 1130 dicens
584 1110 591 1128 :
608 1101 744 1135 Vinciam,
760 1101 872 1136 ﬂagellis
885 1101 996 1134 ext-dam,
1011 1101 1052 1128 in-

257 1148 396 1180 teriiciam,
414 1149 495 1183 fitque
508 1147 598 1176 verbis
612 1148 780 1180 terribilis,ut
793 1148 844 1175 hac
861 1148 963 1175 ratione
974 1148 1052 1181 juve-

255 1195 298 1222 nis
311 1195 506 1229 improbitatem
521 1198 673 1229 compescat
690 1203 696 1220 :
710 1194 745 1220 ita
762 1193 886 1220 nimirum
901 1193 970 1220 Deus
987 1201 1052 1221 con-

259 1241 331 1267 tinue
346 1240 512 1273 minabatur,
525 1247 585 1267 cum
600 1247 647 1267 eos
661 1239 758 1274 injecto
781 1244 852 1267 metu
866 1239 979 1267 reddere
995 1247 1052 1267 me-

256 1287 338 1314 liores
353 1287 440 1314 vellet.
457 1287 519 1314 ll:ec
531 1293 646 1314 cernens
658 1286 789 1319 diabolus,
799 1287 941 1321 volenSque
956 1293 1050 1313 etnen-
1067 1308 1072 1318 ,

255 1333 392 1361 dationem
406 1355 413 1366 ,
426 1341 485 1367 qua:
499 1333 712 1367 consequebatur
723 1331 770 1360 has
783 1332 868 1359 minas
882 1353 889 1365 ,
904 1331 1050 1366 impedire,

257 1379 501 1415 pseudoprophetas
515 1379 634 1412 immisit,
658 1383 685 1406 et
696 1379 833 1414 prophetis
851 1378 1029 1413 captivitatem
1042 1398 1049 1410 ,

256 1426 423 1459 servitutem,
436 1425 586 1460 famemque
599 1425 773 1458 minantibus,
790 1425 826 1452 illi
844 1424 987 1458 contraria,
1003 1431 1052 1459 pa-

255 1480 329 1506 cent,
345 1478 423 1500 terra:
438 1472 601 1500 fertilitatem
612 1492 620 1505 ,
637 1471 836 1499 innumerorum
857 1472 986 1499 bonorum
1003 1479 1052 1499 co-

257 1519 326 1553 piam
353 1517 541 1552 prmdicebant.
573 1517 675 1545 Idcirco
699 1519 892 1552 exprobrantes
914 1518 965 1545 illis
990 1525 1052 1552 pro-

257 1564 344 1600 pheta:
356 1565 481 1592 dicebant
492 1570 499 1588 ε
512 1564 581 1598 Pax,
597 1573 664 1599 pax;
673 1569 696 1591 et
709 1564 751 1591 ubi
763 1569 798 1592 est
807 1573 859 1600 pax
873 1563 938 1599 (Jer.
950 1565 977 1592 6.
994 1565 1052 1600 M)?

256 1611 289 1638 Et
299 1611 387 1638 sciunt
397 1619 500 1643 omnes,
517 1611 561 1645 qtti
575 1618 710 1638 sacrarum
724 1611 860 1638 literarum
872 1616 933 1638 sunt
948 1611 1051 1639 studio-

255 1656 288 1690 si,
303 1661 397 1684 cuncta
411 1657 541 1690 evenisse,
552 1665 611 1692 qua:
624 1656 760 1692 propheta:
769 1657 948 1692 prtedixerant
958 1657 1053 1684 adver-

255 1710 302 1730 sus
314 1702 570 1738 pseudoprophetas,
585 1702 630 1737 qui
646 1703 735 1738 populi
747 1703 862 1730 studium
879 1703 1053 1731 debilitabant

255 1757 286 1776 ac
301 1749 466 1784 frangebant.
482 1748 700 1784 Quoniamigitur
711 1750 836 1784 populutn
848 1751 881 1778 ita
893 1750 1050 1778 dissolutum

255 1796 472 1829 corrumpebant,
502 1802 550 1830 per
573 1795 717 1830 prophetas
739 1796 776 1823 ait
796 1796 864 1823 Deus
884 1805 889 1822 :
906 1796 962 1832 Ego
985 1797 1053 1825 Deus

257 1840 353 1876 faciens
364 1849 462 1875 pacem,
477 1845 501 1867 et
510 1848 598 1867 creans
612 1841 679 1867 mala
691 1841 768 1876 (Isai.
782 1843 825 1869 45.
835 1843 872 1877 7).
886 1843 916 1870 Et
929 1851 1052 1878 quamam

259 1885 425 1913 malaHiazc
452 1893 510 1921 quae
527 1893 735 1915 commemorata
763 1893 835 1922 sunt,
861 1890 1051 1923 captivitatem,

257 1931 410 1958 servitutem
424 1936 450 1958 et
463 1931 513 1958 alia
527 1931 657 1966 ejusmodi
670 1942 676 1960 :
692 1940 743 1960 non
758 1933 960 1962 fornicationem
976 1940 1003 1963 et
1015 1936 1053 1963 la-

257 1977 377 2008 sciviam.
389 1981 416 2004 et
429 1977 577 2010 avaritiam,
592 1986 678 2014 neque
691 1979 762 2006 aliud
777 1979 919 2015 quidquam
933 1981 1052 2015 ejusmo-

257 2023 293 2050 di.
315 2023 416 2051 ldcirco
431 2024 510 2051 etiam
524 2025 630 2060 quando
652 2026 722 2053 alius
734 2026 861 2061 propheta
877 2027 959 2060 dixit,
976 2028 1054 2056 Siest

257 2069 355 2096 malitia
369 2070 395 2096 in
408 2070 506 2097 civitate
516 2091 523 2101 ,
539 2079 614 2104 quam
631 2080 681 2098 non
695 2073 754 2107 fecit
768 2072 891 2100 Dominus
907 2073 915 2107 (
931 2074 1008 2100 Amos
1024 2075 1051 2101 5.

258 2115 297 2152 6),
310 2115 378 2142 hanc
397 2116 464 2143 dixit
477 2116 615 2150 malitiam,
627 2117 722 2144 famem
732 2137 741 2150 ,
756 2118 894 2151 morbum,
911 2118 1023 2146 inﬂictas
1038 2127 1052 2148 a

259 2164 313 2190 Deo
325 2165 413 2199 plagas
425 2172 432 2190 :
446 2164 485 2191 sic
499 2169 526 2191 et
539 2164 662 2191 Christus
674 2173 734 2192 cttm
748 2165 821 2198 dicit,
835 2165 932 2201 Sufﬁcit
941 2166 991 2192 diei
999 2175 1055 2193 mu-

259 2211 312 2237 litia
322 2220 367 2238 sua
381 2211 486 2247 (Matth.
502 2211 528 2238 6.
541 2210 595 2248 54),
611 2211 723 2239 sudores
735 2211 816 2245 dicit,
829 2212 946 2240 laborem
960 2233 967 2246 ,
983 2212 1053 2240 afﬂi-

258 2263 385 2285 ctionem.

295 2304 321 2331 7.
346 2304 401 2331 lloc
414 2304 493 2339 igitur
507 2303 571 2332 dicit
584 2303 711 2339 propheta
724 2313 730 2331 :
742 2303 781 2331 Nc
797 2304 897 2333 debiles
911 2312 942 2332 ac
957 2305 1050 2333 remis-

260 2359 304 2378 sos
324 2359 371 2378 vos
393 2351 506 2378 reddant
529 2350 785 2386 pseudoprophetze;
809 2351 878 2379 Deus
891 2352 962 2379 enim
977 2352 1053 2379 vobis

261 2405 352 2430 pacem
372 2397 460 2432 largiri
476 2403 581 2432 potest,
600 2402 627 2424 et
641 2397 786 2432 captivitati
800 2405 847 2424 vos
863 2397 969 2424 tradere
983 2405 990 2424 :
1005 2398 1055 2425 hoc
1072 2433 1076 2435 _

260 2447 311 2473 est.
329 2441 437 2470 Faciem
450 2452 536 2477 parem
546 2464 554 2473 .
567 2449 591 2471 et
609 2452 696 2471 creant
710 2443 787 2470 mala.
802 2444 889 2479 Atque
903 2449 931 2471 ut
943 2443 994 2471 hoc
1007 2452 1054 2471 ve-

261 2497 318 2516 rum
333 2497 394 2516 esse
408 2489 550 2524 intelligas,
563 2490 634 2525 ipsas
647 2490 775 2517 dictiones
789 2489 938 2517 accuratius
952 2489 1054 2517 exami-

262 2543 365 2562 nemus.
390 2534 457 2563 Cum
473 2535 543 2562 enim
565 2540 628 2563 ante
647 2535 779 2569 dixisset,
801 2534 858 2571 Ego
878 2543 932 2562 non
950 2535 992 2570 qui
1007 2534 1056 2569 feci

261 2583 341 2608 lucem
349 2586 371 2608 et
379 2581 502 2613 tenebras,
513 2587 575 2609 tttnc
582 2582 693 2616 addidit,
702 2581 810 2610 Faciem
821 2590 922 2616 pacem,
935 2587 958 2609 et
968 2590 1056 2609 creant

261 2627 339 2654 mala.
356 2628 412 2655 Duo
425 2629 556 2655 contraria
569 2636 647 2662 supra
662 2629 758 2663 posuit,
770 2636 801 2656 ac
815 2628 913 2656 deinde
925 2629 979 2656 duo
991 2636 1057 2656 con-

263 2676 358 2708 traria,
375 2680 403 2701 nt
418 2675 549 2710 intelligas
564 2683 623 2702 eum
638 2683 690 2702 non
705 2676 738 2703 de
753 2675 945 2709 fornicatione,
961 2675 1007 2703 sed
1023 2675 1057 2703 de

263 2722 455 2750 calamitatibus
469 2721 551 2756 loqui.
567 2721 635 2755 Quid
650 2721 720 2748 enim
734 2725 775 2748 est
786 2721 856 2756 quod
872 2721 929 2756 paci
942 2721 1056 2756 opponi-

268 2768 331 2795 tur?
347 2767 452 2797 Clarnm
472 2772 513 2795 est
528 2767 599 2802 quod
619 2767 652 2794 sit
672 2767 808 2801 captivitas
820 2787 828 2800 ,
853 2775 905 2794 non
927 2766 1032 2794 lascivia
1046 2788 1054 2800 ,

613 123 641 152 S.
661 122 801 151 JOANNIS
819 118 1057 151 CllRYSOSTOMl
1077 110 1519 146 ΑΠΟΗΙΕΡΪΟΟΝδΤΛΝΤΙΝυΡ.

1845 113 1857 140 1
1863 112 1897 140 fi!

1104 182 1191 210 neque
1205 173 1344 201 fortticatio
1355 194 1363 205 ,
1380 181 1467 208 neque
1485 171 1606 199 avaritia.
1629 170 1662 200 Ut
1685 171 1763 206 igitur
1777 170 1898 205 superius

1104 221 1158 248 duo
1171 220 1303 248 contraria
1319 220 1417 255 posuit,
1434 220 1472 247 sic
1487 218 1610 246 nimirum
1623 222 1650 245 et
1665 217 1716 245 ltoc
1734 217 1793 245 loco
1808 225 1815 244 :
1831 223 1898 244 con-

1104 267 1185 294 traria
1200 275 1263 294 vero
1280 267 1337 301 paci
1352 274 1395 294 res
1409 270 1450 294 est
1463 274 1516 293 non
1531 265 1682 297 fornicatio,
1699 272 1784 300 neque
1796 264 1899 292 adulte-

1104 314 1172 340 rium
1183 333 1190 344 ,
1205 321 1290 348 neque
1305 312 1412 339 lascivia
1423 333 1430 344 ,
1445 319 1531 347 neque
1546 311 1647 346 reliqtta
1660 310 1741 344 vitia;
1755 310 1803 338 sed
1816 310 1899 346 capti-

1104 360 1172 387 vitas
1185 364 1212 387 et
1233 361 1358 387 servitus.
1381 358 1433 387 Sed
1449 359 1517 386 sicut
1534 366 1596 394 erga
1615 358 1747 386 elementa
1761 379 1768 390 ,
1784 357 1823 385 sic
1837 365 1899 393 erga

1104 415 1148 434 res
1162 407 1231 441 ipsas
1246 407 1367 433 homines
1381 405 1542 433 afficiuntur.
1560 405 1680 439 Exempli
1695 411 1775 432 causa
1787 413 1794 431 :
1807 412 1899 439 quem-

1104 453 1246 480 admodum
1262 452 1324 480 fecit
1341 453 1425 480 lucem
1440 457 1467 480 et
1484 451 1618 483 tenebras,
1634 456 1660 478 et
1675 451 1766 479 multis
1779 458 1839 479 esse
1853 450 1899 486 ju-

1103 498 1190 525 cunda
1204 498 1247 525 lux
1265 498 1378 531 videtur,
1392 497 1509 525 tenebrae
1522 505 1585 525 vero
1600 497 1736 530 molestae,
1749 504 1780 524 ac
1794 502 1899 525 ttoctem

1103 545 1209 580 quidam
1223 550 1357 580 tamquam
1372 545 1467 572 tnalam
1482 549 1608 572 accusant
1621 553 1627 571 :
1642 544 1682 572 sic
1696 544 1820 572 nimirum
1834 551 1860 572 et
1874 545 1899 572 in

1103 593 1185 620 rebus
1198 593 1273 627 ipsis.
1288 593 1322 619 At
1337 599 1422 626 neque
1437 599 1487 618 nox
1501 595 1541 618 cst
1551 590 1710 624 accusanda,
1725 599 1810 625 neqtte
1823 596 1899 618 tene-

1104 639 1170 672 braz,
1182 647 1268 674 neque
1282 638 1389 666 omnino
1402 638 1517 665 servitus
1530 642 1556 665 et
1570 637 1721 670 captivitas.
1734 636 1802 671 Quid
1815 637 1898 670 enim,

1103 692 1205 720 quaeso,
1220 684 1281 711 mali
1298 684 1395 711 habent
1408 683 1546 711 tenebrae?
1559 691 1647 710 nonne
1659 687 1722 710 sunt
1737 690 1750 709 a
1765 683 1901 710 laboribus

1104 730 1253 759 relaxatio?
1270 738 1358 758 nottne
1382 730 1505 758 remissio
1528 730 1673 757 curarum?
1687 737 1776 756 nonne
1798 729 1899 757 doloris

1103 777 1310 805 cxterminatio?
1323 785 1411 804 nonne
1425 777 1518 804 virium
1535 776 1674 804 accessio?
1687 776 1762 810 Quod
1783 776 1805 804 si
1823 780 1899 804 tene-

1103 824 1158 852 brae
1180 832 1233 851 non
1256 824 1366 851 fuissent
1386 829 1414 851 et
1433 831 1504 854 nox,
1527 823 1632 859 quando
1646 823 1705 850 luce
1729 822 1803 858 potiti
1823 830 1898 850 esse-

1103 871 1183 898 mus?
1206 879 1293 898 nonne
1314 875 1469 905 corruptum
1493 869 1586 898 fuisset
1606 874 1684 905 atque
1707 869 1898 904 interemptum

1104 917 1154 945 hoc
1173 917 1271 945 animal
1292 916 1395 944 homo?
1416 916 1449 944 Ut
1462 921 1550 943 autem
1564 915 1689 943 videntur
1708 915 1814 950 quidem
1835 915 1899 942 insi-

1103 963 1236 998 pientibtts
1255 963 1371 990 tenebrae
1385 962 1482 989 tnalnm
1496 969 1556 989 esse
1569 961 1692 997 quiddam
1705 982 1713 995 ,
1728 961 1832 988 tametsi
1847 969 1898 988 non

1103 1014 1180 1042 sunt,
1198 1017 1288 1037 verum
1312 1008 1344 1036 ad
1361 1008 1444 1043 ipsam
1459 1008 1529 1035 diem
1546 1007 1622 1036 nobis
1642 1012 1704 1036 sunt
1722 1009 1802 1040 usui,
1824 1012 1849 1035 et
1865 1007 1897 1035 ad

1103 1063 1195 1090 opera,
1207 1063 1266 1090 quae
1280 1055 1307 1082 in
1320 1055 1374 1089 ipsa
1386 1055 1554 1089 suscipimus,
1567 1054 1654 1089 quiete
1665 1059 1799 1081 recreatos
1811 1053 1899 1081 reddit

1103 1103 1220 1137 aptiores
1233 1110 1240 1129 :
1253 1102 1288 1129 ita
1300 1109 1385 1136 neque
1399 1101 1497 1128 malum
1511 1100 1574 1136 quid
1587 1105 1628 1128 est
1640 1100 1789 1136 captivitas,
1800 1100 1834 1128 de
1847 1107 1899 1135 qua

1102 1148 1252 1176 disserebat
1266 1147 1394 1183 propheta
1409 1155 1468 1175 eum
1487 1147 1607 1180 diceret,
1623 1146 1733 1175 Facient
1752 1155 1841 1182 pacem
1852 1168 1859 1180 ,
1874 1151 1899 1174 et

1103 1202 1190 1221 creatis
1204 1194 1273 1221 mala
1290 1201 1300 1220 :
1316 1193 1363 1221 sed
1382 1201 1426 1221 res
1441 1193 1530 1221 utilior
1542 1197 1584 1221 est
1597 1193 1629 1222 iis
1643 1194 1688 1229 qui
1703 1198 1732 1221 ut
1746 1198 1851 1229 oportet
1864 1201 1895 1222 ea

1103 1241 1202 1269 fuerint
1214 1241 1270 1269 usi:
1283 1241 1503 1276 temporantiores
1515 1246 1604 1268 autem
1617 1248 1649 1268 ac
1660 1240 1840 1268 modestiores
1849 1248 1897 1268 eos

1103 1286 1201 1319 efﬁcit,
1214 1286 1278 1314 dum
1293 1286 1471 1321 arrogantiam
1486 1285 1615 1314 retundit.

1145 1333 1229 1361 Virtus
1244 1342 1294 1361 non
1308 1338 1389 1369 potest
1403 1334 1430 1360 in
1447 1334 1589 1361 seruitutem
1603 1333 1695 1369 redigi.
1709 1348 1745 1353 —
1756 1332 1814 1360 Non
1827 1333 1898 1360 enim

1103 1381 1130 1408 in
1145 1381 1300 1414 servitutem
1314 1380 1398 1416 redigi
1418 1384 1506 1415 potest
1518 1380 1602 1408 virtus
1614 1401 1622 1413 ,
1638 1387 1725 1415 neque
1739 1379 1773 1408 ab
1785 1379 1839 1407 ullo
1851 1388 1898 1408 su-

1104 1427 1203 1462 perari,
1218 1434 1270 1454 non
1284 1434 1299 1453 a
1314 1427 1452 1460 servitute,
1467 1434 1518 1454 non
1532 1433 1547 1454 a
1562 1426 1725 1461 captivitate,
1739 1434 1792 1454 non
1807 1435 1822 1454 a
1835 1434 1899 1462 pau-

1104 1478 1207 1508 pertate
1217 1494 1225 1507 ,
1242 1480 1293 1500 non
1309 1473 1343 1500 ab
1357 1473 1414 1508 ipsa
1429 1477 1532 1506 morte,
1547 1480 1606 1508 quae
1618 1473 1738 1501 omnium
1751 1477 1793 1501 est
1807 1478 1900 1507 poten-

1104 1521 1215 1548 tissima.
1238 1519 1387 1548 Ostendunt
1406 1519 1433 1547 id
1452 1527 1546 1548 omnes
1559 1540 1566 1552 ,
1584 1520 1629 1555 qui
1649 1519 1708 1547 haec
1728 1520 1817 1547 omnia
1837 1523 1901 1547 sunt

1103 1567 1242 1602 perpessi,
1264 1571 1291 1594 et
1305 1574 1398 1594 eorum
1416 1574 1496 1602 opera
1511 1566 1640 1594 clariores
1656 1570 1807 1594 evaserunt.
1831 1566 1900 1601 Quid

1103 1613 1173 1640 enim
1188 1612 1305 1648 Joseplto
1317 1613 1433 1640 servitus
1447 1612 1556 1640 nocuit?
1572 1612 1648 1648 (nihil
1661 1612 1732 1640 enim
1747 1617 1817 1640 vetat
1831 1620 1901 1648 quo-

1105 1659 1192 1685 minus
1207 1658 1330 1686 eumdem
1343 1659 1428 1686 virum
1443 1658 1538 1686 iterum
1554 1658 1579 1685 in
1593 1658 1710 1686 medium
1723 1659 1900 1693 adducamus)

1103 1703 1165 1738 quid
1190 1708 1278 1730 autem
1301 1703 1427 1731 vincula?
1447 1703 1511 1739 quid
1531 1703 1651 1731 catenae?
1665 1703 1727 1739 quid
1746 1704 1899 1731 calumnia?

1103 1750 1166 1784 quid
1187 1750 1309 1778 insidiae?
1330 1750 1392 1786 quid
1414 1751 1440 1778 in
1463 1751 1549 1778 aliena
1574 1752 1683 1786 regione
1703 1751 1900 1779 commoratio?

1104 1796 1171 1829 Quid
1185 1796 1282 1824 Jobum
1302 1796 1370 1824 laesit
1383 1801 1565 1825 armentorum
1580 1805 1612 1825 ac
1625 1804 1735 1833 gregum
1756 1797 1879 1826 interitus
1889 1819 1900 1833 ,

1105 1842 1222 1869 violenta
1234 1847 1262 1871 et
1272 1842 1412 1870 immatura
1426 1850 1499 1870 mors
1512 1843 1668 1877 liberorum,
1681 1844 1756 1879 plaga
1767 1845 1899 1879 corporis,

1105 1888 1235 1915 vermium
1257 1888 1343 1916 fontes
1354 1909 1361 1922 ,
1377 1888 1454 1916 dolor
1469 1889 1642 1917 intolerabilis
1652 1910 1660 1923 ,
1677 1889 1705 1916 in
1718 1889 1781 1917 limo
1793 1891 1879 1920 sessio
1892 1911 1900 1923 ,

1105 1935 1196 1962 uxoris
1211 1935 1324 1968 insidias,
1338 1935 1485 1962 amicorum
1498 1935 1652 1971 opprobria,
1664 1935 1826 1963 famulorum
1838 1943 1902 1964 con-

1105 1980 1193 2007 vicia?
1215 1980 1283 2014 Quid
1303 1988 1367 2008 vero
1381 1980 1482 2008 Lazaro
1504 1981 1611 2014 nocuit,
1632 1981 1703 2017 quod
1723 1982 1750 2009 in
1770 1982 1903 2009 vestibulo

1103 2026 1206 2062 jaceret
1227 2031 1254 2054 et
1276 2034 1371 2054 canum
1394 2027 1491 2062 linguis
1514 2027 1682 2063 lingerctur?
1703 2028 1764 2063 quid
1788 2028 1904 2056 latdebat

1105 2074 1230 2100 continua
1246 2073 1348 2102 fames?
1371 2073 1434 2109 quid
1449 2074 1539 2102 divitis
1558 2079 1726 2110 contemptus
1738 2096 1745 2108 ε
1766 2075 1878 2103 vulnera
1892 2096 1901 2109 ,

1106 2120 1288 2148 intolerandus
1300 2121 1427 2148 morbus?
1439 2121 1502 2157 quid
1516 2122 1586 2158 quod
1599 2122 1722 2150 desertus
1732 2122 1765 2149 ah
1777 2123 1902 2151 omnibus

1106 2171 1177 2194 esset
1191 2167 1235 2201 qni
1257 2167 1353 2201 juvare
1367 2171 1493 2201 possent,
1510 2167 1581 2202 quod
1599 2167 1633 2195 ab
1649 2168 1680 2195 iis
1692 2189 1699 2201 ,
1716 2168 1760 2203 qui
1781 2169 1904 2196 auxiliari

1107 2217 1235 2247 possent,
1249 2213 1485 2240 contemneretur?
1505 2213 1572 2247 Quid
1595 2213 1678 2241 Paulo
1693 2218 1842 2241 nocuerunt
1859 2215 1904 2242 illa

1106 2257 1237 2284 malorum
1257 2258 1378 2286 examina
1392 2278 1399 2288 .
1412 2265 1535 2286 carceres
1546 2279 1554 2291 ,
1570 2258 1745 2287 abductiones
1757 2280 1764 2292 ,
1781 2265 1882 2287 mortes
1894 2281 1902 2294 ,

1106 2303 1305 2331 submersiones
1324 2311 1357 2331 ac
1373 2303 1482 2339 reliqua:
1493 2303 1650 2332 afﬂictiones
1663 2326 1670 2337 ,
1684 2312 1751 2339 quas
1763 2312 1842 2333 nemo
1857 2313 1904 2340 po-

1108 2352 1170 2379 terit
1193 2351 1314 2378 oratione
1336 2350 1503 2378 numerando
1524 2351 1705 2386 percensere?
1726 2351 1789 2379 llaec
1813 2352 1905 2379 omnia

1107 2397 1315 2430 censiderantes,
1327 2397 1454 2425 malitiam
1466 2396 1606 2433 fugiamus,
1617 2398 1743 2426 virtutem
1753 2403 1904 2430 sectemur:

1108 2447 1135 2471 et
1146 2451 1262 2474 oremus,
1276 2450 1309 2470 ne
1320 2443 1346 2470 in
1358 2443 1531 2470 tentationem
1544 2443 1674 2471 intremtts
1685 2453 1693 2471 :
1705 2444 1776 2479 quod
1787 2443 1809 2471 si
1821 2452 1906 2479 quan-

1109 2489 1144 2516 do
1157 2488 1326 2515 inciderimus
1337 2508 1345 2521 ,
1359 2495 1394 2516 ne
1406 2496 1477 2523 aegre
1489 2488 1616 2521 feramus,
1633 2496 1699 2516 neve
1714 2489 1903 2524 indignemur:

1109 2533 1239 2569 siquidem
1254 2541 1329 2561 arma
1343 2534 1447 2562 virtutis
1468 2533 1526 2562 lucc
1541 2539 1602 2562 sunt
1618 2535 1666 2566 iis,
1688 2535 1732 2570 qui
1752 2540 1781 2562 ut
1799 2541 1906 2570 Oportet

1109 2581 1151 2609 usi
1173 2580 1290 2613 fuerint,
1311 2585 1339 2608 et
1358 2579 1455 2608 horum
1477 2581 1596 2608 omnium
1619 2588 1700 2616 opera
1721 2581 1906 2609 celebritatem

1110 2629 1186 2658 nobis
1201 2629 1346 2664 poterimus
1359 2635 1516 2664 comparare
1528 2649 1535 2661 ,
1556 2629 1577 2656 si
1593 2629 1684 2664 vigiles
1698 2634 1724 2656 et
1737 2629 1832 2656 attenti
1848 2629 1906 2656 tue-

1110 2676 1194 2703 rimus
1205 2696 1211 2708 ,
1227 2683 1259 2703 ac
1274 2675 1350 2704 bonis
1364 2675 1461 2710 perfrui
1477 2676 1647 2710 sempiternis
1661 2684 1667 2702 :
1683 2684 1743 2711 qua:
1758 2676 1838 2704 nobis
1853 2676 1905 2703 uti-

1111 2729 1171 2748 nam
1191 2721 1346 2756 contingant
1365 2722 1513 2751 universis.
1536 2722 1561 2749 in
1581 2721 1689 2750 Christo
1709 2722 1772 2750 Jesu
1794 2723 1905 2750 Domino

1111 2773 1212 2799 nostro,
1227 2767 1267 2794 cui
1281 2767 1364 2802 gloria
1381 2768 1405 2794 in
1422 2767 1518 2794 smcula
1532 2768 1700 2796 s:rculorum.
1719 2770 1814 2796 Amen.
