2072 3122
138 195 183 224 151
455 193 490 221 ΙΝ
507 193 609 221 ILLUD
625 191 739 224 lSAl/E.
757 190 825 219 EGO
846 188 1000 219 DOMINUS
1020 189 1108 218 DEUS
1124 188 1200 217 FECI
1222 186 1351 221 LUMEN,
1369 185 1446 214 E'I'C.

139 252 271 283 εἶναιτοῖς
279 252 398 285 πολλοις,
409 251 607 287 αἰχμαλωσίας,
619 250 752 282 δουλείας,
763 250 924 285 ἀπαγωγῆς.

139 295 215 325 Τίνος
226 293 255 320 δὲ
270 293 366 321 ἕνεκεν
381 293 464 320 ταῦτα
482 294 600 329 εῐρηται.
617 293 765 327 ἀναγκαῖον
780 293 877 318 εἰπεῖν.

173 335 368 371 Φιλάνθρωπος
383 335 420 362 ὢν
435 336 449 362 ὁ
462 335 539 366 Θεὸς,
557 334 604 361 καί
620 335 685 369 περὶ
699 335 729 360 τδ
745 333 830 360 ἐλεεῖν
852 332 925 365 ὀξὺς,

141 378 208 412 πρὸς
225 377 253 404 δὲ
272 377 304 403 τὸ
325 376 503 412 τιμωρεῖσθαι
525 376 572 402 καὶ
593 376 719 408 κολάζειν
735 375 927 410 ἀναδυόμενος,

143 418 217 454 [1351
226 419 297 445 ὥστε
309 419 346 454 μὴ
357 419 425 450 τοὺς
437 418 578 450 Ἰουδαίους
592 418 760 453 παραδοῦναι
771 417 926 452 τιμωρίαις,

143 461 284 496 προφήτας
299 459 418 495 ἔπεμψε,
434 459 524 494 φοϐῶν
537 460 636 490 αὐτοὺς
650 459 694 485 διὰ
711 458 765 485 τῶν
785 458 927 494 ῥημάτων,

143 501 211 528 ὥστε
230 502 267 537 μὴ
281 500 396 527 κολάσαι
410 500 454 528 διὰ
467 501 522 527 τῶν
535 500 718 536 πραγμάτων,
736 500 804 535 ὅπερ
818 499 864 526 καὶ
881 499 928 525 ἐπὶ

141 543 195 569 τῶν
209 542 357 569 Νινευιτῶν
375 542 472 569 ἐποίει.
489 542 545 569 Καὶ
563 542 618 578 γὰρ
633 543 691 569 ἐκεῖ
706 542 766 568 τότε
780 541 829 577 τὴν
851 541 927 567 πόλιν

143 585 327 620 καταστρέψαι
340 584 555 619 ήπείλησεν,οὺχ
563 584 606 610 ἵνα
617 583 804 618 καταστρέψῃ,
816 582 873 609 ἀλλ’
885 582 929 609 ἴνα

144 627 180 661 μὴ
194 626 372 661 καταστρέψῃ
381 632 388 640 ’
403 626 472 661 ὅπερ
491 624 539 652 οὖν
552 626 598 653 καὶ
611 626 729 659 ἐγένετο.
738 625 823 651 Τοῦτο
835 624 866 659 δὴ
882 624 929 650 καὶ

142 669 200 694 τότε
215 667 345 703 ἔπραττε.
363 667 411 694 καὶ
426 668 567 703 προφήτας
580 667 714 702 ἔπεμπεν,
726 666 845 693 ἀπειλῶν
862 666 928 701 βαρ-

142 709 232 743 ϐάρων
257 709 361 743 ἔφοδον,
387 708 542 744 πολέμους,
570 708 770 744 αἰχμαλωσίας.
796 707 927 740 δουλείας,

143 751 306 785 ἀπαγωγὴν.
323 750 373 785 τὴν
383 751 412 777 ὲν
426 750 555 786 ἀλλοτρία
569 749 719 785 διατριϐήν.
738 749 793 776 Καὶ
803 749 928 784 καθάπερ

142 792 234 827 πατὴρ
248 792 424 827 φιλόστοργος
439 792 522 820 παῖδα
537 792 687 819 ἀκόλαστον
695 791 766 827 ἔχων
782 792 828 819 καί
845 791 928 827 ῥᾴθυ-

144 843 203 869 μον,
228 834 394 868 σωφρονίσαι
410 834 504 866 θέλων,
523 834 637 869 ἰμάντας
655 833 788 868 ἐπιζητεῖ,
807 833 929 868 σχοίνους

144 875 260 906 ἀπειλεῖ,
274 875 361 910 λέγων
371 882 378 889 ·
390 876 468 911 Δήσω
478 895 485 907 ,
506 874 638 911 μαστίξω,
661 875 812 910 ἀναιρήσω,
830 875 877 901 καὶ
891 874 930 908 γί-

145 915 218 943 νεταὶ
233 917 261 943 ἐν
270 917 326 948 τοῖς
338 917 442 952 ῥήμασι
457 916 581 952 φοϐερὸς,
592 917 664 943 ὥστε
673 916 759 952 ταύτῃ
770 916 819 949 τὴν
830 915 930 942 κακίαν

143 958 352 984 ἀναστεῖλαιτοῦ
361 959 419 984 νέου
430 966 436 973 ·
450 958 521 984 οὓτω
533 958 564 993 δὴ
579 957 626 984 καὶ
641 959 655 984 ὁ
669 957 734 989 Θεὸς
748 957 853 992 ἠπείλει
866 965 931 983 συν-

144 999 223 1034 εχῶς,
239 999 278 1034 τῷ
303 999 379 1034 φόϐῳ
391 1000 502 1034 ποιῆσαι
517 999 637 1034 βελτίους
650 999 821 1034 βουλόμενος.
837 998 931 1024 Ταῦτα

143 1041 214 1075 ὁρῶν
232 1042 246 1067 ό
258 1040 391 1072 διάϐολος,
412 1040 458 1067 καὶ
474 1040 634 1075 βουλόμενος
647 1039 760 1066 ἐκλῦσαι
774 1039 822 1075 τὴν
836 1039 868 1065 ἐκ
881 1039 931 1074 τῆς

144 1083 270 1119 τοιαύτης
288 1082 402 1117 ἀπειλῆς
418 1082 561 1117 διόρθωσιν
575 1081 730 1117 γινομένην,
746 1081 851 1116 καθῆκε
866 1080 932 1115 ψευ-

144 1124 325 1159 δοπροφήτας,
343 1124 389 1150 καὶ
404 1124 458 1150 τῶν
474 1123 622 1159 προφητῶν
631 1122 814 1149 ἀπειλούντων
829 1122 930 1157 αἰχμα-

145 1164 256 1198 λωσίαν,
273 1165 319 1191 καὶ
330 1164 463 1197 δουλείαν,
479 1165 527 1192 καὶ
541 1165 647 1200 λιμοὺς,
660 1165 758 1191 ἐκεῖνοι
771 1163 806 1190 τά
822 1163 932 1190 ἐναντία

145 1207 246 1239 ελεγον,
264 1207 384 1241 εἰρήνην,
397 1206 551 1242 εὐετηρίαν,
562 1206 610 1233 καί
627 1206 731 1241 μυρίων
745 1205 853 1240 ἀγαθῶν
866 1205 933 1231 ἀπό-

145 1247 249 1274 λαυσιν.
268 1249 311 1274 Διὸ
324 1248 371 1274 καὶ
389 1248 561 1281 ὀνειδίζοντες
576 1247 666 1280 αὐτοῖς
680 1249 705 1274 οἰ
719 1248 857 1282 προφῆται
872 1247 931 1273 ἕλε-

144 1297 192 1322 γον
204 1297 210 1304 ·
227 1290 351 1324 Εἰρήνη,
368 1284 488 1324 εἰρήγτί·
501 1289 551 1316 καὶ
563 1290 621 1316 ποῦ
637 1289 725 1316 ἔστιν
736 1289 862 1323 είρήνη;
878 1288 933 1315 Καὶ

144 1331 201 1357 ὅσοι
216 1331 270 1357 τῶν
285 1331 445 1365 φιλολόγων,
468 1331 546 1358 τοῦτο
565 1332 665 1363 ἴσασιν,
682 1331 721 1362 ὡς
737 1331 844 1358 ἅπαντα
863 1338 932 1365 κρα-

144 1374 201 1398 τεῖν
217 1374 238 1405 ⁵,
254 1373 272 1399 ἃ
287 1374 342 1404 τοῖς
364 1374 517 1408 προφήταις
539 1373 608 1409 πρὸς
622 1374 685 1405 τοὺς
708 1372 933 1408 ψευδοπροφήτας

145 1414 279 1447 ἐγένοντο,
295 1414 441 1446 ὲκλύοντας
456 1414 501 1441 τοῦ
515 1415 579 1441 λαοῦ
591 1415 639 1450 τὴν
653 1415 781 1450 σπουδήν.
802 1414 878 1440 Ἐπεὶ
887 1412 934 1440 οὖν

144 1453 231 1484 οὓτως
248 1453 390 1486 ἐκλύοντες
411 1453 566 1489 διέφθειραν
580 1455 625 1481 τὸν
639 1454 713 1486 λαὸν,
731 1454 814 1488 φησὶν
834 1453 848 1479 ὁ
869 1453 934 1484 Θεὸς

145 1495 189 1521 διὰ
200 1495 254 1521 τῶν
265 1495 410 1530 προφητῶν
419 1503 425 1510 ·
442 1495 515 1530 Ἐγὼ
525 1496 542 1522 ό
551 1496 621 1528 Θεὸς
632 1495 724 1521 ποιῶν
733 1495 867 1528 εἰρήνην,
883 1494 932 1521 καί

145 1536 251 1566 κτιζων
260 1537 347 1564 κακά.
367 1537 422 1563 Καὶ
439 1538 502 1563 ποῖα
518 1537 605 1569 κακὰς
621 1536 715 1563 Ταῦτα
738 1537 773 1563 τὰ
789 1535 931 1571 εἰρημένα,

144 1577 345 1613 αἰχμαλωσίαν,
356 1578 485 1611 δουλείαν,
498 1579 545 1605 καὶ
554 1579 604 1605 ὅσα
614 1578 726 1605 τοιαῦτα
737 1586 743 1593 ·
753 1578 785 1605 οὗ
794 1578 931 1614 πορνείαν,

145 1619 195 1645 καὶ
213 1620 369 1654 ἀσέλγειαν,
388 1620 435 1646 καὶ
451 1619 618 1653 πλεονεξίαν,
633 1620 693 1646 οὐδὲ
703 1619 767 1646 ἄλλο
781 1619 835 1646 τῶν
847 1619 933 1646 τοιού-

147 1670 201 1687 των
212 1662 299 1688 οὐδέν.
320 1662 369 1688 Διὰ
390 1662 468 1688 τοῦτο
482 1662 530 1688 καὶ
544 1663 558 1688 ὁ
576 1662 618 1688 ἓτε
624 1670 668 1697 ρος
682 1662 822 1697 προφήτης
836 1660 931 1694 εἰπὼν,

148 1702 185 1728 El
201 1701 266 1729 ἐστι
283 1703 373 1729 κακία
390 1703 425 1729 ἐν
439 1704 535 1736 πόλει,
549 1703 590 1737 ἦν
603 1704 711 1737 Κύριος
726 1704 780 1730 οὐκ
797 1702 933 1736 ἐποίησε,

144 1743 248 1779 ταύτην
264 1744 339 1778 λέγει
355 1744 403 1780 τὴν
421 1745 529 1776 κακίαν,
556 1745 619 1777 τοὺς
631 1745 736 1780 λιμοὺς.
761 1744 810 1776 τὰς
827 1744 932 1777 νόσους,

145 1786 196 1816 τὰς
212 1786 360 1821 θεηλάτους
385 1787 501 1821 πληγάς.
523 1786 600 1813 Οὕτω
625 1787 671 1813 καὶ
687 1787 701 1812 ὁ
724 1786 850 1822 Χριστὸς,
869 1787 933 1813 ὅταν

145 1826 224 1862 λέγῃ,
252 1828 386 1861 Ἀρκετόν
406 1828 444 1861 τῇ
469 1827 563 1862 ἡμέρᾳ
587 1829 607 1862 ἡ
629 1828 717 1854 κακία
745 1827 848 1862 αὐτῆς,
871 1828 934 1860 τοὺς

146 1868 273 1903 ἱδρῶτας,
290 1871 335 1895 τὸν
351 1870 458 1905 μόχθον,
473 1870 522 1906 τὴν
538 1869 724 1905 ταλαιπωρίαν
738 1869 814 1904 φησί.

182 1909 216 1942 ζ’.
232 1910 318 1936 Τοῦτο
329 1909 374 1937 οὖν
385 1919 467 1945 φησιν
478 1911 492 1937 ὁ
503 1913 644 1946 προφήτης
655 1921 660 1926 -
670 1911 716 1946 Μὴ
725 1911 796 1946 ὑμᾶς
805 1910 934 1937 ἐκλυέτω-

145 1960 198 1978 σαν
214 1952 239 1978 οἱ
249 1952 472 1988 ψευδοπροφῆται
483 1960 490 1968 ·
502 1953 516 1978 ὁ
526 1950 580 1988 γάρ
589 1953 655 1984 Θεὸς
667 1953 731 1988 ὑμῖν
746 1953 858 1988 εἰρήνην
873 1951 934 1978 δοῦ-

145 2002 189 2030 ναι
222 1994 351 2030 δύναται,
367 1995 426 2030 ﬁxa).
450 1994 623 2030 αἰχμαλωσίᾳ
644 1994 828 2030 παραδοῦναι·
857 2002 935 2020 τουτ-

144 2029 232 2059 έστιν,
258 2029 286 2055 ’0
308 2029 402 2056 ποιῶν
423 2029 557 2064 εἰρήνην,
576 2030 626 2056 καί
649 2029 753 2060 κτίζων
773 2030 860 2056 κακὰ.
880 2029 936 2055 Καὶ

144 2070 190 2097 ἴνα
207 2070 297 2107 μάθῃς
310 2072 351 2098 ("In
365 2071 444 2098 τοῦτό
459 2073 533 2098 ἔστιν
551 2071 660 2108 ἀληθὲς,
678 2071 762 2103 αὑτάς
777 2071 827 2103 τὰς
848 2071 935 2104 λέξεις

146 2111 341 2147 βασανίσωμεν
356 2112 425 2147 μετά
445 2113 596 2148 ἀκριϐείας.
618 2113 710 2140 Εἰπὼν
724 2113 780 2149 γὰρ
791 2112 936 2147 ἀνω,“Εγὼ

144 2154 204 2187 ειμι
225 2155 242 2180 ό
258 2154 391 2187 ποιήσας
413 2154 476 2188 φῶς
501 2155 551 2181 καί
570 2156 690 2188 σκότος,
711 2155 771 2181 τότε
799 2155 935 2190 ἐπήγαγε,

147 2194 245 2221 Ποιῶν
255 2195 393 2229 εἰρήνην,
409 2195 459 2222 καὶ
472 2196 577 2226 κτίζων
592 2196 679 2223 κακά.
697 2196 748 2223 Δύο
762 2196 870 2222 ἐναντία
879 2196 936 2222 ἀνω

146 2236 262 2267 τέθεικε,
283 2237 332 2263 καὶ
347 2236 394 2263 δύο
406 2238 515 2264 ἐναντία
538 2238 606 2273 μετά
621 2238 716 2271 ταῦτα,
730 2238 773 2264 ἶνα
791 2237 880 2273 μάθῃς
895 2238 936 2263 ὅτι

146 2280 176 2305 οὗ
189 2279 253 2314 περί
263 2280 395 2314 πορνείας
408 2280 492 2314 λέγει,
508 2280 576 2307 ἀλλά
587 2280 652 2316 περὶ
667 2280 825 2316 συμφορῶν.
838 2280 870 2305 Τί
882 2279 937 2314 γὰρ

119 2351 122 2353 Α
147 2321 437 2357 ἀντιδιαστέλλεταιτῇ
450 2323 545 2359 εἰρήνῃ
556 2331 562 2355 ;
572 2322 689 2358 Εὔδηλον
702 2322 742 2349 ὃτι
752 2321 936 2357 αἰχμαλωσία,

147 2363 197 2388 οὐκ
215 2361 358 2397 ἀσέλγεια,
376 2363 438 2390 οὐδὲ
452 2364 575 2399 πορνεία,
590 2364 650 2390 οὐδὲ
664 2363 814 2396 πλεονεξία.
832 2363 938 2398 Ὠσπερ

146 2402 193 2431 οὖν
208 2405 341 2441 ἀνωτέρω
358 2405 468 2432 ἐναντία
483 2405 531 2432 δύο
545 2406 678 2437 τέθεικεν,
693 2405 764 2432 οὕτω
788 2404 820 2439 δὴ
832 2406 879 2431 ναὶ
894 2407 938 2432 ὲν-

179 2482 186 2493 ⁸
203 2482 243 2511 Ὡς
253 2483 351 2507 ἅπαντα
370 2483 472 2514 κριτεῖν.
490 2482 548 2507 Haec
557 2483 612 2513 jure
632 2483 715 2514 yiliala
735 2482 852 2507 videnlur
863 2482 917 2505 Sat-

145 2513 195 2537 Sed
208 2515 256 2538 Iule
270 2514 357 2538 vilium
371 2513 420 2538 est.
434 2517 461 2537 ul
476 2514 598 2538 incassum
611 2513 705 2538 laboret
719 2515 760 2544 qui
773 2520 805 2537 ex
816 2514 939 2544 conjectu-

145 2550 173 2568 ra
190 2552 259 2568 ouum
269 2544 408 2569 restituere
421 2545 560 2568 lentaverit.

308 2967 452 2997 ΡΑτιιοι.
474 2966 533 2997 Gn.
558 2966 634 2996 LVI.

1712 185 1763 213 Ικῇ

976 248 1064 276 ταῦθα
1076 257 1083 265 ⁶
1098 248 1218 276 ἐναντίον
1233 247 1261 274 δὲ
1273 249 1307 283 τῇ
1321 246 1417 282 εἰρήνῃ
1433 245 1464 272 οὐ
1488 243 1611 280 πορνεία,
1626 242 1687 269 οὐδὲ
1707 251 1766 279 μοι-

977 291 1048 326 χεία,
1064 291 1124 316 οὐδὲ
1135 290 1273 323 ἀσέλγεια,
1288 282 1362 324 [156]
1376 287 1436 314 οὐδὲ
1447 287 1475 313 αἱ
1485 286 1578 312 λοιπαὶ
1589 284 1694 316 κακίαι,
1708 282 1766 311 ἀλλ’

977 331 1150 367 αἱχμαλωσία
1171 331 1219 358 καὶ
1241 330 1357 357 δουλεία.
1382 329 1453 355 Ἀλλ’
1471 328 1540 363 ὅπερ
1556 328 1602 353 ἐπὶ
1622 326 1676 352 τῶν
1696 335 1767 352 στοι·

977 373 1058 408 χείων
1089 373 1235 407 πάσχουσι,
1262 371 1341 398 τοῦτο
1363 370 1411 397 καί
1433 369 1480 396 ἐπὶ
1500 369 1554 395 τῶν
1584 367 1765 403 πραγμάτων.

977 412 1040 440 υἷόν
1059 423 1085 441 τι
1102 414 1187 448 λέγω-
1201 414 1296 449 ὥσπερ
1315 413 1428 448 ἐποίησε
1449 411 1506 446 φῶς
1525 411 1572 437 καὶ
1591 409 1697 440 σκότος,
1720 409 1767 435 καὶ
1783 424 1785 426 ι

979 456 1085 488 πολλοῖς
1106 457 1137 482 τὸ
1152 457 1201 491 μὲν
1223 455 1281 490 φῶς
1303 456 1353 491 ἡδὺ
1373 455 1446 481 δοκεῖ
1466 451 1546 483 εἶναι.
1569 452 1600 478 τὸ
1620 451 1648 478 δὲ
1672 451 1767 482 σκότος

978 499 1106 533 ἐπαχθὲς,
1133 498 1180 524 καὶ
1203 497 1376 524 διαϐάλλουσι
1396 495 1446 531 τὴν
1472 495 1556 522 νύκτα
1579 494 1617 525 ὡς
1645 492 1767 528 πονηράν

978 548 1040 567 τινα
1057 538 1155 567 οὖσαν·
1173 539 1244 565 οὕτω
1258 539 1287 565 δὲ
1299 539 1347 565 καὶ
1362 537 1474 564 ἐπὶτῶν
1490 535 1674 572 πραγμάτων.
1696 534 1766 560 ’Λλλ’

978 585 1040 612 οὔτε
1060 585 1110 620 τὴν
1139 584 1224 612 νύκτα
1242 584 1410 619 διαϐλητέον.
1438 583 1496 610 οὐδὲ
1525 582 1556 609 τὸ
1580 582 1686 612 σκότος,
1707 580 1767 607 οὐδὲ

978 627 1072 660 ἁπλῶς
1085 628 1135 662 τὴν
1149 626 1281 656 δουλείαν.
1295 626 1341 652 καὶ
1365 625 1414 660 τὴν
1428 623 1625 659 αἰχμαλωσίαν.
1649 622 1682 648 Τί
1701 622 1774 659 γὰρ..

979 669 1039 696 εἰπέ
1063 678 1118 704 μοι,
1133 668 1235 704 φαῦλον
1255 668 1309 703 ἔχει
1329 667 1360 694 τὸ
1381 667 1492 699 σκότοςς
1509 666 1570 701 οὐχὶ
1590 665 1679 692 πόνων
1694 663 1768 690 ἐστὶν

979 711 1148 742 ἀνάπαυσιςς
1163 711 1223 746 οὺχί
1241 709 1388 745 φροντίδων
1398 709 1503 741 ἄνεσις
1522 708 1580 743 οὑχί
1590 707 1678 742 λύπης
1693 705 1768 746 ἀναί-

981 761 1070 788 ρεσις;
1086 752 1146 787 οὐχὶ
1171 742 1437 787 ἰσχύος-προσθήκης
1458 750 1490 776 Εἰ
1511 750 1539 776 δὲ
1567 748 1604 785 μὴ
1621 749 1717 779 σκότος
1733 742 1768 782 ἦν

979 794 1027 821 καὶ
1041 793 1100 826 νὺξ,
1117 794 1183 820 πότε
1206 793 1239 820 ἂν
1257 792 1449 826 ἀπελαύσαμεν
1468 791 1514 817 τοῦ
1539 790 1646 824 φωτός
1674 790 1724 816 οὑκ
1736 789 1769 816 ἂν

979 835 1111 870 διεφθάρη
1128 835 1176 862 καὶ⁹
1200 834 1325 861 ἀπώλετο
1341 832 1420 859 τοῦτο
1434 833 1464 860 τὺ
1481 832 1550 864 ζῶον
1572 832 1587 857 ὁ
1609 831 1769 870 ἄνθρωποςῖ

981 869 1087 911 Ὠσπερ
1103 869 1131 903 δὲ
1143 876 1175 902 τὸ
1191 876 1286 906 σκότος
1303 875 1378 901 δοκεῖ
1401 874 1449 909 μὲν
1469 875 1525 905 τοῖς
1547 873 1671 908 ἀνοήτοις
1700 869 1769 897 εἶναι

980 918 1076 950 κακον,
1089 918 1139 944 οὐκ
1150 918 1208 944 ἐστι
1223 917 1261 949 δὲ,
1273 917 1341 944 ἀλλά
1359 916 1427 952 πρὸς
1440 916 1489 952 τὴν
1507 915 1612 951 ἡμέραν
1627 914 1693 949 ἡμῖν
1707 921 1770 939 συν-

980 959 1062 988 τελεῖ.
1079 959 1207 995 καὶπρὸς
1226 960 1274 990 τὰς
1290 958 1418 994 ἐργασίας
1434 958 1462 985 ἐν
1481 957 1549 993 αὐτῇ
1569 956 1633 987 τοὺς
1650 956 1771 981 ἀναπαυ-

981 1000 1115 1035 σαμένους
1129 1000 1362 1036 ἐπιτηδειοτέρους
1384 999 1602 1030 κατασκευάζειι
1620 996 1692 1023 οὕτω
1710 995 1770 1022 οὐδὲ

981 1042 1154 1077 αἰχμαλωσία
1171 1042 1286 1077 φαῦλον·
1311 1041 1375 1076 περὶ
1394 1039 1428 1076 ἦς
1442 1042 1456 1067 ὁ
1474 1041 1618 1076 προφήτης
1637 1038 1772 1071 διελέγετο

981 1083 1078 1117 λέγων,
1101 1084 1129 1110 Ὀ
1147 1084 1240 1111 ποιῶν
1252 1082 1388 1116 εἰρήνην,
1404 1081 1452 1108 καί
1477 1080 1581 1111 κτίζων
1595 1078 1673 1107 κακά
1686 1089 1692 1096 ο
1705 1077 1772 1105 ἀλλά

982 1124 1191 1161 χρησιμώτερον
1203 1126 1258 1155 τοῖς
1272 1125 1312 1155 εἰς
1324 1123 1383 1149 δέον
1398 1123 1549 1158 χρωμένοις
1562 1130 1568 1137 ·
1586 1119 1773 1156 σωφρονεστέ-

984 1175 1047 1201 ρους
1060 1166 1087 1192 δὲ
1102 1166 1149 1193 καὶ
1170 1165 1389 1200 ἐπιεικεστέρους
1403 1165 1474 1191 ποιεῖ
1493 1163 1697 1200 περικόπτουσα
1707 1161 1772 1188 ἀπό-

984 1217 1068 1235 νοιαν.

1025 1249 1187 1276 Ἀδούλωτον
1203 1249 1288 1286 γὰρὴ
1307 1249 1403 1285 ἀρετή,
1426 1248 1473 1274 καὶ
1489 1247 1565 1274 οὐδὲν
1587 1246 1672 1281 αὐτῆς
1695 1253 1772 1281 περι-

984 1290 1109 1325 γενέσθαι
1120 1290 1220 1317 δύναιτ“
1240 1291 1283 1322 ἂν,
1297 1291 1328 1317 οὐ
1341 1290 1456 1321 δουλεία,
1469 1289 1520 1316 οὐκ
1537 1287 1722 1324 αἰχμαλωσία,
1741 1287 1772 1313 οὺ

983 1331 1074 1364 milia,
1091 1332 1121 1358 ού
1135 1332 1220 1364 νόσος,
1236 1332 1285 1358 οὒκ
1313 1332 1390 1364 αὐτὸ,
1412 1331 1426 1357 ὃ
1446 1331 1554 1357 πάντων
1574 1328 1772 1366 τυραννικώτε-

985 1384 1042 1411 ρον,
1058 1374 1205 1406 ὀθάνατος.
1224 1374 1279 1401 Καὶ
1293 1374 1417 1408 δηλοῦσιν
1432 1373 1551 1404 ἅπαντες
1567 1373 1591 1398 οἰ
1601 1371 1688 1398 ταῦτα
1705 1372 1772 1398 ὐπο-

987 1416 1126 1451 μείναντες
1139 1415 1256 1446 ἅπαντα,
1274 1415 1320 1441 καὶ
1334 1415 1366 1441 δι’
1379 1413 1467 1441 αὐτῶν
1487 1413 1618 1449 μειζόνως
1641 1412 1773 1448 λάμψαν-

985 1466 1041 1489 τες.
1054 1456 1086 1483 Τί
1105 1457 1159 1492 γὰρ
1175 1457 1220 1483 τὸν
1242 1457 1341 1492 Ἰωσὴφ
1365 1456 1481 1491 ἔϐλαψεν
1504 1456 1520 1491 ἡ
1542 1453 1665 1484 δουλεία;
1687 1453 1774 1490 (οὐδὲν

985 1500 1040 1533 γὰρ
1055 1498 1154 1525 κωλύει
1169 1498 1249 1525 πάλιν
1267 1499 1313 1524 τὸν
1339 1498 1420 1524 αὑτὸν
1436 1498 1519 1534 ἄνδρα
1537 1498 1577 1529 εἰς
1601 1497 1683 1532 μέσον
1702 1497 1772 1529 ἀγα-

985 1542 1044 1575 γεῖν
1092 1540 1119 1566 τί
1135 1539 1189 1575 γὰρ
1204 1539 1239 1566 τὰ
1261 1540 1365 1575 δεσμά;
1387 1540 1412 1566 τί
1432 1540 1460 1566 δὲ
1482 1540 1510 1566 αἰ
1528 1540 1636 1570 ἁλύσεις
1649 1547 1656 1570 ;
1671 1537 1697 1564 τί
1714 1538 1743 1564 δὲ
1756 1537 1774 1572 ή

988 1583 1155 1617 συκοφαντία
1165 1591 1171 1614 ;
1183 1582 1210 1608 τί
1221 1582 1248 1608 δὲ
1265 1583 1280 1617 ὴ
1293 1582 1422 1616 ἐπιϐουλή
1435 1589 1442 1613 ;
1459 1581 1486 1608 τί
1500 1581 1528 1608 δὲ
1569 1581 1615 1608 ἐπὶ
1631 1580 1680 1615 τῆς
1694 1579 1772 1606 ἀλλο-

987 1624 1064 1660 τρίας
1073 1623 1197 1659 διατριϐή
1208 1632 1215 1653 ς
1230 1623 1262 1649 Τί
1276 1623 1321 1649 τὸν
1340 1623 1426 1658 Ίὼϐή
1441 1622 1494 1649 τῶν
1507 1621 1652 1657 βουκολίων
1665 1620 1775 1647 καὶτῶν

987 1665 1119 1701 ποιμνίων
1133 1665 1283 1700 ἀναίρεσις,
1298 1665 1312 1691 ὁ
1325 1664 1412 1699 βίαιος
1426 1664 1472 1690 καὶ
1485 1665 1574 1699 ἄωρος
1593 1662 1647 1689 τῶν
1669 1662 1774 1688 παίδων

986 1707 1110 1738 θάνατος,
1130 1707 1146 1740 ἠ
1161 1706 1251 1742 πληγὴ
1264 1706 1311 1732 τοῦ
1327 1705 1460 1741 σώματος,
1475 1706 1502 1732 αἱ
1522 1705 1610 1739 πηγαὶ
1628 1704 1683 1730 τῶν
1701 1711 1775 1730 σκω-

986 1748 1115 1784 λήκων,ή
1132 1747 1210 1782 ὀδύνη
1224 1748 1240 1782 ἡ
1253 1747 1450 1783 ἀκαρτέρητος,
1471 1747 1487 1782 ή
1510 1746 1556 1773 ἐπὶ
1581 1746 1631 1780 τῆς
1657 1743 1775 1780 κοπρίας

986 1790 1114 1825 καθέδρα,
1130 1790 1147 1824 ή
1163 1789 1291 1824 ἐπιϐουλὴ
1313 1788 1363 1824 τῆς
1387 1788 1525 1822 γυναικὸς,
1551 1788 1585 1815 τὰ
1610 1787 1700 1821 ὀνείδη
1720 1786 1776 1812 τῶν

987 1832 1082 1865 φίλων,
1099 1831 1126 1857 αί
1140 1830 1270 1865 λοιδορίαι
1287 1830 1342 1856 τῶν
1360 1830 1490 1862 οἰκετῶν;
1506 1829 1538 1855 Τί
1547 1829 1575 1856 δὲ
1593 1829 1638 1855 τὸν
1651 1828 1776 1862 Λάζαρον

986 1873 1017 1899 τὸ
1032 1874 1060 1899 ὲν
1077 1873 1115 1907 τῷ
1129 1872 1232 1899 πυλῶνι
1248 1872 1366 1903 κεῖσθαι,
1379 1873 1426 1899 καὶ
1435 1873 1496 1904 ταῖς
1512 1871 1647 1905 γλώσσαις
1665 1870 1719 1897 τῶν
1731 1877 1778 1896 κυ-

987 1915 1041 1942 νῶν
1071 1913 1282 1949 περιλείχεσθαι,
1312 1914 1360 1940 καὶ
1380 1913 1395 1940 ὁ
1411 1913 1488 1948 λιμὸς
1510 1914 1525 1940 ὁ
1538 1912 1675 1948 διηνεκὴς,
1693 1912 1739 1938 καὶ
1758 1911 1776 1941 ἡ

989 1956 1124 1992 ὑπεροψία
1147 1957 1195 1983 τοῦ
1218 1955 1355 1988 πλουσίου,
1379 1956 1425 1982 καὶ
1448 1955 1484 1982 τὰ
1506 1954 1662 1991 τραύματα.
1690 1953 1737 1980 καὶ
1758 1954 1776 1987 ἡ

988 1999 1064 2030 νόσος
1080 2000 1096 2034 ἠ
1112 1999 1259 2034 ἀφόρητος,
1277 1998 1323 2025 καὶ
1337 1998 1353 2033 ἡ
1369 1997 1471 2033 ἐρημία
1487 1997 1541 2024 τῶν
1557 1996 1775 2032 προϊσταμένων.

989 2041 1036 2067 καὶ
1051 2041 1067 2075 ή
1084 2040 1218 2074 ὑπεροψία
1239 2040 1291 2067 τῶν
1311 2039 1495 2074 βοηθούντωνι
1509 2038 1543 2065 Τί
1557 2038 1586 2065 δὲ
1601 2038 1647 2065 τὸν
1670 2037 1776 2064 Παῦλον

989 2083 1016 2108 αἱ
1029 2081 1137 2114 νιφάδες
1149 2081 1259 2108 ἐκείνων
1267 2081 1321 2107 τῶν
1333 2079 1536 2116 δεσμωτηρίων,
1546 2079 1601 2107 τῶν
1607 2079 1775 2113 ἀπαγωγῶν,

989 2123 1043 2150 τῶν
1059 2123 1192 2156 θανάτων,
1210 2123 1264 2149 τῶν
1281 2121 1583 2156 καταποντισμῶν,τῶν
1595 2121 1695 2148 λοιπῶν
1716 2129 1777 2147 πει-

991 2163 1113 2200 ρασμῶν,
1136 2164 1168 2196 ἃς
1195 2164 1256 2191 οὐδὲ
1276 2163 1348 2199 λόγῳ
1379 2163 1560 2199 ἐξαριθμῆσαι
1593 2163 1650 2196 Evt;
1684 2162 1778 2190 Ταῦτα

990 2206 1097 2232 ἅπαντα
1119 2205 1354 2240 ἀναλογισάμενοι,
1377 2205 1476 2231 κακίαν
1496 2204 1651 2239 φεύγωμεν,
1676 2203 1777 2240 ἀρετὴν

989 2246 1145 2282 διώκωμεν*
1160 2247 1207 2273 καὶ
1223 2246 1367 2282 εὐχώμεθα
1389 2247 1437 2281 μὲν
1456 2246 1492 2281 μὴ
1507 2246 1635 2273 εἰσελθεῖν
1652 2247 1693 2277 εἰς
1715 2254 1776 2272 πει-

992 2289 1112 2324 ρασμόν”
1132 2289 1156 2315 εἰ
1175 2289 1202 2316 δέ
1219 2297 1282 2315 ποτε
1301 2288 1476 2323 ἐμπέσωμεν,
1494 2288 1531 2323 μὴ
1550 2287 1685 2323 ἀλύωμεν,
1709 2287 1778 2323 μηδὲ

989 2329 1209 2366 δυσχεραίνωμεν
1217 2338 1223 2343 ·
1237 2330 1283 2356 καὶ
1290 2330 1344 2364 γάρ
1358 2329 1427 2356 ὅπλα
1445 2329 1504 2356 ἐστὶ
1514 2329 1601 2356 ταῦτα
1612 2329 1712 2364 ἀρετῆς
1720 2329 1777 2359 τοῖς

991 2372 1029 2402 εἰς
1041 2371 1099 2398 δέον
1116 2371 1278 2407 χρωμένοις,
1295 2371 1342 2397 καὶ
1354 2370 1522 2406 δυνησόμεθα
1536 2370 1580 2398 διὰ
1601 2371 1710 2397 πάντων
1731 2370 1777 2397 εὑ-

990 2413 1110 2448 δοκιμείν
1121 2412 1167 2439 εὰν
1181 2413 1319 2448 νήφωμεν,
1331 2412 1377 2438 καὶ
1391 2413 1444 2438 τῶν
1457 2411 1573 2439 αἰωνίων
1586 2412 1696 2446 ἀγαθῶν
1706 2412 1777 2438 ἀπο-

999 2454 1103 2482 ιαῦσαιο
1122 2451 1160 2481 ὧν
1174 2454 1277 2488 γένοιτο
1294 2453 1396 2486 πάντας
1415 2455 1488 2489 ἡμᾶς
1502 2455 1641 2489 ἐπιτυχεῖν
1658 2455 1686 2480 ἐν
1706 2454 1776 2489 Χρι-

993 2495 1047 2532 στῷ
1071 2495 1158 2530 Ἰησοῦ
1187 2495 1226 2530 τῷ
1251 2495 1344 2530 Κυρίῳ
1372 2495 1459 2530 ήμῶν,
1475 2493 1497 2530 ᾧ
1523 2497 1539 2532 ή
1565 2496 1627 2528 δόξα
1653 2497 1692 2527 είς
1713 2495 1777 2530 τοὺς

992 2538 1093 2569 αἰῶνας
1105 2538 1157 2564 τῶν
1171 2537 1286 2565 αἰώνων,
1312 2539 1338 2564 Ἀ
1344 2539 1407 2573 μήν.

1561 2953 1600 2985 10
