2046 3123
192 230 335 259 hensiones
349 236 381 257 ac
394 227 478 256 mutui
492 233 594 260 nexus,
611 233 698 262 neque
710 226 789 254 lucta:
811 232 844 252 ac
866 223 983 252 declina-

191 277 278 304 tiones
293 274 416 311 (a),sed,
430 273 537 301 nemine
547 272 712 305 obluctante,
726 271 782 298 sola
795 270 928 306 expedita,
942 276 986 296 so-

190 323 246 350 luta
268 326 296 349 et
318 321 400 348 libera
423 319 511 347 oratio
530 318 694 347 decertabat.
726 316 830 344 idcirco
850 321 938 343 autem
958 318 986 342 et

191 367 321 395 illustrior
333 370 400 400 erat,
412 369 440 394 et
452 365 535 393 sacris
548 363 723 392 conventibus
734 362 831 398 aptior,
844 361 985 396 majorem-

182 421 244 449 ~que
258 413 363 441 laudem
377 411 542 447 reportabat.
555 410 622 438 Cum
633 409 705 437 enim
718 416 760 441 ea,
775 416 835 443 qua:
850 407 984 439 dicuntur,

189 467 253 488 cum
268 459 393 487 facilitate
406 465 482 486 mens
495 456 647 485 auditorum
663 455 824 490 assequitur,
840 453 923 480 multa
936 460 984 479 vo-

195 505 292 540 luptate
307 503 425 540 perfusa,
439 502 473 530 ad
487 502 705 530 acclamationem
717 504 746 528 et
755 499 861 527 laudem
872 497 986 525 oratori.

189 551 337 579 excitatur.
356 548 469 584 Quando
490 548 569 584 igitur
580 546 686 575 abunde
700 552 747 574 vos
765 545 807 573 his
828 544 924 572 diebus
944 550 986 570 re-

191 595 355 628 creavimus,
371 602 457 631 neque
469 594 610 622 molestum
625 597 672 620 aut
684 598 766 628 grave
779 590 924 626 quidquam
939 596 986 617 ve-

191 646 256 670 stra:
277 641 425 677 obiecimus
451 641 574 673 caritati,
595 646 645 675 age
670 646 763 667 rursus
785 637 865 666 hodie
885 644 934 665 vos
951 635 986 664 ad

194 688 309 724 priorem
323 687 543 715 exercitationem
557 685 736 718 traducamus,
749 688 776 713 et
798 683 833 712 ad
845 683 890 712 illa
911 682 986 711 Scri-

186 738 278 770 ptura:
292 733 410 761 difficilia
424 733 493 767 loca,
507 740 566 768 qua:
580 732 662 759 multa
676 731 795 766 indigent
816 728 976 757 animadver}

191 780 283 813 sione,
299 779 509 814 transferamus,
529 786 584 806 non
605 782 634 806 ut
650 777 741 805 labore
753 783 801 804 vos
818 776 966 811 afﬂigamus
978 795 985 808 ,

193 824 240 853 sed
255 829 484 856 utexerceamus,
499 831 552 860 quo
565 823 672 859 possitis
688 823 745 850 haec
758 822 839 850 etiam
853 822 912 850 loca
925 828 986 849 cum

192 870 336 899 securitate
354 877 521 905 percurrere.
546 869 580 897 Ut
599 876 663 904 ergo
683 872 738 895 tum
762 867 890 902 temporis
911 866 986 894 initio

192 915 299 951 quidem
320 923 408 951 pugna
423 915 544 951 qua:dam
562 921 622 943 esse
641 921 672 941 ac
693 913 829 941 contentio
844 912 985 940 videbatur

191 961 385 997 apostolorum,
395 966 533 996 postquam
544 964 632 988 autem
644 959 768 994 scopulos
779 959 838 987 illos
853 965 984 986 conscen-

191 1007 296 1040 dimus,
313 1014 420 1035 sursum
435 1006 532 1035 deinde
543 1006 659 1041 Spiritus
676 1005 791 1033 fructum
812 1004 965 1039 aspeximus
976 1023 985 1037 ,

191 1053 348 1085 earitatem,
364 1052 507 1087 gaudium,
527 1059 619 1087 pacem
635 1050 711 1086 (Gal.
728 1051 756 1079 5.
771 1048 836 1086 22),
852 1054 881 1078 et
899 1057 986 1085 neque

192 1099 290 1132 inanis,
306 1106 393 1134 neque
406 1105 622 1133 supervacancns
637 1097 686 1125 fuit
696 1097 770 1125 labor
780 1102 882 1131 noster,
898 1096 944 1125 sed
957 1096 985 1124 in

195 1144 405 1172 la'titiamdesiit
417 1144 474 1172 :sic
487 1149 513 1172 et
525 1144 604 1172 hodie
617 1148 763 1171 vestrarum
777 1150 886 1178 precum
899 1143 986 1170 subsi-

191 1190 237 1217 dio
252 1190 336 1217 fretus
352 1189 469 1217 futurum
483 1189 590 1217 confido
600 1209 608 1222 ,
628 1193 667 1222 ut,
684 1188 707 1216 si
720 1188 851 1223 patienter
861 1192 888 1216 et
902 1188 984 1215 multa

191 1244 251 1263 eum
265 1236 403 1263 tolerantia
419 1235 582 1271 propositum
596 1235 672 1262 nobis
684 1235 733 1262 iter
744 1233 929 1268 conficiamus,
944 1238 985 1262 at-

192 1289 243 1316 que
255 1280 289 1308 ad
304 1281 389 1316 ipsum
403 1288 530 1308 cacumen
542 1279 688 1308 ascendere
701 1280 844 1315 possimus,
858 1279 914 1308 illic
927 1286 986 1307 om-

192 1328 234 1354 nia
249 1327 327 1362 plana
339 1347 346 1359 ,
361 1327 438 1354 lmvia
451 1346 458 1359 ,
481 1333 619 1361 pronaque
632 1326 807 1361 reperiamus.
824 1325 893 1360 Quid
906 1326 984 1361 igitur

190 1374 244 1408 jam
260 1373 337 1401 nobis
352 1379 392 1401 est
413 1372 598 1408 propositum?
615 1372 691 1407 Quod
705 1371 786 1400 hodie
806 1380 839 1400 ex
853 1372 984 1407 propheta

193 1419 291 1448 lectum
304 1423 345 1447 est
361 1428 368 1447 :
381 1418 498 1452 Domine,
514 1427 565 1446 non
578 1423 614 1446 est
624 1419 650 1446 in
665 1418 765 1445 homine
773 1418 813 1445 via
827 1419 891 1454 ejus,
906 1426 985 1452 neque

192 1466 237 1494 ibit
250 1466 343 1500 homo,
367 1470 390 1493 et
415 1466 507 1500 diriget
523 1473 641 1501 gressum
662 1474 733 1493 suum
757 1465 828 1502 (Jer.
855 1465 898 1494 10.
918 1465 981 1502 25).

196 1513 316 1547 Quaestio
331 1512 438 1548 quidem
454 1512 511 1540 haec
523 1517 564 1540 est
577 1521 585 1540 :
600 1519 647 1540 vos
659 1519 740 1546 vero,
754 1516 783 1539 ut
794 1511 911 1540 studium
922 1515 984 1539 tunc

191 1559 360 1594 adhibuistis,
373 1560 408 1587 ita
417 1567 488 1587 nunc
497 1559 638 1595 diligenter
651 1559 779 1587 attendite
793 1568 800 1586 :
817 1566 902 1594 neque
912 1559 983 1587 enim

191 1605 237 1632 illa
252 1605 339 1632 minor
351 1610 393 1633 est
409 1605 466 1633 haec
480 1605 610 1640 qumstio,
626 1605 673 1633 sed
688 1605 816 1639 majorem
831 1612 922 1632 curam
938 1612 983 1632 re-

191 1651 282 1686 quirit.
299 1650 366 1685 Quid
382 1651 417 1678 ita
428 1651 440 1678 ἒν
451 1651 581 1685 Quoniam
597 1651 641 1678 illa
652 1650 759 1686 quidem
773 1643 845 1678 Petri
859 1654 886 1678 et
899 1650 983 1684 Pauli,

191 1705 250 1732 qua:
267 1697 406 1726 videbatur
424 1705 485 1726 esse
505 1698 686 1725 controversia
698 1718 705 1731 ,
732 1705 782 1726 nec
799 1703 887 1725 tamen
908 1702 982 1730 erat,

192 1752 244 1772 non
260 1745 295 1772 ita
309 1745 399 1772 multis
415 1749 476 1772 nota
487 1749 555 1778 erat,
570 1745 641 1773 unde
655 1752 705 1773 nec
721 1745 791 1772 illam
808 1745 983 1780 ignorantiam

193 1792 340 1819 verisimile
365 1792 414 1819 fuit
444 1791 554 1818 multum
582 1791 748 1819 invecturam
769 1791 982 1819 detrimentum:

193 1838 250 1866 lucc
260 1843 347 1865 autem
356 1837 488 1865 sententia
498 1837 686 1865 circumfertur
696 1837 803 1872 tibique,
815 1838 841 1864 in
852 1837 984 1871 domibus,

194 1884 220 1910 in
231 1883 306 1916 foris,
323 1883 348 1910 in
363 1883 447 1918 pagis,
462 1883 488 1910 in
503 1882 622 1914 urbibus,
635 1883 660 1910 in
673 1887 752 1916 terra,
770 1883 795 1910 in
810 1883 887 1916 mari,
903 1883 928 1910 in
945 1884 985 1911 in-

193 1930 260 1956 sulis
274 1937 281 1955 τ
295 1933 323 1957 et
336 1936 503 1964 quocumque
517 1933 544 1956 te
556 1928 701 1956 contuleris
712 1929 809 1956 multos
822 1929 925 1962 audies,
941 1929 985 1964 qui

195 1977 253 2004 hac
262 1977 371 2004 dicunt:
382 1976 516 2011 Scriptum
531 1980 583 2008 est,
596 1975 656 2003 Non
667 1981 703 2002 est
715 1976 741 2002 in
754 1975 854 2002 homine
864 1976 903 2002 uia
914 1977 967 2011 ejus
976 1983 986 2002 .-

195 2031 282 2059 neque
296 2023 382 2051 solum
407 2023 475 2050 hanc
495 2022 654 2050 sententiam
669 2022 835 2052 didicerunt,
859 2021 905 2049 sed
920 2022 986 2050 alias

195 2071 275 2098 etiam
288 2069 388 2097 similes
402 2069 464 2096 huic
475 2073 636 2101 annectunt,
654 2067 713 2095 Non
727 2072 763 2095 est
775 2063 894 2100 uolentis,
910 2075 988 2102 neque

189 2116 320 2144 wrrentis
342 2114 560 2149 (Rom.9.16);
582 2118 608 2142 et
631 2118 691 2150 post
705 2113 769 2141 illud
793 2121 904 2146 rursus,
928 2112 988 2140 Nisi

198 2162 322 2191 Dominus
337 2160 498 2195 a‘di/icaverit
511 2159 612 2186 domum
625 2180 632 2193 ,
655 2160 681 2186 in
696 2167 791 2186 uanum
811 2159 988 2186 laboraverunt

196 2210 238 2244 qui
248 2208 374 2242 ediﬁcunt
392 2214 447 2233 eam
464 2205 554 2241 (Psal.
570 2205 632 2233 126.
647 2206 657 2232 Ι
671 2205 681 2240 )
697 2214 704 2232 :
718 2205 746 2232 id
770 2212 850 2239 porro
870 2204 986 2237 faciunt,

196 2255 266 2291 (μιηά
290 2262 323 2282 ex
343 2253 479 2288 Scriptura
499 2252 588 2280 divina
609 2252 796 2286 depromptum
822 2252 989 2287 negligentia:

197 2309 252 2328 sua:
264 2300 384 2328 velamen
395 2299 549 2331 obtendant,
562 2302 590 2325 et
602 2299 715 2325 salutem
731 2305 859 2333 spemque
871 2303 988 2325 nostram

200 2346 240 2374 lns
255 2346 342 2372 verbis
355 2348 486 2372 concntur
503 2343 657 2379 infringere.
680 2343 751 2370 Nihil
773 2344 844 2371 enim
860 2344 931 2371 aliud
944 2352 991 2379 per

198 2391 258 2420 hagc
271 2390 487 2422 voluntefticcrc,
502 2390 563 2422 nisi,
578 2390 603 2417 in
621 2394 752 2424 potestate
766 2393 858 2417 nostra
871 2390 937 2417 nihil
952 2390 990 2417 si-

199 2443 257 2464 tum
271 2444 341 2464 esse.
359 2436 452 2463 Actum
468 2440 509 2464 est
521 2435 555 2463 de
570 2435 651 2462 rebus
669 2435 766 2463 nostris
781 2443 787 2462 :
803 2434 900 2462 frustra
917 2435 991 2470 regni

199 2482 326 2508 caelorum
342 2481 483 2515 promissio
495 2502 502 2513 ,
522 2480 618 2509 frustra
634 2481 712 2508 minae
724 2481 854 2516 gehennae
864 2502 871 2515 ,
893 2480 990 2508 frustra

195 2525 282 2561 leges,
299 2533 392 2560 ptume,
410 2526 548 2560 supplicia,
563 2531 590 2554 et
603 2527 725 2554 consilia.

234 2572 263 2599 ἓ.
281 2571 357 2598 Omni
375 2571 466 2608 agendi
487 2577 608 2607 potestate
623 2572 722 2600 sublata
743 2573 842 2600 nullum
860 2573 991 2607 meritum,

202 2617 301 2644 nullum
314 2618 474 2645 demeritum.
489 2633 524 2638 —
536 2618 604 2652 Quid
618 2619 689 2646 enim
699 2619 791 2647 attinet
804 2619 882 2647 alicui
895 2627 993 2646 consu-

202 2666 257 2693 lere
269 2686 277 2699 ,
292 2672 352 2692 cum
366 2664 430 2692 nihil
443 2664 469 2692 in
484 2664 542 2700 ejus
555 2664 635 2692 situm
651 2666 685 2693 sit
698 2666 853 2701 potestate?
872 2671 917 2693 aut
929 2665 993 2701 quid

204 2717 271 2744 opus
284 2714 326 2737 est
340 2710 364 2737 ei
378 2710 534 2744 promittere
545 2730 552 2742 ,
566 2710 610 2745 qui
626 2711 697 2738 omni
713 2712 748 2739 sit
763 2719 851 2738 rerum
865 2711 994 2746 gerenda-

204 2764 262 2783 rum
277 2755 401 2783 facultate
414 2755 553 2790 privatus?
573 2755 663 2791 Neque
677 2756 698 2784 is
713 2757 756 2792 qui
768 2761 840 2784 recte
860 2764 889 2784 sc
902 2764 993 2792 gesse-

202 2802 253 2835 rit,
269 2802 366 2838 dignus
383 2807 424 2830 cst
443 2802 540 2838 laude,
564 2810 649 2837 neque
672 2803 716 2839 qni
735 2803 893 2839 deliquerit,
907 2811 994 2838 pinna:

232 2869 430 2907 κηχΑιιυάξψίᾳ
441 2871 624 2907 Chrysostotnus
642 2872 673 2907 ad
691 2873 760 2899 ludos
779 2873 895 2906 publicos,
908 2875 996 2906 quibus

200 2899 331 2925 adi-rodunt
341 2902 427 2928 addicti
438 2899 508 2928 erant
520 2903 672 2929 Antiocheni.

531 171 559 200 S.
579 169 718 199 JOANN‘IS
736 165 975 197 CHRYSOSTOMI
995 165 1154 194 ARCHIEP.
1175 165 1442 195 CONSTANTINOP.

1785 167 1836 196 {56

1043 222 1175 250 obnoxius
1188 229 1220 251 ac
1233 223 1374 258 supplicio,
1391 222 1442 251 nisi
1456 222 1558 251 arbitrii
1569 223 1653 251 nostri
1667 222 1764 252 fuerint
1775 232 1835 260 qua:

1041 272 1103 295 sunt
1117 268 1317 303 agenda.Quod
1332 268 1354 296 si
1376 268 1455 296 fuerit
1476 269 1528 297 hoc
1548 268 1701 298 hominibus
1722 277 1835 305 persua-

1041 321 1111 346 sum,
1127 321 1206 341 nemo
1216 314 1270 349 jam
1282 314 1395 349 amplius
1405 314 1529 342 virtutem
1545 315 1740 350 amplectetur,
1755 324 1834 344 nemo

1040 367 1055 387 a
1070 361 1134 388 vitio
1146 360 1299 388 declinabit.
1313 360 1379 388 Nam
1389 360 1423 394 si,
1435 361 1499 388 dum
1510 360 1622 396 singulis
1633 361 1727 391 diebus
1739 370 1833 397 perso-

1040 411 1105 434 nant
1123 414 1201 434 aures
1221 406 1360 435 hominum
1380 407 1491 435 vocibus
1512 407 1612 436 nostris
1634 408 1668 436 de
1690 408 1832 445 gehenna,

1039 452 1102 479 dum
1115 453 1195 480 verba
1209 452 1320 480 facimus
1332 452 1366 481 de
1380 447 1465 488 regno
1479 453 1616 487 calorum,
1630 454 1693 482 dum
1708 455 1835 483 intolera-

1040 496 1106 525 biles
1123 505 1217 533 pmnas
1231 502 1258 526 et
1272 498 1379 534 praemia
1389 519 1397 532 ,
1416 506 1476 534 qua:
1490 499 1634 527 humanum
1646 500 1779 528 excedunt
1793 501 1833 528 in.

1040 542 1186 576 tcllectum,
1201 544 1386 579 proponimus,
1399 544 1464 572 dum
1473 545 1648 579 consulimus,
1661 546 1724 574 dum
1737 536 1841 574 cohor-I

1039 591 1138 622 tamur,
1149 589 1213 616 dum
1225 596 1332 618 omnem
1343 591 1495 618 cntionem
1510 590 1694 624 admovemus,
1709 600 1779 627 aegre
1791 597 1830 619 ta-

1040 640 1101 661 men
1124 633 1292 663 adducnntur
1320 635 1428 671 quidam
1442 656 1450 669 ,
1479 640 1507 664 ut
1532 636 1644 665 sudores
1665 644 1714 672 pro
1736 638 1832 666 virtute

1038 679 1204 714 suscipiant,
1224 688 1295 716 agre
1309 688 1323 708 a
1337 685 1506 716 peccatorum
1520 682 1698 718 voluptatibus
1715 690 1832 711 avocan-

1040 729 1082 753 tur
1097 734 1104 753 :
1117 725 1141 753 si
1154 726 1222 754 hanc
1235 727 1314 754 etiam
1328 734 1432 755 sacram
1444 727 1583 763 abruperis
1594 735 1731 761 ancoram,
1742 736 1831 757 noune

1038 774 1142 808 integra
1159 773 1233 801 navis
1247 773 1433 809 submergetur
1443 795 1451 808 ,
1479 778 1506 802 et
1520 782 1614 802 omnes
1627 775 1732 810 penitus
1744 775 1832 804 ducti-

1040 818 1088 846 bus
1102 819 1222 854 absorpti
1238 819 1383 854 peribunt,
1404 820 1540 856 multaque
1551 821 1670 856 quotidie
1689 821 1752 849 fient
1767 829 1832 848 nan-

1040 864 1140 900 fragia?
1153 865 1223 893 Nihil
1233 865 1303 893 enim
1316 865 1403 900 plane,
1417 866 1482 894 nihil
1497 866 1533 894 ita
1547 866 1684 894 contendit
1696 866 1829 899 diabolus,

1039 916 1068 939 ut
1078 912 1175 941 attinnt:
1188 912 1310 940 humana:
1321 913 1491 948 persuadere,
1505 920 1592 949 neque
1606 913 1631 940 in
1643 914 1758 948 peccatis
1770 920 1830 941 eam

1039 959 1175 994 suppliciis
1189 959 1332 988 obnoxiam
1345 981 1352 994 ,
1372 967 1458 995 neque
1473 960 1596 988 laudibus
1609 965 1637 987 et
1650 960 1756 988 coronis
1770 967 1831 988 esse

1038 1006 1144 1042 dignam
1156 1007 1181 1034 in
1195 1011 1267 1035 recte
1282 1007 1375 1042 factis,
1389 1013 1418 1035 nt
1432 1012 1459 1036 et
1474 1007 1654 1036 studiosorum
1671 1016 1765 1036 manus
1776 1009 1831 1036 dis-

1038 1053 1135 1087 solvat,
1150 1058 1177 1081 ct
1191 1054 1271 1082 animi
1285 1054 1447 1082 alacritatem
1464 1055 1626 1090 restinguat,
1641 1059 1669 1082 et
1680 1062 1771 1082 eorum
1784 1055 1829 1090 qui

1038 1099 1156 1127 animant
1169 1100 1336 1135 despondent
1349 1100 1478 1128 incuriam
1492 1100 1590 1134 foveat,
1601 1107 1634 1128 ac
1644 1101 1830 1136 negligentiam

1037 1151 1142 1181 augeat.

1072 1192 1186 1220 Libertas
1199 1193 1326 1220 actionum
1340 1193 1518 1220 humanarum.
1533 1207 1568 1213 ——
1581 1192 1711 1227 Quocirca
1722 1192 1829 1228 diligen-

1038 1242 1078 1266 ter
1091 1238 1135 1272 iis,
1149 1246 1208 1274 qua:
1223 1239 1347 1266 dicuntur
1359 1259 1366 1273 ,
1382 1238 1571 1266 attendendum
1586 1242 1638 1267 est.
1652 1239 1828 1273 Pnrcipitiunt

1037 1288 1079 1311 est
1092 1284 1217 1319 utrinque
1230 1292 1261 1312 ac
1275 1284 1349 1312 fovca
1368 1285 1442 1312 locus
1455 1284 1505 1312 istc
1517 1305 1524 1318 ,
1544 1284 1596 1312 nisi
1616 1288 1692 1312 caute
1716 1284 1828 1319 legatur.

1036 1329 1105 1363 Quid
1120 1330 1190 1357 enim
1209 1329 1351 1357 dicemus?
1372 1337 1406 1357 an
1420 1330 1575 1365 prophetam
1588 1337 1647 1357 esse
1667 1331 1806 1357 mentitum
1816 1330 1830 1356 ἵ

1037 1376 1260 1412 Atpericulosum
1282 1376 1345 1404 est?
1369 1384 1422 1404 non
1443 1377 1515 1404 enim
1538 1376 1666 1403 mentitur
1680 1375 1827 1411 propheta,

1036 1428 1129 1459 utpote
1142 1425 1185 1459 qui
1200 1424 1247 1451 Dei
1263 1431 1342 1452 voces
1357 1425 1539 1459 proloquatur.
1554 1423 1611 1451 Non
1625 1431 1688 1458 ergo
1703 1423 1829 1450 mentitus

1036 1475 1078 1498 est
1089 1469 1240 1505 propheta?
1256 1469 1366 1504 proinde
1380 1477 1433 1497 non
1449 1473 1512 1497 sunt
1535 1470 1560 1496 in
1580 1473 1670 1496 nostra
1686 1473 1826 1503 potestate,

1037 1523 1096 1551 qua:
1109 1523 1188 1551 agere
1199 1516 1350 1544 debemus?
1370 1515 1425 1543 lmo
1438 1520 1464 1543 et
1476 1516 1502 1542 in
1515 1519 1604 1542 nostra
1626 1519 1756 1550 potestate
1777 1515 1828 1542 sita

1036 1567 1099 1590 sunt
1111 1570 1171 1598 qua:
1185 1570 1265 1597 agere
1275 1561 1403 1589 debemus
1414 1582 1421 1595 ,
1444 1566 1471 1589 et
1487 1561 1614 1596 propheta
1633 1560 1760 1588 mentittts
1775 1569 1828 1588 non

1036 1613 1077 1636 est
1092 1617 1098 1635 :
1113 1613 1140 1636 ct
1152 1608 1245 1635 horum
1260 1612 1401 1642 utrumque
1414 1607 1595 1642 probabimus,
1609 1607 1631 1634 si
1645 1611 1762 1634 attentas
1781 1614 1828 1633 au-

1036 1661 1080 1682 res
1091 1653 1268 1689 pra3bucritis.
1284 1653 1426 1688 Propterea
1438 1660 1551 1687 namque
1562 1652 1734 1686 przecipitium
1745 1652 1828 1679 utrin-

1036 1707 1088 1736 que
1100 1700 1232 1734 objectum
1246 1699 1370 1732 ostendi,
1392 1702 1421 1726 ut
1442 1699 1537 1734 vigiles
1554 1702 1581 1725 ct
1595 1698 1687 1724 attenti
1706 1697 1843 1732 proposi—.

1037 1752 1092 1775 tum
1114 1747 1190 1774 nobis
1207 1747 1258 1774 iter
1272 1746 1455 1774 conliciamus.
1479 1745 1537 1772 Non
1561 1745 1632 1772 enim
1654 1744 1724 1771 hunc
1741 1743 1828 1771 locum

1038 1799 1138 1822 tantum
1154 1793 1319 1821 excutiemus
1331 1812 1338 1826 ,
1356 1791 1416 1819 Non
1430 1796 1466 1818 est
1478 1791 1504 1818 in
1519 1791 1618 1818 homine
1631 1790 1670 1816 via
1686 1790 1760 1824 ejus;
1782 1789 1829 1817 sed

1037 1845 1064 1868 et
1075 1843 1215 1868 contextus
1229 1845 1336 1866 omnem
1352 1826 1448 1865 seriem
1459 1857 1467 1869 ,
1483 1840 1510 1864 et
1524 1843 1571 1871 pro
1584 1835 1679 1870 quibus
1692 1835 1761 1862 dicta
1777 1834 1831 1862 sint

1038 1886 1093 1920 illa,
1106 1893 1120 1912 a
1133 1893 1203 1920 quo,
1218 1885 1251 1912 ad
1267 1892 1358 1920 quem,
1372 1891 1452 1918 quam
1470 1883 1505 1910 ob
1518 1890 1624 1910 causam
1637 1903 1645 1914 ,
1667 1881 1787 1916 quando,
1803 1885 1830 1908 et

1037 1931 1181 1968 quomodo.
1203 1931 1260 1958 Non
1283 1930 1354 1958 enim
1368 1929 1456 1957 dicere
1470 1928 1569 1956 sufficit
1587 1927 1686 1963 aliquid
1710 1927 1735 1954 in
1757 1926 1830 1954 Scri-

1039 1983 1116 2012 ptura
1127 1977 1254 2012 scriptum
1267 1975 1393 2011 reperiri,
1407 1982 1493 2009 neque
1506 1979 1606 2002 temere
1624 1972 1714 2000 avulsa
1728 1979 1759 2000 ac
1773 1971 1830 1999 dis<

1038 2028 1128 2058 cerpta
1151 2022 1276 2050 divinitus
1299 2020 1435 2055 inspirata:
1449 2019 1594 2054 Scriptura:
1619 2018 1739 2046 membra
1760 2017 1831 2045 nuda

1039 2073 1067 2096 et
1080 2076 1095 2095 a
1107 2068 1211 2103 reliquo
1226 2071 1298 2095 textu
1309 2067 1431 2101 serieque
1441 2065 1573 2094 sermonis
1584 2064 1704 2099 seiuncta
1713 2070 1831 2096 sumere,

1038 2122 1071 2142 ac
1086 2114 1167 2142 nimia
1190 2113 1296 2142 licentia
1320 2111 1536 2146 conﬁdentiaque
1558 2111 1622 2146 ipsis
1647 2109 1768 2138 illudere.
1788 2109 1833 2136 Sic

1039 2162 1110 2189 enim
1127 2168 1206 2196 prava
1218 2160 1342 2195 dogmata
1362 2159 1446 2187 multa
1467 2160 1494 2186 tn
1509 2162 1627 2185 nostram
1643 2156 1713 2184 hanc
1726 2159 1832 2184 :etatent

1041 2208 1143 2236 invecta
1158 2210 1231 2239 sunt,
1243 2206 1307 2234 dum
1331 2204 1567 2241 negligentioribus
1585 2203 1716 2239 persuasit
1738 2202 1831 2230 diabo-

1041 2254 1093 2286 lus,
1108 2258 1137 2281 ut
1149 2253 1257 2287 oblique
1269 2253 1379 2280 distOrta
1398 2251 1548 2280 testimonia
1568 2250 1713 2284 Scriptura:
1728 2249 1830 2283 profer-

1042 2304 1112 2333 rent,
1126 2299 1166 2326 vel
1179 2299 1276 2326 additis
1288 2298 1483 2333 subtractisque
1498 2296 1632 2324 nonnullis
1648 2295 1771 2326 tenebras
1786 2302 1832 2322 ve-

1042 2346 1112 2374 ritati
1125 2345 1300 2373 effunderent.
1316 2345 1374 2372 Non
1393 2351 1459 2379 ergo
1471 2342 1669 2371 sufficitdiccre
1679 2362 1687 2374 ,
1706 2342 1834 2376 scriptum

1041 2399 1101 2420 esse
1122 2393 1147 2419 in
1171 2391 1327 2426 Scriptura,
1354 2391 1400 2418 sed
1424 2394 1506 2417 totam
1521 2389 1617 2417 seriem
1633 2388 1683 2423 legi
1706 2391 1835 2422 oportet:

1018 2456 1031 2460 -
1042 2437 1257 2473 quandoquidem
1276 2437 1298 2464 si
1313 2436 1515 2464 continuitatem
1531 2440 1559 2463 et
1572 2434 1769 2470 cognationem,
1783 2440 1835 2467 qui

1044 2484 1112 2511 inter
1125 2492 1155 2512 se
1168 2491 1287 2511 connexa
1304 2486 1387 2517 sunt,
1412 2482 1606 2515 interrumpere
1624 2479 1754 2507 vellemus
1766 2499 1774 2510 ,
1801 2479 1838 2506 ita

1043 2530 1126 2558 multa
1146 2537 1227 2564 prava
1247 2529 1370 2564 dogmata
1385 2528 1529 2556 orirentur.
1552 2526 1696 2554 Enimvero
1715 2525 1740 2552 in
1762 2524 1838 2552 Scri-

1045 2581 1121 2611 ptura
1134 2576 1262 2611 scriptum
1277 2579 1319 2603 est
1335 2584 1342 2603 :
1357 2574 1419 2601 Non
1430 2579 1467 2601 est
1482 2573 1552 2601 Deus
1565 2572 1649 2608 (Psat.
1666 2573 1710 2600 15.
1723 2570 1749 2607 l)
1762 2579 1770 2603 ;
1792 2575 1818 2598 et
1828 2589 1839 2602 .

1044 2622 1138 2650 Avertit
1150 2622 1239 2658 faciem
1252 2629 1342 2654 suam,
1358 2629 1389 2648 ne
1402 2620 1484 2647 uident
1496 2620 1522 2646 in
1537 2620 1630 2654 liuent:
1644 2622 1688 2652 et,
1704 2617 1772 2644 Deus
1788 2624 1840 2643 non

1044 2669 1152 2703 requiret
1173 2667 1267 2705 (Psal.
1290 2666 1333 2701 i0,
1347 2666 1483 2695 secundum
1508 2664 1584 2692 Hebr.
1595 2672 1620 2691 υ.
1632 2664 1676 2691 ll.
1696 2662 1756 2698 15).
1772 2661 1840 2689 Num

1047 2716 1126 2751 igitur
1138 2736 1146 2749 ,
1161 2715 1219 2748 die,
1235 2722 1337 2750 qumso,
1353 2721 1405 2741 non
1419 2717 1461 2740 est
1475 2711 1564 2740 Deus?
1580 2718 1666 2745 neque
1686 2708 1796 2744 respicit
1810 2715 1842 2734 ea

1046 2770 1104 2798 qure
1118 2763 1143 2789 in
1161 2762 1238 2790 terris
1249 2760 1336 2788 ﬁunt?
1349 2760 1409 2795 quis
1422 2759 1474 2787 hoc
1483 2758 1553 2786 ausit
1566 2757 1659 2785 dicere
1672 2755 1714 2783 vel
1726 2755 1819 2782 audire
1830 2753 1843 2780 ἲ

1048 2808 1183 2843 Scriptum
1206 2812 1293 2835 tamen
1313 2810 1354 2834 est
1373 2806 1400 2833 in
1426 2805 1584 2840 Scriptura:
1600 2802 1649 2830 sed
1669 2801 1742 2829 disce
1755 2821 1762 2833 ,
1788 2806 1843 2835 quo

1049 2859 1126 2890 pacto
1139 2855 1173 2882 sit
1186 2854 1322 2888 scriptum.
1349 2851 1419 2879 Dixit
1441 2851 1572 2886 insipiens,
1597 2849 1701 2883 inquit,
1724 2847 1751 2874 in
1767 2844 1845 2873 corde

1051 2909 1106 2932 suo,
1126 2899 1183 2927 Non
1203 2904 1238 2926 cat
1255 2898 1332 2925 Dens.
1347 2897 1405 2925 Non
1419 2896 1563 2931 Scriptura:
1578 2892 1734 2930 suti‘ragium
1754 2895 1796 2919 eet
1815 2895 1845 2918 et
