2072 3122
187 127 239 155 lb‘l

188 181 316 213 sententia
327 202 334 214 ,
354 181 400 210 sed
422 180 504 209 animi
518 179 670 214 insipientis
684 188 691 206 τ
709 185 762 206 non
778 177 846 205 dixit
857 184 916 212 qua:
930 183 977 203 sua

187 233 248 257 sunt
259 228 409 262 Scriptura,
423 225 470 254 sed
485 233 544 261 qua:
559 229 621 252 sunt
635 224 746 251 alterius
758 221 932 250 denuntiavit.
945 220 979 247 Et

188 283 280 303 rursus
296 284 303 302 :
321 273 456 310 Uequequo
475 271 582 299 irritavit
597 271 691 305 impius
704 268 806 296 Deum?
828 267 900 294 Dixit
911 266 979 294 enim

188 323 213 349 in
229 320 304 348 tarde
315 328 360 347 suo
372 340 380 352 ,
402 319 462 346 Non
481 318 598 353 requiret.
621 316 716 343 Avertit
738 314 828 349 {aciem
846 320 934 345 suam,
949 320 980 339 ne

188 369 268 396 rideat
289 367 315 394 in
337 367 412 400 ﬁnem
425 364 516 401 (Paul.
532 363 576 392 10.
593 363 627 391 15
640 368 663 390 et
676 362 705 390 il
719 362 739 395 ).
765 361 798 388 Et
816 361 861 388 hic
886 366 980 387 rursus

188 412 304 441 hominis
317 412 390 446 impii
404 419 435 439 ac
447 410 553 438 scelesti
567 409 695 444 judicium
707 412 734 435 et
745 407 904 435 sententiam
915 412 979 440 pro-

189 459 273 494 ponit.
289 459 328 486 Ita
340 465 447 492 quoque
458 456 556 484 medici
569 457 654 483 facere
669 454 771 486 solent,
787 453 940 480 insanorum
953 456 981 478 et

189 503 334 531 amentium
350 507 457 537 peccata
477 501 549 529 sanis
572 507 605 528 ac
626 499 777 527 valentibus
799 501 928 530 narrant,
952 501 981 523 ut

189 550 322 577 cautiores
336 548 402 576 istos
414 547 538 576 reddant.
554 547 620 574 Cum
635 547 714 582 igitur
724 545 825 573 sanitas
838 545 934 572 animre
946 544 981 571 sit

190 597 284 631 pietas,
296 594 406 622 morbus
419 599 508 622 autem
522 599 548 621 et
562 593 704 620 inﬁrmitas
716 599 819 620 summa
830 591 914 619 Deum
929 590 980 617 mi-

189 642 262 668 nime
275 647 355 668 nosse
366 661 374 673 ,
398 640 542 675 impiorum
557 639 636 666 verba
651 641 855 671 commemorat,
876 643 929 664 non
953 640 981 662 ut

189 694 220 714 ea
234 692 333 714 temere
347 686 498 719 audiamus,
511 685 558 713 sed
573 689 600 712 ut
613 684 646 711 ab
659 684 691 711 iis
704 684 895 712 abstineamus.
912 682 980 716 Quid

191 733 320 768 insipiens
331 732 438 765 dixerit,
452 735 552 763 narrat,
569 735 597 757 ut
609 735 637 758 tu
649 730 755 765 sapiens
769 729 826 761 fias,
840 733 867 756 et
881 728 980 756 dictum

191 778 248 814 ejus
259 779 368 806 minime
384 778 482 813 probes
495 786 502 804 :
516 777 579 812 quid
592 776 689 811 impius
701 775 812 805 dixerit.
826 779 932 806 narrat,
954 777 983 800 ut

191 831 219 853 tu
232 826 395 861 impietatem
420 824 515 859 fugias.
538 823 629 858 Neque
643 826 709 850 vero
727 821 814 849 solum
829 829 843 848 a
857 824 981 847 contextu

191 871 313 906 serieque
327 870 459 898 sermonis
471 869 609 897 avellendo
621 868 678 896 loca
691 874 745 895 non
760 871 832 900 sunt,
845 866 891 893 sed
898 866 981 893 etiam

191 925 254 944 sana
269 921 296 944 et
309 916 410 950 integra
424 920 485 942 sunt
499 913 669 949 proferenda,
684 913 805 947 nihilque
817 911 981 940 addendum.

228 962 326 989 Abusus
345 962 394 989 tocr'
409 960 487 988 Pauli
508 968 539 988 ea:
556 959 640 995 Epist.
651 959 685 986 ad
699 959 813 986 Corinth.
827 958 853 986 Ι,
863 972 898 978 -
909 957 982 985 Multi

192 1012 263 1036 certe
278 1007 400 1042 quaedam
415 1007 496 1034 etiam
512 1006 564 1033 alia
578 1004 768 1033 circumferunt
782 1013 813 1032 ex
829 1003 981 1039 Scripturis,

192 1062 251 1088 qua:
261 1053 405 1088 depravate
418 1052 542 1087 allegant.
553 1051 686 1086 Scriptum
698 1055 737 1078 est
748 1050 830 1084 enim,
842 1050 981 1085 inquiunt:

193 1100 221 1126 Si
237 1098 324 1126 uraris
336 1119 344 1131 ,
358 1105 470 1125 uxorem
483 1097 574 1124 ducito
591 1104 599 1124 :
616 1103 746 1131 nusquam
763 1100 849 1123 tamen
874 1094 926 1122 hoc
948 1094 984 1121 ita

194 1145 320 1180 scriptum
333 1149 390 1176 est;
406 1143 453 1171 sed
464 1148 521 1178 ‘quo
535 1147 612 1178 pacto
627 1142 661 1170 sit
679 1141 806 1176 scriptum
822 1141 960 1169 considera
975 1148 982 1167 :

194 1190 258 1218 Dico
272 1195 355 1217 autem
366 1198 416 1216 non
430 1189 515 1224 nuptis
528 1193 552 1215 et
564 1188 656 1220 viduis,
665 1188 759 1214 bonum
772 1187 823 1214 illis
835 1191 880 1218 est,
893 1187 915 1214 si
926 1194 983 1213 ma-

195 1242 268 1264 neant
280 1258 288 1269 ,
302 1237 365 1264 sicut
377 1240 400 1262 et
412 1244 457 1270 ego
474 1243 483 1261 :
497 1235 564 1269 quod
578 1235 599 1261 ei
612 1242 661 1261 non
675 1242 701 1261 se
718 1234 857 1266 continent,
872 1233 984 1266 nubant;

195 1283 284 1310 melius
296 1283 362 1309 enim
374 1286 408 1308 est
421 1281 512 1308 nubere
523 1289 598 1316 quant
612 1281 652 1307 uri
666 1280 703 1315 (1.
717 1279 777 1307 Cor.
790 1279 814 1306 7.
829 1279 856 1306 8.
872 1279 911 1312 9).
928 1279 983 1306 An-

197 1337 248 1357 non
264 1329 342 1364 igitur
355 1328 424 1356 idem
437 1332 487 1360 est,
501 1327 595 1362 inquit,
607 1326 636 1354 Si
647 1325 864 1359 uraris,uxorem
877 1325 985 1353 ducito?

197 1376 338 1404 Enimvero
363 1375 425 1402 licet
444 1373 514 1401 idem
536 1377 622 1405 esset,
638 1379 691 1400 non
714 1371 853 1407 oportebat
876 1376 963 1398 tamen
977 1391 984 1404 ,

198 1422 295 1450 omissa
308 1425 378 1449 recta
392 1420 536 1455 Scripturre
556 1419 713 1454 allegatione
723 1439 730 1451 ,
742 1425 802 1445 eam
822 1422 985 1452 pervertere,

197 1470 304 1503 suisque
324 1467 415 1494 verbis
437 1466 581 1501 Scriptura:
602 1472 679 1492 sensa
693 1463 812 1499 proferre
828 1463 902 1498 :jam
923 1470 987 1490 vero

199 1515 309 1542 multum
329 1513 488 1541 offendimus
508 1511 596 1539 inesse
615 1510 770 1538 discrimen.
783 1509 811 1537 Si
824 1509 895 1537 enim
909 1509 989 1536 abso-

199 1562 252 1588 lute
265 1560 382 1593 dixeris,
396 1559 425 1587 Si
439 1557 525 1586 uraris
537 1579 544 1591 ,
560 1564 671 1584 uxorem
693 1555 784 1584 ducito
795 1577 803 1589 ,
818 1555 922 1584 cunctis
942 1554 987 1589 qui

199 1607 375 1642 virginitatem
390 1612 498 1633 servare
514 1604 585 1632 ultro
597 1607 747 1631 statuerunt
772 1604 931 1637 potestatem
949 1601 988 1628 fa-

200 1655 247 1686 cis,
260 1661 320 1681 cum
338 1653 453 1688 primum
467 1651 548 1679 libido
563 1651 615 1678 illis
629 1649 763 1685 negotium
778 1649 890 1676 facesset
901 1668 908 1681 ,
925 1647 988 1675 inita

200 1707 259 1726 cum
271 1699 327 1726 Deo
342 1702 418 1733 pacta
440 1696 566 1727 violandi.
581 1700 660 1731 atque
672 1695 705 1722 ad
720 1694 825 1729 nuptias
846 1692 990 1727 transfugae

201 1752 276 1772 more
291 1743 456 1776 transeundi,
470 1750 501 1770 ac
513 1742 638 1777 promissi
651 1741 747 1776 prioris
760 1739 942 1768 obliviscendi.

235 1791 262 1817 5.
281 1790 357 1823 Quod
370 1790 392 1816 si
412 1788 543 1823 intelligas
556 1809 564 1822 ,
575 1795 643 1822 quos
657 1786 806 1822 alloquatur
818 1785 925 1815 Paulus.
939 1784 990 1812 lmc

203 1839 254 1864 est,
263 1841 319 1861 non
336 1842 431 1862 omnes
443 1835 553 1870 passim.
565 1843 659 1863 verum
669 1842 726 1868 eos,
739 1834 784 1870 qui
793 1834 913 1862 nondum
925 1842 988 1869 pro-

203 1875 331 1904 missione
350 1883 380 1904 se
392 1876 598 1909 obstrinxerim,
612 1878 713 1913 poteris
736 1877 843 1905 noxiam
866 1877 938 1904 hanc
957 1884 990 1903 ac

200 1921 380 1956 perniciosam
391 1923 486 1951 tollere
498 1923 664 1951 facultatem.
675 1922 739 1950 Dico
745 1922 928 1956 enimjuquit,
938 1929 990 1948 non

200 1968 288 2002 nuptis
298 1972 322 1995 et
332 1968 426 2002 viduis,
438 1977 493 1997 non
501 1969 534 1997 iis
541 1977 602 2004 qua:
613 1969 769 1996 viduitatem
779 1969 929 2004 promisere
942 1969 988 1996 sed

199 2015 232 2043 iis
241 2024 302 2051 quae
314 2022 402 2050 neque
411 2015 473 2046 hoc,
482 2022 571 2049 neque
579 2014 644 2042 illud
657 2014 850 2042 decreverunt:
864 2015 912 2042 sed
920 2019 1001 2042 tarn--

201 2070 279 2097 quam
295 2062 322 2090 in
336 2061 425 2089 medio
446 2061 559 2096 quodam
574 2060 716 2088 interstitio
729 2060 834 2088 consilii
854 2060 993 2095 utriusque

201 2113 351 2135 versantur.
372 2106 493 2142 Exempli
521 2113 599 2134 causa
616 2114 622 2132 :
643 2106 738 2133 mulier
756 2106 887 2141 qtuepiam
907 2106 991 2132 virum

607 122 640 149 IN
658 120 769 155 lLLUD,
785 119 922 152 DOMINE,
942 117 1010 146 NON
1031 118 1093 147 EST
1113 119 1145 148 lN
1161 119 1301 153 HOMINE.
1315 121 1391 150 ETC.

202 2161 277 2180 strnm
291 2153 397 2185 amisit,
413 2152 562 2188 nequedum
578 2151 646 2187 apud
669 2160 700 2179 se
713 2152 823 2184 statuit,
838 2159 924 2187 neque
945 2151 992 2178 de-
1011 2153 1015 2159 ‘

201 2199 296 2232 crevit,
311 2207 344 2226 an
360 2206 374 2225 a
387 2207 417 2226 se
429 2203 551 2233 oporteat
563 2198 624 2234 eligi
639 2199 793 2226 viduitatem
806 2219 814 2231 ,
830 2206 863 2225 an
876 2206 939 2226 vero
951 2198 992 2225 al-

202 2251 288 2274 terum
304 2246 427 2273 maritum
445 2246 551 2273 induci:
567 2245 637 2273 hanc
655 2253 705 2280 ego
724 2245 871 2274 admoneo.
886 2245 990 2280 inquit,

201 2292 301 2319 bonum
312 2299 371 2319 esse
381 2295 411 2318 ut
423 2291 458 2318 ita
470 2295 625 2326 permaneat
637 2299 643 2317 :
658 2290 727 2325 quod
741 2291 762 2317 si
775 2297 844 2318 onus
855 2290 926 2318 ferre
939 2298 991 2318 non

201 2338 297 2372 possit,
310 2338 393 2365 nubat
406 2348 413 2366 :
429 2345 475 2365 cas
482 2345 546 2365 vero
560 2345 619 2372 qua:
628 2337 683 2372 jam
698 2344 830 2372 aggresszc
842 2340 913 2368 sunt,
925 2339 952 2364 et
966 2337 991 2364 in

187 2392 293 2420 _earum
308 2384 397 2412 album
412 2388 474 2411 sunt
488 2383 580 2410 relata:
591 2404 598 2416 ,
612 2391 671 2418 quae
691 2383 844 2410 viduitatem
859 2382 972 2410 tolerant
983 2403 991 2416 ,

201 2435 227 2458 et
240 2439 300 2458 cum
316 2430 370 2457 Deo
383 2433 487 2464 pactum
497 2429 623 2461 inierunt,
636 2436 689 2456 non
702 2429 755 2463 jam
767 2428 822 2455 vult
833 2428 865 2455 ad
879 2429 992 2456 alterum

202 2483 281 2511 posse
292 2475 489 2503 matrimonium
503 2475 612 2502 reverti.
627 2474 769 2509 Propterea
781 2474 816 2502 de
828 2474 880 2502 illis
899 2475 931 2501 ad
946 2474 992 2502 Ti-

202 2522 337 2548 motheum
354 2520 476 2548 scribens
493 2521 532 2548 sic
546 2520 583 2547 ait
597 2529 604 2547 :
618 2519 832 2547 Adolescentiares
849 2526 931 2547 uu'em
954 2521 993 2548 υἱ-

203 2568 266 2594 duae
285 2567 378 2594 (levita.
394 2567 455 2594 Cum
477 2567 542 2593 enim
564 2567 700 2594 luxuriata:
713 2566 807 2602 fuerint
831 2567 858 2593 in
881 2566 991 2598 Christo,

201 2613 293 2639 nubere
312 2613 399 2639 volunt
415 2612 531 2639 habentes
552 2612 753 2644 damnationem,
767 2612 826 2647 quia
840 2613 947 2647 prinum
962 2613 994 2647 ﬁ—

201 2659 258 2684 dem
271 2658 370 2685 irritum
384 2658 494 2692 fecerunt
505 2657 515 2693 (
528 2659 551 2685 l.
562 2657 627 2685 Tim.
639 2659 666 2686 5.
683 2659 727 2686 tl.
742 2658 883 2694 l2).Vides
898 2664 927 2686 ut
947 2667 993 2687 eas

202 2703 244 2731 hic
258 2704 371 2739 castiget
391 2711 422 2730 ac
441 2704 541 2739 puniat,
556 2708 583 2731 et
602 2704 730 2732 obnoxias
744 2711 830 2739 ptume
844 2713 875 2733 ac
892 2705 993 2740 judicio

200 2757 260 2778 esse
273 2749 365 2783 dicat,
379 2750 450 2785 quod
471 2750 533 2778 inita
552 2757 612 2777 cum
634 2750 690 2778 Deo
705 2754 780 2786 pacta
795 2751 952 2784 violarint‘,
966 2757 993 2780 et

232 2815 239 2830 ί
255 2819 322 2849 tuuis
334 2815 410 2846 Cod,
432 2818 501 2846 parta
519 2815 701 2848 conculcarunt,
720 2816 807 2842 eadem
820 2824 919 2849 prorsus
934 2825 992 2844 sen-
1017 2835 1025 2840 ι

200 2846 286 2872 tentia.

1008 2798 1018 2812 ι

1773 125 1822 155 158

1032 179 1171 213 promissis
1188 187 1241 208 non
1261 180 1404 208 steterint?
1418 179 1507 216 Itaque
1525 188 1557 209 ex
1573 181 1624 210 hoc
1638 180 1697 210 loco
1712 184 1822 212 manife-

1031 230 1100 252 stum
1114 231 1164 258 est,
1179 226 1278 254 dictum
1294 226 1358 254 illud
1380 234 1433 254 non
1455 227 1488 254 ad
1508 236 1553 256 eas
1571 236 1630 264 qua:
1642 229 1824 262 promiserant

1031 279 1091 300 esse
1104 272 1234 300 directum
1249 281 1255 300 :
1272 273 1373 301 idcirco
1392 281 1445 302 non
1466 282 1526 302 esse
1541 275 1605 303 illud
1620 280 1720 304 temere
1734 277 1824 312 [ποτε-

1031 317 1143 344 rendnm
1157 338 1164 351 ,
1180 317 1228 346 sed
1252 319 1401 347 noscendas
1422 327 1482 348 esse
1503 328 1648 356 personas,
1665 330 1730 358 quas
1749 322 1821 351 Scri-

1033 367 1118 398 ptura:
1131 364 1219 392 verbis
1234 364 1285 392 illis
1298 365 1477 400 alloquuntur.

1068 409 1166 436 Abusus
1176 410 1279 437 alterius
1287 410 1337 437 loci
1345 410 1633 446 Seriphum—Rursus
1645 413 1725 441 alium
1736 415 1824 443 locutu

1033 454 1242 489 circumferunt,
1256 456 1331 491 cujus
1345 464 1397 484 non
1418 457 1453 484 illi
1468 457 1574 492 quidem
1590 463 1748 488 structuram
1765 469 1824 495 per.

1033 505 1149 534 vertunt,
1159 501 1205 529 sed
1217 501 1288 529 aliud
1298 502 1345 535 illi,
1355 503 1424 537 quod
1436 504 1461 530 in
1473 503 1606 539 Scriptura
1619 512 1670 532 non
1682 507 1823 541 reperitur,

1032 546 1168 580 adjiciunt.
1185 546 1258 574 Talis
1270 547 1341 574 enim
1356 552 1397 575 est
1410 547 1506 576 diaboli
1523 549 1631 583 malitia,
1647 555 1677 577 ut
1691 551 1732 579 vel
1747 551 1824 579 addi-

1033 593 1114 624 tione,
1130 592 1171 620 vel
1191 593 1371 621 subtractione
1382 614 1390 627 ,
1401 594 1444 622 vel
1459 594 1657 630 depravatione,
1672 600 1717 624 aut
1727 597 1825 625 immu-

1034 638 1133 666 tatione
1143 643 1282 667 contextus
1294 640 1445 674 perniciosa
1458 641 1580 676 dogmata
1594 642 1826 677 iutrnducat.Quis

1034 682 1078 709 ille
1091 690 1171 718 porro
1186 683 1262 711 locus
1282 685 1344 712 est?
1360 685 1445 713 Meum
1462 691 1514 718 est,
1528 687 1630 721 inquit,
1652 693 1826 723 argentum,et

1033 737 1116 756 meum
1129 738 1220 757 aurum
1233 730 1243 766 (
1253 730 1318 766 Agg.
1333 731 1361 758 2.
1377 732 1431 767 9);
1447 736 1474 760 et
1486 733 1528 761 cui
1542 734 1652 761 voluero
1666 734 1736 762 dabo
1751 735 1824 762 illud.

1034 775 1117 810 llujus
1125 776 1174 803 loci
1187 782 1246 811 pars
1253 777 1359 812 quidem
1369 782 1411 805 est
1421 778 1456 805 ita
1465 779 1544 812 dicta,
1552 787 1614 814 pars
1623 787 1687 807 vero
1695 780 1763 808 dicta
1773 789 1826 809 non

1034 826 1085 855 est,
1109 822 1156 849 sed
1177 822 1300 850 alicunde
1319 823 1509 858 adjecta.Nam
1528 824 1590 852 illud
1604 826 1726 860 quidem,
1742 826 1829 854 Meum

1034 873 1070 895 est
1085 873 1233 903 argentum,
1248 873 1270 895 et
1285 876 1366 895 meum
1380 874 1416 896 est
1428 877 1519 896 aurum
1529 891 1536 902 ,
1552 870 1619 897 dixit
1634 871 1761 906 propheta
1775 880 1781 898 :
1798 872 1829 899 il-

1035 913 1081 940 lud
1093 917 1192 946 autem,
1205 913 1253 940 Cui
1269 913 1378 942 voluero
1391 914 1462 942 dabo
1476 914 1550 948 illud,
1564 922 1617 942 non
1634 915 1696 943 item
1709 915 1829 951 sequitur

1035 958 1061 986 in
1081 958 1228 993 Scriptura,
1243 959 1290 987 sed
1304 967 1336 987 ex
1356 960 1460 987 inscitia
1475 960 1545 996 vulgi
1563 965 1653 988 uatum
1672 961 1827 989 circumfer-

1036 1009 1088 1031 tur.
1115 1005 1254 1039 Quodnam
1279 1013 1359 1041 porro
1385 1005 1448 1034 inde
1470 1007 1591 1035 exaritur
1615 1007 1829 1036 detrimentum?

1035 1049 1109 1078 Multi
1122 1050 1243 1078 scelerati
1252 1071 1259 1084 ,
1273 1056 1299 1078 et
1318 1052 1525 1087 prmstigiatores
1537 1073 1544 1086 ,
1556 1056 1636 1088 atque
1648 1053 1829 1089 intemperan-

1037 1100 1088 1129 tes,
1103 1097 1146 1131 qui
1161 1104 1195 1124 ne
1208 1097 1279 1132 digni
1289 1097 1397 1132 quidem
1410 1102 1481 1132 sunt,
1493 1098 1536 1133 qui
1548 1098 1612 1126 solis
1625 1098 1703 1134 hujus
1716 1107 1830 1135 conspe-

1036 1147 1080 1170 ctu
1095 1142 1225 1175 fruantur,
1241 1148 1287 1170 ant
1304 1143 1410 1177 vivant,
1425 1149 1470 1171 aut
1485 1144 1563 1179 hujus
1577 1145 1635 1172 caeli
1646 1144 1766 1179 spiritum
1783 1145 1831 1173 du-

1036 1192 1109 1222 cant,
1122 1188 1213 1215 multis
1223 1188 1318 1224 apibus
1332 1189 1477 1223 abtrndant,
1488 1189 1550 1216 dum
1561 1190 1649 1217 omnia
1663 1190 1830 1223 subvertunt,

1037 1234 1176 1261 viduarum
1191 1234 1285 1261 domos
1298 1233 1436 1270 diripiunt,
1448 1234 1583 1269 orphanos
1595 1235 1720 1270 spoliant,
1736 1236 1830 1263 adver'

1037 1286 1084 1307 sus
1098 1278 1239 1307 inferiores
1249 1279 1407 1307 eﬂ‘eruntur.
1423 1279 1523 1307 Valens
1536 1287 1600 1315 ergo
1611 1280 1733 1308 diabolus
1746 1281 1831 1309 homi-

1039 1325 1116 1353 nibus
1140 1325 1303 1360 persuadere
1329 1325 1434 1353 divitias
1469 1326 1588 1360 desuper
1619 1329 1700 1361 atque
1724 1333 1756 1354 ex
1785 1326 1830 1354 Dei

1039 1370 1178 1406 largitione
1198 1377 1318 1405 manare,
1333 1374 1363 1398 ut
1381 1378 1415 1398 ex
1435 1370 1488 1398 hoc
1503 1378 1626 1406 magnam
1639 1371 1831 1407 blasphemiam

1039 1417 1152 1445 Domino
1174 1416 1320 1452 impingat,
1334 1421 1438 1452 sumpta
1453 1417 1505 1445 hac
1528 1417 1673 1453 Scriptura:
1700 1419 1831 1446 sententia

1039 1471 1098 1498 quae
1115 1464 1154 1490 sic
1168 1463 1266 1491 habet:
1282 1462 1370 1491 Meum
1384 1468 1420 1491 est
1432 1468 1573 1499 argentum,
1588 1469 1611 1491 et
1633 1473 1715 1492 meum
1729 1469 1764 1492 est
1787 1473 1834 1492 uu-

1039 1517 1104 1543 rum,
1121 1510 1200 1537 aliam
1214 1517 1273 1545 qua:
1286 1510 1313 1537 in
1324 1509 1463 1545 Scriptura
1477 1518 1529 1538 non
1544 1514 1593 1543 est,
1610 1510 1707 1544 adjecit
1719 1511 1810 1539 dicens
1825 1520 1832 1538 :

1040 1555 1075 1582 Et
1098 1555 1141 1582 cui
1156 1555 1267 1583 voluero
1290 1555 1359 1583 dabo
1382 1554 1456 1583 illud.
1474 1556 1509 1583 At
1522 1563 1573 1583 non
1595 1556 1629 1583 ita
1644 1556 1706 1584 dicit
1720 1557 1833 1592 Aggteus

1042 1601 1170 1636 propheta
1184 1609 1190 1628 :
1205 1601 1252 1629 sed
1266 1609 1327 1628 cum
1340 1609 1372 1629 ex
1384 1601 1557 1630 barbarorum
1571 1603 1679 1638 regione
1693 1602 1835 1631 rediissent

1040 1647 1135 1682 Judazi,
1150 1652 1177 1676 et
1191 1648 1364 1675 iustauraturi
1379 1648 1506 1683 templum
1522 1653 1622 1682 essent,
1638 1653 1718 1684 atque
1730 1648 1762 1676 ad
1777 1648 1832 1684 pri-

1041 1694 1139 1721 stinum
1155 1693 1326 1730 splendorem
1341 1694 1458 1722 evecturi
1472 1715 1480 1728 ,
1493 1701 1555 1722 cum
1570 1696 1646 1730 egeni
1659 1698 1749 1723 essent
1761 1699 1788 1723 et
1800 1695 1838 1724 ab.

1040 1738 1162 1767 uestibus
1184 1738 1353 1766 circumfusis
1377 1739 1499 1773 obsessi,
1514 1740 1596 1768 multa
1612 1745 1748 1776 premente
1768 1748 1836 1776 pau-

1043 1789 1145 1820 pertate
1156 1805 1166 1817 ,
1177 1791 1228 1812 nec
1246 1785 1307 1812 ulla;
1323 1785 1462 1812 facultates
1475 1785 1597 1813 alicunde
1611 1790 1771 1821 apparerent
1784 1807 1791 1818 ,
1807 1788 1835 1816 iu

1042 1831 1180 1858 meliorem
1203 1838 1278 1866 spem
1301 1831 1360 1859 illos
1374 1831 1467 1860 volens
1489 1832 1608 1867 erigere,
1625 1840 1657 1859 ac
1677 1833 1837 1868 persuadere

1042 1882 1071 1904 ut
1085 1877 1118 1904 de
1131 1877 1184 1904 fine
1197 1877 1373 1911 conﬁderent,
1385 1885 1417 1905 ex
1431 1885 1544 1912 persona
1558 1878 1605 1905 Dei
1620 1878 1695 1912 dicit,
1704 1878 1788 1905 Meum
1800 1883 1836 1906 est

1043 1927 1185 1958 argentum,
1200 1927 1224 1949 et
1248 1931 1331 1950 meum
1354 1927 1390 1950 ert
1410 1931 1519 1956 aurum;
1532 1928 1555 1950 et
1577 1924 1624 1950 erit
1645 1924 1727 1959 gloria
1748 1924 1839 1951 domus

1042 1968 1117 1995 istius
1129 1968 1262 1995 novissima
1280 1967 1476 2003 ruper'primam
1489 1968 1570 2004 (Ibid.
1584 1977 1608 1995 υ.
1623 1969 1678 2004 10).

1079 2014 1221 2050 Scriptura:
1232 2014 1308 2042 verba
1320 2015 1444 2050 quomodo
1456 2017 1599 2043 tractanda.
1607 2016 1701 2044 ——Sed
1712 2015 1775 2051 quid
1788 2016 1840 2044 hoc

1044 2061 1077 2088 ad
1088 2062 1254 2097 propositum
1261 2062 1274 2089 τ
1283 2061 1355 2089 dicet
1365 2062 1470 2097 aliquis.
1483 2062 1559 2096 Quod
1572 2069 1625 2090 non
1635 2066 1757 2097 oporteat
1766 2062 1839 2090 Scri—

1043 2112 1128 2143 ptura:
1141 2108 1288 2136 sententias
1305 2112 1407 2136 temere
1420 2109 1539 2143 arripere
1550 2129 1557 2140 .
1572 2112 1652 2143 atque
1670 2115 1684 2134 a
1698 2108 1768 2135 serie
1782 2115 1834 2135 ser-

1044 2154 1131 2181 monis
1144 2158 1172 2182 et
1189 2154 1338 2189 argumenti
1358 2154 1486 2181 affinitate
1499 2154 1630 2181 divellere
1644 2163 1651 2181 :
1665 2160 1751 2188 neque
1770 2153 1839 2180 nuda

1043 2202 1124 2229 verba
1134 2201 1263 2229 sumenda
1273 2202 1336 2233 sint.
1351 2208 1498 2236 eorumque
1510 2200 1629 2228 subsidio
1641 2200 1767 2228 destituta
1781 2207 1840 2233 qua:

1044 2253 1192 2283 sequuntur
1201 2252 1246 2276 aut
1255 2248 1420 2284 praecedunt,
1432 2251 1461 2275 ut
1470 2255 1518 2283 per
1527 2255 1557 2275 ea
1569 2252 1669 2275 temere
1678 2246 1839 2273 calumniam

1044 2299 1179 2322 struamus
1191 2299 1218 2322 et
1232 2295 1397 2322 cavillemm.
1413 2295 1511 2322 Annon
1532 2293 1604 2321 enim
1617 2292 1760 2321 abem-dum
1780 2297 1821 2320 est
1831 2312 1838 2324 ,

1045 2345 1074 2368 ut
1088 2341 1114 2368 in
1128 2340 1234 2376 iudiciis
1243 2341 1362 2376 quidem,
1378 2341 1421 2368 ubi
1433 2341 1466 2368 de
1477 2339 1557 2368 rebus
1567 2339 1740 2367 sa‘cuiaribus
1752 2338 1839 2366 disce-

1045 2391 1162 2422 ptamus,
1175 2387 1263 2414 omnia
1276 2387 1336 2422 jura
1351 2392 1440 2414 nostra
1454 2386 1481 2413 in
1493 2386 1610 2414 medium
1623 2385 1797 2421 proferamus,
1814 2389 1840 2412 et

1045 2433 1101 2460 loca
1112 2453 1120 2466 ,
1135 2437 1270 2467 tempora,
1288 2439 1393 2464 causas,
1411 2438 1540 2467 personas
1553 2452 1560 2464 ,
1576 2431 1680 2466 aliaque
1699 2430 1838 2457 innumera

1045 2478 1241 2513 producamus,
1257 2485 1316 2505 cum
1333 2485 1396 2505 vero
1418 2477 1495 2505 nobis
1512 2476 1547 2504 de
1559 2477 1611 2504 vita
1625 2481 1723 2503 aeterna
1743 2483 1840 2511 propo-

1045 2524 1124 2552 situm
1134 2524 1169 2552 sit.
1178 2529 1323 2557 certamen,
1340 2529 1439 2552 temere
1451 2528 1478 2551 et
1492 2523 1685 2551 inconsiderate
1695 2521 1840 2557 Scriptura:

1045 2570 1102 2597 loca
1116 2570 1303 2605 proferamus?
1317 2570 1355 2597 Ac
1370 2570 1455 2605 legem
1469 2569 1576 2604 quidem
1590 2569 1689 2604 regiam
1703 2575 1783 2597 nemo
1797 2572 1838 2595 te-

1045 2623 1120 2644 mere
1129 2621 1156 2643 et
1166 2615 1361 2644 inconsiderate
1374 2615 1505 2647 recitabit,
1520 2615 1566 2643 sed
1576 2614 1627 2642 nisi
1640 2619 1744 2650 tempus
1754 2618 1838 2647 notet,

1045 2669 1076 2689 ac
1090 2662 1268 2698 legislaturem
1283 2661 1420 2697 designet,
1440 2665 1467 2689 et
1479 2661 1610 2696 integram
1624 2660 1696 2688 illam
1711 2664 1790 2696 atque
1805 2659 1839 2686 il-

1045 2708 1153 2736 libatam
1185 2713 1335 2744 proponat,
1359 2708 1503 2743 castigatur
1529 2707 1737 2743 gravissimeque
1761 2713 1838 2742 pmna

1045 2753 1186 2781 mulctatur
1201 2763 1206 2781 :
1223 2761 1271 2781 nos
1286 2760 1350 2781 vero
1362 2754 1424 2781 dum
1439 2761 1491 2781 non
1507 2753 1592 2788 legem
1608 2753 1749 2780 humanam
1762 2771 1770 2784 ,
1789 2751 1836 2778 sed

1045 2807 1186 2838 supernam
1200 2807 1230 2826 ac
1241 2799 1274 2827 de
1285 2799 1351 2827 cmlo
1362 2799 1497 2835 delapsam
1507 2799 1660 2830 recitamus,
1673 2802 1771 2825 tantam
1783 2804 1836 2830 pne

1046 2847 1121 2874 nobis
1132 2845 1322 2882 negligentiam
1334 2846 1459 2880 feremus,
1472 2849 1500 2874 ut
1511 2844 1569 2881 ejus
1581 2848 1668 2881 partes
1677 2850 1707 2871 ac
1718 2841 1835 2870 membra
