2072 3122
245 101 298 130 159

243 157 444 193 disecrpamus?
457 156 522 190 Quis
540 156 591 184 hoc
606 155 680 184 venia
701 154 809 190 dignum
828 153 954 182 censeat?
968 151 1036 180 For-

245 210 319 232 tasse
332 203 401 231 ultra
425 202 533 230 modum
554 201 701 229 orationem
714 199 826 236 produxi
839 220 847 233 ,
871 203 897 225 at
912 205 965 225 non
980 198 1038 225 sine

242 259 334 283 caiisa,
350 257 442 280 verum
458 253 486 276 ut
499 256 515 278 a
532 255 610 283 prava
626 245 821 275 consuetudine
835 252 883 272 vos
896 244 1037 271 abducam.

242 297 281 325 Ne
294 297 373 332 igitur
384 295 569 332 defatigemur,
580 294 665 325 donec
679 293 712 323 ad
723 292 803 323 ﬁnem
819 291 1018 326 pervenerimus
1030 302 1036 319 :

243 347 384 378 propterea
399 350 515 377 namque
528 340 582 368 nati
597 348 701 372 sumus,
715 346 767 366 non
783 343 812 365 ut
826 337 936 365 edatnus
951 345 983 364 ac
997 337 1036 364 bt-

244 389 340 417 hamus
351 410 357 421 ,
369 393 396 416 et
408 388 549 417 indttatnur
558 407 566 419 ,
580 385 627 415 sed
640 390 668 413 ut
680 384 774 412 vilium
787 383 918 419 fugiamus
929 404 937 417 ,
953 389 984 409 ac
998 382 1039 409 di-

242 435 332 462 vinam
341 433 455 469 amplexi
465 430 660 467 philosophiam
670 430 794 457 virttttem
804 433 946 457 sectemur.
957 427 1038 455 Natos

243 480 313 507 enim
325 487 386 507 esse
399 486 450 506 nos
463 485 514 505 non
528 481 556 504 ut
568 476 680 504 edamus
693 483 724 503 ac
737 475 869 508 bibamus,
883 474 931 502 sed
941 473 974 501 ad
986 474 1037 501 alia

242 527 364 560 quaedam
386 526 470 553 multo
491 523 594 558 majora
615 522 779 558 melioraque
800 521 949 557 praestanda
962 541 970 554 ,
985 527 1038 556 quo

243 580 322 612 pacto
336 571 404 600 Deus
416 571 521 603 doceat,
532 569 604 602 audi,
616 573 643 597 et
656 576 734 604 quam
749 568 842 596 afferat
856 575 963 595 causam
976 574 1038 601 pro-

243 626 302 656 pter
315 627 394 658 quam
407 618 541 649 hominem
553 617 709 652 procrearit.
726 615 793 644 Cum
808 614 880 642 enim
896 614 970 641 illum
982 613 1037 642 fore

243 670 345 697 uiaret,
364 664 406 694 his
425 663 514 692 verbis
536 670 599 694 usus
620 666 681 690 est:
699 661 837 688 Faciamus
856 659 982 686 hominem
1003 658 1038 685 ad

242 712 376 747 imaginem
396 714 508 737 nostram
542 713 564 740 et
582 709 616 736 ad
630 707 818 737 similitudinem
832 705 913 743 (Gen.
930 705 953 733 1.
970 704 1036 742 26).

279 758 305 785 4.
329 757 382 784 Deo
413 756 538 792 quomodo
558 755 653 784 similes
674 754 820 790 efﬁciamur.
833 751 961 778 —Porro
982 751 1037 778 Deo

242 803 344 830 similes
358 802 494 831 redditnur
505 809 558 828 non
572 800 636 828 dttm
658 798 824 829 comedimus
834 819 840 830 ,
856 797 981 829 bibimus,
993 800 1037 823 aut

244 849 399 880 induimur;
414 848 483 876 Deus
504 848 575 877 enim
591 854 678 882 neque
698 845 834 879 comedit,
848 851 937 880 neque
949 843 1014 870 bibit
1027 863 1034 876 ,

242 902 329 930 tneque
344 894 462 924 induitur
477 903 483 920 :
500 893 547 921 sed
559 893 622 920 dtnn
634 892 765 927 justitiam
779 897 946 921 exerceu‘tus,
961 888 1037 916 heni-

242 943 369 976 gnitatem
380 939 547 972 exhibemus,
559 939 637 966 mites
647 942 674 966 ct
684 936 796 965 modesti
807 943 838 964 ac
849 934 1038 963 misericordes

243 988 270 1014 in
285 987 406 1022 proximo
415 993 519 1019 sumus,
534 985 659 1015 virtutem
670 992 778 1014 omnem
789 987 923 1011 sectamur
935 990 941 1008 :
957 981 1036 1016 siqui-

241 1034 304 1065 dem
317 1041 459 1061 commune
472 1033 549 1060 nobis
560 1036 602 1060 est
615 1032 680 1060 illud
693 1039 752 1059 cum
767 1030 916 1058 belluarum
930 1032 1034 1061 natura,

241 1080 313 1117 quod
335 1079 499 1111 comedimus
518 1082 545 1106 et
558 1078 673 1106 bibimus
685 1097 694 1110 ,
717 1084 804 1112 neque
825 1075 970 1111 quidquam
985 1074 1036 1102 illis

241 1127 292 1153 hac
305 1126 331 1152 in
348 1132 376 1153 re
390 1129 557 1160 prteslamus.
576 1122 652 1151 Unde
671 1129 734 1158 ergo
745 1121 792 1155 lit,
809 1126 837 1148 ut
850 1120 900 1148 illis
914 1118 1035 1146 antecel-

241 1171 350 1200 lamus?
365 1171 439 1205 Quod
454 1170 577 1206 nimirum
592 1169 625 1197 ad
639 1169 779 1204 imaginem
791 1172 817 1196 et
835 1166 1035 1195 similitudinem

242 1219 289 1247 Dei
303 1217 400 1245 cortditi
416 1218 508 1244 simus.
525 1216 563 1244 Ne
578 1215 657 1250 igitur
670 1215 845 1249 deiatigemur
855 1213 918 1240 dum
932 1219 1034 1239 sermo-

242 1271 304 1294 nem
318 1263 351 1291 de
373 1262 471 1290 virtute
486 1262 648 1291 instituimus
662 1281 669 1294 ,
691 1260 737 1288 sed
753 1259 860 1286 allatam
876 1258 902 1285 in
917 1257 1034 1285 mediutn

241 1309 424 1346 prophetieam
438 1308 505 1335 hanc
517 1307 676 1335 sententiam
687 1306 828 1341 diligenter
842 1303 1033 1339 expendamus,

239 1357 300 1392 quis
311 1363 371 1384 eam
380 1353 815 1390 protulerit,ctquorumeausa,et
827 1358 880 1387 quo
895 1356 1015 1385 tempore
1025 1370 1033 1382 ,

239 1408 268 1432 ct
280 1409 359 1437 quem
375 1401 512 1436 alloquens
522 1420 529 1434 ,
544 1403 572 1427 et
587 1406 641 1434 quo
658 1399 685 1426 in
698 1403 768 1426 statu
783 1405 826 1425 res
847 1401 902 1425 tum
923 1401 1033 1430 essent,

239 1448 330 1480 omnia
345 1447 452 1475 demunt
469 1445 677 1482 pervestigetnus
690 1465 698 1479 ,
720 1451 779 1479 qua:
798 1442 832 1470 ad
846 1441 1034 1470 inveniendum

238 1497 297 1524 usui
313 1501 374 1523 esse
388 1497 510 1529 possunt.
524 1492 549 1519 ls
563 1491 681 1527 qutdem,
697 1490 741 1525 qui
758 1489 866 1524 protulit
879 1508 887 1520 ,
902 1487 1034 1516 Jeremias

237 1547 278 1570 est
293 1541 434 1577 propheta,
446 1538 508 1566 dum
519 1546 572 1565 non
584 1537 690 1573 quidem
704 1543 752 1571 pro
762 1543 802 1569 se,
812 1541 903 1561 verum
917 1541 965 1568 pro
975 1533 1035 1560 aliis

237 1596 332 1624 preces
342 1589 460 1622 ollerret,
474 1594 521 1621 pro
531 1584 629 1612 ludatis
641 1583 760 1619 ingratis,
771 1581 892 1617 stupidis,
906 1581 951 1616 qui
962 1580 1035 1607 nullo

237 1635 318 1662 modo
324 1634 418 1669 corrigi
429 1636 559 1668 poterant.
569 1631 612 1666 qui
623 1629 708 1665 puniri
717 1628 863 1661 debebant,
876 1630 903 1655 et
914 1631 1035 1655 extremo

236 1681 367 1716 supplicio
375 1680 507 1712 mulctari,
518 1680 551 1706 de
561 1677 658 1714 quibus
668 1676 730 1704 dicit
741 1675 780 1702 illi
793 1674 863 1701 Deus
873 1683 880 1702 :
890 1672 953 1700 Noli
963 1681 1036 1700 orare

238 1736 284 1763 pro
304 1726 397 1762 populo
412 1726 459 1754 hoc
472 1746 479 1759 ,
495 1726 554 1760 quia
571 1732 623 1751 non
641 1721 779 1751 claudiam
798 1724 822 1748 Ie
835 1719 907 1755 (Jer.
928 1719 954 1744 7.
969 1716 1033 1753 16).

237 1776 277 1801 Ac
297 1772 418 1801 nonnulli
438 1771 546 1806 quidem
575 1769 626 1796 hoc
647 1769 681 1796 de
701 1764 962 1795 Nahuehodonosorc
981 1763 1034 1791 diei

238 1822 379 1846 autumant
396 1824 402 1842 :
421 1824 481 1843 nam
494 1815 619 1850 quoniam
641 1814 742 1841 bellum
759 1813 811 1840 illis
826 1814 885 1839 erat
905 1809 1034 1837 barbarus

237 1865 369 1895 illaturus,
382 1863 527 1896 urbemque
539 1861 684 1892 deleturus,
697 1864 777 1894 atque
789 1858 910 1886 abductis
921 1855 1034 1891 captivis

237 1911 359 1938 abitttrus
369 1929 377 1942 ,
391 1917 451 1941 cum
467 1907 628 1943 persuadere
640 1907 764 1936 omnibus
779 1906 877 1937 vellet,
899 1913 951 1932 non
970 1910 1032 1931 etut)

239 1957 345 1991 propria
361 1956 458 1982 virtute
471 1955 510 1982 vel
526 1954 643 1990 potentia
657 1954 792 1980 civitatem
805 1956 1031 1987 expugnaturum,

238 2004 286 2034 sed
299 2003 334 2031 ob
353 2003 462 2030 istorum
478 2007 584 2037 peccata
597 2021 605 2034 ,
627 2001 682 2028 Deo
696 1999 796 2027 bellntn
813 1998 880 2026 illud
902 2002 1011 2033 gerente
1024 2018 1031 2030 ,

239 2057 319 2086 atque
332 2050 461 2079 adversus
474 2049 568 2076 urbem
580 2055 656 2075 suam
676 2048 750 2074 illum
770 2045 920 2074 deduccnte
930 2065 938 2076 ,
953 2044 1013 2072 Scio
1023 2064 1031 2077 ,

239 2099 357 2129 Donnine,
369 2097 465 2132 inquit,
476 2096 536 2131 quia
548 2103 598 2122 non
613 2100 648 2123 cst
670 2095 697 2121 in
709 2094 810 2121 homine
823 2093 861 2119 uia
871 2093 937 2127 ejus,
953 2099 1032 2126 neque

238 2147 313 2173 homo
327 2144 382 2177 ibit,
399 2148 421 2170 et
432 2144 522 2178 diriget
536 2150 648 2178 gressum
659 2149 740 2168 suum.
755 2142 873 2174 Quorum
888 2139 1031 2167 verborum

239 2193 282 2219 hic
296 2198 392 2219 sensus
404 2195 446 2217 est
462 2198 468 2216 :
486 2189 548 2216 llaec
562 2188 604 2215 via
616 2208 623 2220 ,
638 2187 740 2222 inquit,
753 2194 804 2221 qua
818 2193 889 2213 nunc
903 2184 1034 2212 barbarus

238 2238 348 2270 incedit,
359 2237 421 2265 dum
435 2236 511 2264 nobis
527 2236 578 2263 hoc
587 2235 685 2262 bellum
698 2234 785 2266 infert,
803 2242 855 2260 non
865 2232 900 2260 ab
909 2232 967 2267 ipso
978 2237 1031 2265 est,

239 2291 325 2319 neque
337 2283 449 2311 feliciter
463 2282 561 2309 bellum
575 2280 644 2308 istud
658 2280 782 2313 coniecit,
795 2287 826 2306 ac
839 2279 974 2306 victoriam
987 2285 1032 2305 re-

238 2331 353 2365 portavit
367 2339 373 2358 :
391 2337 423 2356 ac
436 2328 487 2356 nisi
510 2333 537 2354 tu
551 2335 600 2354 nos
622 2327 650 2354 in
671 2326 729 2361 ejus
749 2332 843 2354 manus
857 2323 1011 2352 tradidisses
1023 2345 1032 2358 ,

239 2383 383 2411 numquam
396 2378 584 2410 expugnasset,
601 2378 647 2400 aut
661 2373 778 2399 vicisset.
799 2371 900 2401 Idcirco
917 2378 1029 2406 precor,

238 2423 334 2458 inquit,
349 2430 382 2450 ac
390 2422 502 2457 supplex
516 2429 575 2453 oro,
590 2419 697 2456 quando
711 2420 748 2446 ita
762 2419 806 2446 tibi
821 2418 872 2446 hoc
884 2418 970 2445 visunt
980 2421 1031 2450 cst,

239 2473 268 2496 ut
282 2468 414 2504 supplicio
429 2467 525 2495 modus
538 2467 707 2494 adhibeatur.
725 2466 829 2500 Corripe
843 2472 959 2500 namque
972 2472 1032 2497 nos,

239 2515 342 2550 inquit,
354 2519 525 2541 verumtamen
538 2514 565 2540 in
573 2513 690 2548 judicio,
706 2517 729 2540 et
744 2521 793 2538 non
807 2513 833 2538 in
847 2513 933 2546 furore
956 2510 1032 2545 (Jer.

239 2561 284 2588 40.
298 2561 333 2588 24
343 2561 364 2595 ).
379 2560 432 2588 Sed
446 2561 570 2595 quoniam
587 2560 648 2587 huic
667 2559 826 2594 expositioni
846 2557 1034 2585 contradicunt

240 2607 374 2640 nonnulli,
385 2614 472 2642 neque
482 2607 587 2634 barbari
598 2613 677 2634 causa
689 2606 788 2633 diettttn
800 2605 850 2632 hoc
860 2611 921 2632 esse
931 2604 1032 2636 volunt,

239 2653 287 2680 sed
300 2653 334 2680 de
345 2652 478 2680 comtnuni
492 2652 628 2679 hominum
640 2656 744 2685 natura,
754 2651 933 2678 necessarium
944 2654 984 2677 est
1007 2654 1035 2676 ut

240 2707 301 2725 eum
316 2697 375 2725 istis
387 2697 565 2725 decertetnus.
579 2697 647 2730 Quid
659 2705 723 2732 ergo
742 2704 882 2731 possumus
896 2696 937 2722 his
951 2703 1034 2729 oppo-

243 2744 327 2771 nere?
341 2743 470 2777 Quoniam
485 2751 533 2778 pro
547 2742 699 2769 hominibus
714 2742 825 2773 orabat,
848 2741 891 2776 qui
906 2748 1033 2776 peccave-

241 2796 299 2818 ιιιιιι
312 2811 320 2823 ,
338 2799 385 2825 pro
407 2790 503 2825 quibus
523 2798 600 2816 orare
622 2797 693 2823 sa-pe
715 2788 863 2823 prohibitus
882 2792 939 2815 erat
954 2796 959 2814 :
975 2794 1034 2821 pto-

242 2841 334 2870 pterea
347 2841 421 2864 curat
434 2857 441 2870 ,
458 2840 487 2864 ut
507 2835 599 2864 cititas
619 2835 691 2870 prior
703 2835 789 2870 lugeat
805 2842 810 2860 :
827 2841 888 2862 nam
910 2833 1034 2868 quoniam

612 96 640 125 S.
661 95 800 125 JOANNIS
819 90 1055 124 CllﬂYSObTOMI
1077 92 1234 123 AllClllEP.
1253 94 1519 126 CONSTANTINOP.

1833 100 1887 130 160

1091 151 1198 180 assidue
1220 152 1335 187 dicebat,
1347 154 1406 182 Noli
1419 163 1496 183 orare
1508 163 1557 192 pro
1570 156 1620 185 illis
1630 177 1638 190 ,
1651 165 1711 186 eam
1724 158 1808 193 ipsam
1822 167 1884 194 quae

1089 196 1252 233 benignitate
1263 200 1395 235 indigebat
1405 202 1520 236 priorem
1530 202 1671 237 submittit,
1683 209 1711 231 ut
1719 212 1811 232 ansam
1823 206 1885 235 inde

1089 245 1204 280 aliquam
1212 250 1240 273 et
1247 247 1393 281 speciosam
1403 248 1570 276 occasionem
1579 250 1689 284 arripiat
1699 258 1749 286 pro
1765 251 1816 279 illis
1829 252 1884 280 Deo

1090 299 1184 326 preces
1210 292 1349 326 oﬂ'erendi,
1364 299 1444 328 atque
1458 295 1492 322 ad
1507 295 1589 330 ipsam
1613 296 1704 332 dirigit
1716 298 1865 325 orationem
1875 319 1884 331 ,

1088 338 1188 372 aitque,
1209 337 1253 366 Vtz
1264 339 1409 366 contritioni
1422 344 1473 366 tua
1485 347 1495 367 :
1507 340 1603 368 doloris
1614 341 1689 376 plena
1705 346 1742 369 est
1753 343 1828 378 plaga
1841 347 1885 369 tua

1089 383 1155 419 (Jer.
1169 384 1214 412 10.
1226 385 1311 412 19-2Ξ
1357 385 1424 412 Tum
1436 386 1493 413 iniit
1503 386 1547 413 illa
1560 395 1567 413 :
1580 386 1663 414 Plane
1673 387 1720 415 liae
1738 393 1774 415 est
1793 388 1885 416 vulnus

1089 437 1181 463 meum,
1194 430 1383 458 tabernaculum
1396 439 1478 458 meum
1492 432 1575 466 periit,
1587 432 1665 468 pelles
1680 441 1741 461 utea:
1751 435 1884 461 conscissa:

1088 481 1156 510 stult,
1171 476 1219 510 ﬁlii
1231 477 1279 504 mei
1293 481 1316 504 et
1329 485 1385 505 oves
1399 486 1462 505 mea:
1473 479 1587 506 exierunt
1600 487 1615 506 ιι
1633 488 1689 513 me,
1705 485 1728 507 ct
1747 489 1798 507 non
1809 486 1882 508 sunt.

1088 520 1209 549 Pastor“
1225 523 1272 550 mei
1285 524 1359 551 stulte
1372 529 1477 560 egerunt
1487 544 1495 557 ,
1508 529 1532 551 et
1548 524 1684 552 Dominum
1698 535 1748 553 non
1761 527 1884 562 exquisie-

1089 572 1160 594 runt.
1179 568 1236 596 νοω
1250 570 1390 596 auditionis
1409 570 1492 602 venit,
1507 575 1530 597 et
1545 571 1717 598 commotionis
1737 580 1834 608 magiae
1851 573 1883 600 ab

1088 613 1205 648 aquilone
1213 634 1221 647 ,
1232 619 1259 640 ut
1272 619 1349 649 ponat
1358 615 1468 642 ciuitates
1483 615 1499 642 J
1504 615 1554 642 uda
1560 616 1585 642 in
1596 616 1774 643 desolationem
1783 637 1792 650 ,
1804 622 1825 644 et
1835 626 1882 644 cu-

1089 658 1138 686 bile
1151 668 1290 695 passerum.
1302 660 1402 688 Deinde
1415 665 1552 696 postquam
1562 661 1606 688 illa
1619 670 1695 689 suam
1705 663 1882 691 calamitatem

1088 704 1246 739 deploravit,
1268 704 1359 740 adjicit
1375 715 1381 733 :
1398 705 1520 740 Domine,
1533 715 1582 733 non
1594 713 1630 733 est
1646 707 1754 734 hominis
1765 709 1804 734 via
1817 709 1880 742 eius.

1087 750 1155 785 Quid
1169 751 1249 786 igitur
1258 752 1271 778 ?
1282 752 1344 786 quia
1356 752 1528 787 lamentatur,
1543 753 1614 781 dicet
1627 754 1732 788 aliquis,
1749 755 1881 790 pernicio-

1087 805 1146 825 sum
1166 798 1262 833 dogma
1285 799 1310 825 in
1335 799 1463 826 mundum
1491 800 1612 833 invexit,
1636 805 1726 828 nostra
1751 805 1882 835 potestate

1088 851 1137 871 nos
1151 844 1268 878 privans,
1281 849 1308 872 ct
1321 844 1469 878 afﬁrmans,
1485 853 1537 872 non
1552 853 1612 873 esse
1624 846 1725 874 arbitrii
1741 848 1824 874 nostri
1839 856 1882 875 res

1087 889 1424 925 gerendas‘lNeqnaquam
1437 911 1445 923 ,
1464 890 1511 918 sed
1531 894 1558 918 et
1574 891 1636 918 dum
1659 892 1818 919 lamentattrr
1830 913 1837 925 ,
1855 893 1881 920 id

1087 936 1238 963 conﬁrmat.
1255 935 1322 963 Cum
1335 937 1407 963 enim
1428 936 1557 970 dixisset,
1583 937 1643 964 Non
1657 942 1693 964 est
1714 939 1822 966 homini:
1842 939 1882 965 via

1086 984 1142 1018 ejus
1156 1004 1164 1017 ,
1178 983 1288 1010 minimc
1304 983 1395 1016 tacuit,
1412 983 1459 1010 sed
1475 983 1583 1018 adjecit,
1598 983 1688 1018 Neque
1700 985 1774 1012 homo
1787 985 1841 1015 ibit,
1855 990 1880 1012 et

1086 1028 1177 1064 diriget
1191 1037 1302 1064 gressum
1317 1037 1401 1056 suum.
1424 1028 1499 1062 Quod
1514 1033 1603 1056 autem
1615 1029 1676 1056 dicit
1691 1029 1759 1057 lianc
1772 1035 1882 1057 senten-

1087 1075 1149 1101 tiam
1166 1074 1243 1102 habet
1261 1074 1338 1102 :Non
1355 1078 1439 1101 totum
1454 1079 1494 1102 est
1508 1074 1534 1101 in
1557 1079 1646 1101 nostra
1668 1080 1797 1109 potestate
1808 1096 1815 1107 ,
1833 1075 1880 1103 St‘d

1085 1121 1156 1148 aliud
1171 1121 1279 1157 quidem
1303 1121 1328 1148 in
1348 1126 1437 1148 nostra
1451 1141 1458 1153 ,
1469 1120 1540 1147 aliud
1556 1128 1620 1148 vero
1639 1121 1664 1148 in
1689 1121 1732 1148 Dci
1746 1123 1825 1148 situm
1840 1128 1882 1148 est

1086 1171 1226 1202 potestate.
1243 1167 1309 1194 Nam
1326 1172 1354 1193 ut
1367 1166 1466 1201 optima
1481 1174 1593 1202 quaeque
1604 1167 1742 1202 eligamus,
1757 1167 1879 1200 velimus,

1086 1217 1113 1240 et
1124 1220 1205 1247 agere
1221 1212 1413 1239 contendamus
1426 1233 1433 1244 ,
1449 1219 1611 1246 omnemque
1630 1212 1747 1239 lahorem
1762 1213 1880 1241 exantle-

1052 1253 1061 1260 “
1085 1265 1155 1290 mus,
1171 1258 1310 1285 nostricst
1324 1257 1427 1284 arbitrii
1444 1266 1451 1285 :
1469 1261 1496 1284 ut
1509 1262 1597 1284 autent
1611 1257 1643 1284 ad
1657 1257 1757 1284 exitum
1776 1265 1806 1284 ea
1821 1266 1881 1292 pcr-

1086 1304 1225 1336 ducantus,
1239 1310 1325 1339 neque
1339 1303 1498 1331 intercidere
1510 1303 1641 1335 sinamus,
1659 1309 1739 1337 utqtte
1753 1304 1784 1329 ad
1800 1304 1878 1331 tinem

1085 1355 1157 1378 recte
1172 1349 1300 1377 factorum
1313 1349 1510 1384 perveniamus,
1523 1349 1548 1376 id
1560 1356 1624 1375 vero
1636 1348 1750 1376 czelestis
1765 1353 1805 1376 est
1816 1357 1878 1384 gra-

1085 1396 1139 1423 tia).
1154 1395 1271 1423 Partitus
1283 1395 1356 1422 enim
1379 1399 1421 1422 est
1443 1393 1581 1422 nobiscum
1603 1393 1727 1421 virtutem
1748 1394 1835 1426 Deus,
1852 1399 1881 1422 et

1085 1450 1171 1477 neque
1182 1449 1237 1469 rem
1249 1446 1330 1468 totam
1344 1441 1369 1468 in
1380 1445 1469 1468 nostra
1482 1441 1560 1468 sitam
1572 1448 1632 1468 esse
1644 1440 1726 1466 voluit
1735 1444 1879 1475 potestate,

1086 1497 1120 1517 ne
1135 1489 1160 1516 in
1185 1488 1338 1524 superbiam
1354 1487 1515 1519 ell‘eramur,
1539 1495 1625 1522 neque
1649 1490 1732 1514 toturn
1748 1486 1796 1513 sibi
1822 1486 1880 1521 ipse

1085 1534 1208 1569 sumpsit,
1225 1541 1259 1562 ne
1274 1541 1323 1560 nos
1337 1533 1440 1561 inertia:
1455 1532 1585 1560 dedamus
1599 1541 1605 1559 :
1620 1532 1667 1559 sed
1680 1532 1805 1566 exiguum
1815 1531 1879 1566 quid

1085 1581 1220 1609 laboribus
1241 1581 1339 1608 nostris
1360 1580 1531 1615 relinquens.
1544 1579 1674 1614 majorem
1698 1584 1799 1613 partem
1821 1579 1879 1612 ipse

1085 1627 1201 1655 coniicit.
1225 1627 1258 1656 Ut
1271 1627 1341 1655 enim
1356 1627 1472 1654 sciamus
1483 1647 1491 1658 ,
1505 1633 1558 1660 quo
1579 1630 1655 1660 pacto
1669 1625 1692 1652 si
1717 1633 1760 1652 res
1774 1628 1826 1651 tota
1853 1625 1880 1651 in

1085 1678 1216 1709 potestate
1231 1678 1322 1700 nostra
1338 1673 1441 1705 fuisset,
1458 1672 1556 1699 multos
1568 1672 1592 1698 id
1609 1671 1634 1698 in
1647 1670 1799 1706 superbiam
1810 1670 1880 1705 egis-

1084 1725 1135 1753 scl,
1150 1724 1177 1747 et
1189 1719 1338 1750 extulisset,
1351 1718 1490 1745 audiamus
1502 1717 1566 1752 qttid
1582 1716 1732 1744 Pharismns
1743 1716 1813 1742 dicat
1825 1736 1833 1748 ,
1851 1715 1877 1742 in

1084 1770 1210 1800 quantam
1226 1764 1393 1792 insolentiam
1409 1763 1492 1791 elatus
1510 1768 1597 1796 esset,
1612 1770 1665 1797 quo
1686 1766 1764 1796 pacto
1780 1761 1883 1796 magni—

1086 1812 1135 1840 lice
1144 1812 1306 1847 loqueretur,
1319 1819 1401 1846 seque
1413 1810 1459 1837 toti
1474 1809 1531 1837 orbi
1545 1814 1677 1837 terrartttn
1689 1808 1804 1836 fastuose
1816 1815 1881 1841 pra:-

1085 1860 1165 1888 ierret
1187 1859 1273 1893 (Luc.
1291 1858 1356 1893 18).
1369 1858 1512 1892 Propterea
1534 1865 1586 1884 non
1610 1861 1638 1883 ut
1651 1860 1735 1883 totum
1764 1863 1779 1881 a
1801 1854 1880 1882 nobis

1084 1905 1228 1941 penderet,
1245 1905 1344 1936 cll‘eeit,
1359 1904 1478 1939 quinitno
1498 1902 1629 1938 permisit,
1644 1901 1709 1928 utin
1725 1907 1814 1928 nostra
1830 1908 1878 1935 po-

1085 1957 1180 1982 testate
1192 1951 1291 1987 aliquid
1303 1954 1392 1984 esset,
1406 1955 1435 1977 nt
1450 1957 1499 1977 nos
1509 1949 1569 1984 jure
1580 1955 1612 1977 ac
1625 1947 1721 1974 merito
1732 1947 1877 1974 coronamli

1083 2000 1232 2035 speciosam
1242 1997 1410 2025 occasionem
1425 1996 1566 2031 arriperet.
1581 1995 1668 2028 Atque
1681 1993 1732 2020 ltoc
1745 1993 1788 2020 illa
1801 2000 1878 2027 para-

1084 2046 1144 2074 bola
1159 2044 1341 2074 declaravit,in
1352 2051 1403 2078 qua
1414 2041 1614 2073 dicit,homines
1626 2040 1697 2067 circa
1711 2038 1878 2066 undecimam

1084 2091 1176 2119 horatn
1193 2091 1314 2117 inventos
1333 2096 1362 2116 se
1376 2088 1402 2115 in
1417 2087 1521 2114 vineam
1541 2086 1573 2113 ad
1589 2085 1752 2120 operantium
1773 2084 1879 2111 misisse

1086 2136 1190 2173 (Matth.
1204 2136 1249 2163 20.
1265 2136 1291 2162 6.
1305 2142 1358 2169 sqq.
1368 2132 1390 2169 ).
1405 2132 1522 2160 Tametsi
1541 2131 1603 2167 quid
1619 2131 1723 2165 operari
1739 2129 1877 2157 undecima

1085 2184 1151 2211 hora
1177 2181 1340 2217 potuerunt?
1360 2181 1395 2207 At
1417 2178 1591 2206 nihilominus
1613 2177 1647 2204 ad
1668 2176 1797 2211 integrant
1825 2175 1878 2201 illis

1083 2229 1197 2257 dandam
1211 2226 1360 2255 mercedem
1374 2226 1455 2253 breve
1470 2228 1633 2251 momentum
1647 2222 1701 2249 Deo
1713 2221 1828 2250 sutlecit.

1114 2275 1170 2302 ‘llic
1185 2275 1314 2310 propheta:
1327 2273 1396 2299 locus
1410 2271 1548 2298 libertatem
1565 2269 1663 2296 arbitrii
1676 2277 1726 2295 non
1740 2267 1825 2302 eripit.
1839 2281 1874 2286 —

1085 2322 1171 2356 Atque
1194 2325 1223 2347 ut
1245 2319 1376 2352 intelligas
1391 2317 1441 2344 hoc
1456 2315 1612 2351 prophetarit
1631 2321 1692 2341 vere
1708 2314 1809 2344 dicere,
1832 2320 1878 2339 nc-

1084 2375 1136 2402 qttc
1151 2374 1200 2394 nos
1214 2364 1320 2393 arbitrii
1335 2364 1455 2392 libertate
1471 2362 1585 2397 privare,
1595 2359 1641 2387 sed
1655 2359 1689 2387 de
1700 2366 1791 2386 rertnn
1805 2358 1877 2385 exitu

1087 2413 1278 2450 philosophari.
1291 2411 1352 2438 audi
1368 2409 1430 2445 quid
1449 2408 1566 2443 adjiciat.
1591 2406 1656 2434 Nam
1670 2414 1730 2433 eum
1747 2404 1879 2435 dixisset,

1085 2460 1147 2488 Non
1160 2464 1196 2486 est
1208 2459 1233 2486 in
1248 2458 1348 2484 homine
1360 2456 1399 2482 via
1410 2455 1475 2488 ejus,
1496 2453 1583 2482 statim
1597 2451 1717 2487 adiungit
1740 2459 1747 2477 :
1775 2449 1880 2483 Corripe

1084 2516 1140 2539 uos,
1156 2505 1273 2536 Domine,
1296 2507 1465 2529 uerumtamen
1478 2500 1504 2526 in
1512 2498 1622 2534 judicio,
1641 2501 1664 2524 et
1682 2505 1732 2524 non
1746 2495 1773 2522 in
1794 2495 1880 2529 furore

1087 2553 1192 2589 (Jercm.
1212 2551 1256 2578 l0.
1271 2549 1331 2584 ει).
1350 2548 1378 2575 Si
1399 2547 1470 2575 enim
1487 2544 1589 2572 arbitrii
1610 2542 1693 2571 nostri
1707 2541 1772 2568 nihil
1786 2544 1856 2567 esset
1870 2560 1878 2572 ,

1086 2586 1182 2627 irustra
1195 2598 1306 2629 diceret,
1328 2594 1433 2629 Corripe
1453 2600 1509 2625 nos,
1524 2591 1643 2623 Domine,
1667 2592 1836 2616 verumtamen
1853 2586 1880 2613 in

1081 2646 1191 2683 judicio.

1121 2692 1148 2720 5.
1172 2690 1213 2718 Ex
1231 2689 1325 2716 indicto
1345 2684 1469 2721 supplicio
1483 2683 1584 2711 libertus
1599 2680 1697 2708 arbitrii
1711 2680 1827 2714 infertur.
1845 2692 1879 2698 —

1087 2737 1155 2772 Quid
1168 2736 1238 2764 enim
1252 2735 1307 2762 ﬁeri
1325 2737 1410 2768 potest
1423 2730 1555 2765 injustius,
1571 2735 1650 2764 quam
1664 2732 1693 2753 ιιι
1708 2726 1743 2752 illi
1759 2725 1878 2760 plectan-

1087 2790 1140 2816 tur,
1161 2789 1272 2818 quorum
1294 2788 1326 2807 cx
1348 2777 1458 2806 arbitrio
1482 2784 1533 2803 non
1549 2774 1664 2810 pendent
1679 2780 1722 2800 res
1741 2770 1880 2806 scrcndtc,

1090 2834 1134 2858 aut
1152 2816 1181 2856 ut
1201 2827 1322 2856 homines
1344 2825 1381 2853 illi
1404 2830 1495 2859 pinnas
1518 2821 1677 2853 sustineant,
1704 2816 1879 2853 quorutn’via

1238 2944 1247 2957 κ
