2072 3122
113 98 164 126 ΙΜ

111 158 223 191 vitaque
249 162 303 184 non
330 155 365 183 sit
388 154 414 183 in
438 163 531 184 eorum
547 158 630 192 posita
653 158 803 192 potestate?
824 159 914 194 itaque

111 209 177 229 cum
194 202 279 230 Deum
292 201 399 229 videtur
410 209 498 234 orare,
515 210 549 229 ne
560 203 675 237 graviori
692 211 768 237 paena
782 204 913 232 mulcten-

112 254 169 280 tur,
180 247 248 282 nihil
263 248 336 275 aliud
349 248 456 281 indicat,
471 256 552 283 quam
561 249 654 283 dignos
669 257 715 276 eos
728 257 788 278 esse
802 250 844 285 qui
857 251 914 285 plc-

110 297 232 327 ctantur,
249 301 280 321 ac
294 301 402 329 pmnam
416 294 564 322 sustineant
579 303 586 321 :
603 294 653 322 hoc
664 301 753 322 autem
764 295 828 323 nihil
840 296 912 324 aliud

109 348 199 375 quam
213 340 364 367 libertatem
376 339 478 367 arbitrii
491 340 638 367 constituit.
662 340 689 368 Si
712 341 784 368 enim
806 349 850 368 res
863 349 911 376 ge-

108 385 209 414 rendae
224 386 332 413 illorum
345 385 413 419 juris
427 389 454 412 et
472 385 575 412 arbitrii
596 392 650 412 non
671 390 771 418 essent,
793 393 845 413 non
856 386 912 421 jam

110 437 144 459 ut
157 432 260 459 mitiori
274 431 405 466 supplicio
424 430 595 458 afﬁcerentur
614 430 669 465 peti
689 435 838 466 oporteret,
863 432 910 460 sed

111 485 164 505 nec
178 477 234 504 ullo
246 477 327 504 modo
342 476 429 511 puniri
445 485 452 503 :
467 477 521 504 imo
531 484 595 504 vero
610 485 696 512 neque
707 477 832 513 precibus
844 485 911 513 opus

110 528 188 551 esset
202 532 209 550 :
224 530 277 550 non
294 523 365 550 enim
381 522 554 556 deprecatore
567 522 667 557 indiget
685 523 765 555 Deus,
786 527 815 551 ut
835 523 911 550 inno-

111 575 206 597 centes
222 577 274 596 non
296 569 397 604 puniat.
412 569 445 596 Et
458 569 521 604 quid
538 569 608 603 dico,
630 569 709 601 Deus,
732 577 792 597 cum
807 578 857 598 nee
869 571 910 597 ul-

111 615 154 642 lus
170 615 252 642 homo
266 614 405 650 prudens?
418 614 530 648 Quando
544 614 625 649 igitur
645 622 694 650 pro
713 615 813 643 Iudaeis
831 624 909 644 orare

111 661 271 696 prophetam
285 661 417 694 videmus,
432 661 497 688 satis
511 661 596 695 liquet
612 668 672 688 eum
692 669 740 696 pro
757 661 908 689 hominibus

111 715 192 734 orare
217 707 262 741 qui
287 706 422 741 peccarint
443 715 450 733 :
472 710 527 733 tum
542 714 605 734 vero
619 707 737 734 cernitur
758 711 903 741 peccatum,

110 759 171 779 cum
190 759 273 786 penes
287 758 336 778 nos
348 755 390 778 est
403 756 430 778 ut
443 751 530 786 legem
549 759 602 778 non
619 752 856 786 transgrediamur,
881 756 908 781 et

109 804 200 826 tamen
216 805 275 825 eam
287 797 507 832 transgredimur.
516 797 589 833 Ergo
602 798 718 833 undique
730 798 809 826 nobis
820 799 906 826 mani-

110 846 208 872 festum
221 849 272 877 est,
291 852 352 872 cum
365 844 392 871 in
409 848 509 877 nostra,
527 848 581 870 tum
597 844 622 870 iu
639 844 685 871 Dei
703 849 834 879 potestate
855 845 905 872 sita

109 899 172 919 esse
189 895 264 919 recte
278 890 356 918 facta.
371 890 464 918 Simile
479 890 543 918 illud
557 894 599 918 est
609 891 699 924 etiam,
716 890 776 918 Non
790 892 904 925 uolentia,

109 947 190 971 neque
208 939 341 971 currentis,
362 938 407 965 sed
430 937 569 964 miserantis
583 942 620 965 est
637 937 686 964 Dei
707 937 795 974 (Rom.
809 938 837 966 9.
850 938 905 976 l6).

110 987 143 1013 Et
157 993 238 1021 quam
252 985 287 1012 ob
300 992 407 1012 causam
422 992 512 1018 curro,
524 985 618 1019 inquit,
643 984 687 1012 vel
699 992 778 1020 quam
791 985 827 1012 ob
841 993 906 1012 cau-

110 1040 168 1059 sam
191 1031 262 1063 volo,
290 1030 341 1058 nisi
363 1035 417 1057 tota
433 1037 476 1058 res
489 1030 515 1057 in
529 1038 590 1058 meo
603 1031 636 1057 sit
649 1029 760 1057 arbitrio
773 1031 846 1058 sita?
870 1030 907 1058 Ut

109 1079 236 1106 nimirum
255 1077 317 1105 dum
339 1077 390 1110 vis,
412 1081 440 1105 et
452 1077 514 1104 dum
528 1077 627 1110 curris,
643 1077 761 1104 divinum
777 1077 906 1104 auxilium

108 1129 136 1152 et
157 1124 372 1152 benevolentiam
398 1123 444 1151 tibi
468 1123 610 1156 concilies,
634 1124 673 1151 sic
692 1127 720 1151 ut
741 1128 767 1151 te
787 1123 904 1159 adjuvet,

109 1180 142 1199 ac
164 1179 273 1199 manum
289 1171 415 1206 porrigat,
436 1174 516 1206 atque
532 1170 565 1197 ad
581 1170 659 1197 ﬁnem
674 1178 757 1205 usque
767 1171 904 1206 perducat.

110 1218 137 1245 Si
151 1218 225 1245 enim
238 1218 290 1245 hoc
302 1217 452 1249 sustuleris,
467 1220 494 1244 et
508 1223 619 1246 currere
631 1216 710 1243 simul
724 1220 751 1244 et
769 1216 838 1244 velle
856 1217 905 1244 de-

110 1263 200 1296 sieris,
215 1270 303 1297 neque
317 1269 424 1289 manum
437 1261 554 1297 porriget
569 1261 649 1294 Deus,
663 1261 709 1289 sed
722 1266 748 1289 et
767 1262 824 1296 ipse
842 1262 905 1289 abs-

110 1309 197 1337 cedet.
224 1309 301 1336 Unde
318 1302 408 1335 autem
422 1308 447 1335 id
464 1308 591 1336 cunstat?
605 1308 674 1335 Audi
696 1308 759 1343 quid
778 1309 849 1335 dicat
862 1308 906 1336 Je-

110 1355 268 1391 rosolyrnm:
282 1354 385 1387 Quoties
395 1353 463 1381 volui
476 1361 627 1389 congregare
637 1354 703 1388 ﬁlios
717 1359 782 1385 tuos,
793 1359 816 1381 et
826 1355 906 1383 nolui-

110 1401 177 1427 stis?
189 1399 255 1427 Ecce
268 1399 418 1433 relinquitur
431 1399 522 1426 domus
535 1403 616 1426 vestra
626 1399 725 1426 deserta
739 1399 844 1432 (Matth.
858 1399 904 1427 23.

110 1446 168 1481 57).
183 1446 276 1479 Vides,
293 1446 417 1480 quoniam
432 1445 468 1472 illi
484 1445 636 1478 noluerunt,
652 1453 705 1480 quo
727 1450 804 1480 pacto
826 1446 905 1473 etiam
920 1472 923 1473 ,

112 1494 182 1520 Deus
194 1493 346 1522 abscessit?
367 1492 511 1528 Propterea
533 1493 610 1520 nobis
626 1500 731 1528 quoque
745 1500 812 1528 opus
825 1498 865 1521 est
879 1498 907 1521 ut

111 1539 235 1571 velimus,
257 1543 285 1566 et
297 1546 447 1571 curramus,
471 1545 525 1573 quo
539 1537 623 1565 Deum
636 1538 713 1566 nobis
725 1539 805 1566 etiam
818 1539 907 1567 conci-

114 1585 218 1612 licmus.
245 1584 301 1612 Hoc
324 1584 403 1619 igitur
423 1588 474 1616 est,
499 1583 569 1619 quod
584 1583 622 1611 ait
637 1584 776 1619 propheta,
803 1584 906 1612 felicem

113 1631 212 1658 exitum
236 1637 328 1659 rerum
353 1630 379 1656 iu
401 1634 537 1664 potestate
561 1633 652 1657 nostra
675 1629 754 1657 situm
768 1637 821 1658 non
834 1637 906 1664 esse,

114 1682 204 1702 Verum
219 1675 254 1702 ab
266 1675 365 1702 auxilio
379 1674 494 1709 pendere
507 1674 596 1702 divino
613 1683 619 1701 :
636 1679 664 1702 ut
676 1679 763 1703 autem
779 1675 907 1710 eligamus

115 1722 140 1748 in
155 1722 233 1748 nobis
245 1726 272 1748 et
284 1721 309 1748 in
325 1721 435 1748 arbitrio
450 1725 543 1749 nostro
565 1721 644 1748 situm
668 1729 738 1749 esse.
764 1721 907 1748 Enimvero

114 1768 135 1794 si
150 1776 239 1795 rerum
255 1775 367 1803 prosper
382 1772 427 1795 aut
441 1768 548 1796 sinister
562 1768 649 1796 exitus
660 1768 693 1796 ab
706 1769 805 1796 auxilio
818 1768 908 1796 divino

115 1815 225 1850 pendet,
238 1814 309 1841 dicet
321 1813 431 1848 aliquis,
448 1814 514 1840 nulli
529 1813 659 1841 obnoxius
675 1814 781 1841 crimini
804 1815 908 1842 censeri

114 1861 199 1888 debeo
223 1868 230 1886 :
258 1867 318 1887 cum
342 1860 413 1887 enim
442 1860 540 1892 omnia,
564 1867 624 1894 qua;
649 1867 769 1887 mearum
794 1860 908 1895 partium

115 1910 186 1938 sunt,
205 1905 395 1940 pncstitero,ct
407 1905 527 1939 voluero,
539 1909 566 1932 et
580 1905 696 1940 elegero,
712 1909 739 1933 et
752 1913 809 1933 rem
824 1905 908 1940 ipsam

116 1961 257 1989 aggressus
278 1952 365 1986 fuero,
387 1955 411 1980 is
430 1959 497 1979 vero
520 1959 535 1979 a
558 1952 635 1986 cujus
660 1956 790 1987 potestate
812 1953 909 1987 pendet

116 2005 238 2031 eventus,
263 2006 307 2026 me
322 2006 374 2025 non
394 1998 535 2033 adjuverit,
552 2005 639 2033 neque
660 2006 766 2025 manum
782 2006 909 2033 porrexe-

117 2047 159 2078 rit,
174 2045 247 2072 omni
263 2052 323 2071 sum
336 2044 447 2071 crimine
466 2043 604 2071 liberatus.
630 2043 727 2071 Verum
743 2052 795 2071 non
810 2045 844 2071 ita
857 2048 908 2078 est,

118 2092 193 2126 plane
206 2098 260 2117 non
274 2094 316 2117 est
330 2090 365 2116 ita
379 2098 385 2115 :
400 2097 486 2124 neque
496 2089 567 2117 enim
584 2089 641 2116 ﬁeri
653 2093 754 2124 potest,
768 2094 797 2116 ut
815 2090 837 2119 si
861 2097 911 2117 nos

118 2136 290 2169 voluerimus,
314 2135 485 2170 eli-gerimus,
511 2142 543 2162 ac
565 2135 747 2169 statuerimus,
771 2136 840 2163 Deus
862 2143 911 2165 nos

119 2183 296 2217 derelinquat.
318 2181 347 2209 Si
361 2182 432 2209 enim
445 2189 492 2209 eos
503 2182 549 2217 qui
562 2181 656 2209 nolunt
671 2182 793 2209 hortatur
805 2186 834 2209 et
847 2190 910 2210 con-

120 2230 179 2256 sulit
196 2230 247 2260 eis,
271 2233 301 2256 ut
323 2228 408 2255 velint
426 2232 453 2255 et
466 2231 594 2260 statuant,
607 2228 692 2254 multo
710 2228 792 2262 magis
803 2229 911 2263 eosqui

122 2277 185 2302 ultro
198 2275 308 2310 eligant,
320 2282 373 2301 non
386 2274 562 2309 derelinquet.
578 2274 703 2308 Respicite
721 2282 846 2308 namque,
868 2275 910 2301 in-

120 2321 182 2354 quit,
198 2320 224 2346 in
236 2320 410 2355 generationes
424 2320 551 2354 antiquas,
574 2323 597 2346 et
616 2319 706 2352 videte,
730 2319 786 2349 quis
805 2319 911 2354 speravit

120 2366 143 2392 in
167 2365 314 2398 Dominum,
342 2368 367 2392 et
388 2364 508 2399 confusus
529 2364 586 2391 est?
604 2368 648 2390 aut
663 2364 719 2398 quis
731 2364 868 2398 permansit
886 2365 912 2391 in

120 2411 243 2438 rotundatis
256 2411 322 2445 eius,
340 2415 364 2437 et
379 2410 492 2446 despexit
507 2418 562 2436 cum
582 2410 677 2445 (Eccli.
691 2410 718 2436 ‘2.
736 2410 859 2444 11.12)?
881 2412 913 2437 Et

119 2465 207 2485 rursus
226 2458 263 2484 ait
284 2457 395 2489 Paulus,
422 2457 486 2492 Spes
505 2465 554 2483 non
567 2456 700 2492 confundit
723 2456 809 2495 (Rom.
822 2457 848 2484 5.
865 2457 892 2492 5)
904 2478 910 2487 .

120 2512 177 2538 spes
202 2504 329 2531 nimirum
356 2503 382 2530 in
404 2503 498 2530 Deum.
523 2502 689 2537 lmpossibile
715 2503 786 2529 enim
809 2507 860 2535 est,
885 2508 912 2529 ut

121 2551 194 2577 liuent
216 2550 394 2587 propositum
404 2557 458 2576 non
482 2547 642 2583 adipiscatur
657 2548 678 2576 is
693 2548 736 2583 qui
752 2551 805 2575 tota
822 2554 910 2575 mente

523 99 569 127 ἸΝ
583 99 699 133 τυυῐ).
719 100 860 134 omum.
878 102 947 131 NON
963 103 1029 132 EST
1046 104 1082 132 ΙΝ
1099 105 1242 140 ποωιε,
1260 106 1349 134 E'JlCI
1392 113 1395 117 ‘

1709 110 1761 137 MS

967 160 993 188 iu
1011 161 1096 189 Deum
1108 167 1206 196 sperat,
1219 167 1246 190 et
1258 171 1318 198 qua:
1329 171 1436 190 suarum
1451 168 1512 191 sunt
1525 164 1639 199 partium
1652 170 1759 200 praestat

966 206 1065 234 omnia.
1078 207 1111 234 Et
1126 215 1228 241 rursus,
1242 207 1339 236 Fidelis
1350 213 1434 236 autem
1445 208 1526 242 Deus,
1538 210 1580 244 qui
1592 217 1643 237 non
1652 210 1761 245 patietur

966 259 1008 279 vos
1021 253 1113 280 tentari
1126 261 1204 289 supra
1216 254 1243 281 id
1255 255 1323 288 quod
1332 255 1444 290 potestis,
1459 255 1502 282 sed
1513 256 1586 290 faciet
1599 264 1657 283 cum
1678 260 1760 283 tenta-

966 299 1032 325 tione
1047 305 1194 335 proventum
1203 321 1211 334 ,
1227 306 1255 328 ut
1269 302 1369 336 possitis
1381 302 1502 328 sustinere
1516 301 1555 337 (l.
1567 301 1626 329 Cor.
1639 302 1682 330 10.
1702 303 1758 338 15).

965 343 1067 372 Idcirco
1088 345 1215 373 admonet
1227 347 1333 381 sapiens
1347 347 1387 374 vir
1399 347 1507 382 quidam
1520 347 1614 376 dicens
1632 357 1639 376 :
1654 347 1718 382 Fili,
1737 349 1759 376 si

964 391 1070 418 accedas
1081 391 1116 418 ad
1129 393 1270 420 servitutem
1284 392 1395 426 Domini,
1418 402 1536 428 prazpara
1556 394 1668 421 animam
1689 399 1758 422 tuam

963 436 998 463 ad
1012 438 1181 465 mulationem.
1197 438 1286 474 Dirige
1296 447 1340 466 cor
1354 444 1435 472 tuum,
1450 444 1473 466 et
1483 440 1591 473 sustine,
1605 445 1630 467 et
1642 449 1673 467 ne
1685 440 1758 476 festi-

965 490 1009 509 nes
1019 483 1045 509 in
1060 486 1170 518 tempore
1186 483 1353 512 obductionis.
1369 484 1527 521 Conjttngere
1542 485 1590 518 illi,
1612 491 1634 513 et
1647 495 1678 513 ne
1691 495 1759 513 rece-

964 528 1109 564 das(Eccli.
1119 529 1146 556 2.
1157 530 1181 556 1.
1194 529 1232 565 2).
1243 531 1318 558 Alius
1331 539 1437 567 quoque
1448 539 1538 559 sermo
1552 540 1601 560 nos
1614 532 1756 561 admonet:

965 572 1014 605 Qui
1028 578 1110 600 autem
1124 577 1314 609 perseveraverit
1329 585 1407 612 usque
1422 577 1448 604 in
1462 578 1548 612 ﬁnem,
1566 577 1606 604 hic
1615 578 1699 607 salvus
1710 578 1757 605 erit

963 617 1069 654 (Matth.
1090 620 1132 646 to.
1148 619 1206 655 ea).

1003 664 1047 691 Vir
1059 666 1130 692 bona:
1141 667 1276 694 voluntatis
1294 676 1347 694 non
1361 668 1484 697 deseritur
1497 677 1514 696 ι
1528 668 1591 696 Deo.
1613 669 1682 697 Deus
1705 678 1755 697 non

961 711 1011 737 vim
1023 710 1097 744 affert
1111 716 1154 738 aut
1165 713 1240 746 cogit.
1254 728 1290 732 —
1302 713 1386 740 Porro
1400 713 1457 741 haec
1470 715 1558 742 omnia
1572 715 1669 750 regula:
1682 720 1754 747 sunt,

961 756 1043 791 leges,
1060 764 1091 784 ac
1103 757 1210 785 decreta
1224 758 1415 791 immuta‘bilia;
1440 764 1468 787 et
1489 760 1540 788 hoc
1558 761 1585 788 in
1607 755 1698 789 mente
1711 770 1756 789 ve-

959 807 1016 830 stra
1038 803 1073 829 sit
1097 803 1178 830 ﬁxum
1196 809 1316 838 oportet,
1339 805 1398 832 ﬁeri
1414 813 1467 833 non
1484 813 1571 840 posse,
1588 810 1616 834 ut
1638 807 1682 842 qui
1696 811 1753 835 stu-

961 847 1033 874 dium
1047 847 1180 882 adhibeat,
1195 854 1222 876 et
1235 849 1268 876 de
1287 857 1334 877 sua
1346 850 1430 878 salute
1443 851 1478 878 sit
1491 851 1632 884 sollicitus,
1657 856 1685 879 et
1697 859 1754 879 om—

960 893 1003 921 nia
1019 901 1077 928 quze
1087 901 1194 922 suarum
1208 899 1270 922 sunt
1279 896 1394 930 partium
1406 902 1575 932 exsequatur,
1590 897 1613 924 is
1626 905 1751 933 umquam

960 947 974 965 a
991 939 1045 967 Deo
1058 939 1205 968 deseratur.
1219 941 1277 968 Non
1293 942 1369 969 audis
1380 942 1446 977 quid
1461 943 1539 970 Petro
1551 942 1639 971 dicat?
1650 943 1751 978 Simon,

960 985 1060 1018 Simon,
1074 988 1173 1021 quoties
1194 989 1310 1023 expetivit
1323 993 1435 1022 satanas,
1447 994 1474 1016 ut
1488 990 1608 1016 cribraret
1629 998 1672 1017 vos
1689 991 1753 1018 sicut

960 1031 1068 1058 triticum
1083 1040 1091 1059 :
1104 1041 1149 1068 ego
1162 1038 1245 1060 autent
1260 1034 1329 1061 oravi
1343 1042 1388 1068 pro
1400 1039 1434 1066 te,
1458 1039 1484 1061 ut
1505 1043 1554 1062 non
1570 1035 1672 1068 deﬁciat
1688 1036 1752 1070 fides

960 1082 1004 1105 tua
1017 1078 1092 1114 (Luc.
1104 1079 1150 1108 22.
1164 1080 1210 1108 '54.
1225 1081 1281 1114 52).
1305 1081 1370 1108 Nam
1394 1089 1456 1109 cum
1471 1082 1569 1110 viribus
1582 1084 1682 1110 nostris
1692 1091 1755 1112 esse

959 1125 1045 1159 majus
1061 1125 1157 1153 viderit
1178 1134 1257 1160 onus,
1279 1134 1385 1155 manum
1400 1128 1520 1162 porrigit,
1534 1136 1566 1155 ac
1581 1129 1751 1156 tentationem

958 1170 1045 1209 reddit
1064 1171 1193 1198 leviorem
1218 1180 1224 1198 :
1247 1179 1308 1198 cum
1330 1180 1394 1199 vero
1420 1180 1469 1200 nos
1486 1180 1519 1200 ex
1541 1173 1649 1208 propria
1670 1174 1753 1209 negli-

957 1217 1046 1252 gentia
1066 1215 1164 1243 viderit
1178 1225 1210 1244 uc
1231 1217 1332 1245 desidia
1353 1218 1490 1252 propriam
1503 1218 1615 1247 salutem
1627 1219 1752 1254 prodere,

959 1270 1045 1297 neque
1058 1262 1126 1290 velle
1142 1262 1250 1295 salvari,
1266 1267 1328 1290 tunc
1342 1263 1505 1299 derelinquit
1524 1272 1555 1292 ac
1570 1264 1680 1292 deserit.
1703 1265 1754 1293 Ne-

958 1316 1011 1343 que
1033 1309 1103 1336 enim
1122 1309 1175 1336 vim
1197 1308 1283 1342 affert,
1299 1315 1345 1337 aut
1366 1311 1446 1345 cogit,
1470 1311 1594 1346 quodque
1615 1312 1678 1339 dum
1702 1312 1753 1340 do-

958 1354 1071 1381 ctrinam
1093 1354 1221 1388 traderet,
1242 1356 1347 1390 agebat.
1366 1356 1394 1383 id
1409 1356 1488 1384 etiam
1498 1356 1546 1384 hic
1559 1357 1598 1384 ﬁt.
1625 1356 1660 1385 [lt
1681 1358 1754 1385 enim

960 1400 1015 1427 illic
1029 1408 1087 1434 eos,
1108 1401 1153 1436 qui
1166 1401 1260 1429 audire
1275 1402 1410 1434 nolebant,
1428 1402 1474 1429 sed
1498 1402 1679 1436 discedebant,
1699 1411 1753 1432 non

961 1446 1091 1480 trahebat,
1108 1454 1194 1482 neque
1213 1449 1265 1473 vim
1281 1446 1408 1479 aﬁ'crebat
1421 1455 1429 1474 :
1443 1447 1490 1475 sed
1507 1447 1549 1479 iis.
1573 1449 1616 1483 qui
1634 1448 1755 1476 attende-

959 1491 1022 1519 banl
1033 1493 1147 1520 obscura
1159 1493 1290 1525 solvebat,
1305 1498 1332 1520 et
1344 1493 1486 1528 mitigatam
1507 1493 1645 1521 manifesta
1659 1494 1754 1522 reddea

959 1539 1005 1566 bat
1019 1547 1026 1565 :
1042 1539 1077 1566 ita
1091 1539 1217 1567 nimirum
1238 1544 1266 1567 et
1277 1539 1304 1567 in
1320 1540 1399 1567 rebus
1413 1540 1477 1575 ipsis
1495 1549 1501 1566 :
1521 1547 1569 1568 eos
1590 1542 1635 1575 qui
1657 1540 1754 1575 stupidi

957 1589 1030 1618 sunt,
1045 1589 1072 1612 et
1094 1585 1204 1613 minime
1217 1585 1319 1619 volunt,
1346 1594 1397 1613 non
1413 1586 1494 1621 cogit,
1520 1594 1607 1621 neque
1626 1587 1679 1614 vim
1704 1586 1755 1613 illis

959 1629 1036 1658 aﬂ‘ert
1049 1637 1116 1658 :eos
1130 1636 1231 1663 autem,
1252 1632 1299 1666 qui
1321 1631 1390 1659 ultro
1410 1631 1514 1666 eligunt
1537 1639 1643 1659 summo
1664 1633 1755 1659 studio

960 1676 1009 1704 sibi
1030 1677 1164 1704 conciliat.
1187 1677 1332 1712 Propterea
1356 1677 1421 1704 dicit
1433 1678 1513 1705 etiam
1525 1677 1621 1705 Petrus
1636 1686 1642 1704 :
1659 1677 1692 1705 In
1712 1686 1754 1705 ve-

959 1722 1034 1748 ritate
1047 1723 1167 1757 camperi,
1191 1722 1250 1757 quia
1269 1722 1297 1749 in
1313 1722 1382 1748 omni
1401 1727 1482 1757 gente,
1509 1722 1552 1757 qui
1573 1725 1642 1749 timet
1660 1721 1754 1754 Deum,

960 1772 984 1794 et
997 1768 1116 1801 operatur
1127 1768 1265 1804 justitiam,
1280 1772 1397 1803 acceptus
1408 1773 1443 1795 est
1453 1769 1491 1795 illi
1502 1768 1569 1803 (Act.
1582 1769 1625 1796 10.
1642 1769 1685 1796 54.
1698 1769 1754 1803 53).

960 1813 997 1840 Et
1012 1813 1130 1848 propheta
1140 1813 1188 1841 hoc
1199 1813 1282 1849 ipsum
1291 1814 1410 1841 admonet
1419 1812 1461 1841 his
1467 1813 1564 1840 verbis:
1574 1812 1601 1840 Si
1615 1814 1754 1846 volueritis,

961 1864 985 1887 et
997 1860 1127 1886 audieritis
1139 1867 1188 1893 me,
1203 1859 1269 1886 bona
1283 1863 1356 1886 terra:
1369 1857 1505 1886 comedetis
1515 1865 1525 1884 :
1536 1857 1561 1884 si
1572 1865 1657 1886 autem
1670 1860 1755 1886 nolue-

961 1907 1027 1938 ritis,
1043 1913 1121 1940 neque
1135 1905 1300 1932 exaudieritis
1312 1913 1360 1937 me,
1375 1905 1474 1940 gladius
1485 1905 1613 1932 devorabit
1626 1913 1669 1933 vos
1681 1905 1757 1941 (Isai.

963 1953 989 1980 l.
1005 1952 1047 1979 l9.
1059 1951 1117 1986 20).
1132 1951 1196 1985 Quae
1210 1959 1271 1978 cum
1284 1951 1320 1978 ita
1334 1956 1396 1979 nota
1409 1956 1437 1978 et
1451 1951 1588 1986 explorata
1601 1951 1654 1979 sint
1669 1951 1757 1983 nobis,

962 2003 1042 2033 atque
1059 1997 1084 2024 in
1102 2002 1192 2025 nostra
1207 2001 1341 2032 potestate
1362 1998 1441 2025 situm
1455 2005 1517 2025 esse
1541 2002 1570 2024 ut
1591 1997 1714 2029 velimus,
1731 2001 1758 2024 et

962 2051 1120 2075 curramus,
1147 2050 1266 2077 nosque,
1299 2042 1362 2069 dum
1394 2042 1517 2069 volumus
1547 2043 1732 2077 currimusque
1748 2062 1755 2074 ν

963 2089 1047 2117 Deum
1072 2088 1150 2116 nobis
1168 2087 1357 2115 conciliaturas
1387 2087 1420 2115 ad
1454 2087 1513 2122 eius
1537 2082 1667 2116 auxilium
1688 2087 1758 2116 obii:

965 2134 1104 2166 nendum;
1137 2140 1170 2160 eo
1197 2140 1276 2168 porro
1299 2133 1375 2165 nobis
1395 2133 1554 2166 conciliato,
1590 2141 1639 2160 nos
1668 2141 1756 2160 rerum

963 2180 1063 2208 exitum
1101 2183 1309 2213 assequuluros;
1333 2179 1479 2206 excitemus
1498 2186 1557 2210 nos,
1581 2178 1756 2210 dilectissimi,

963 2231 1043 2260 atque
1073 2224 1107 2251 ad
1137 2225 1252 2251 salutem
1276 2224 1373 2251 anima:
1409 2229 1507 2252 nostra:
1531 2232 1611 2251 omne
1641 2224 1758 2251 studium

964 2273 1143 2304 conferamus,
1167 2275 1197 2298 ut
1217 2278 1279 2298 cum
1304 2271 1437 2298 modicum
1453 2271 1479 2298 in
1504 2272 1552 2298 hac
1567 2272 1618 2297 vita
1641 2270 1759 2298 laborem

965 2318 1202 2351 exantlaverimus,
1231 2318 1259 2345 in
1283 2322 1384 2345 mtcrno
1407 2322 1436 2345 et
1460 2317 1602 2345 immortali
1629 2325 1686 2345 :evo
1714 2317 1759 2345 illo

964 2365 1042 2392 bonis
1067 2364 1264 2391 immortalibus
1283 2363 1452 2399 perfruamur
1468 2371 1474 2389 :
1491 2370 1550 2398 qua;
1576 2363 1655 2390 nobis
1674 2363 1760 2389 omni-

966 2412 1013 2439 bus
1027 2415 1055 2438 ιιι
1065 2410 1230 2445 contingant,
1254 2410 1320 2437 faxit
1335 2410 1418 2445 gratia
1441 2413 1468 2437 et
1481 2409 1632 2445 benignitas
1655 2409 1760 2436 Domini

966 2458 1048 2485 n05lri
1073 2457 1136 2485 Jesu
1151 2457 1261 2489 Christi,
1284 2464 1344 2484 cum
1356 2464 1409 2492 quo
1423 2456 1495 2483 Patri
1510 2456 1605 2491 gloria,
1626 2457 1763 2492 simulque

969 2507 1063 2529 sancto
1084 2501 1206 2537 Spiritui,
1221 2509 1292 2530 nunc
1310 2506 1338 2530 ct
1356 2509 1472 2536 semper,
1486 2506 1512 2529 ct
1527 2501 1553 2528 iu
1573 2504 1757 2532 smculaszecu-

969 2549 1065 2576 lorum.
1083 2549 1177 2576 Amen.
