2046 3123
296 104 350 133 1ῦῦ
662 103 691 132 S.
705 101 846 133 JOANNIS
860 100 1100 129 CIIRYSOSTOMI
1115 101 1273 130 ARCHIEP.
1290 99 1560 131 CONSTANTINOP.
1873 100 1922 128 ιπι

554 451 594 482 ΙΝ
621 451 725 482 DUAS
750 448 948 481 HOMILIAS
978 449 1031 479 DE
1055 447 1371 479 PROPHETIARUM
1397 446 1679 478 OBSCUBITATE

335 598 487 627 Admodum
502 597 613 627 diflicile
626 603 668 626 est
684 603 791 633 tempus
804 597 934 629 indicare,
945 604 999 632 quo
1015 596 1057 624 ha:
1067 596 1128 624 duae
1140 596 1257 624 bomilize
1269 596 1371 623 habita:
1387 595 1474 623 fuere.
1489 595 1599 623 Certum
1618 594 1727 630 quidem
1748 599 1790 621 est
1805 594 1925 629 priorem

303 668 405 704 aliquot
422 669 520 697 diebus
544 669 657 697 alteram
674 669 856 705 praecessisse.
870 669 1050 704 posteriorem
1072 676 1137 696 vero
1152 668 1196 696 die
1216 667 1353 695 Dominica
1370 667 1470 695 dictam
1487 667 1580 694 luisse.
1598 666 1624 694 Id
1639 666 1711 693 enim
1725 670 1833 693 constat
1845 672 1878 691 ex
1894 665 1929 690 iis

299 744 360 772 qua:
374 736 504 763 dicuntur
521 736 548 763 in
561 737 678 764 Humilia
688 737 732 764 cui
746 737 852 769 titulus,
871 736 1008 764 Daamoncs
1022 744 1073 763 non
1084 735 1231 771 gubernare
1254 735 1392 762 mundum.
1406 733 1445 762 lbi
1465 734 1550 768 enim,
1571 733 1649 761 Tom.
1668 733 1698 764 Il.
1761 734 1823 765 ΞΠ,
1841 733 1871 766 B,
1887 733 1928 760 sic

300 807 356 835 ait:
373 807 457 841 Atque
473 807 521 833 hoc
542 807 646 842 quidem
663 807 696 834 ab
714 808 785 834 omni
802 813 919 842 tempore
933 807 993 842 jam
1012 807 1138 839 innotuit,
1161 807 1307 841 prwsertim
1326 815 1342 833 a
1369 806 1507 833 Dominica
1527 804 1669 839 superiore.
1688 803 1840 836 Numquam
1859 803 1931 829 enim

301 877 390 904 divina
402 876 471 904 vobis
485 876 589 911 eloquia
605 878 742 912 fastidium
757 885 850 912 parere
864 877 918 904 dies
929 876 974 904 ille
991 877 1138 911 prwsertim
1149 877 1284 904 indicavit.
1298 875 1401 903 Ibidem
1413 879 1516 908 autem,
1531 875 1559 902 in
1575 873 1714 902 concionis
1731 871 1833 899 scilicet
1852 870 1931 906 priu-

302 944 384 980 cipio,
403 945 446 972 illa
460 945 551 973 omnia
562 946 658 973 ordine
671 947 769 982 repetit
782 955 842 982 qua:
857 947 884 973 in
901 946 984 982 hujus
996 945 1136 974 concionis
1148 945 1202 972 line
1216 944 1333 976 dixerat,
1349 943 1423 978 quod
1437 943 1464 970 in
1480 950 1556 970 more
1569 949 1629 969 esse
1643 940 1838 975 Chrysostomo
1849 945 1933 964 nemo

302 1013 406 1045 nescit;
424 1013 552 1042 nimirum
567 1015 623 1051 agit
634 1015 669 1042 de
685 1015 786 1043 sanctis
797 1015 933 1051 justisque
947 1014 1022 1047 viris,
1045 1015 1091 1050 qui
1113 1022 1162 1042 sua
1177 1015 1297 1050 ipsorum
1318 1018 1440 1050 peccata,
1452 1020 1507 1040 non
1526 1016 1618 1040 autem
1637 1011 1735 1044 aliena,
1751 1017 1813 1038 cum
1829 1009 1933 1037 doloris

304 1081 499 1116 significatione
524 1083 786 1114 commemorabam,
818 1083 907 1111 allatis
930 1083 1012 1110 etiam
1040 1082 1188 1118 Scriptura:
1216 1083 1282 1110 locis
1303 1083 1372 1110 bene
1395 1082 1487 1109 multis
1510 1086 1592 1116 atque
1611 1079 1740 1114 exemplis
1760 1084 1930 1108 sanctorum.

304 1147 398 1174 eadem
412 1147 483 1175 serie
497 1152 525 1175 et
536 1148 749 1176 accuratissime.
761 1148 827 1176 Nam
843 1148 915 1183 quod
929 1149 1082 1184 exemplum
1101 1148 1250 1176 desiderari
1265 1148 1292 1175 in
1317 1148 1367 1176 hac
1383 1148 1503 1176 secunda
1523 1147 1655 1175 concione
1671 1146 1836 1182 querebatur
1848 1145 1935 1172 Tille-

305 1218 436 1249 uioiitius,
461 1217 503 1245 vir
525 1218 673 1254 diligentize
695 1223 724 1246 et
737 1219 920 1246 accurationis
940 1219 1171 1255 singularissimae,
1191 1227 1290 1254 nempe
1314 1219 1379 1247 illud
1395 1218 1477 1252 l‘etri,
1500 1218 1552 1245 Exi
1573 1226 1590 1245 α
1608 1226 1658 1251 me,
1673 1218 1735 1253 quia
1751 1218 1792 1244 vir
1812 1221 1937 1251 peccator

305 1294 374 1318 sum,
388 1285 443 1321 jam
457 1293 489 1313 cx
504 1285 604 1314 Codice
617 1286 773 1314 Colbertino
785 1287 939 1314 restitutum
957 1287 1052 1315 habes.
1068 1287 1161 1323 Itaque
1171 1291 1277 1315 certum
1294 1287 1519 1322 exploratumque
1537 1290 1582 1314 est.
1597 1286 1735 1314 honiiliam
1751 1287 1822 1314 lianc
1833 1294 1935 1314 secun-

307 1351 368 1379 dam
385 1352 418 1379 de
432 1351 638 1388 Prophetiarum
657 1353 823 1380 obscuritate
831 1353 930 1381 dictam
945 1353 1028 1382 fuisse
1051 1354 1190 1382 Dominica
1207 1354 1377 1390 pnecedente
1390 1354 1548 1382 concionem
1561 1354 1634 1380 illam
1646 1361 1726 1388 Supra
1743 1357 1935 1380 memoratam.

307 1421 417 1449 Certum
437 1421 548 1456 perinde
568 1421 676 1449 videtur
701 1422 782 1450 hasce
792 1422 861 1450 duas
871 1422 1018 1450 conciones
1031 1421 1184 1450 Antiochia:
1197 1422 1303 1450 habitas
1315 1421 1414 1456 fuisse;
1430 1422 1494 1457 quia
1512 1429 1611 1458 nempe
1625 1421 1833 1457 Chrysostomus
1846 1421 1887 1449 sic
1903 1421 1939 1448 dc

307 1489 436 1524 episcopo
452 1489 571 1524 loquitur
586 1489 614 1516 in
626 1489 737 1517 homilia
752 1490 882 1523 secunda,
898 1498 974 1518 num.
989 1491 1015 1523 5,
1036 1495 1065 1518 ut
1080 1499 1135 1519 non
1152 1499 1191 1524 se,
1215 1491 1261 1519 sed
1272 1491 1355 1518 alium
1367 1491 1526 1526 episcopum
1544 1499 1605 1519 esse
1623 1491 1786 1520 subiudicet.
1801 1492 1838 1520 De
1863 1501 1941 1521 anno

308 1560 399 1583 autem
416 1556 483 1583 nihil
497 1556 669 1592 exploratum
687 1557 813 1585 habetur.
827 1557 893 1585 \‘idc
904 1557 990 1586 Tomo
1001 1558 1032 1594 ll,
1049 1567 1076 1594 p.
1089 1559 1154 1586 245.

345 1624 404 1653 Erit
420 1625 489 1654 forte
500 1626 636 1662 quispiam
650 1627 696 1662 qui
709 1635 812 1655 annum
831 1634 860 1655 se
875 1627 940 1655 hinc
955 1627 1088 1662 expiscari
1110 1635 1190 1663 posse
1205 1632 1290 1664 putet,
1302 1629 1375 1663 quod
1400 1630 1427 1656 lu
1444 1629 1564 1657 llomilia
1579 1630 1665 1664 prima
1679 1630 1715 1657 de
1730 1629 1940 1665 Prophetiarum

302 2104 450 2128 UTILITEI
464 2105 505 2128 ΕΤ
519 2105 735 2129 PERCOMMODE
750 2106 890 2134 FACTUM,
914 2105 956 2127 UT
977 2105 1103 2128 PROPEB‘

1153 2106 1164 2128 Β
1185 2106 1226 2128 DE
1241 2107 1376 2130 CERISTO
1395 2107 1435 2129 ET
1455 2108 1613 2130 GENTI‘BUS
1632 2109 1738 2136 Ι)ΕοοΕ
1766 2112 1948 2136 πυιλεοιιυη

679 2155 919 2178 REPROBATIONE
940 2156 1089 2178 osseum:
1109 2156 1236 2185 assam,
1258 2157 1504 2180 nations-rsum
1527 2149 1581 2190 (ὴ).

941 2230 1166 2258 -—esm

1169 2243 1319 2252 —_..

339 2305 366 2332 1.
381 2303 520 2332 Sententia:
529 2302 608 2331 Isaia:
619 2310 676 2330 cum
687 2302 820 2330 altitudine
830 2302 908 2330 maris
921 2305 1095 2339 conferuntur.

306 2350 474 2386 Fxperientite
483 2354 507 2377 et
517 2348 701 2377 exercitationis
712 2349 853 2376 commoda.
864 2362 901 2369 υ-
910 2349 1095 2384 Propheticam

302 2397 379 2424 vobis
392 2397 473 2425 hodie
485 2398 546 2425 volo
560 2403 680 2425 mensam
696 2395 838 2429 instruere,
853 2399 933 2431 atque
946 2397 975 2423 in
989 2396 1097 2432 pelagus

304 2443 442 2477 sapientiae
465 2442 540 2470 Isaia:
561 2442 676 2470 meditor
695 2442 842 2470 orationem
866 2442 1020 2470 immittere.
1045 2442 1097 2470 Sed

305 2487 369 2522 quid
380 2487 495 2515 faciam?
508 2488 604 2516 Dubito
614 2495 646 2515 ac
656 2492 756 2521 metuo,
768 2495 803 2515 ne
812 2495 872 2516 cum
884 2495 900 2516 e
910 2493 986 2523 portu
996 2489 1098 2524 egressi

307 2533 447 2566 fuerimus,
461 2537 542 2568 atque
553 2533 586 2560 ad
605 2533 764 2568 profundum
778 2534 967 2561 sententiarum
981 2534 1098 2569 prophe-

307 2583 342 2606 tae
356 2579 570 2614 pervenerimus,
586 2579 657 2614 quod
672 2580 758 2608 nautis
771 2580 917 2615 contingit,
933 2581 976 2615 qui
991 2581 1100 2615 naviga—

306 2625 372 2652 tioni
386 2626 486 2652 assueti
506 2633 559 2652 non
572 2630 652 2659 sunt,
672 2626 800 2660 vertigine
818 2626 980 2654 laboremus.
993 2626 1060 2654 Nam
1073 2631 1101 2654 et

307 2670 346 2699 illi
358 2679 419 2698 eum
432 2672 522 2699 relicta
540 2675 609 2699 terra
627 2679 661 2699 ex
681 2676 792 2707 utraque
806 2676 882 2707 parte
896 2673 971 2700 navis
992 2673 1101 2708 pelagus

309 2717 434 2751 viderint,
450 2725 500 2746 nec
512 2718 583 2745 aliud
596 2717 740 2754 quidquam
754 2723 852 2754 printer
865 2726 939 2747 mare
950 2726 982 2747 ac
994 2719 1099 2752 caalum,

309 2764 478 2793 tenebricosa
490 2765 619 2801 vertigine
633 2765 812 2800 corripiuntur
824 2787 830 2799 ,
847 2774 874 2794 et
893 2774 944 2793 una
959 2773 1020 2793 cum
1033 2766 1100 2795 mari

308 2838 373 2898 mgis)
388 2836 482 2864 Collata
497 2840 552 2860 cum
567 2833 653 2860 Codice
663 2833 739 2866 Regio
755 2833 831 2866 εδιδ,
853 2838 879 2860 ct
894 2841 948 2860 cum
960 2834 1099 2860 Colbcrtino

1151 2304 1286 2340 navigium
1302 2305 1328 2332 in
1348 2304 1441 2333 orbem
1456 2304 1610 2332 existimant
1628 2303 1805 2332 circumferri.
1831 2303 1891 2332 Non
1907 2308 1948 2331 ta-

1150 2357 1212 2378 men
1227 2355 1370 2378 ex'natura
1393 2350 1491 2384 maris,
1513 2350 1561 2378 sed
1581 2349 1652 2385 quod
1674 2349 1806 2384 inexperti
1826 2350 1883 2377 sint
1903 2352 1953 2385 qui

1151 2397 1288 2431 navigant,
1299 2395 1457 2422 oboriuntur
1468 2395 1612 2430 vertigines
1625 2404 1632 2422 :
1648 2395 1737 2423 ca‘teri
1752 2395 1862 2430 quidem
1874 2401 1953 2423 certe

1152 2447 1240 2470 nautae
1252 2441 1329 2469 nudis
1341 2442 1497 2476 corporibus
1509 2446 1536 2469 et
1546 2442 1571 2469 in
1585 2441 1680 2469 mediis
1691 2441 1816 2469 noctibus
1828 2441 1855 2468 in
1867 2447 1953 2476 caput

1153 2497 1184 2518 se
1195 2490 1334 2525 dejiciunt,
1348 2497 1436 2524 neque
1449 2489 1502 2517 tale
1514 2489 1656 2524 quidquam
1667 2488 1812 2524 patiuntur,
1827 2487 1876 2516 sed
1887 2495 1953 2515 cum

1153 2536 1186 2564 ad
1201 2536 1286 2571 ipsum
1300 2535 1459 2571 profundum
1473 2535 1678 2568 descenderint,
1691 2535 1773 2562 tutius
1783 2555 1791 2568 ,
1806 2541 1888 2570 quam
1905 2535 1953 2569 qui

1154 2582 1180 2611 in
1192 2581 1344 2616 pavimento
1354 2581 1464 2616 degunt,
1475 2581 1529 2608 illic
1538 2585 1690 2615 versantur,
1700 2585 1727 2608 et
1741 2579 1803 2608 licet
1813 2587 1872 2613 ore,
1886 2588 1955 2606 ocu-

1154 2628 1203 2662 lis,
1217 2634 1249 2655 ae
1269 2631 1325 2655 toto
1338 2634 1450 2662 corpore
1464 2626 1625 2662 salsuginem
1643 2626 1792 2661 excipiant,
1808 2633 1864 2652 non
1878 2633 1955 2660 πει-θ

1154 2671 1254 2703 ferunt.
1267 2674 1382 2702 Tantum
1397 2673 1495 2701 bonum
1506 2679 1548 2701 est
1558 2673 1723 2706 exercitatio,
1735 2677 1837 2700 tantum
1849 2672 1953 2699 malum

1155 2726 1195 2749 est
1210 2721 1342 2757 imperitia
1358 2729 1364 2747 :
1377 2721 1417 2750 sic
1437 2720 1486 2747 ista
1502 2719 1659 2755 persuadet,
1675 2723 1704 2746 ut
1723 2719 1804 2746 etiam
1819 2725 1880 2753 qua:
1894 2717 1954 2745 fur-

1155 2767 1290 2795 midabilia
1301 2772 1362 2795 sunt
1372 2772 1584 2799 contemnamus,
1597 2766 1639 2793 illa
1651 2773 1715 2793 vero
1725 2765 1816 2797 efficit,
1829 2769 1860 2792 ut
1869 2765 1956 2793 etiam

1156 2818 1210 2841 tuta
1225 2820 1347 2849 suspecta
1365 2814 1418 2841 sint
1432 2814 1510 2841 nobis
1520 2835 1527 2843 .
1542 2821 1574 2840 ac
1586 2812 1781 2841 reformidanda
1796 2811 1958 2839 vidcantur.

1155 2860 1224 2890 Nam
1237 2860 1263 2889 hi
1277 2860 1382 2898 quidem
1397 2861 1424 2889 in
1445 2860 1603 2890 sublimibus
1618 2858 1742 2889 sedentes
1755 2859 1834 2889 navis
1845 2857 1952 2886 tabula»
