2072 3123
98 182 152 213 163
594 180 637 209 DE
655 179 928 208 PROPHETIARUM
946 174 1195 207 OBSCURITATE.
1216 178 1237 208 Ι.

1677 175 1731 205 164

104 314 1728 341 W

818 525 1018 557 MONITUM.

101 684 284 717 obscuritate,
297 690 413 711 numero
428 683 456 715 5,
471 681 544 708 dicat
558 687 588 708 se
597 686 754 707 sermonem
769 677 803 705 de
815 677 997 705 Melchisedec
1012 676 1039 702 in
1061 675 1177 703 alterum
1197 675 1270 702 dicm
1287 674 1412 710 rejicere.
1426 673 1465 702 De
1478 672 1657 701 Melchisedec
1670 679 1736 700 vero

103 755 226 790 pluribus
235 755 293 790 egit
308 754 520 789 Chrysostomus
539 751 566 777 in
581 749 694 777 Homilia
708 748 823 783 septima
838 750 932 774 contra
951 745 1070 778 Iudaeos,
1082 730 1167 772 Tomo
1184 744 1194 771 l
1211 754 1216 771 :
1232 743 1303 771 unde
1316 743 1392 778 sequi
1404 742 1543 771 videretur
1555 742 1626 769 hanc
1642 741 1729 768 homi—

105 823 177 854 liam,
187 821 333 856 septimam
348 824 445 848 contra
458 818 566 846 Iudaeos
587 815 770 852 praeceSsisse,
782 819 864 849 atque
883 813 911 841 in
926 821 1028 840 annum
1043 812 1095 840 387
1112 811 1323 847 consignandam
1349 819 1422 839 esse.
1439 810 1540 838 Verum
1554 815 1734 846 praeterquam

103 892 176 927 quod
190 891 293 926 saepius
306 890 340 917 de
355 887 536 916 Melchisedec
549 892 704 914 sermonem
720 883 816 911 habuit
829 882 1052 918 Chrysoslomus,
1068 882 1126 909 haec
1138 889 1199 916 qua:
1213 881 1240 927 in
1254 881 1327 908 aliud
1348 885 1454 915 tempus
1470 887 1499 907 se
1517 880 1655 909 remittere
1672 879 1738 907 dicit

104 962 328 996 Chrysostomus,
351 956 535 993 genealogiam
563 955 635 982 illius
652 954 712 981 sine
737 957 814 988 patre
834 957 862 980 et
873 952 932 979 sine
947 956 1034 979 matre
1049 951 1220 986 spectabant,
1235 955 1265 978 ut
1280 959 1313 978 cx
1330 950 1400 978 serie
1414 950 1536 986 arguitur
1552 959 1558 978 :
1578 951 1604 978 in
1618 950 1736 978 Homilia

104 1032 196 1055 autem
211 1026 256 1054 illa
270 1025 388 1061 septima
401 1028 496 1051 contra
509 1021 628 1054 .Iud:eos,
644 1021 671 1048 id
683 1028 768 1048 unum
785 1019 883 1055 probat
895 1019 925 1047 S.
939 1019 1046 1051 doctor,
1061 1018 1245 1055 sacerdotium
1264 1018 1328 1045 illud
1349 1018 1530 1047 Melchisedec
1553 1021 1731 1048 excellentius

106 1100 190 1128 fuisse
205 1098 360 1126 sacerdotio
373 1096 540 1124 Iudaeorum.
560 1092 743 1127 Quamobrem
758 1091 827 1119 nihil
841 1091 905 1119 hinc
918 1091 1010 1119 indicii
1024 1089 1158 1126 expiscari
1182 1097 1338 1125 possumus.
1356 1097 1410 1124 quo
1430 1090 1463 1117 de
1480 1098 1553 1118 anno
1565 1091 1666 1126 aliquid
1680 1097 1732 1120 sta-

107 1176 228 1199 luamus.

144 1239 199 1267 Has
215 1238 285 1265 duas
299 1235 447 1264 conciones
460 1235 532 1262 inter
548 1233 733 1261 nobilissimas
742 1236 990 1258 commemoramus
1008 1238 1015 1257 :
1028 1228 1073 1256 hic
1088 1229 1172 1256 multa
1194 1227 1228 1255 ad
1240 1235 1346 1255 morum
1369 1227 1568 1256 institutionem
1583 1228 1712 1263 praeclara
1729 1237 1735 1256 :

109 1310 153 1339 hic
164 1310 275 1338 modum
289 1307 454 1345 precationis
468 1307 495 1334 in
508 1310 580 1335 cmtu
594 1304 717 1333 ecclesia:
730 1311 778 1339 pro
792 1302 920 1338 episcopo
934 1301 1020 1328 emitti
1034 1300 1121 1328 solitae
1136 1299 1315 1335 perspicimus
1332 1299 1360 1326 in
1375 1298 1506 1326 concione
1522 1298 1551 1331 2,
1564 1306 1640 1325 num.
1660 1299 1687 1326 5.
1703 1298 1734 1326 In

109 1385 242 1412 concione
258 1383 285 1415 l,
302 1389 380 1409 num.
401 1382 427 1414 5,
442 1381 540 1408 Persas
554 1378 695 1406 obsedisse
711 1377 906 1412 Jerosolymam
924 1375 1000 1408 dicit,
1016 1375 1050 1403 de
1066 1364 1218 1402 obsidione
1234 1373 1350 1407 loquens
1377 1380 1458 1407 quam
1474 1371 1600 1399 Jeremia:
1615 1377 1738 1408 tempore

112 1452 284 1489 Babylonios,
304 1460 359 1479 non
374 1451 481 1483 Persas,
497 1449 622 1485 posuisse
636 1452 741 1476 certum
757 1451 809 1475 est.
832 1447 866 1474 Et
879 1450 970 1474 tamen
992 1446 1064 1473 inter
1077 1445 1218 1473 dubitandi
1233 1453 1330 1472 causas
1345 1452 1360 1471 a
1381 1444 1447 1471 viris
1462 1443 1549 1471 doctis
1564 1444 1659 1471 allatas
1674 1442 1738 1479 περὶ

110 1520 290 1555 νηπιότητος
314 1518 477 1546 Sermonum
492 1516 526 1544 de
539 1515 706 1551 precatione,
731 1514 817 1542 Tomo
834 1514 865 1548 ll,
883 1522 912 1549 p.
938 1513 1002 1547 778,
1018 1514 1076 1541 lucc
1088 1513 1201 1540 aﬂ‘ertur
1215 1511 1287 1547 quod
1310 1515 1405 1539 auctor
1427 1512 1559 1538 horumce
1582 1518 1739 1538 sermonum

112 1588 350 1617 Sennacheribum
363 1586 466 1614 vocarit
479 1592 570 1621 regem
588 1584 747 1616 Persarum;
765 1582 804 1610 illi
818 1590 881 1610 vero
897 1581 982 1617 probe
1003 1585 1118 1616 possunt
1140 1587 1172 1607 ex
1191 1580 1243 1607 hoc
1264 1579 1324 1606 loco
1339 1577 1485 1611 confutari,
1500 1585 1607 1605 necnon
1631 1585 1663 1605 ex
1679 1578 1740 1605 aliis

112 1659 179 1687 bene
189 1657 282 1685 multis
295 1656 343 1684 ubi
358 1654 519 1691 Babylonios
531 1659 559 1681 et
568 1653 692 1689 Assyrios
704 1652 914 1688 Chrysostomus
924 1651 1020 1679 Persas
1033 1655 1121 1677 vocat.

147 1725 244 1753 llarum
256 1724 423 1752 concionum
436 1721 624 1758 interpretatio
634 1721 729 1748 Latina
741 1724 782 1748 est
794 1719 939 1747 Frontonis
951 1718 1051 1750 Ducazi,
1068 1726 1148 1752 quam
1160 1717 1263 1752 aliquot
1279 1717 1304 1744 in
1317 1716 1383 1743 locis
1399 1715 1599 1752 custigavimns.

120 2105 282 2149 Ἀπόδειξις
307 2106 360 2134 τοῦ
381 2107 534 2142 χρησίμως
550 2107 602 2140 τὰς
617 2106 683 2141 περὶ
700 2105 827 2140 Χριστοῦ
846 2104 895 2132 καὶ
931 2104 1026 2132 ἐθνῶν
1041 2104 1088 2132 καὶ
1111 2104 1166 2149 τῆς
1175 2103 1365 2139 ἐκπτώσεως,
1384 2102 1531 2131 Ἰουδαίων
1553 2099 1734 2136 προφητείας

831 2149 958 2184 ἀσαφεῖς
969 2148 1056 2176 εἶναι.
1121 2146 1129 2153 '

148 2350 183 2374 α’.
195 2347 375 2382 Προφητικὴν
387 2346 505 2382 σήμερον
518 2346 582 2381 ὑμῖν
598 2346 758 2382 παραθεῖναι
770 2346 900 2383 βούλομαι

113 2390 253 2424 τράπεζαν
272 2390 319 2416 καὶ
337 2388 404 2424 πρὸς
419 2388 450 2414 τὸ
470 2389 586 2423 πέλαγος
599 2390 649 2424 τῆς
668 2389 778 2417 Ἡσαΐου
806 2390 901 2423 σοφίας

114 2431 260 2464 ἐπαφεῖναι
267 2430 313 2457 τὸν
324 2431 403 2464 λόγον
410 2431 664 2466 παρασκευάζομαι.
680 2431 760 2457 Ἀλλά
768 2431 794 2457 τί
805 2431 883 2458 πάθω
892 2439 901 2464 3

119 2471 208 2498 Ὀκνῶ
220 2473 267 2498 καὶ
280 2472 404 2503 δέδοικα,
420 2472 456 2506 μή
473 2480 538 2498 ποτε
559 2472 604 2499 τὸν
621 2472 716 2507 λιμένα
733 2472 899 2505 ἐξελθόντες,

114 2513 163 2540 καὶ
179 2513 248 2548 πρὸς
269 2513 299 2539 τὺ
317 2512 398 2547 βάθος
412 2513 628 2547 καταντήσαντες
646 2512 701 2540 τῶν
724 2514 901 2549 προφητικῶν

114 2555 276 2589 νοημάτων,
299 2554 512 2589 ἱλιγγιάσωμεν·
536 2554 604 2589 ὅπερ
627 2554 776 2589 πάσχουσιν
800 2556 825 2581 οἱ
848 2555 902 2581 τῶν

114 2596 268 2631 πλωτήρων
282 2595 387 2631 ἀήθεις.
401 2596 456 2622 Καὶ
469 2595 522 2631 γὰρ
540 2596 648 2628 ἐκεῖνοι,
664 2596 774 2622 ἐπειδὰν
788 2596 837 2631 τὴν
851 2598 903 2632 γῆν

114 2637 229 2672 ἀφέντες
240 2637 271 2669 ἐξ
286 2637 416 2672 ἐκατέρου
435 2637 533 2672 μέρους
547 2637 595 2672 τῆς
607 2637 670 2671 νηὸς
683 2637 801 2671 πέλαγος
815 2637 902 2670 ἴδωσι,

115 2679 163 2704 καὶ
185 2678 261 2704 οὐδὲν
291 2678 402 2714 ἕτερον,
426 2678 484 2705 ἀλλ’
511 2679 528 2713 ἢ
549 2678 682 2705 θάλατταν
704 2678 752 2705 καὶ
772 2678 901 2714 οὐρανὸν,

116 2719 265 2754 σκοτοδίνῳ
308 2719 480 2754 κατέχονται,
495 2719 542 2746 καὶ
561 2719 756 2755 περιφέρεσθαι
771 2720 801 2745 τὸ
813 2719 903 2745 πλοῖον

116 2761 207 2793 αὐτοῖς
223 2761 317 2796 κύκλῳ
332 2761 470 2796 νομίζουσι
487 2761 555 2796 μετὰ
570 2762 619 2796 τῆς
632 2762 774 2797 θαλάττης.
789 2762 858 2788 Ἀλλ’
873 2762 903 2788 οὺ

118 2803 191 2837 παρὰ
204 2803 255 2838 τὴν
270 2802 354 2837 φύσιν
369 2803 419 2837 τῆς
434 2801 576 2837 θαλάττης,
594 2803 662 2829 ἁὶλὰ
677 2803 750 2838 παρὰ
766 2803 813 2839 τὴν
826 2804 904 2830 ἀπει-

121 2845 179 2879 ρίαν
193 2844 249 2871 τῶν
266 2845 403 2872 πλεόντων
423 2845 448 2870 οἱ
465 2843 562 2878 ἴλιγγοι
581 2845 715 2878 γίνονται·
731 2845 819 2881 ἕτεροι
841 2845 905 2879 γοῦν

146 2933 158 2947 ³
166 2932 213 2957 Mss
228 2933 310 2964 ο-ιὸτῳ
315 2932 426 2962 δεινῷ,ει
432 2931 549 2963 sicsupra,
556 2939 578 2963 p.
585 2931 592 2955 |
598 2932 657 2963 38,A
663 2933 788 2965 ,separatis
795 2931 903 2959 vocibus.
909 2918 919 2923 ‘

950 2347 1005 2374 τῶν
1019 2347 1124 2374 ναυτῶν
1138 2348 1250 2383 γυμνοῖς
1259 2347 1315 2379 τοῖς
1324 2345 1586 2383 σώμασικυδιστῶσι
1600 2344 1670 2372 κατὰ
1681 2344 1735 2372 τῶν

951 2389 1089 2423 κυμάτων,
1105 2389 1152 2416 καὶ
1165 2389 1241 2416 οὐδὲν
1253 2389 1387 2425 πάσχουσι
1398 2389 1526 2420 τοιοῦτον,
1541 2386 1609 2414 ἀλλὰ
1623 2386 1689 2423 πρὸς
1704 2386 1735 2413 τὸ

952 2430 1032 2465 βάθος
1046 2430 1215 2462 καταϐάντες
1229 2431 1294 2457 αὐτὸ
1303 2450 1311 2461 ,
1325 2431 1380 2457 τῶν
1397 2431 1425 2457 ὲν
1441 2429 1534 2464 ἐδάφει
1551 2427 1735 2462 διαιτωμένων

952 2471 1154 2507 ἀσφαλέστερον
1174 2472 1348 2507 διατρίόουσι,
1366 2472 1412 2498 καὶ
1425 2471 1464 2506 τῷ
1483 2470 1606 2505 στόματι,
1621 2469 1668 2495 καὶ
1680 2469 1736 2499 τοῖς

952 2512 1109 2547 ὀφθαλμοῖς,
1133 2513 1179 2539 καὶ
1193 2514 1273 2540 παντὶ
1285 2513 1324 2548 τῷ
1344 2513 1450 2548 σώματι
1472 2511 1607 2546 δεχόμενοι
1624 2510 1672 2545 τὴν
1687 2508 1736 2536 ἆλ-

954 2563 1017 2589 μην,
1033 2555 1063 2580 οὑ
1076 2555 1287 2590 δυσχεραίνουσι.
1304 2554 1436 2581 Τοσοῠτόν
1450 2554 1507 2580 ἐστι
1524 2552 1621 2588 μελέτη
1638 2551 1735 2583 καλὸν,

951 2595 1072 2622 τοιοῦτόν
1082 2595 1155 2622 ἐστιν
1165 2596 1277 2631 ἀπειρία
1286 2595 1380 2622 κακόν·
1392 2594 1477 2627 οὕτως
1487 2594 1556 2629 αὕτη
1569 2593 1616 2620 καὶ
1624 2592 1678 2619 τῶν
1690 2601 1738 2627 φορ

954 2637 1041 2672 ὃερῶν
1053 2639 1231 2673 καταφρονεῖν
1251 2637 1348 2669 πείθει,
1361 2636 1450 2671 ὲκείνη
1468 2636 1495 2662 δὲ
1513 2636 1559 2662 καὶ
1578 2634 1612 2661 τὰ
1629 2633 1737 2669 ἀσφαλῆ

955 2678 1116 2706 ὑποπτεύειν
1129 2679 1174 2705 καὶ
1186 2679 1331 2705 δεδοικέναι
1345 2677 1559 2713 παρασκευάζει,
1576 2677 1607 2703 0i
1624 2676 1673 2712 μὲν
1683 2676 1737 2711 γὰρ

954 2720 997 2754 ἐφ’
1012 2720 1120 2755 ὑψηλῶν
1130 2720 1184 2747 τῶν
1194 2720 1288 2755 ἰκρίων
1302 2719 1452 2755 καθήμενοι
1468 2719 1518 2753 τῆς
1532 2719 1605 2754 νηὸς,
1615 2718 1737 2753 καὶπρὸς

954 2762 1004 2796 τὴν
1025 2761 1088 2788 θέαν
1106 2761 1265 2796 ἰλιγγιῶσιν·
1281 2761 1306 2787 οἱ
1323 2760 1350 2787 δὲ
1364 2760 1425 2787 οὐδὲ
1440 2760 1468 2786 ὲν
1483 2760 1574 2795 μέσοις
1593 2758 1737 2794 θορυόοῠν-

957 2810 1001 2828 ται
1018 2804 1074 2833 τοῖς
1088 2803 1201 2837 κύμασι.
1219 2802 1303 2829 Τοῦτο
1316 2803 1363 2829 καὶ
1381 2802 1426 2828 ὲπὶ
1441 2801 1491 2836 τῆς
1503 2801 1619 2832 διανοίας
1635 2800 1737 2834 γίνεται

955 2844 1003 2878 τῆς
1017 2844 1164 2879 ἡμετέρας·
1186 2844 1234 2870 καὶ
1257 2844 1310 2879 γὰρ
1327 2844 1374 2870 καὶ
1388 2843 1489 2878 ταύτην
1510 2842 1637 2872 πολλάκις
1651 2848 1735 2866 κατα-

955 2885 1086 2920 λαμϐάνει
1102 2885 1211 2920 κύματα
1227 2886 1319 2912 παθῶν
1330 2886 1390 2912 -τῶν
1402 2885 1550 2912 θαλαττίων
1566 2882 1734 2918 ἀγριώτερα,

957 2924 1010 2954 οῖον
1033 2927 1100 2963 ξάλη
1119 2927 1204 2964 θυμοῦ
1219 2924 1342 2955 κάτωθεν
1362 2926 1514 2963 στρέφουσα
1534 2924 1583 2960 τὴν
1607 2922 1734 2958 καρδίαν,
