2072 3123
158 195 208 224 165

153 253 187 279 tis
211 251 293 278 etiam
314 249 374 284 ipso
386 255 418 275 ex
434 249 541 281 aspectu
555 241 685 277 vertigine
699 239 898 274 corripiuntur:
913 235 951 263 illi

159 303 222 323 vero
237 302 287 322 nec
300 283 330 322 in
347 293 445 321 mediis
463 290 584 318 ﬂuctibus
598 286 797 323 perturbantur.
815 284 871 311 [ioc
884 287 912 311 et
925 283 953 309 in

160 345 248 368 tuente
263 344 354 368 nostra
366 337 458 366 evenit
471 345 478 364 :
494 334 624 371 siquidem
639 337 665 360 et
680 332 763 367 ipsam
776 337 846 364 saepe
857 328 953 356 fluctus

160 385 389 422 perturbationum
417 381 546 410 invadunt
570 380 654 406 multo
680 376 791 404 marinis
812 374 952 405 satviores,

159 432 240 460 Veluti
257 430 372 466 procella
389 427 552 460 iracundiae,
566 433 626 462 qua:
639 425 764 452 deorsum
785 430 832 450 cor
852 422 952 457 dejicit,

159 483 186 506 et
201 485 289 513 pravae
304 475 458 512 cupiditatis
480 473 568 506 venti,
593 472 637 508 qui
660 471 771 499 multam
790 470 906 499 excitant
927 469 953 496 in

160 530 250 554 mente
265 523 508 552 conturbationem.
520 520 607 554 Atque
619 519 642 546 is
655 518 761 553 quidem
774 517 818 552 qui
832 517 953 550 inexper-

160 577 202 600 tus
227 576 268 600 est
291 575 318 599 et
338 568 542 598 inexercitatus,
565 565 707 600 incipiente
729 564 775 591 ira:
786 566 954 598 tempestate,

159 619 290 646 continuo
311 616 431 643 turbatur
441 634 453 646 ,,
464 616 649 640 commovetur
661 632 668 643 ,
684 610 816 645 agitatur,
839 608 953 635 animant

159 664 222 691 sinit
234 663 268 690 ab
281 654 420 690 afﬂectibus
432 658 577 694 submergi,
591 665 623 684 ac
637 655 803 690 naufragium
817 653 870 688 pati
886 662 892 680 :
907 652 953 687 qui

159 717 226 737 vero
235 713 360 744 expertus
372 712 399 734 et
409 705 572 734 exercitatus
583 708 623 731 est
635 702 667 729 ad
678 701 736 729 haec
748 700 837 728 omnia
853 699 953 734 patien-

161 760 202 783 ter
224 754 334 782 ferenda
343 774 351 787 ,
376 757 509 786 tamquam
522 749 727 785 gubernatorem
741 746 777 774 ad
793 745 896 773 clavum
909 751 953 771 se-

160 803 281 834 dentem,
298 801 337 829 ita
349 801 481 828 rationem
496 805 577 834 supra
591 795 809 833 perturbationes.
819 795 882 822 istas
896 794 954 821 col-

161 849 250 881 locat,
268 854 354 882 neque
375 846 450 882 prius
463 845 571 873 absistit
589 843 714 871 omnibus
736 841 860 873 tcntatis,
875 847 954 875 quam

161 894 295 930 navigium
309 893 342 921 ad
355 892 525 928 tranquillum
536 889 709 926 philosophia:
721 893 826 924 portum
838 887 954 917 duxerit.

161 939 239 974 Quod
251 939 331 975 igitur
345 938 373 965 ﬁt
387 938 413 966 in
427 937 505 970 mari,
519 940 548 965 et
557 935 630 972 quod
643 935 670 963 in
683 938 772 962 mente
784 933 892 966 accidit,
904 932 955 960 hoe

161 992 188 1014 et
211 987 237 1014 in
259 985 427 1021 expositione
449 983 646 1019 Scripturarum
665 981 758 1010 evenit
772 989 779 1009 :
793 979 955 1008 commoveri

162 1040 275 1061 necesse
288 1037 329 1061 est
350 1039 381 1060 ac
397 1031 515 1064 turbari,
536 1034 676 1066 postquam
689 1028 716 1056 in
735 1027 843 1063 pelagus
856 1026 956 1062 egressi

163 1079 303 1112 fuerimus,
317 1085 370 1105 non
379 1076 455 1113 quod
466 1074 632 1104 formidabile
646 1074 681 1101 sit
693 1073 815 1109 pelagus,
825 1071 874 1100 sed
885 1070 956 1106 quod

163 1123 297 1159 inexperti
311 1123 395 1150 simus
414 1129 464 1150 nos
477 1122 523 1157 qui
538 1120 702 1156 navigamus.
717 1117 783 1146 Nam
797 1117 957 1150 orationem,

164 1177 225 1204 qua:
238 1176 287 1197 sua
301 1173 395 1196 natura
410 1167 447 1195 sit
463 1166 566 1198 facilis,
586 1165 621 1193 ob
635 1164 793 1199 imperitiam
806 1162 957 1190 auditorum

164 1215 301 1242 difﬁcilem
314 1214 391 1247 ﬁeri,
409 1213 525 1241 Paulum
535 1211 610 1239 vobis
622 1212 717 1237 testem
732 1209 874 1244 proferam.
890 1208 958 1236 Cum

163 1263 236 1290 enim
249 1261 386 1289 Christum
399 1260 513 1288 dixisset
533 1257 689 1287 Pontiﬁcem
711 1257 794 1284 fuisse
812 1254 957 1283 secundum

164 1308 287 1336 ordinem
301 1306 488 1338 Melchisedec.
509 1304 728 1341 quaesit‘issetque
746 1302 805 1337 quis
819 1301 959 1329 Melchise-

165 1355 216 1383 dec
229 1359 310 1387 esset,
321 1353 435 1389 adjecit:
448 1352 489 1379 De
501 1359 551 1386 quo
565 1350 672 1387 grandis
684 1349 754 1377 nobis
767 1356 849 1377 sermo
859 1369 867 1382 ,
881 1352 904 1375 et
916 1347 959 1374 iu—

166 1404 306 1436 terpretatu
317 1398 427 1434 dimouit
439 1397 532 1432 (Hebr.
545 1397 573 1425 5.
587 1396 644 1432 il).
661 1395 729 1430 Quid
743 1395 791 1428 ais,
806 1393 883 1422 beate
892 1393 958 1421 Pau-

166 1447 212 1475 le?
234 1445 330 1474 Tibine
350 1444 469 1473 difficilis
490 1447 533 1471 est
554 1443 749 1477 interpret-itu,
770 1442 815 1476 qui
829 1440 963 1476 spirituali

167 1491 251 1527 polles
265 1490 413 1526 sapientia,
428 1490 475 1525 qui
488 1495 584 1517 arcana
606 1487 687 1516 verba
709 1486 851 1520 audivisti,
867 1486 914 1522 qui
926 1486 963 1513 ad

168 1539 274 1566 tertium
294 1541 390 1572 raptim,
405 1543 436 1564 es
447 1534 568 1564 cadum?
585 1534 614 1561 Si
630 1533 677 1561 tibi
689 1532 808 1561 difﬁcilis
821 1536 865 1559 est
877 1532 961 1559 inter-

171 1588 290 1619 pretato,
312 1591 331 1610 a
348 1590 406 1618 quo
423 1582 521 1618 poterit
545 1579 755 1616 comprehendi?
769 1578 833 1607 Mihi
846 1577 962 1606 difﬁcilis

168 1635 208 1658 est
221 1629 420 1664 interpretato,
434 1627 520 1663 inquit
529 1647 537 1660 ,
552 1634 609 1655 non
620 1625 656 1654 ob
675 1632 751 1653 suam
765 1623 961 1657 difficultatem,

172 1674 219 1702 sed
231 1674 266 1702 ob
275 1674 427 1702 auditorum
438 1673 629 1701 inﬁrmitatem.
645 1671 789 1706 Postquam
801 1670 872 1698 enim
885 1669 961 1703 dixit,

171 1721 342 1756 Interpretatu
364 1720 490 1756 diﬁcit“,
512 1718 632 1752 adiunxit
652 1726 659 1745 :
679 1717 806 1750 Quoniam
826 1715 967 1744 imbecilla.

172 1768 231 1802 facti
241 1767 299 1794 esti:
310 1766 344 1794 ad
354 1765 518 1794 audiendum.
531 1764 615 1792 Vides
624 1772 681 1792 non-
688 1768 809 1791 naturam
821 1762 966 1795 sermonis,

171 1813 217 1841 sed
239 1813 391 1840 auditorum
405 1811 567 1847 imperitiam
579 1809 716 1838 difﬁcilem
729 1817 790 1837 eum
805 1808 962 1841 reddidisse,

172 1859 216 1894 qui
230 1858 348 1886 diiﬁciﬁs
361 1858 473 1886 minime
485 1857 558 1885 fuit?
576 1857 667 1892 Neque
681 1862 745 1883 vero
760 1854 894 1883 difﬁcilem
907 1859 965 1882 tan-

173 1909 240 1937 tum,
252 1904 298 1931 sed
309 1908 338 1932 et
347 1903 476 1939 grandem
488 1902 571 1930 efﬁcit
582 1910 654 1934 eum,
666 1902 709 1936 qui
724 1901 812 1928 brevis
824 1900 862 1928 sit
871 1899 968 1928 eadem

173 1956 255 1977 causa
267 1958 274 1977 ε
287 1953 452 1985 quapropter
466 1955 520 1976 non
543 1947 623 1975 modo
641 1946 777 1974 difﬁcilem
792 1945 967 1980 interpretata

174 2003 234 2022 eum
247 2002 309 2023 esse
322 1995 401 2028 dixit,
412 2001 505 2022 verum
520 1993 599 2020 etiam
613 1992 745 2027 grandem
754 2011 762 2024 ,
776 1995 803 2018 et
822 1990 967 2026 longitudi-

175 2041 217 2069 nis
226 2061 234 2073 ,
248 2044 276 2068 et
288 2039 453 2068 difﬁcultatis
467 2046 574 2067 causam
595 2037 750 2066 adscribcns
762 2036 867 2064 aurium
882 2036 968 2064 imbe-

175 2086 288 2113 cillitati.
303 2085 370 2113 Nam
385 2085 453 2114 sicut
469 2084 532 2112 dum
547 2091 636 2119 agros
646 2089 773 2111 curamus
791 2089 847 2110 non
863 2085 969 2116 oportet

175 2133 348 2161 subitaneam.
358 2136 386 2159 et
397 2135 490 2168 paratu
505 2131 609 2158 facilem
623 2136 744 2157 mensam
758 2129 812 2157 illis
822 2134 967 2163 apponere,

177 2179 225 2207 sed
238 2178 315 2205 varia.
325 2181 389 2206 sunt
402 2178 455 2204 illis
467 2176 557 2205 edulia
570 2175 698 2211 paranda,
711 2179 744 2203 ut.
754 2174 781 2202 si-
790 2178 905 2209 aegrotus
919 2172 974 2200 hoc

175 2228 284 2260 gustare
298 2223 430 2256 noluerit,
446 2223 561 2250 alterum
573 2225 661 2249 sumat
677 2227 684 2247 ί
699 2219 769 2255 quod
789 2219 814 2246 si
831 2217 898 2245 illud
916 2224 975 2245 non.

176 2269 317 2301 admittat,
333 2268 405 2296 aliud
418 2272 540 2303 acceptet
554 2276 561 2294 :
578 2271 623 2298 aut
637 2265 660 2293 si
675 2265 726 2292 hoc
740 2264 879 2299 repudiet,
894 2261 972 2290 alteri

177 2323 289 2343 manum
302 2314 421 2349 iniiciat,
436 2317 463 2341 et
481 2313 602 2340 ciborum
616 2311 743 2340 varietate
763 2309 898 2336 fastidium
911 2308 971 2335 vin-

177 2368 281 2393 camus.
297 2367 330 2387 ac
343 2359 497 2387 diversitate
511 2364 612 2385 mensae
624 2355 708 2384 animi
720 2355 778 2390 ejus
790 2352 972 2382 morositatem

178 2406 333 2441 mitigemus
345 2414 353 2433 :
365 2405 403 2432 ita
413 2411 597 2440 saepenumero
611 2403 639 2430 in
651 2401 833 2438 spiritualibus
842 2399 974 2428 conviviis

178 2457 221 2481 est
233 2450 377 2487 agendum.
391 2450 458 2479 Cum
471 2449 570 2477 inﬁrmi
584 2448 679 2480 simus,
700 2446 784 2475 multa
803 2449 832 2473 et
843 2445 917 2473 varia
931 2444 973 2471 in-

178 2497 313 2526 stituenda
321 2501 363 2525 est
372 2497 468 2530 oratio,
478 2503 538 2531 qua:
547 2494 761 2529 comparationes
770 2491 877 2525 habeat,
886 2497 975 2519 exem-

179 2544 222 2579 pla
235 2565 242 2577 ,
263 2543 524 2574 demonstrationes,
538 2540 682 2568 verborum
701 2537 829 2566 circuitus
840 2557 849 2571 ,
870 2536 974 2570 aliaque

180 2589 264 2618 multa
282 2587 433 2624 ejusmodi,
449 2592 478 2615 ut
491 2595 525 2615 ex
544 2585 669 2614 omnibus
683 2583 770 2611 facilis
788 2583 822 2610 sit
835 2581 911 2609 nobis
925 2587 975 2610 eo-

179 2643 241 2666 rum
252 2656 261 2668 ,
276 2642 337 2669 quae
352 2634 406 2661 sint
426 2632 583 2668 profutura,
605 2631 734 2658 delectus.
757 2627 901 2657 Enimvero
915 2626 977 2654 licet

180 2680 292 2715 pandis
304 2684 378 2707 esset
390 2683 469 2714 atque
489 2678 663 2712 interpretatu
677 2674 793 2702 difﬁcilis
815 2673 860 2700 ille
875 2677 976 2704 sermo,

181 2733 348 2761 nequaquam
363 2724 422 2752 illos
434 2723 556 2751 doctrina
568 2722 603 2750 de
612 2718 789 2749 Melchisedec
803 2717 916 2753 privavit
927 2715 975 2751 (α),

181 2779 244 2799 cum
260 2775 287 2798 et
307 2769 422 2797 dicendo
435 2768 561 2804 grandem
583 2767 656 2794 illum
671 2772 731 2793 esse
744 2769 823 2799 atque
843 2762 977 2796 interpre-

183 2821 244 2845 tata
252 2815 394 2844 difﬁcilem
405 2815 511 2850 illorum
523 2813 640 2842 studium
651 2810 782 2843 excitarit,
795 2815 823 2837 ut
834 2807 979 2836 alacriores

215 2894 255 2927 (α)
270 2895 313 2920 βία
324 2899 351 2920 et
363 2893 425 2919 infra
438 2893 590 2920 Colbert‘mus
605 2892 630 2917 in
641 2889 722 2916 multis
732 2889 823 2915 deﬁcit.

651 184 697 212 DE
717 178 989 212 PROPHETMRUM'
1005 177 1255 207 MStIl‘JRITATE.
1275 177 1294 207 I.

1747 180 1799 209 Ιῦϐ

1008 234 1103 263 ﬁerent
1114 235 1149 263 ad
1157 235 1317 264 audiendum
1331 243 1337 263 :
1349 239 1375 264 et
1389 234 1451 263 dum
1466 233 1519 263 illis
1530 243 1648 263 mensam
1662 236 1799 270 instruxit,

1007 288 1099 308 eorum
1113 282 1250 316 cupiditati
1266 281 1345 310 fuerit
1358 282 1532 317 obsequutus.

1041 338 1069 365 2.
1087 339 1220 373 Scriptura
1233 347 1307 366 sacra
1319 339 1444 374 quomodo
1458 340 1601 366 tractanda.
1615 339 1748 366 Auamma:
1758 347 1797 367 re-

1007 385 1119 420 darguit.
1134 385 1260 412 Adversus
1275 386 1404 413 Inzrcticos
1418 386 1450 412 de
1471 391 1567 413 a’terna
1581 385 1674 413 Christi
1693 395 1798 423 genera-

1007 431 1084 458 tione.
1097 429 1229 458 Generatio
1240 432 1315 458 etiam
1325 437 1423 460 terrena
1434 431 1527 459 CIirt'sti
1539 441 1590 460 non
1600 422 1759 469 intelligitur.
1767 450 1798 456 —

1007 479 1063 506 lloc
1077 487 1126 506 nos
1140 487 1246 514 quoque
1259 479 1386 507 faciamus
1398 488 1404 506 :
1421 480 1526 507 tametsi
1540 480 1730 515 prophetarum
1751 481 1798 508 im-

1007 531 1130 551 mensum
1148 529 1190 552 est
1201 525 1320 560 pelagus,
1331 525 1474 560 multa‘que
1485 526 1575 553 insunt
1585 525 1639 553 illic
1648 526 1800 561 voragines,

1006 569 1133 598 audacter
1156 578 1203 606 pro
1223 575 1314 598 nostra
1327 570 1396 598 virili
1410 576 1485 606 parte
1505 579 1578 599 mare
1600 571 1800 607 ingrediantur;

1007 617 1061 644 imo
1073 624 1146 648 vero.
1159 625 1212 644 non
1227 625 1275 652 pro
1288 623 1377 646 nostra
1389 618 1459 645 virili
1475 623 1562 652 parte,
1575 617 1623 646 sed
1635 622 1712 652 prout
1725 618 1801 646 nobis

1006 669 1124 697 superna
1141 664 1225 698 gratia
1244 671 1401 692 concessum
1423 664 1519 697 fuerit,
1543 672 1596 692 non
1623 665 1717 692 ﬁducia
1742 665 1800 693 freti

1006 712 1098 735 nostra
1108 728 1115 739 .
1131 708 1178 735 sed
1201 708 1376 743 procuranda:
1389 709 1511 737 utilitatis
1523 715 1619 737 vestra:
1633 717 1712 738 causa
1728 718 1802 738 mare

1007 752 1134 781 audacter
1147 754 1337 788 ingrediamur,
1353 760 1383 782 et
1395 755 1421 782 in
1436 754 1486 782 hoc
1498 762 1603 790 quoque
1617 752 1727 782 Pauium
1742 756 1801 783 imi-

1008 803 1104 826 temur.
1119 798 1195 833 Quod
1211 800 1282 827 enim
1297 800 1419 828 oratione
1432 800 1466 829 dc
1481 800 1659 828 Melchisedec
1678 800 1736 828 illos
1750 802 1800 828 mi~

1007 846 1079 874 nime
1091 846 1214 881 privarit,
1228 854 1260 873 ex
1275 846 1322 879 iis,
1333 854 1393 881 qua:
1407 851 1562 882 sequuntur,
1577 846 1718 882 intelliges.
1731 846 1802 874 Sane

1007 898 1068 918 eum
1082 891 1210 924 dixisset,
1235 891 1272 918 De
1290 899 1339 925 quo
1358 891 1462 927 grandis
1484 900 1584 924 sermo,
1599 897 1623 919 et
1636 892 1802 927 interpretata

1007 936 1116 972 difﬁcilis
1127 957 1134 969 ,
1154 936 1252 972 adjecit
1265 946 1272 964 :
1285 936 1335 964 Hic
1348 937 1416 964 enim
1429 936 1613 970 Melchisedec,
1630 945 1675 964 rea:
1683 937 1801 972 justitite,

1008 982 1099 1009 deinde
1112 987 1196 1009 autem
1216 987 1240 1010 et
1260 991 1306 1009 rea:
1318 982 1405 1010 Satem
1416 1003 1429 1017 ,γ
1444 982 1513 1018 quod
1531 987 1567 1010 est
1585 991 1630 1010 rea:
1647 983 1718 1018 pacis
1728 1002 1740 1015 ,
1750 983 1804 1010 sine

1008 1033 1097 1064 patre,
1120 1028 1174 1055 sine
1186 1033 1280 1061 matre,
1295 1028 1352 1055 sine
1362 1029 1525 1064 genealogia,
1545 1036 1624 1064 neque
1636 1028 1734 1055 initium
1746 1029 1802 1056 die-

1008 1082 1077 1108 rum,
1092 1082 1170 1110 neque
1182 1075 1240 1102 uiue
1252 1075 1329 1109 ﬁnem
1343 1075 1436 1102 habent
1448 1082 1457 1102 :
1469 1075 1622 1103 assimilatas
1639 1079 1723 1101 autem
1734 1073 1803 1101 Filio
1851 1093 1854 1095 ›

1009 1116 1058 1144 Dei
1071 1122 1154 1144 manet
1168 1117 1286 1144 sacerdos
1299 1118 1487 1153 inperpetuum
1500 1117 1599 1153 (Hebr.
1615 1117 1640 1144 7.
1657 1117 1735 1152 1-5).
1750 1118 1804 1145 An-

1010 1171 1066 1192 non
1073 1168 1176 1193 vestras
1185 1171 1265 1192 aures
1275 1163 1440 1199 perturbavit
1450 1163 1484 1191 de
1495 1163 1602 1191 homine
1611 1163 1691 1191 verba
1703 1163 1804 1190 faciens

1010 1209 1120 1243 Paulus,
1134 1217 1166 1238 ae
1178 1210 1282 1243 dicens,
1297 1209 1361 1238 Sine
1373 1215 1454 1245 patre,
1468 1210 1522 1237 sine
1533 1213 1613 1236 matre
1623 1209 1636 1236 .9
1650 1208 1718 1243 Quid
1731 1209 1802 1243 dico,

1010 1255 1045 1284 de
1060 1256 1191 1283 homine?
1211 1255 1276 1283 Nam
1289 1255 1315 1282 si
1335 1255 1386 1284 hoc
1398 1255 1433 1283 de
1445 1255 1552 1283 Christo
1565 1255 1644 1282 etiam
1659 1254 1806 1285 diceretur.

1012 1310 1101 1330 nomie
1115 1302 1154 1330 sic
1167 1302 1248 1330 etiam
1268 1302 1378 1329 multam
1393 1301 1530 1337 quaerendi
1551 1302 1719 1329 occasionem
1734 1309 1805 1336 pra:-

1012 1349 1108 1378 beret?
1129 1349 1157 1377 Si
1171 1349 1246 1377 enim
1258 1352 1300 1377 cst
1321 1349 1379 1377 sine
1401 1354 1486 1384 patre,
1509 1349 1643 1383 quomodo
1657 1349 1759 1377 Filius?
1781 1349 1805 1377 si

1012 1396 1071 1424 sine
1085 1395 1173 1429 Patre,
1188 1395 1321 1431 quomodo
1333 1395 1508 1431 Unigenitus?
1523 1395 1605 1423 Filius
1618 1395 1689 1423 enim
1703 1400 1806 1431 patrem

1013 1441 1112 1473 habere
1125 1441 1216 1475 debet,
1230 1442 1327 1477 alioqui
1342 1442 1416 1470 ﬁlius
1428 1450 1480 1469 non
1495 1442 1555 1470 crit.
1570 1442 1694 1470 Attamen
1707 1447 1735 1471 et
1748 1443 1807 1471 sine

1012 1493 1088 1524 patre
1103 1487 1187 1516 Filius
1201 1488 1247 1516 Dei
1261 1493 1313 1521 est,
1328 1493 1356 1516 et
1369 1488 1428 1516 sine
1442 1493 1541 1517 matre.
1555 1488 1614 1523 Quo
1628 1488 1734 1516 tandem
1749 1496 1807 1516 mo-

1013 1533 1070 1562 do?
1093 1533 1158 1562 Sine
1179 1538 1259 1569 patre
1276 1533 1421 1561 secundum
1443 1538 1577 1562 terrenam
1595 1535 1806 1569 generationem,

1013 1579 1072 1607 sine
1086 1583 1172 1607 matre
1184 1578 1330 1607 secundum
1342 1579 1478 1607 czelestem
1494 1588 1501 1606 :
1515 1587 1576 1606 nam
1589 1587 1676 1614 neque
1689 1580 1715 1607 in
1731 1581 1809 1608 terris

1014 1625 1106 1654 habuit
1127 1631 1248 1662 patrem,
1264 1633 1350 1661 neque
1365 1629 1479 1654 matrem
1498 1627 1524 1653 in
1540 1625 1623 1654 ca-lis.
1639 1626 1701 1654 Sine
1715 1635 1807 1661 genea-

1015 1672 1094 1708 togia.
1109 1671 1242 1705 Audiam,
1258 1673 1303 1707 qui
1325 1671 1384 1706 ejus
1404 1672 1547 1700 essentiam
1561 1671 1666 1700 curiose
1685 1676 1808 1699 scrutan-

1016 1722 1079 1745 tur:
1095 1718 1203 1745 tametsi
1224 1717 1388 1746 arbitrantur
1410 1717 1537 1752 quidam,
1559 1716 1631 1752 quod
1652 1716 1694 1744 hic
1714 1717 1811 1745 dicitur

1016 1763 1254 1800 Simrgenealogia,
1264 1764 1301 1792 ad
1311 1763 1446 1791 calestcm
1454 1763 1653 1798 generationem
1665 1762 1809 1798 pertinere.

1016 1810 1083 1838 Nam
1104 1810 1227 1838 haeretici
1244 1817 1278 1838 ne
1300 1809 1352 1837 hoc
1373 1809 1481 1845 quidem
1496 1809 1610 1837 volunt:
1626 1810 1723 1837 etenim
1737 1809 1812 1836 illam

1018 1864 1125 1892 quoque
1135 1857 1241 1884 curiose
1251 1859 1404 1884 scrutantur
1415 1860 1444 1884 et
1452 1855 1587 1891 inquirunt
1598 1864 1605 1882 ε
1617 1855 1662 1890 qui
1672 1863 1736 1882 vero
1749 1859 1812 1882 sunt

1017 1903 1090 1930 inter
1109 1902 1169 1930 illos
1190 1901 1379 1935 modestiores,
1399 1901 1437 1929 illi
1456 1901 1622 1937 generationi
1645 1901 1696 1928 hoc
1713 1908 1811 1928 conce-

1018 1949 1087 1977 dunt
1100 1957 1107 1977 :
1122 1948 1159 1976 de
1172 1952 1282 1977 terrena
1295 1955 1350 1976 non
1362 1948 1426 1976 item
1446 1947 1545 1975 dictum
1566 1947 1720 1976 existimant
1737 1947 1812 1981 illud,

1020 1995 1083 2023 Sine
1097 1994 1255 2031 genealogia.
1280 1993 1460 2022 Ostendamus
1482 1993 1563 2029 igitur
1584 1992 1635 2021 hoc
1655 1993 1689 2021 de
1704 1998 1814 2028 utraque

1020 2040 1138 2069 Patruini.
1152 2040 1328 2076 generatione
1346 2040 1462 2073 dixisse,
1478 2039 1512 2068 de
1532 2040 1631 2067 eti-testi
1646 2039 1725 2067 simul
1739 2044 1767 2067 et
1779 2039 1814 2067 de

1020 2093 1150 2117 terrena:
1167 2095 1230 2116 nam
1244 2091 1271 2114 et
1283 2086 1329 2114 illa
1341 2085 1479 2114 tremenda
1494 2090 1550 2119 est,
1572 2090 1600 2113 et
1621 2085 1679 2113 inec
1701 2086 1813 2121 mystica

1021 2135 1147 2163 maxime.
1159 2134 1305 2169 Propterea
1314 2132 1419 2160 dicebat
1429 2132 1611 2165 etiamisaias,
1623 2130 1814 2159 Generationem

1022 2182 1080 2217 ejus
1088 2181 1147 2216 quis
1155 2179 1282 2207 marrubii
1296 2178 1371 2215 (ικαὶ.
1383 2178 1427 2206 55.
1439 2178 1472 2214 8)
1482 2177 1494 2204 τ
1506 2177 1589 2212 Atqui
1598 2177 1631 2205 de
1645 2177 1690 2204 illa
1702 2177 1813 2208 cmlesti.

1024 2227 1129 2262 inquit,
1151 2225 1202 2254 hoc
1222 2225 1298 2254 dixit.
1323 2224 1392 2260 Quid
1416 2230 1481 2259 ergo
1504 2222 1586 2250 Paulo
1610 2222 1747 2253 dicemus.
1770 2222 1813 2257 qui

1024 2278 1164 2306 utramque
1185 2271 1384 2307 generationem
1407 2268 1644 2301 commemoravit,
1665 2276 1697 2295 ac
1719 2267 1817 2295 deinde

1025 2319 1100 2352 illud,
1113 2318 1175 2346 Sine
1188 2317 1344 2354 genealogia,
1359 2314 1515 2351 subjunxit?
1530 2314 1597 2342 Cum
1612 2314 1683 2342 enim
1698 2318 1760 2341 ante
1773 2313 1816 2341 di-

1024 2365 1124 2398 xisset,
1140 2364 1202 2392 Sine
1222 2368 1310 2399 patre,
1333 2362 1387 2389 sine
1406 2365 1485 2388 matre
1495 2382 1508 2394 ,,
1524 2365 1584 2395 post
1601 2359 1722 2395 adjunxit
1733 2381 1741 2392 ,
1756 2359 1819 2387 Sina

1026 2410 1191 2447 genealogia,
1206 2414 1236 2436 ut
1251 2416 1303 2436 non
1319 2407 1399 2436 modo
1411 2405 1559 2434 secundum
1576 2405 1646 2432 illam
1666 2405 1818 2440 generatio-

1026 2465 1100 2490 nem,
1121 2455 1266 2484 secundum
1280 2461 1360 2489 quam
1374 2457 1415 2481 est.
1428 2453 1486 2480 sine
1500 2455 1588 2479 matre
1598 2471 1605 2484 ,
1620 2450 1666 2478 sed
1680 2451 1759 2478 etiam
1775 2458 1819 2477 se—

1027 2502 1144 2532 cundum
1156 2502 1233 2532 hanc,
1246 2498 1393 2527 secundum
1405 2504 1485 2533 quam
1499 2502 1557 2524 erat
1571 2496 1628 2524 sine
1641 2499 1726 2530 patre,
1739 2500 1820 2523 terre-

1028 2556 1091 2576 nam
1102 2548 1174 2581 dico,
1188 2548 1247 2574 sine
1259 2544 1414 2581 genealogia
1428 2544 1514 2579 ipsum
1527 2550 1587 2571 esse
1600 2542 1703 2570 credas.
1721 2541 1822 2569 Idcirco

1028 2583 1238 2630 utraqne'posita
1260 2592 1344 2625 dixit,
1360 2591 1422 2619 Sine
1435 2589 1581 2626 genealogia
1593 2610 1601 2623 ,
1616 2596 1678 2616 nam
1693 2587 1752 2616 ltzzc
1767 2591 1822 2615 ter-

1030 2649 1096 2671 rena
1110 2639 1300 2675 comprehendi
1316 2646 1368 2666 non
1384 2642 1474 2673 potest
1483 2657 1493 2670 ,
1507 2641 1540 2664 ut
1551 2637 1577 2663 in
1600 2635 1674 2663 illam
1688 2642 1722 2662 ne
1735 2634 1822 2668 respi-

1030 2696 1092 2717 cere
1105 2687 1213 2723 quidem
1227 2686 1383 2713 andeamus.
1397 2684 1463 2711 Nam
1479 2684 1501 2711 si
1516 2682 1605 2716 templi
1618 2681 1746 2709 vestibula
1761 2685 1824 2707 sunt

1031 2734 1098 2762 adeo
1113 2731 1242 2761 terribilia
1258 2735 1285 2759 et
1305 2731 1457 2762 inaccessa,
1473 2736 1528 2764 quo
1538 2731 1616 2763 pacto
1632 2728 1658 2754 in
1674 2727 1730 2762 ipsa
1745 2725 1824 2760 adyta

1032 2784 1172 2816 penetrare
1197 2777 1257 2813 quis
1287 2775 1420 2804 audebit?
1443 2775 1569 2803 Genitum
1593 2773 1663 2801 enim
1687 2779 1720 2799 ex
1746 2771 1825 2798 Patre

1031 2815 1114 2854 fuisse
1137 2825 1193 2853 seio
1214 2833 1222 2851 :
1243 2831 1295 2859 quo
1319 2826 1413 2858 pacto.
1439 2821 1542 2849 nescio.
1567 2819 1607 2847 Ex
1625 2817 1726 2852 virgine
1750 2815 1824 2842 illum

1034 2874 1117 2904 fuisse
1136 2877 1227 2901 natum
1242 2871 1320 2903 novi;
1343 2867 1453 2896 modum
1474 2871 1563 2894 autem
1597 2871 1631 2892 nc
1653 2863 1696 2891 hic
1717 2860 1823 2896 quidem
