2046 3123
242 163 292 192 16⁵1

240 229 378 258 assequar.
394 220 461 249 Nam
476 221 613 257 utriusque
626 225 728 249 natura:
749 219 949 256 generationem
965 226 1030 247 eon-

242 270 365 300 ﬁtemur,
378 271 407 295 et
419 267 556 302 utriusque
570 266 677 299 modum
693 272 822 294 tacemus.
843 265 875 293 Et
889 265 958 292 sicut
971 271 1031 291 cum

241 315 275 342 de
290 314 391 350 virgine
405 314 502 349 agitur,
517 313 566 341 etsi
579 313 669 340 nescio
684 320 736 347 quo
750 316 826 347 pacto
838 311 873 338 sit
886 318 918 338 ex
931 311 1024 346 virgini

240 365 398 396 generatus,
421 364 591 394 tamen,eum
612 362 766 393 generatum
789 357 870 384 fuisse
892 355 1032 388 conﬁteor,

241 413 292 434 nec
312 413 367 433 rem
389 404 454 432 tollo
468 408 577 440 propter
596 403 772 439 ignorantiam
787 401 859 429 modi
874 411 881 429 ζ
897 402 932 429 ita
948 400 990 427 fac
1005 405 1032 427 tu

241 459 358 487 quoque,
372 458 432 478 cum
445 450 479 478 de
493 450 572 478 Patre
584 450 670 485 agitur
684 458 691 476 :
708 448 885 486 licellnescias
899 447 1032 483 quomodo

243 497 326 525 Filius
348 497 382 524 sit
400 496 523 532 genitus,
547 503 608 523 eum
630 495 710 523 fuisse
729 494 846 530 genitum
869 493 997 520 conﬁtere
1011 493 1030 519 ι.

241 543 317 577 Quod
330 543 352 570 si
365 542 464 570 dixerit
478 542 524 570 tibi
540 541 681 569 hmreticus
691 562 698 574 ,
712 539 853 574 Quomodo
870 539 975 574 genitus
991 541 1033 565 est

240 596 273 616 ex
287 589 365 616 Patre
384 588 489 615 Filius?
511 591 627 615 mentem
649 586 709 621 ejus
731 586 757 613 in
782 589 879 613 terram
901 584 1030 619 deprime,

239 640 320 670 atque
334 634 370 661 illi
381 633 463 660 dicito
477 643 484 661 :
500 632 637 660 Descende
651 632 685 659 de
697 632 781 664 caelis,
797 638 828 658 ac
843 630 906 658 mihi
920 629 1032 657 demon-

239 685 294 707 stra
304 701 311 712 ,
325 678 460 714 quomodo
474 686 507 706 ex
519 678 624 713 virgine
643 678 678 705 sit
697 682 787 710 natus,
803 680 911 710 tumque
930 675 974 702 illa
987 681 1031 701 me

239 733 312 760 roga.
325 725 421 753 Retine
436 725 521 756 illum,
537 728 566 751 et
578 724 717 751 obsessum
732 730 807 758 urge,
822 728 910 757 neque
927 720 1031 748 resilire

238 771 319 798 sinito
334 775 379 798 aut
399 770 426 798 in
442 769 622 806 labyrinthum
639 768 870 795 ratiocinationum
892 773 921 793 se
943 764 1030 799 prori-

240 823 304 850 pere
318 824 324 842 :
337 823 430 843 verum
443 815 540 848 retine,
548 821 575 844 et
584 815 730 850 strangula,
742 820 794 840 non
806 819 897 844 manu,
910 810 956 838 sed
970 817 1031 837 ora-

239 862 327 894 tione;
344 870 378 889 ne
391 861 577 888 distinctiones
598 860 636 887 illi
650 864 677 887 et
695 858 791 893 effugia
809 856 957 889 concedas,
971 863 1030 891 qute

238 907 322 942 cupit.
337 907 404 934 llinc
418 907 447 933 ﬁt
459 910 487 933 ut
499 913 546 933 eos
558 905 713 941 perturbent
727 909 754 932 et
763 906 958 935 eommoveant,
972 901 1031 936 qui-

239 954 350 981 buscum
365 953 511 988 disputant,
527 951 596 986 quod
612 958 661 978 nos
673 950 727 978 illis
740 950 927 985 obsequantur,
944 955 1030 982 neque

238 1007 286 1026 eos
296 999 329 1026 ad
344 1005 479 1027 sacrarum
491 998 689 1033 Scripturarum
704 996 775 1031 leges
787 995 933 1029 adigamus.
947 993 1031 1021 Undi-

237 1053 289 1080 que
312 1044 391 1079 igitur
415 1044 452 1071 illi
475 1050 582 1077 rnurum
603 1050 635 1070 ex
656 1041 815 1069 testimoniis
831 1040 1027 1074 Scripturarum

237 1097 360 1125 oppone,
375 1097 406 1116 ac
424 1097 458 1116 ne
474 1088 576 1116 hiscere
590 1086 697 1123 quidem
714 1086 821 1122 poterit.
837 1085 884 1112 Dic
899 1084 955 1118 illi,
970 1083 1029 1117 Quo

238 1140 316 1170 pacto
337 1143 370 1163 ex
393 1135 495 1170 virgine
517 1139 594 1161 natus
613 1134 675 1161 est?
699 1141 752 1160 non
775 1133 920 1164 absistam,
942 1137 1029 1165 neque

238 1180 372 1209 recedam.
396 1181 474 1215 Atqui
498 1179 606 1207 modum
627 1178 700 1206 effari
721 1186 773 1206 non
795 1170 904 1213 pot‘crit,
925 1176 1029 1203 tametsi

238 1227 311 1255 omni
330 1235 380 1262 ope
393 1231 544 1261 conatuquc
557 1225 709 1253 contendat.
723 1225 790 1252 Cum
804 1224 874 1251 enim
891 1223 960 1250 Deus
980 1229 1029 1249 oc-

237 1272 358 1305 cluserit,
371 1271 431 1306 quis
440 1271 494 1306 jam
507 1271 658 1298 reserabit?
671 1270 733 1297 Sola
746 1269 797 1297 fide
808 1268 907 1304 percipi
918 1271 1030 1303 possunt

238 1318 312 1345 talia.
327 1317 403 1350 Quod
415 1317 437 1344 si
453 1324 506 1343 non
520 1316 685 1351 acquiescas,
697 1315 744 1342 sed
758 1315 874 1342 rationes
886 1313 1028 1349 disquiras,

238 1363 331 1390 iisdem
354 1366 379 1390 te
392 1362 495 1394 verbis,
516 1361 612 1396 quibus
628 1360 801 1388 Nicodemum
814 1359 946 1392 Christus,
962 1358 1028 1385 aifa-

238 1410 287 1436 bor
299 1418 305 1435 :
323 1409 353 1436 Si
368 1414 465 1435 terrena
479 1408 532 1434 dixi
547 1408 632 1440 vobis,
646 1412 669 1434 et
684 1416 734 1434 non
747 1407 857 1439 creditis,
870 1405 995 1441 quomodo
1007 1404 1029 1432 si

238 1455 327 1481 dixero
341 1454 408 1480 vobis
423 1453 545 1486 cwlestia,
558 1453 664 1480 credetis
679 1453 766 1487 (Joun.
782 1453 808 1480 3.
824 1452 894 1487 12)?
909 1452 945 1478 De
957 1451 1027 1478 nati-

238 1500 320 1526 vitatc
333 1499 388 1526 dixi
402 1506 434 1526 ex
447 1498 560 1533 virgine,
573 1506 659 1534 neque
673 1498 754 1531 nosti,
766 1505 850 1532 neque
863 1498 966 1524 hiscere
979 1504 1028 1524 auo

238 1546 303 1578 des,
326 1550 352 1572 et
372 1545 466 1572 crelum
481 1545 586 1572 curiose
608 1543 758 1571 scrutaris?
778 1543 866 1578 Atque
887 1542 987 1570 utinam
1002 1542 1027 1570 in

238 1591 332 1617 cazlum
344 1611 352 1623 ,
366 1595 392 1618 et
406 1598 458 1617 non
474 1591 500 1617 in
520 1590 659 1617 Dominum
672 1589 730 1617 czcli
751 1591 855 1618 curiose
870 1589 1027 1624 inquirercs.

239 1637 270 1664 Si
284 1642 381 1663 terrena
395 1636 449 1663 dixi
470 1635 554 1669 vobis,
573 1640 595 1663 et
614 1644 665 1662 non
680 1635 792 1662 creditis.
815 1634 873 1662 Non
889 1634 975 1667 dixit,
997 1634 1030 1661 Et

240 1690 291 1708 non
308 1680 522 1716 persuademini,
542 1681 589 1708 sed
599 1701 606 1713 ,
624 1680 684 1708 Non
696 1681 813 1712 creditis,
828 1687 880 1715 quo
894 1680 977 1708 verbo
991 1679 1029 1707 si-

238 1727 345 1762 gniﬁcat
360 1731 465 1754 terrena
479 1726 560 1753 etiam
578 1726 630 1753 ﬁde
647 1726 775 1761 indigere.
797 1725 873 1758 Quod
887 1725 909 1752 si
924 1730 1030 1752 terrena

240 1773 291 1800 ﬁde
307 1772 443 1807 indigent,
460 1772 543 1798 multo
556 1772 640 1806 magis
652 1771 778 1798 caelestia.
792 1771 956 1805 Quamquam
972 1774 1029 1797 tum

239 1818 384 1845 Nicodemo
397 1817 431 1844 de
445 1821 521 1851 partu
536 1817 619 1844 multo
641 1817 737 1844 minori
752 1817 908 1852 loquebatur
924 1824 931 1842 :
945 1815 1029 1851 siqui-

240 1865 301 1891 dem
316 1865 348 1891 de
363 1863 495 1898 baptismo
508 1870 598 1891 sermo
610 1867 678 1896 erat,
692 1863 765 1891 etde
777 1863 907 1898 spirituali
920 1870 1031 1898 regene-

241 1911 345 1938 ratione
360 1919 366 1935 :
381 1910 428 1937 sed
443 1910 499 1937 haec
512 1918 617 1945 quoque
632 1909 683 1938 ﬁde
696 1909 947 1945 comprehendenda
959 1909 1031 1936 dice-

242 1957 295 1983 bat.
315 1956 448 1983 Carterum
465 1960 568 1983 terrena
585 1957 628 1983 illa
642 1956 754 1989 vocavit,
769 1963 822 1983 non
837 1955 908 1991 quod
925 1959 1030 1983 terrena

241 2002 304 2033 sint.
321 2001 367 2028 sed
387 2002 456 2036 quod
471 2002 642 2036 perficiantur
660 2002 687 2029 in
701 2007 780 2034 terra,
794 2006 821 2029 et
833 2001 903 2036 quod
918 2001 939 2029 si
955 2009 1029 2029 com-

242 2053 370 2082 parentur
381 2055 441 2074 cum
455 2055 568 2082 superna
580 2048 623 2074 illa
636 2053 663 2075 et
676 2048 800 2075 ineffabili
812 2047 957 2079 nativitate,
971 2054 1031 2083 quae

241 2100 357 2122 mentem
371 2101 476 2122 onmem
492 2099 643 2129 exsuperat,
659 2094 717 2121 htec
732 2099 836 2122 terrena
848 2094 911 2122 sint.
923 2094 950 2122 Si
966 2100 1030 2129 ergo

243 2141 300 2167 ﬁeri
319 2148 371 2167 non
395 2144 501 2175 potest,
527 2146 554 2167 ut
576 2140 658 2167 sciam
680 2148 732 2175 quo
755 2144 832 2175 pacto
852 2148 976 2168 renascar
996 2147 1031 2168 ex

240 2186 327 2220 aquis,
343 2185 389 2212 scd
405 2185 456 2212 ﬁde
468 2186 523 2213 sola
543 2193 587 2213 res
608 2185 651 2213 illa
665 2186 791 2221 capienda
804 2190 854 2218 est,
870 2193 956 2221 neque
970 2193 1030 2213 mo-

240 2231 291 2258 dus
308 2231 413 2258 curiose
433 2231 590 2258 scrutandus
605 2234 731 2266 squama:
752 2233 830 2259 fuerit
851 2232 900 2260 hoc
920 2233 1031 2260 insania:

243 2279 275 2303 ad
290 2277 499 2312 iurestigandam
514 2278 647 2304 cmlcstem
668 2278 793 2313 unigeniti
809 2278 867 2306 Filii
882 2278 1032 2314 generatio-

242 2331 302 2350 nem
316 2323 490 2358 cogitationes
502 2323 633 2350 humanas
651 2323 807 2357 admittere,
830 2332 861 2352 ac
874 2324 964 2358 modi,
978 2332 1031 2360 quo

241 2367 309 2395 facta
324 2368 372 2400 sit,
387 2369 516 2396 rationem
531 2368 660 2404 citigere?

276 2413 303 2439 5.
329 2412 404 2440 Vetus
418 2413 605 2441 Testamentum
614 2414 756 2442 obscurum.
771 2414 821 2442 Cur
834 2415 946 2444 obscura:
958 2423 1031 2444 erant

242 2458 503 2493 prophetia—Satis
518 2460 596 2494 igitur
609 2460 818 2488 demonstratum
832 2465 873 2488 est
884 2469 937 2496 quo
953 2466 1031 2496 pacto

241 2503 298 2530 sine
310 2508 385 2538 patre
395 2511 427 2530 ac
439 2505 497 2532 sine
509 2511 594 2532 matre
614 2506 648 2532 sit
669 2506 820 2541 unigenitus
836 2506 880 2533 Dei
895 2506 988 2538 Filius,
1003 2511 1030 2534 et

240 2555 294 2582 quo
315 2554 391 2582 pacto
414 2549 472 2576 sine
494 2551 647 2585 genealogia
670 2551 815 2578 secundum
835 2556 973 2586 utramque
985 2559 1031 2586 ge-

241 2594 406 2621 nerationem
423 2603 430 2620 :
445 2595 579 2630 reliquum
598 2600 640 2623 est
654 2602 682 2623 ut
705 2596 738 2623 ad
759 2596 784 2623 id
803 2596 873 2631 quod
895 2596 975 2625 instat
989 2604 1031 2623 re-

241 2638 361 2672 deamus,
386 2645 525 2676 postquam
550 2649 701 2669 sermonem
723 2642 757 2669 de
783 2642 961 2670 Mclehisedec
1002 2643 1028 2670 in

272 2717 281 2732 ¹
301 2716 390 2747 Melius,
403 2719 427 2742 ni
440 2717 518 2750 fallor,
530 2718 666 2750 legeretur.
677 2719 868 2750 assentientibus
879 2720 951 2744 etiam
967 2721 1030 2745 sari-

242 2745 274 2771 lio
287 2751 313 2782 et
324 2745 427 2782 Ital-shy,
445 2748 499 2774 licet
511 2745 609 2782 "nescius
624 2745 740 2782 quomodo
758 2749 836 2781 ﬁlium
845 2750 962 2782 genuerit,
975 2757 1030 2775 eum

240 2778 349 2813 magno
357 2779 477 2810 con/itere.
491 2784 546 2804 Nam
564 2780 603 2804 hic
622 2778 654 2804 de
667 2784 735 2813 Patre
751 2778 839 2811 agitur.
845 2778 878 2805 "ut
888 2781 960 2812 paulo
971 2786 1030 2807 ante

240 2812 272 2832 de
284 2809 384 2842 Yirgine
396 2814 482 2834 matre.
495 2812 574 2835 Lectio
585 2816 665 2842 tamen
684 2811 760 2836 altera
767 2809 830 2836 terti
843 2809 913 2842 posse
923 2812 1029 2842 videtur,

241 2843 266 2872 et
278 2838 383 2870 alioduin
392 2842 497 2865 omnium
510 2841 686 2872 exemplarium
705 2838 849 2866 auctoritate
860 2843 985 2871 asseritur.
999 2838 1028 2867 il:

237 2869 340 2900 Iamque
348 2872 431 2902 probat
443 2876 546 2898 Joannes
555 2869 645 2897 Boisius
657 2873 679 2897 in
692 2874 754 2898 uotis
767 2872 889 2897 saviliauis
897 2880 922 2904 p.
935 2869 989 2898 857'.

589 162 617 191 S.
636 160 775 191 JOANNIS
791 159 1029 189 CIIRYSOSTOMI
1048 159 1206 188 ARCHIEP.
1225 159 1492 190 CONSTANTINOP.

1830 164 1882 193 {68

1088 217 1203 247 iterum
1218 218 1287 246 diem
1303 219 1454 254 rejccimus,
1468 226 1499 246 ac
1514 218 1667 254 prophetica
1686 219 1826 255 mnigmala
1835 229 1884 249 au-

1087 263 1168 290 dituri
1190 271 1207 291 ιι
1221 268 1309 291 istram
1324 265 1498 291 attentionem
1513 263 1669 292 excitemus.
1690 264 1798 293 Similes
1809 266 1881 294 enim

1087 313 1151 336 sunt
1173 309 1357 344 mnigmatibus
1386 317 1524 337 sermones
1551 310 1712 345 prophetici,
1739 311 1882 347 multisque

1085 353 1287 382 difﬁcultatibus
1297 354 1438 389 obseptum
1453 359 1494 382 est
1508 354 1589 382 Vetus
1600 354 1800 383 Testamentum
1811 377 1819 388 ,
1834 364 1881 385 ne-

1085 407 1138 435 que
1155 400 1245 428 faciles
1271 401 1409 428 intellectu
1425 406 1485 428 Sunt
1501 401 1560 429 libri
1574 409 1582 428 :
1596 400 1697 429 Novum
1711 407 1799 430 autem
1812 403 1880 431 dllu-

1086 445 1172 473 cidius
1194 451 1236 474 est
1258 451 1285 474 et
1305 446 1417 474 facilius.
1446 447 1563 482 Ecquam
1578 447 1685 475 tandem
1707 448 1742 475 ob
1758 456 1879 481 causam,

1085 491 1156 519 dicet
1168 492 1273 528 aliquis,
1292 492 1349 520 lucc
1363 492 1398 520 ita
1413 497 1475 520 sunt
1496 495 1651 527 constituta,
1671 494 1733 522 licet
1754 495 1788 522 de
1800 496 1882 523 rebus

1085 538 1194 573 majoris
1208 539 1335 565 momenti
1350 543 1443 573 agatur
1457 539 1482 566 in
1495 538 1581 572 Novo,
1597 540 1631 567 de
1643 548 1725 575 regno
1740 541 1878 574 caelorum,

1084 583 1119 611 de
1130 584 1325 612 resurrectione
1338 593 1491 620 corporum,
1500 591 1527 613 et
1538 586 1715 614 ineﬁ'abilibus
1727 587 1778 615 illis
1789 587 1876 620 bonis,

1085 637 1143 664 qua:
1158 633 1184 656 et
1193 629 1335 657 humanam
1357 635 1473 658 mentem
1485 631 1617 658 excedunt
1631 631 1643 658 ἵν
1656 631 1724 665 Quid
1747 632 1827 667 igitur
1849 633 1877 660 in

1084 682 1174 707 causa,
1188 680 1216 702 ut
1227 675 1347 702 obscura:
1361 676 1415 703 sint
1427 676 1572 711 prophetia:
1583 677 1594 704 ?
1607 677 1689 704 Multa
1701 677 1801 705 Judmis
1816 678 1877 705 isne

1083 719 1152 747 mala
1167 720 1322 756 prmdicunt,
1336 729 1367 749 ac
1381 721 1439 749 fore
1452 726 1481 749 ut
1493 723 1634 756 ejiciautur
1646 723 1692 755 illi,
1705 731 1754 750 nos
1762 724 1876 758 recipia-

1084 772 1154 797 mur,
1174 769 1203 792 ut
1213 764 1340 799 templum
1349 768 1495 797 evertatur,
1504 771 1553 791 nec
1561 764 1677 799 amplius
1684 765 1826 797 excitetur,
1848 771 1877 795 ut

1083 810 1226 837 concidant
1247 810 1430 846 Jerosolyma,
1443 814 1471 838 et
1481 810 1605 838 omnibus
1623 810 1677 838 sint
1691 811 1782 846 pervia
1798 821 1804 838 :
1819 817 1875 839 tum

1083 863 1147 883 vero
1159 855 1245 883 Judaei
1261 856 1403 883 errabundi
1416 877 1423 888 ,
1447 864 1496 891 per
1508 857 1660 884 universum
1682 857 1774 885 orbem
1790 861 1875 885 terra-

1084 909 1142 929 rum
1157 901 1355 937 dispergantur,
1381 910 1412 931 ac
1436 904 1545 931 civitate
1569 904 1700 936 destituti,
1723 912 1758 931 ne
1770 909 1876 932 veteres

1083 948 1190 983 quidem
1204 949 1271 976 ritus
1284 950 1426 983 retineant,
1450 950 1497 977 sed
1513 957 1607 978 omnes
1630 950 1682 977 illis
1697 957 1740 978 res
1755 950 1874 986 ipsorum

1083 995 1188 1028 priores
1209 994 1374 1027 auferantur.
1402 995 1560 1031 prophetiae,
1581 996 1721 1030 sacriﬁcia,
1751 997 1876 1024 sacerdo-

1083 1040 1158 1072 tium,
1173 1044 1200 1067 et
1213 1048 1335 1075 regnum.
1351 1040 1442 1076 Neque
1456 1049 1519 1068 vero
1528 1045 1629 1068 tantum
1645 1042 1705 1076 ista,
1721 1042 1767 1069 sed
1783 1047 1809 1069 et
1823 1043 1875 1070 alia

1082 1084 1165 1111 multa
1179 1085 1310 1120 ejusmodi
1324 1085 1502 1120 prmdicebant
1512 1086 1659 1121 prephctm,
1674 1086 1737 1115 dum
1750 1087 1874 1114 innume-

1082 1137 1125 1157 ras
1140 1130 1196 1158 suis
1218 1131 1292 1158 libris
1315 1130 1457 1166 tragcedias
1481 1131 1673 1160 immiscerent.
1699 1132 1737 1160 Ne
1751 1133 1831 1168 igitur
1841 1133 1875 1160 ab

1082 1175 1157 1202 initio
1172 1175 1256 1203 Judmi
1269 1175 1411 1204 manifeste
1426 1177 1484 1204 haec
1497 1177 1646 1211 audientes,
1669 1184 1716 1204 eos
1741 1178 1876 1205 interfice-

1082 1221 1198 1256 rentqui
1221 1221 1278 1248 lucc
1300 1221 1436 1254 dicebant,
1463 1221 1691 1257 interpretationis
1715 1222 1874 1250 difﬁcultate

1083 1267 1270 1301 praedictiones
1285 1268 1462 1299 occultaruut,
1477 1275 1508 1296 ac
1520 1268 1602 1295 multa
1617 1269 1780 1296 obscuritate
1792 1270 1873 1297 rebus

1081 1311 1177 1345 oﬂ'usa,
1192 1319 1240 1346 per
1250 1319 1343 1339 eorum
1357 1320 1415 1347 qua:
1431 1313 1590 1340 dicebantur
1600 1313 1792 1341 obscuritatem
1807 1323 1868 1349 pro-

1083 1357 1223 1392 phetarum
1248 1357 1425 1386 incolumitati
1451 1359 1652 1387 consuluerunt.
1668 1360 1745 1388 Unde
1760 1368 1824 1388 vero
1846 1362 1873 1389 id

1082 1403 1208 1430 censtat?
1221 1403 1351 1431 Rationes
1364 1404 1435 1432 enim
1449 1411 1463 1431 a
1477 1404 1554 1432 nobis
1567 1405 1709 1433 reddenda:
1720 1411 1792 1439 sunt,
1806 1411 1874 1434 tam-

1081 1448 1131 1475 etsi
1147 1448 1215 1475 intcr
1228 1450 1329 1477 amicos
1341 1449 1423 1477 verba
1439 1450 1550 1478 facimus
1566 1459 1573 1478 :
1586 1451 1716 1486 siquidem
1732 1453 1806 1480 multi
1817 1452 1872 1480 for-

1082 1494 1160 1521 tassis
1178 1494 1274 1522 adsunt
1310 1503 1362 1523 non
1383 1495 1472 1523 amici.
1500 1496 1607 1523 Discant
1627 1497 1708 1532 igitur
1723 1497 1779 1525 hmo
1792 1499 1874 1526 etiam

1082 1538 1130 1572 illi,
1145 1544 1172 1566 ut
1186 1543 1213 1566 et
1227 1540 1305 1567 amici
1327 1540 1376 1575 ipsi
1401 1541 1476 1568 ﬁant.
1490 1542 1559 1573 Dixi,
1569 1543 1592 1569 si
1609 1542 1694 1570 Judaei
1708 1543 1876 1571 audivissent

1082 1584 1161 1616 mala,
1187 1592 1247 1620 quze
1274 1586 1501 1620 eomprehcnsura
1524 1587 1584 1614 illos
1599 1591 1690 1619 erant.
1707 1595 1738 1615 ac
1760 1588 1825 1620 fore,
1846 1594 1875 1616 ut

1082 1633 1191 1664 propter
1200 1629 1335 1658 Christum
1349 1632 1540 1660 exscindantur
1552 1632 1719 1669 Jerosolyma
1736 1635 1761 1661 in
1778 1642 1874 1669 perpe-

1083 1678 1168 1708 tuum,
1194 1682 1244 1703 nec
1264 1684 1390 1711 umquam
1415 1678 1531 1712 amplius
1554 1679 1744 1713 instaurentur,
1773 1680 1830 1708 lnec
1852 1681 1875 1708 si

1082 1720 1223 1755 perspicue
1237 1728 1251 1747 a
1262 1722 1401 1756 prophetis
1416 1723 1589 1756 audivissent,
1599 1725 1739 1752 confestim
1754 1733 1812 1758 eos,
1828 1726 1875 1761 qui

1083 1766 1140 1793 haec
1151 1766 1336 1801 loquebantur,
1353 1768 1524 1796 occidissent.
1540 1769 1616 1797 Unde
1632 1770 1711 1805 igitur
1726 1771 1751 1798 id
1768 1771 1850 1806 liquet
1863 1771 1876 1797 ?

1083 1812 1200 1840 Primum
1215 1813 1321 1848 quidem
1344 1821 1375 1841 ex
1401 1815 1519 1849 ipsorum
1538 1816 1677 1844 moribus:
1693 1817 1784 1845 furiosi
1802 1819 1876 1845 enim

1083 1863 1160 1886 erant
1171 1866 1202 1886 ae
1213 1860 1333 1887 belluini.
1350 1860 1467 1896 Populus
1484 1866 1526 1889 est
1539 1869 1645 1897 semper
1657 1864 1752 1891 sitiens
1767 1863 1875 1898 sangui-

1083 1911 1144 1931 nem
1156 1905 1357 1940 prophetarum,
1372 1914 1467 1934 manus
1485 1915 1578 1935 eorum
1594 1909 1620 1935 in
1636 1909 1755 1936 cmdibus
1769 1916 1798 1937 se
1808 1917 1876 1936 san-

1083 1953 1185 1977 ctorum
1201 1956 1386 1979 exercuerant.
1401 1952 1463 1980 llaec
1473 1953 1601 1981 adversus
1612 1954 1672 1982 illos
1683 1962 1792 1990 magnus
1802 1955 1876 1983 Elius

1083 1995 1243 2024 vociferatur
1261 1997 1355 2025 dicens
1375 2007 1382 2025 :
1404 1998 1520 2031 Domine.
1543 1999 1680 2035 prophetas
1695 2005 1749 2027 tuos
1776 2001 1876 2028 occide-

1083 2047 1152 2075 runt,
1165 2042 1257 2069 altaria
1268 2048 1310 2069 tua
1323 2043 1453 2070 diruerant
1469 2045 1478 2080 (
1491 2045 1518 2072 5.
1531 2045 1593 2079 Reg.
1614 2045 1656 2073 19.
1669 2046 1704 2073 10
1717 2047 1738 2082 ).
1753 2046 1876 2075 Christus

1084 2087 1190 2121 iterum,
1206 2087 1357 2122 Jerusalem,
1369 2089 1525 2124 Jerusalem,
1543 2100 1598 2127 quia
1612 2093 1704 2120 occidit
1726 2094 1875 2128 prophetas,

1083 2139 1107 2162 et
1120 2134 1217 2170 Iapidat
1227 2143 1278 2168 eos,
1290 2136 1333 2171 qui
1343 2136 1377 2162 ad
1387 2137 1468 2172 ipsam
1487 2138 1556 2164 missi
1569 2143 1626 2165 siml
1640 2139 1746 2174 (Matth.
1758 2140 1803 2167 ‘25.
1817 2141 1874 2175 37).

1085 2180 1119 2208 Et
1130 2180 1211 2208 Isaias
1221 2182 1330 2210 eosdem
1351 2190 1481 2210 accusans
1493 2184 1534 2211 his
1549 2192 1694 2213 consonam
1709 2193 1801 2214 vocem
1814 2188 1876 2214 mit-

1084 2231 1144 2254 tens
1162 2228 1214 2255 ait:
1228 2227 1321 2255 Manus
1332 2233 1419 2256 vestrm
1438 2229 1519 2265 plenae
1528 2235 1586 2257 sunt
1600 2231 1723 2265 sanguine
1742 2234 1750 2266 (
1763 2231 1826 2259 lsai.
1846 2233 1874 2260 Ι.

1085 2274 1141 2308 15).
1157 2273 1190 2301 Et
1201 2281 1293 2301 rursus
1305 2274 1426 2302 Christus
1443 2283 1450 2301 :
1467 2274 1558 2302 Patres
1572 2277 1646 2303 vestri
1659 2277 1804 2304 occiderant
1813 2286 1875 2312 pro-

1084 2319 1182 2354 phetas,
1195 2327 1237 2346 vos
1252 2324 1334 2346 autem
1352 2319 1464 2355 ipsorum
1483 2321 1617 2355 a'dificatis
1631 2328 1794 2349 monumenta
1809 2331 1818 2349 :
1832 2323 1876 2349 im-

1084 2365 1149 2399 plete
1159 2373 1302 2391 mensuram
1316 2370 1415 2400 patrum
1426 2371 1562 2393 vestrorum
1572 2366 1679 2402 (.ilattlt.
1694 2367 1739 2394 25.
1755 2368 1785 2394 5|
1794 2387 1801 2393 .
1817 2368 1876 2403 52).

1083 2410 1164 2439 Vides
1188 2415 1218 2438 ut
1240 2417 1267 2438 et
1288 2411 1416 2439 Dominus
1430 2417 1457 2439 et
1471 2412 1540 2439 servi
1566 2412 1712 2440 homicidas
1733 2413 1794 2440 illos
1815 2421 1878 2441 esse

1084 2457 1233 2484 teSIcntur?
1246 2457 1313 2490 Quid
1326 2461 1367 2485 est
1377 2463 1476 2490 autem,
1493 2458 1600 2493 lmplele
1614 2466 1756 2486 mensuram
1774 2463 1878 2493 patrum

1083 2503 1240 2530 vestrorum?
1253 2503 1292 2530 Me
1306 2511 1424 2538 quoque,
1439 2504 1534 2538 inquit,
1550 2503 1664 2532 decidito
1679 2513 1685 2530 :
1699 2504 1806 2539 adjicitc
1819 2511 1878 2532 ser-

1083 2556 1176 2575 vorum
1191 2548 1308 2575 ca‘dibus
1322 2556 1413 2576 necem
1431 2549 1545 2576 Domini.
1559 2549 1632 2577 Licet
1643 2550 1713 2577 enim
1725 2550 1798 2578 mille
1809 2551 1879 2578 occi-

1083 2593 1172 2620 derint
1196 2593 1329 2625 homines,
1355 2599 1382 2620 at
1403 2601 1548 2622 conservos
1570 2601 1664 2621 omnes
1689 2603 1696 2620 :
1724 2602 1784 2621 cum
1811 2603 1878 2623 vero

1083 2643 1175 2666 contra
1190 2638 1330 2666 Dominum
1353 2646 1448 2667 manus
1472 2639 1667 2672 extenderunt,
1683 2644 1745 2668 tunc
1767 2641 1878 2675 impleta

1083 2693 1206 2712 mensura
1220 2691 1260 2712 est
1274 2695 1281 2713 :
1297 2691 1324 2712 et
1344 2686 1449 2713 merito.
1475 2686 1606 2719 Quamdiu
1636 2687 1707 2713 enim
1734 2687 1879 2714 Dominum

1083 2740 1135 2759 non
1147 2732 1314 2765 occiderunt,
1329 2740 1404 2768 spem
1423 2732 1516 2759 salutis
1530 2732 1689 2765 habuerunt,
1711 2737 1738 2760 et
1753 2737 1783 2759 ut
1796 2733 1879 2760 adve-

1083 2779 1159 2806 niens
1171 2786 1255 2813 agnus
1271 2779 1316 2806 Dei
1330 2783 1438 2813 peccata
1454 2778 1544 2805 mundi
1558 2778 1672 2811 tolleret,
1688 2782 1880 2812 exspectarent

1083 2824 1173 2859 (Joun.
1190 2825 1215 2851 1.
1227 2823 1274 2860 ‘29)
1290 2833 1297 2852 ε
1312 2829 1452 2859 postquam
1467 2829 1555 2850 autem
1578 2824 1711 2850 medicum
1732 2823 1877 2851 interfece-

1084 2874 1154 2904 ruut,
1168 2874 1192 2898 et
1207 2870 1232 2897 in
1240 2869 1449 2905 propitiatorium
1465 2869 1549 2905 ipsum
1557 2868 1742 2896 contumeliosi
1757 2868 1876 2903 fuerunt,
