2072 3123
222 130 277 160 ΊἫ

229 189 341 224 quadam
358 189 413 217 lucc
432 189 512 217 verba
530 191 646 225 protulit,
665 199 697 218 ne
713 190 780 218 forte
794 190 916 218 dicerent
928 190 1019 225 aliqui,

229 235 354 263 Pro-dixit
377 235 457 268 Deus,
478 240 504 262 et
520 237 627 263 omnino
642 237 751 264 evenire
765 236 906 270 oportebat
924 245 930 263 :
949 237 1021 271 quod

227 282 260 309 de
274 282 341 309 Juda
357 282 445 310 solent
459 283 559 310 dicere.
576 283 712 315 Pra-dixit,
729 283 861 317 inquiunt,
880 291 940 310 cum
957 291 1021 318 pro-

227 328 341 355 ditorem
367 328 494 361 futurum,
509 332 536 356 et
558 329 658 355 idcirco
680 328 799 363 proditor
825 328 909 356 factus
931 333 972 356 est
993 328 1024 356 Ὀ

226 374 405 401 dementiam!
422 382 438 401 ο
450 374 657 408 impudentiam!
675 373 767 409 Neque
786 374 857 401 enim
875 374 1019 409 prmscieth

220 420 260 446 tia
277 420 383 447 malitia:
396 427 475 447 causa
487 419 545 453 fuit,
562 419 598 447 nti
612 419 693 447 homo
707 428 714 446 :
728 419 806 447 absit.
821 420 878 447 Non
894 421 964 447 enim
977 428 1019 447 te-

226 467 275 495 bus
292 466 387 495 futuris
400 467 478 494 allert
490 467 686 500 necessitatem,
701 466 747 494 sed
764 467 890 501 praevidet
905 471 1017 494 tantum.

190 504 194 507 ’
224 513 282 541 Non
298 515 357 549 quia
373 513 494 548 prmdixit
515 512 644 546 Christus,
661 513 744 540 lactus
764 517 805 539 est
820 512 939 547 proditor
955 512 1017 544 ille;

224 560 271 586 sed
285 561 345 595 quia
357 559 476 594 proditor
490 559 593 586 futurus
603 563 670 592 erat,
681 558 802 586 Christus
815 558 912 585 idcrco
924 558 1019 593 pranli-

223 606 271 632 xit.
285 605 322 632 Ne
333 605 412 640 igitur
422 604 465 632 hic
474 604 554 632 etiam
567 605 657 632 dicant
670 613 729 632 eunt
741 612 793 631 non
808 604 944 631 audituros
957 605 1018 632 illos

223 651 333 684 dixisse.
349 659 380 678 ac
397 651 558 686 pmnitentiaa
581 651 649 678 viam
672 651 724 678 illis
747 651 924 686 prteclushse,
946 658 1018 684 pra:-

224 699 304 730 venit,
320 703 399 733 atque
420 706 527 726 onmem
543 699 710 726 occasionem
727 698 778 725 illis
793 698 939 733 praeripuit,
953 697 1017 725 dum

223 743 360 778 prophetat
370 743 446 777 dixit,
464 743 540 770 Forte
554 744 667 771 audient.

258 789 284 816 5.
300 789 486 817 Recordatnini
502 789 624 824 promissi
641 798 647 816 :
664 797 724 816 nam
739 790 838 817 idcirco
851 790 956 818 assidue
970 797 1016 817 vo-

222 832 262 861 bis
285 834 311 861 in
333 835 488 862 memoriam
505 834 569 862 illud
592 842 698 866 revoco,
716 843 749 863 ne
771 842 830 862 cum
855 836 1014 863 solutionem

218 880 351 915 attnlero,
377 882 531 917 qumstionls
559 882 634 908 initio
663 881 849 917 disputationis
872 883 1015 917 proposita:

220 927 279 954 sitis
295 927 474 954 immemores.
499 927 638 960 Qttodnatn
655 928 734 962 igitur
749 927 814 955 illud
829 927 896 955 fuit?
910 928 937 955 Si
960 928 1014 955 sci-

219 973 323 1000 visr-cnt
337 972 421 1000 ιιιιᾱιυί
443 977 571 1000 eventura
592 973 644 1000 illis
660 973 742 1000 fuisse
764 973 844 1006 mala,
866 981 925 1009 qute
938 981 1013 1001 com-

219 1018 420 1054 prehenderunt
434 1019 494 1046 illos
509 1019 588 1055 (hinc,
601 1020 719 1054 inqttam,
732 1020 800 1047 mala
814 1028 872 1054 qua:
883 1028 953 1047 ttunc
967 1028 1013 1048 eos

219 1066 362 1101 detinent),
376 1066 448 1100 ipsos
463 1066 546 1093 libros
561 1066 763 1095 dilac’erasscnt.
781 1073 866 1101 neque
882 1067 965 1093 sacris
979 1067 1012 1093 li-

215 1110 284 1139 teris
303 1113 496 1147 pepercissent.
515 1112 567 1139 Sed
583 1112 615 1139 ad
637 1112 774 1139 historiam
797 1113 947 1140 redeamus.
964 1112 1013 1140 Ilia

217 1158 313 1184 auditis
331 1162 401 1184 vocat
421 1157 545 1184 Ieremia:
560 1157 712 1192 discipulum
727 1165 799 1184 suum
813 1157 916 1184 Barac/1
931 1157 1012 1193 [illum

220 1202 317 1236 Ncriw,
332 1208 356 1230 et
370 1203 406 1230 ait
420 1202 460 1229 illi
470 1211 479 1230 :
491 1203 579 1230 Scribe
591 1203 617 1230 in
630 1203 692 1230 libro
704 1204 770 1230 mala
783 1204 878 1236 omnia,
892 1211 948 1238 qui:
960 1203 1014 1231 illi:

217 1253 337 1276 eventura
347 1253 406 1275 sunt
419 1248 487 1283 (λεν.
500 1248 546 1276 36.
558 1249 596 1283 4).
609 1248 678 1282 Quid
692 1249 741 1276 hoc
753 1249 790 1276 rei
804 1248 861 1276 est?
875 1249 945 1275 tibia
959 1249 1013 1277 Deo

217 1293 371 1322 mandatum
383 1299 433 1328 est,
449 1299 476 1321 et
485 1294 643 1329 discipulum
658 1295 739 1322 mittis
748 1295 761 1320 ?
774 1301 836 1321 num
847 1294 947 1329 relitgis
958 1302 1012 1329 ιπιιι

218 1340 334 1368 timore?
347 1348 409 1367 nunt
426 1340 546 1368 vereris?
561 1348 623 1367 nutu
647 1340 826 1368 reformidas?
846 1340 868 1368 si
885 1345 912 1367 tu
928 1340 1013 1368 refor-

217 1387 313 1418 ntidas,
328 1395 380 1422 quo
395 1391 470 1422 pacto
484 1386 630 1422 discipulus
648 1386 775 1414 audebit?
787 1387 821 1414 At
835 1386 901 1414 nihil
917 1387 1011 1414 horum

216 1437 278 1465 est;
293 1432 399 1459 additur
420 1432 490 1459 euitn
505 1439 604 1460 causa:
626 1439 686 1458 nam
706 1438 766 1459 cum
786 1431 908 1465 dixisset,
925 1432 1012 1459 Scribe

216 1486 246 1505 ac
256 1479 319 1514 lege,
335 1479 473 1513 subjunxit
488 1487 493 1505 :
510 1478 564 1514 Ego
578 1478 644 1505 enim
658 1478 771 1505 deducor
780 1479 806 1504 in
818 1486 917 1505 carcere
929 1477 1008 1513 (Ibid.

215 1533 238 1552 υ.
257 1525 297 1560 5).
312 1526 334 1552 0
349 1525 611 1560 tmtgnanitnitalem!
629 1525 657 1552 lit
673 1525 784 1552 vincalis
798 1528 864 1556 erat.
879 1529 906 1552 ct
921 1532 935 1552 a
950 1532 1011 1559 proo

213 1570 304 1605 pltetia
316 1579 367 1597 non
381 1570 540 1598 abstinebat.
553 1570 726 1598 Attendamus
739 1571 802 1605 justi
815 1571 1008 1604 fortitudinem,

215 1617 327 1651 ejusque
350 1617 430 1644 animi
460 1616 665 1652 philosophiam.
689 1616 747 1643 Non
772 1617 838 1643 dixit
864 1617 933 1651 apud
959 1624 1008 1644 se:

214 1663 280 1690 Tant
302 1664 382 1690 multa
400 1663 462 1690 tuihi
486 1663 597 1698 pt‘Opter
621 1663 688 1690 hanc
711 1663 836 1697 loquendi
860 1663 1008 1690 libertatein

216 1709 285 1736 mala
311 1709 481 1744 contigerunt
503 1717 509 1735 :
538 1708 677 1735 innumera
704 1708 807 1743 profudi
837 1709 934 1741 verba,
960 1716 1010 1736 nec

214 1754 358 1789 quidquam
373 1754 483 1789 profeci,
500 1763 586 1790 neque
601 1755 668 1782 lucri
685 1756 747 1782 mihi
769 1755 816 1782 fuit
831 1755 912 1788 aliud,
928 1763 1008 1790 quam

215 1806 244 1826 nt
259 1801 283 1826 in
299 1800 402 1827 vincula
416 1801 565 1835 conjicerer
578 1809 585 1827 :
600 1801 711 1827 necdum
732 1810 773 1828 me
790 1801 858 1828 Deus
871 1810 884 1827 a
898 1802 1008 1829 vinculis

210 1845 345 1877 liberavit,
360 1850 387 1872 et
401 1853 443 1873 me
464 1853 556 1873 rursus
569 1846 602 1873 ad
625 1847 683 1873 illas
707 1847 808 1874 belluas
823 1848 923 1874 mittit?
937 1848 1008 1875 Nihil

212 1891 309 1918 horum
325 1896 370 1918 aut
385 1891 460 1925 dixit,
475 1897 521 1919 aut
535 1893 677 1927 cogitavit;
694 1893 741 1919 sed
758 1893 783 1920 id
806 1901 887 1921 unum
901 1899 1008 1929 specta-

211 1937 269 1970 bat,
294 1942 322 1963 ut
346 1937 449 1964 Domini
472 1943 633 1972 ptmceptum
649 1939 789 1972 perliceret
809 1947 816 1965 :
840 1944 868 1967 et
882 1941 1007 1974 quoniatu

214 1991 262 2018 per
276 1982 394 2018 seipsum
408 1991 460 2010 non
475 1988 590 2018 poterat,
607 1992 654 2019 per
664 1984 821 2020 discipulum
835 1986 900 2013 illud
915 1987 1009 2021 imple-

214 2029 261 2055 \xit.
277 2027 342 2063 Lege
355 2036 469 2064 namque
483 2029 545 2062 illis,
562 2030 657 2064 inquit,
671 2036 694 2059 et
706 2031 747 2057 dic
761 2033 846 2058 omnia
860 2033 937 2060 mala.
953 2033 1008 2069 Ego
1032 2059 1038 2065 ,

212 2075 279 2101 enim
294 2075 406 2102 dctincor
419 2076 443 2102 in
462 2084 560 2103 carcere
574 2076 654 2111 (Ibid.
670 2085 692 2104 v.
708 2076 746 2113 6).
761 2077 794 2105 Et
807 2078 910 2106 dicebat
930 2079 1006 2108 Jere-

213 2121 291 2154 niias,
314 2126 341 2148 et
363 2121 466 2149 Barnch
490 2123 623 2150 scribebat
638 2124 664 2150 in
687 2124 764 2151 libro.
779 2125 876 2160 .lejunii
903 2131 1007 2162 tempus

213 2161 272 2200 l‘uit,
286 2174 346 2194 cunt
362 2167 419 2196 base
432 2168 526 2195 tierent
542 2178 547 2195 :
564 2169 659 2196 festum
676 2169 801 2204 instabat,
815 2172 884 2206 quod
900 2172 932 2199 ad
949 2161 1007 2201 me-

213 2213 339 2247 tropolim
360 2221 453 2241 omnes
466 2215 576 2242 vocabat
591 2223 598 2242 :
612 2223 767 2243 communes
780 2217 876 2252 quippe
889 2226 1005 2246 conven-

212 2263 255 2286 tus
269 2259 311 2294 agi
331 2260 458 2295 oportuit,
474 2260 688 2296 quandoquidem
703 2262 736 2290 de
757 2264 914 2291 necessariis
928 2265 1008 2292 rebus

212 2303 412 2331 deliberandum
428 2305 453 2332 itt
468 2306 584 2333 comitiis
599 2305 658 2334 fuit.
683 2306 817 2342 Ingressus
830 2313 865 2336 est
885 2310 918 2336 ad
933 2311 1006 2345 prin-

212 2351 280 2384 cipes
297 2349 410 2384 Barac/1,
425 2357 446 2377 et
460 2352 517 2387 legit
529 2353 555 2378 in
568 2353 670 2379 auribus
684 2355 826 2389 principum
837 2357 922 2382 omnia
933 2356 1007 2383 verba

211 2399 267 2423 INZC
279 2396 360 2432 (Ibid.
377 2405 400 2423 υ.
423 2398 522 2433 ΝΛΞ)
540 2407 546 2425 :
562 2402 589 2425 et
604 2406 710 2426 causam
733 2402 813 2427 etiam
830 2400 897 2428 dixit
914 2411 919 2428 :
936 2401 1005 2428 Far-

213 2449 279 2470 taue
300 2452 424 2478 namque,
449 2444 541 2479 inqttit,
562 2446 634 2472 cadet
655 2448 829 2474 misericordia
849 2453 929 2475 vestra
949 2454 1007 2476 ante

212 2482 302 2526 faciem
315 2490 418 2518 Domini
431 2490 509 2526 (Ibid.
525 2500 548 2518 v.
564 2492 591 2528 7)
605 2501 612 2518 :
630 2501 662 2520 nc
672 2494 855 2522 existimarent
867 2502 927 2521 cum
941 2499 1007 2521 latn-

211 2543 292 2571 quain
307 2541 489 2566 accusatorem
510 2537 566 2565 h.ee
589 2538 689 2572 dicere,
713 2540 759 2566 sed
780 2544 808 2566 ut
825 2547 885 2567 cum
906 2541 938 2568 ad
960 2549 1007 2568 eos

211 2581 346 2608 sanandos
359 2582 463 2609 venisse
485 2582 570 2617 ipsum
592 2584 802 2618 intellexissent,
826 2587 958 2621 zeqniores
976 2596 1006 2614 ac

210 2627 381 2665 benigniores
396 2628 582 2657 redderentur.
598 2631 665 2664 Quid
681 2639 745 2665 ergo
760 2630 815 2659 illi?
828 2633 895 2660 Cum
908 2634 1006 2668 gratias

212 2680 291 2707 agerc
315 2675 487 2708 oportuisset,
512 2683 571 2702 cum
595 2685 656 2703 cum
678 2677 797 2711 laudare,
820 2686 880 2706 cum
901 2679 1006 2711 eii‘errc,

211 2720 277 2747 nihil
289 2720 386 2748 horum
399 2726 488 2756 agunt,
505 2722 551 2749 Sl'd
566 2723 694 2750 abeuntes
710 2725 932 2753 aniunttiaverunt
951 2726 1005 2760 regi

211 2774 271 2800 qua:
284 2767 382 2801 scripta
398 2772 475 2795 erant
489 2769 513 2795 ill
529 2769 607 2802 libro,
622 2774 648 2796 ct
663 2769 844 2804 deposuerunt
868 2771 962 2798 lihrutn
980 2772 1006 2798 in

210 2811 291 2838 domo
304 2811 418 2840 Elisatna
436 2813 517 2848 (Ibid.
532 2822 555 2840 υ.
571 2815 630 2849 20).
647 2814 680 2841 Et
698 2824 754 2842 cum
770 2817 886 2850 misisset,
904 2817 1005 2852 inquit,

210 2864 256 2884 rex
270 2857 366 2892 .Iuden,
383 2866 465 2886 unum
479 2867 510 2887 es
532 2860 726 2894 apparitoribus
746 2862 810 2896 suis,
829 2852 919 2890 librant
930 2865 1007 2900 jussit

596 133 622 161 S.
645 133 782 162 JOANNIS
800 133 1038 162 CHRYSOSTOMI
1058 132 1215 161 ARCHIEP.
1236 135 1503 165 CONSTANTI‘NOP.

1826 142 1874 169 I79

1076 189 1174 222 aﬂ'em'.
1189 190 1221 217 Et
1234 192 1332 219 sedebat
1353 201 1398 220 rex
1421 194 1447 220 in
1471 194 1545 221 domo
1570 195 1673 222 hiemali
1688 196 1753 230 (Jer.
1770 198 1869 226 πλε.

1076 235 1125 270 2‘2)
1137 245 1144 263 τ
1156 237 1255 264 mensis
1265 238 1363 273 quippe
1376 247 1461 266 nimus
1471 245 1539 272 erat,
1551 239 1601 268 ltoe
1611 246 1652 270 est
1659 241 1810 271 November
1819 245 1869 278 (ti),

1075 287 1102 308 et
1116 289 1214 309 nonum
1229 284 1346 318 appellat
1359 292 1374 311 a
1389 285 1483 313 illartio
1497 287 1662 314 numerando
1677 297 1684 315 ;
1700 297 1761 316 nam
1778 295 1805 317 et
1821 291 1871 318 hoc

1074 325 1214 361 diligenter
1228 328 1423 357 observandum
1436 337 1487 358 est.
1500 331 1527 358 Si
1543 333 1614 360 enim
1626 340 1641 360 a
1656 334 1807 368 Septembri
1821 345 1871 363 nn-

1074 378 1213 406 merasset,
1229 374 1316 402 hiems
1336 380 1390 403 tum
1415 378 1543 411 temporis
1563 386 1624 406 esse
1646 387 1698 407 non
1722 380 1867 410 debuisset.

1073 417 1127 445 Cur
1140 419 1220 454 igitur
1232 420 1283 448 hoc
1293 422 1372 448 etiam
1381 422 1551 458 adj‘ungittu'?
1565 424 1638 452 exiis
1649 433 1708 460 qua:
1721 434 1870 462 sequuntur

1072 469 1165 498 aperte
1178 472 1334 500 cognosces.
1346 467 1379 494 Et
1390 469 1461 502 focus
1471 469 1536 504 ignis
1548 474 1606 496 mtto
1620 470 1691 497 illuni
1705 473 1867 505 :carboncs,

1072 511 1166 545 inquit,
1187 512 1314 545 quoniam
1339 513 1420 547 frigus
1443 520 1509 542 erat.
1526 515 1628 544 Videtis
1643 521 1671 543 ut.
1690 517 1754 545 nihil
1768 526 1782 545 a
1796 519 1868 546 Scri-

1072 561 1148 590 ptura
1162 564 1236 584 sacra
1250 558 1405 586 omittatur?
1421 559 1451 586 Et
1462 560 1591 589 carbones
1603 561 1674 596 ignis
1684 568 1747 590 ante
1761 564 1847 598 ipsmu
1859 574 1866 592 :

1070 606 1097 627 et
1107 602 1338 630 circumsistebant
1351 611 1412 631 eum
1427 610 1541 640 satrapae
1553 614 1559 632 :
1577 606 1673 635 allatus
1686 612 1729 635 est
1741 608 1810 637 liber
1824 610 1864 637 inv

1071 648 1187 674 numeris
1201 647 1355 676 redundans
1366 648 1444 678 bonis
1457 651 1599 686 (malorum
1614 654 1712 688 quippe
1727 656 1865 689 prophetia

1069 692 1199 719 malorum
1225 699 1284 720 erat
1305 694 1492 732 propulsatio),
1516 701 1543 724 et
1566 697 1713 732 legebatur.
1734 700 1866 730 Metaurus

1068 738 1143 769 mihi.
1159 747 1260 773 quinso,
1274 744 1358 768 estote
1374 742 1508 776 promissi.
1525 743 1556 770 Et
1569 752 1627 770 cum
1641 745 1739 780 legisset
1751 747 1796 774 ille
1812 753 1863 775 Ire:

1069 784 1192 819 pagi-llas,
1204 790 1305 819 summa
1319 787 1430 821 «apollo
1444 788 1528 820 scidit,
1549 794 1571 815 et
1585 789 1612 816 in
1626 791 1710 824 focum
1724 791 1790 826 ignis
1805 802 1864 827 pr0<

1064 829 1137 864 fecit,
1150 830 1228 857 donec
1243 835 1320 858 totum
1335 833 1449 859 volumen
1463 834 1553 867 defecit
1569 833 1649 870 (Ibid.
1663 844 1686 862 υ.
1700 836 1756 870 25).
1771 837 1862 871 Vides,

1067 879 1142 902 utne
1167 876 1241 903 libris
1261 877 1368 911 quidem
1386 879 1515 912 parcant?
1530 884 1605 908 utne
1627 889 1642 908 ιι
1658 882 1743 909 literis
1755 884 1861 918 quidem

1067 921 1150 948 sacris
1170 922 1341 950 abstineant?
1355 924 1486 956 Quoniam
1510 927 1690 961 captivitatem
1713 928 1862 958 Jerusalem

1065 968 1230 1000 mntinebat,
1240 976 1300 996 eum
1310 970 1441 997 conscidit
1453 979 1462 997 :
1473 976 1500 998 et
1514 980 1574 998 cuni
1588 973 1743 1008 prophetam
1757 983 1809 1002 non
1822 976 1863 1003 itt-

1065 1014 1194 1046 venisset,
1214 1015 1241 1041 in
1257 1015 1347 1043 literas
1363 1016 1429 1043 iram
1452 1017 1556 1045 effudit.
1571 1019 1620 1052 Qui
1635 1027 1699 1054 ergo
1715 1028 1757 1047 res
1771 1021 1862 1049 inani-

1065 1065 1151 1086 ntatas
1166 1061 1203 1087 ita
1217 1061 1394 1096 persequitur,
1411 1063 1433 1090 si
1446 1063 1534 1090 anitna
1551 1064 1689 1098 pra'ditum
1705 1066 1860 1099 inveniSSet,

1065 1104 1127 1139 quid
1142 1112 1196 1132 non
1212 1106 1335 1134 fecisset?
1347 1106 1414 1135 Nam
1426 1108 1651 1142 quemadmodum
1661 1118 1741 1139 saeue
1754 1111 1860 1144 bellum,

1065 1157 1126 1177 cum
1139 1158 1186 1178 eos
1208 1152 1379 1187 arripuerint,
1400 1154 1443 1188 qui
1458 1161 1519 1182 cum
1533 1155 1598 1190 ipsis
1610 1155 1758 1191 decertant,
1782 1163 1808 1185 et
1824 1158 1863 1185 illi

1063 1196 1162 1225 deinde
1176 1198 1277 1226 relictis
1288 1199 1315 1226 in
1328 1206 1375 1227 ore
1386 1200 1534 1228 belluannn
1548 1201 1672 1236 pellibus,
1687 1203 1784 1238 quibus
1794 1205 1861 1231 anti-

1063 1243 1180 1278 ciuntur,
1195 1244 1356 1280 aufugerim.
1374 1246 1434 1275 illas
1445 1246 1543 1276 deinde
1556 1247 1710 1284 discerpunt
1723 1249 1860 1284 dentibus,

1064 1293 1093 1316 ut
1107 1289 1141 1316 ita
1157 1290 1272 1318 furorem
1294 1298 1371 1319 suum
1393 1292 1538 1327 expleant:
1563 1293 1598 1321 ita
1614 1294 1739 1322 nimirum
1762 1300 1789 1322 et
1812 1304 1861 1323 rex

1063 1334 1136 1362 fecit.
1147 1335 1203 1363 Non
1218 1335 1330 1367 oﬂ‘endit
1340 1345 1415 1371 cum.
1427 1338 1470 1372 qui
1482 1338 1579 1366 librum
1591 1339 1708 1372 tenebat,
1721 1345 1749 1368 et
1762 1341 1859 1369 librum

1062 1381 1195 1410 conscidit
1208 1391 1215 1409 :
1230 1389 1317 1418 neque
1340 1385 1470 1412 conscidit
1491 1385 1590 1420 solum,
1605 1385 1652 1413 sed
1678 1386 1747 1414 etin
1770 1386 1860 1415 locum

1063 1427 1130 1462 ignis
1147 1427 1247 1463 injecit,
1261 1433 1290 1456 ut
1304 1437 1337 1457 ne
1352 1430 1472 1465 reliquias
1482 1431 1590 1466 quidem
1603 1439 1638 1459 ex
1651 1432 1736 1460 literis
1749 1433 1799 1460 illis
1813 1441 1858 1460 re-

1062 1478 1175 1502 starent.
1188 1474 1240 1502 Sal
1260 1475 1377 1503 nondum
1391 1483 1498 1504 omnem
1513 1477 1571 1511 ejus
1589 1478 1732 1505 amentiam
1749 1486 1858 1513 perspe-

1062 1525 1132 1547 ctam
1147 1519 1252 1548 habetis
1262 1529 1268 1547 :
1279 1521 1361 1556 probe
1373 1529 1436 1549 rem
1449 1522 1549 1554 scietis,
1558 1523 1580 1550 si
1593 1523 1859 1558 narrationidiligen-

1062 1570 1104 1593 ter
1115 1566 1291 1594 attenderitis.
1307 1566 1366 1595 Non
1380 1568 1451 1595 enim
1466 1567 1531 1596 dixit
1546 1576 1606 1596 eum
1629 1574 1685 1596 toto
1705 1569 1774 1597 lecto
1789 1569 1857 1597 libro

1062 1611 1158 1640 deinde
1171 1612 1257 1648 ipsum
1271 1614 1426 1642 exussisse:
1441 1614 1572 1649 quinimo,
1586 1615 1649 1642 Cum
1661 1621 1710 1642 tm
1720 1621 1858 1650 quatuorve

1063 1657 1176 1692 pagella;
1198 1658 1309 1694 legisset,
1333 1659 1418 1694 ipsum
1441 1660 1574 1687 conscidit.
1590 1660 1629 1688 Ne
1648 1662 1734 1696 ipsum
1749 1662 1856 1696 quidem

1061 1701 1184 1730 lectionis
1197 1703 1278 1731 ﬁnem
1289 1706 1463 1740 exspectavit,
1477 1706 1524 1734 sed
1537 1706 1572 1733 ab
1585 1707 1643 1741 ipso
1654 1708 1784 1742 protentio
1796 1715 1857 1735 con-

1061 1748 1148 1776 l’estim
1161 1755 1335 1785 exasperatus
1343 1756 1394 1779 est.
1406 1751 1551 1786 Propterea
1565 1757 1648 1780 tntum
1662 1761 1713 1781 non
1724 1758 1783 1781 erat
1796 1762 1857 1789 pro-

1061 1795 1148 1830 phetis
1163 1795 1250 1823 futura
1270 1796 1359 1824 omnia
1375 1797 1444 1825 mala
1457 1797 1558 1826 Iudaeis
1565 1803 1660 1834 aperte
1675 1799 1774 1828 dicere.
1788 1799 1855 1828 Natu

1060 1842 1082 1867 si
1097 1842 1276 1876 captivitatem
1291 1842 1323 1870 ad
1337 1848 1441 1878 tempus
1456 1843 1568 1871 futuram
1582 1845 1675 1872 audire
1688 1845 1796 1872 minime
1809 1853 1856 1880 po-

1061 1886 1120 1918 tuit,
1132 1887 1268 1921 quomodo
1281 1895 1434 1923 perpetuam
1446 1888 1551 1917 discere
1562 1890 1752 1918 sustinuisset?
1764 1891 1855 1926 Neque

1059 1937 1201 1960 contentus
1214 1934 1264 1960 hoc
1277 1933 1326 1961 fuit
1335 1942 1382 1961 rex
1395 1943 1401 1961 :
1417 1935 1465 1963 sed
1480 1936 1561 1968 misit,
1577 1936 1672 1972 inquit,
1685 1937 1720 1964 ad
1733 1945 1855 1973 quaeren-

1059 1978 1122 2006 dutn
1137 1979 1234 2015 ubique
1248 1980 1416 2015 prophetam,
1430 1981 1478 2009 sed
1490 1990 1543 2009 non
1557 1983 1656 2010 invenit
1669 1991 1729 2011 eum
1745 1993 1753 2011 :
1767 1985 1855 2012 occul-

1059 2025 1123 2052 tavit
1145 2025 1216 2052 enitu
1241 2025 1313 2053 illum
1331 2026 1402 2054 Deus
1423 2026 1502 2062 (Ibid.
1526 2035 1550 2055 υ.
1572 2028 1631 2064 26).
1647 2029 1723 2057 Illum
1745 2029 1854 2064 quidem

1059 2075 1115 2097 tum
1138 2070 1208 2103 loco,
1222 2076 1336 2099 eznteros
1353 2077 1441 2100 autem
1458 2074 1601 2108 prophetas
1620 2081 1714 2102 eorum
1730 2074 1853 2103 obscuri-

1060 2120 1113 2143 tate
1126 2124 1185 2150 qute
1197 2116 1356 2145 dicebantur
1367 2117 1520 2145 occultavit.

1094 2161 1122 2188 6.
1137 2161 1228 2196 Neque
1238 2170 1301 2190 vero
1317 2166 1417 2190 tantum
1432 2171 1465 2190 ex
1479 2163 1521 2191 his
1535 2163 1611 2192 nobis
1626 2165 1737 2200 liquebit
1750 2186 1757 2198 .
1781 2165 1853 2201 apud

1058 2205 1165 2234 Judazos
1179 2207 1264 2235 audax
1276 2207 1339 2234 illud
1355 2208 1457 2236 facinus
1468 2210 1619 2244 exstitisse,
1634 2211 1769 2246 animique
1780 2211 1852 2246 peri-

1058 2251 1125 2279 culis
1139 2257 1241 2280 temere
1256 2260 1316 2281 sese
1328 2253 1489 2287 objicientis,
1502 2260 1661 2284 eventurum
1671 2257 1792 2292 gentibus
1806 2257 1854 2285 ho-

1090 2316 1126 2348 (a)
1142 2321 1184 2351 ita:
1195 2317 1339 2351 meost/ioc
1359 2320 1399 2344 ut
1417 2310 1552 2351 th'émber,
1573 2322 1663 2348 desunt
1678 2324 1703 2348 in
1720 2327 1774 2349 Mss.
1789 2324 1852 2350 ibid.

1058 2347 1128 2384 1393..
1139 2347 1513 2384 tatu/licusittarttusetprimus.
1534 2347 1596 2378 ibid.
1619 2347 1702 2384 Coit):
1715 2347 1849 2381 ,ἐῖἐὶιῧῖἶί

1057 2379 1188 2418 μοιειχιψιή
1199 2384 1356 2418 Eium‘crasset.
1375 2379 1503 2418 Ut'autcm
1520 2383 1671 2415 intelligatur
1691 2379 1787 2418 clarius
1797 2379 1854 2418 quid

1057 2409 1097 2446 hic
1108 2410 1154 2434 sibi
1167 2409 1227 2448 velit
1238 2410 1421 2443 Cbrysostomus
1433 2420 1439 2437 :
1454 2417 1508 2438 Ita'c
1519 2418 1589 2448 gesta
1601 2409 1673 2448 “sunt,
1695 2409 1854 2448 inquitldtre:

1059 2442 1127 2470 mias,
1140 2447 1227 2474 mense
1240 2442 1314 2474 nono,
1334 2447 1441 2474 tuncque
1464 2451 1508 2469 rex
1520 2442 1625 2470 “sedebat
1636 2442 1744 2472 iu'dumii
1756 2448 1855 2474 hiemali

1058 2475 1085 2496 et
1096 2475 1153 2496 ante
1167 2472 1252 2501 locum,
1267 2472 1468 2506 ltjigortsrscilicet
1489 2475 1630 2506 depellendi
1649 2485 1729 2502 causa.
1743 2472 1801 2504 Cum
1813 2472 1855 2503 alt;

1058 2506 1112 2537 teni
1122 2509 1200 2527 notius
1211 2504 1327 2537 tnensisa
1344 2505 1398 2537 Vltio,
1411 2512 1452 2537 qui
1465 2504 1556 2537 primus
1567 2511 1618 2531 erat
1630 2510 1764 2534 secundam
1778 2514 1855 2535 Mace-

1058 2533 1169 2569 donicum
1179 2535 1321 2569 numerandi
1329 2533 1403 2560 ritum
1415 2533 1550 2569 Antiochiae
1561 2544 1698 2569 reccpttun,
1711 2533 1856 2566 numerare-

1058 2569 1107 2593 tur,
1121 2569 1135 2588 ἣ
1146 2566 1195 2594 Dio,
1208 2566 1278 2600 cujus
1288 2573 1345 2602 pars
1355 2568 1500 2602 scptctnbri,
1521 2575 1576 2602 pars
1594 2566 1698 2594 Octobri
1711 2573 1852 2602 respondet,

1059 2597 1238 2632 tttnttts'tttctlsis
1249 2597 1331 2632 incidit
1341 2599 1363 2621 in
1377 2599 1460 2632 Maium
1478 2603 1502 2623 et
1513 2597 1622 2630 iunium;
1635 2602 1700 2632 atqui
1718 2602 1742 2626 hi
1755 2597 1855 2628 nienses

1059 2632 1107 2661 non
1115 2626 1137 2649 in
1144 2629 1241 2661 tempus
1249 2627 1377 2661 hibernum
1391 2629 1511 2660 incidunt;
1521 2637 1597 2661 quare
1609 2626 1675 2656 aliud
1683 2626 1803 2658 mensium
1812 2626 1855 2658 ἰιίιξ

1059 2657 1119 2680 tium
1129 2658 1243 2695 proponit
1253 2657 1452 2695 Chrysosuimus,
1464 2657 1553 2695 uenip'e
1569 2661 1721 2692 Xanthicum,
1735 2665 1776 2695 qui
1788 2657 1854 2688 meai-

1058 2694 1092 2711 sts
1103 2688 1329 2729 responde-aputanti
1340 2688 1477 2729 Februario,
1487 2688 1571 2727 partim
1580 2695 1667 2723 nat-tiu,
1676 2696 1709 2718 ita
1718 2688 1856 2729 nunciatum

1059 2724 1114 2751 pars
1126 2725 1178 2748 ejus
1190 2722 1214 2742 in
1227 2722 1333 2744 Martium
1354 2722 1451 2751 incidat,
1472 2722 1558 2751 sicque
1574 2731 1652 2749 nonus
1664 2726 1756 2750 mensis
1766 2733 1779 2749 a
1791 2725 1856 2750 Χωι·

1059 2750 1124 2787 thico
1136 2750 1452 2787 iqttoveiubretnniueidet,
1475 2757 1503 2778 ut
1517 2750 1558 2779 bic
1577 2755 1673 2780 dicitur.
1691 2756 1857 2787 lncogitanter

1059 2784 1141 2812 autem
1154 2781 1191 2804 bic
1203 2787 1243 2805 Δὶου
1251 2783 1354 2806 Januarii
1368 2781 1476 2808 verterat
1489 2788 1573 2810 t-‘routo
1585 2790 1694 2811 lluctcus.
1706 2781 1766 2812 ttqu
1773 2792 1857 2812 autem

1059 2811 1211 2849 cotiiirtuattn'
1228 2813 1251 2836 id
1271 2813 1336 2849 quod
1357 2813 1567 2849 vttlgo_s_tatuitttr,
1586 2817 1749 2842 Antiochenos
1766 2811 1857 2849 nempe

1059 2842 1217 2875 Macedonicis
1228 2842 1352 2869 mensibus
1363 2842 1421 2870 usos
1432 2846 1515 2871 fuisse.
1537 2842 1597 2872 Vide
1611 2850 1732 2874 tiss‘t'riutn
1742 2842 1858 2875 chAuito

1060 2872 1209 2897 Macedonico
1223 2878 1246 2897 et
1259 2874 1340 2900 solari.
