2072 3123
217 139 267 167 l75

212 204 306 224 norem
322 202 349 225 et
364 198 485 235 gloriam,
498 203 525 227 et
536 208 597 236 quae
608 200 669 228 illos
678 208 822 237 exceptura
836 209 908 231 esset
926 205 1000 241 ign”)-

211 243 320 270 miniam
330 251 449 278 narrare,
459 244 629 274 sedetiamex
637 247 940 283 ipsisPauliverbileic
949 251 1001 279 ita-

208 295 261 322 que
270 296 331 315 cum
342 290 500 324 prophetant
513 292 657 325 quemdam
669 293 773 321 videret
785 295 922 329 paululum
934 299 998 333 quid

208 333 391 368 νηηάἰαιίοηὶε
406 335 486 370 hujus
518 342 694 371 reserantem,
717 344 745 367 et
765 342 894 376 apertius,
915 352 996 379 quam

207 381 261 412 alii,
278 386 339 421 tuui
351 382 421 410 bona
442 389 544 416 nostra,
563 388 620 412 tum
637 386 743 414 illorum
762 389 831 416 mala
846 389 993 425 dicentem,

208 428 356 463 obstupuit,
373 434 400 456 et
413 430 552 458 audaciam
569 432 640 460 illius
653 433 767 463 miratus
780 440 831 469 est,
846 436 889 464 bis
906 438 995 466 verbis

207 479 301 502 utens:
316 475 403 502 Isaias
422 482 509 504 autem
524 478 614 509 audet.
636 484 660 506 et
679 480 751 512 dicit,
766 480 891 509 Inventus
904 492 962 511 sum
975 493 993 513 αι

205 522 253 540 non
268 515 434 548 (merentibus
447 524 487 543 me
496 523 508 543 :
519 517 604 552 palam
615 519 724 553 apparui
734 520 775 553 iis,
791 522 834 556 qui
849 530 887 548 me
896 531 946 549 non
956 524 996 550 in-

204 560 372 594 terrogabant.
391 559 451 587 Dixi
460 582 467 593 ,
484 561 551 589 Ecce
563 570 608 597 ego
617 583 624 595 ,
637 564 718 599 genti,
733 565 775 598 qui
787 574 836 592 non
849 575 997 596 vomuerunt

203 612 291 631 nomen
304 613 389 632 meum
399 609 408 641 (
418 605 491 633 Rom.
504 607 548 634 10.
561 607 614 641 2ος
631 609 694 636 lsai.
709 610 753 637 65'.
769 611 780 638 l
793 611 813 646 j.
829 612 995 648 Quamquam

203 650 224 676 si
241 650 342 678 mtllnnt
357 659 388 679 ex
403 653 576 687 prmdictionc
591 656 737 689 perieulum
754 659 933 693 tmpendebat.
948 669 996 688 cur

194 695 266 722 dixit
281 696 386 728 Paulus,
398 697 482 725 Isaias
494 704 577 726 autem
588 701 672 732 audet,
686 707 708 728 et
723 703 794 736 dicit,
809 702 928 732 Inventus
940 714 994 733 sum

194 749 214 767 ἠ
227 751 276 769 non
291 743 456 778 qtta'rentibus
469 745 529 772 me?
545 746 658 774 Maxima
674 756 764 776 revera
779 749 931 779 Judato’runt
946 760 993 780 ac-

199 788 311 816 cusatio.
329 789 379 822 Qui
394 797 448 817 non
463 791 618 825 quzerebant
631 793 806 828 invenerunt,
822 801 848 823 ct
861 798 904 832 qui
917 806 992 833 qua:-

199 835 301 867 rcbant,
318 843 366 870 spe
379 835 498 864 frustrati
510 843 572 865 sunt
588 847 594 866 :
611 839 655 874 qui
669 848 722 868 non
737 841 890 875 audierunt,
905 844 993 871 credi-

198 880 312 913 dcruttt,
336 885 364 908 et
383 882 430 917 qui
454 883 612 917 audierunt,
641 885 666 912 in
688 894 795 914 crucem
815 888 989 916 sustulerunt.

192 927 338 962 ‘Propterea
347 928 476 957 audacem
490 931 632 965 appellavit
646 931 750 960 Isaiam.
764 933 884 961 Maxima:
892 935 990 971 quippe

195 980 286 1000 revera
302 973 349 1001 fuit
362 975 480 1002 audacia:
492 996 500 1009 ,
521 977 547 1003 in
562 977 651 1005 medio
663 985 755 1006 eorum
768 987 836 1013 quos
847 982 990 1010 accusabat

195 1022 318 1050 stantem,
333 1020 433 1047 nemini
446 1022 581 1056 parcendo
592 1024 788 1053 accusationem
803 1025 934 1056 intentare
943 1048 950 1060 ,
962 1033 990 1055 et

189 1064 252 1092 illos
265 1065 369 1100 quidem
382 1074 431 1102 per
445 1068 613 1103 prophetiam
636 1076 728 1105 aperte
748 1071 850 1100 honore
864 1073 968 1109 privare
977 1095 986 1108 ,

190 1109 259 1137 'alos
274 1118 337 1138 vero
351 1111 383 1139 ad
394 1111 510 1140 debitant
523 1114 574 1141 illis
581 1115 691 1150 gloriant
708 1116 887 1145 introducere.
905 1120 987 1148 Aecu-

186 1159 295 1183 satores
315 1157 373 1192 ejus
387 1163 464 1185 erant
484 1166 578 1187 omnes
599 1161 644 1195 qui
667 1161 694 1188 in
707 1161 808 1196 judicio
831 1163 984 1192 audiebant.

188 1202 256 1235 Quis
266 1207 354 1230 autem
365 1204 428 1232 dum
438 1204 566 1239 judicium
578 1213 705 1235 exercent
714 1208 823 1242 inimici,
837 1210 986 1244 periculum

189 1249 287 1282 poterit
297 1250 419 1278 evitare?
434 1250 588 1286 Propterea,
602 1253 697 1288 inquit,
714 1255 796 1282 Audet
805 1260 828 1283 et
841 1256 913 1284 dicit.

186 1298 191 1302 '
228 1294 270 1322 Ne
285 1300 344 1323 ante
358 1300 455 1332 tempus
469 1297 636 1334 intelligerent
649 1302 738 1336 futura
751 1301 838 1329 ,ναάρί
847 1323 855 1336 ,
874 1303 985 1332 obscura

185 1340 289 1374 “fuerunt
300 1342 447 1376 prop/retice.
461 1358 497 1363 —--
509 1343 607 1372 Verum
630 1345 680 1373 hoc
699 1347 787 1382 ipsum
804 1348 865 1375 volo
884 1349 983 1378 clarius

188 1387 381 1416 demonstrare.
397 1388 499 1417 Idcirco
511 1390 546 1418 de
556 1390 656 1419 Judmis
668 1398 699 1419 ac
711 1393 788 1421 nobis
799 1393 911 1422 obscure
923 1404 983 1430 pro-

188 1434 336 1461 nuntiatum
351 1435 428 1463 estin
441 1435 596 1471 Scripturis,
618 1446 652 1466 ne
664 1444 727 1466 ante
737 1444 841 1475 tempus
854 1441 982 1478 intellige-

187 1485 247 1507 rent
262 1489 321 1516 qua:
336 1481 495 1510 dicebantur
508 1483 604 1511 Judzei.
620 1485 707 1520 Atque
720 1486 799 1521 hujus
813 1487 849 1515 rei
863 1487 982 1522 produco

187 1531 284 1554 testem
298 1535 392 1563 magna
407 1537 473 1557 voce
486 1530 648 1558 clamantem
660 1532 783 1566 Paulum,
795 1542 827 1561 ex
840 1534 894 1562 alto
907 1536 979 1563 voci-

188 1572 327 1606 ferantem,
343 1574 588 1610 tubantcaalestem,
599 1585 645 1605 vas
658 1577 804 1611 clectiottis,
820 1580 917 1608 Cltrisli
932 1589 980 1616 pa-

186 1618 372 1653 ranymphttut.
388 1619 516 1655 Despondi
528 1622 593 1648 enim
608 1630 661 1655 vos,
682 1624 775 1659 inquit,
792 1626 836 1652 uni
851 1627 914 1659 viro,
927 1628 979 1655 uir-

184 1663 269 1698 ginem
289 1669 383 1691 restant
397 1666 511 1693 ethibcre
527 1666 626 1695 Christo
644 1668 690 1702 (2.
707 1669 766 1697 Cor.
781 1671 824 1698 ll.
838 1671 883 1706 2).
904 1672 979 1701 llttnc

183 1710 260 1737 vobis
282 1715 376 1738 testem
400 1713 518 1745 produco
544 1713 675 1742 dicentem
701 1721 813 1751 aperte,
838 1724 977 1754 propterea

184 1756 310 1783 nonnulla
325 1757 350 1783 in
368 1757 456 1785 Veteri
470 1758 643 1788 Testamento
661 1761 744 1790 fuisse
758 1763 890 1792 occultata
901 1786 908 1798 ,
922 1774 977 1794 non

181 1801 282 1828 omnia.
296 1801 323 1830 Si
334 1802 406 1830 enim
421 1805 508 1831 omnia
525 1805 635 1833 fuissent
646 1807 759 1835 obscura
770 1829 777 1841 ,
794 1809 892 1838 frustra
907 1812 976 1840 illius

183 1849 275 1876 saeculi
290 1849 443 1878 Itominibus
456 1850 569 1879 fuissent
581 1852 650 1879 dicta
666 1862 672 1880 :
689 1855 817 1889 siquidem
831 1857 976 1892 prophetia;

181 1892 251 1920 bella
266 1895 424 1929 continent,
450 1905 510 1930 quae
524 1897 557 1924 ad
572 1903 676 1933 tempus
693 1904 747 1926 tum
760 1905 834 1936 gesta
849 1907 928 1938 sunt,
949 1909 976 1932 et

179 1939 264 1967 fames
277 1945 304 1968 et
317 1946 406 1976 pestes
419 1950 426 1969 :
441 1943 579 1971 continent
592 1950 617 1972 et
631 1953 690 1980 qute
705 1946 783 1974 hodie
795 1949 973 1984 contigerunt,

179 1986 346 2013 vocationem
361 1987 497 2020 Ecclesiae,
513 1989 726 2024 repudiationem
739 2000 892 2030 synagogaz,
908 1995 974 2031 legis

176 2030 388 2066 abrogationem.
409 2033 474 2061 Haec
494 2039 582 2062 autem
601 2036 673 2071 ipsos
687 2045 766 2066 nosse
781 2039 902 2074 nolebat,
925 2030 973 2069 sed

178 2076 225 2104 illa
238 2085 298 2112 qua:
311 2078 431 2112 ipsorum
445 2081 611 2116 temporibus
625 2082 791 2112 accidebant.
805 2086 893 2121 Atque
903 2087 973 2116 istud

178 2121 267 2157 ipsmn
280 2124 399 2153 conabor
413 2126 568 2160 ostendere,
585 2127 643 2156 hmc
657 2129 713 2156 sola
727 2130 784 2158 lieri
796 2131 909 2160 obscura
923 2141 972 2161 vo-

177 2167 276 2202 luisse,
294 2169 328 2197 dc
343 2171 420 2198 nobis
434 2175 462 2199 et
474 2172 508 2199 de
529 2179 677 2210 synagoga,
692 2183 750 2210 qua:
764 2184 835 2205 nunc
849 2179 971 2215 contige-

176 2218 250 2248 runt,
264 2223 368 2244 necnon
379 2217 446 2253 legis
456 2217 656 2254 abrogationth
671 2229 678 2248 :
690 2221 741 2249 hoc
753 2230 817 2251 vero
826 2231 880 2252 non
891 2233 971 2261 opor-

175 2261 227 2288 tttit
239 2269 273 2289 ex
297 2262 342 2290 illo
361 2267 481 2298 tempore
500 2266 634 2300 cognitum
648 2267 700 2294 illis
718 2268 808 2297 fuisse.
832 2270 898 2299 Nam
919 2273 970 2300 sia

174 2307 307 2343 principio
320 2308 478 2338 didicissent
491 2311 576 2347 legem
588 2313 620 2340 ad
635 2318 740 2349 tempus
752 2316 906 2345 duraturam
916 2339 924 2351 ,
939 2319 970 2346 il-

174 2353 227 2380 lam
243 2354 353 2381 omnino
366 2357 589 2392 contempsissent
604 2367 610 2385 :
625 2365 734 2395 propter
754 2361 804 2389 ltoc
820 2363 904 2398 ipsum
920 2372 968 2392 oc-

172 2399 272 2427 cultam
287 2400 359 2427 illam
373 2409 433 2429 esse
448 2403 540 2430 voluit.
555 2404 614 2432 Non
631 2407 702 2433 enirn
725 2414 832 2436 omnem
855 2410 969 2445 prophe-

172 2444 237 2471 tiam
259 2445 391 2473 occultam
415 2446 623 2481 fuisse,.verum
649 2450 719 2479 hanc
740 2457 840 2481 tantmn
864 2444 967 2489 partem

171 2488 254 2516 fuisse
270 2490 383 2518 velatam
395 2512 403 2523 ,
427 2494 488 2520 audl
504 2501 557 2528 quo
571 2500 648 2529 pacto
664 2497 739 2524 nobis
755 2488 895 2535 utrumque
911 2510 967 2529 ma-

172 2534 268 2561 nifeste
280 2535 379 2563 Paulus
390 2539 531 2572 ostendat,
551 2545 578 2567 et
592 2542 749 2570 occultatam
764 2544 844 2573 luisse
855 2534 944 2582 legem
958 2568 964 2580 ,

169 2584 198 2607 et
219 2580 268 2608 hac
282 2581 308 2608 in
324 2587 400 2616 parte
416 2588 527 2612 tantum.
541 2585 607 2613 Cutn
621 2588 692 2615 eoint
707 2590 836 2618 scriberet
854 2580 897 2619 adv
911 2594 965 2621 Co-

169 2626 293 2659 rinthios,
311 2627 352 2655 his
363 2629 452 2657 verbis
465 2636 506 2658 est
521 2639 584 2659 usus
599 2642 605 2661 :
624 2642 633 2659 ι
649 2633 780 2663 Habentes
794 2636 873 2672 igitur
887 2639 965 2668 talem

169 2680 255 2708 spem,
272 2675 355 2702 multa
370 2676 465 2704 liducia
479 2678 578 2706 utimur
594 2688 600 2707 :
615 2685 642 2707 et
656 2688 708 2708 non
722 2682 790 2710 sicut
801 2684 906 2721 Moyses
917 2694 964 2721 po-

168 2719 247 2746 nebat
261 2720 383 2748 vclamcn
398 2729 477 2756 super
489 2722 581 2751 faciem
593 2732 678 2759 suam,
691 2732 782 2755 utnon
795 2719 964 2760 intenderent

168 2766 213 2793 lilii
229 2766 311 2794 Israel
327 2767 353 2794 in
371 2767 450 2796 linem
466 2771 523 2803 ejus
537 2771 608 2806 qttod
630 2778 774 2802 evacuatur
785 2795 793 2810 ,
814 2777 860 2804 sed
876 2779 962 2806 obtusi

167 2818 227 2839 sunt
241 2820 339 2840 sensus
352 2821 457 2842 eorum.
472 2814 561 2850 Usque
575 2818 600 2844 itt
617 2817 774 2848 ltodiernum
799 2821 870 2850 enim
891 2824 961 2853 diem

166 2855 282 2892 ilipsum
297 2858 421 2887 velamen
438 2860 465 2887 in
479 2861 593 2891 lectione
613 2863 713 2893 Veteris
723 2864 885 2896 Tcstatncuti
901 2878 943 2898 ma

687 142 732 172 DE
752 143 1019 174 PROPlIETIARUM
1039 145 1286 182 OBSCUBITATE.
1308 156 1328 184 I.
1799 172 1848 200 ιη

1058 213 1102 235 net
1122 216 1173 237 non
1195 213 1352 249 revelatum,
1369 219 1493 252 quoniam
1505 220 1531 248 itt
1546 221 1653 252 Christo
1672 234 1816 257 evacuatur
1835 239 1844 256 ι

1054 254 1102 310 $2..
1123 255 1181 284 Cor.
1202 258 1228 286 5.
1253 259 1297 287 12.
1312 261 1376 298 Η).
1398 263 1545 294 Obscurum
1563 274 1604 296 est
1626 254 1846 310 fortasse,qiiod

1055 301 1183 336 legimus;
1208 305 1296 340 itaque
1318 307 1460 338 dilucidius
1484 312 1549 341 illud
1571 316 1713 346 reddamus
1735 301 1845 350 necesse

1053 353 1104 380 csl,
1120 355 1147 376 et
1161 350 1244 384 ipsam
1261 353 1397 383 historiam
1412 359 1488 386 vobis
1508 360 1535 387 in
1560 364 1714 392 memoriam
1731 374 1843 396 revoce-

1051 401 1120 421 mns.
1136 395 1200 424 Nam
1216 405 1276 426 cum
1289 402 1404 436 acceptis
1414 403 1440 430 iu
1451 410 1543 434 monte
1554 407 1650 436 tabulis
1662 409 1843 442 descensurus

1051 446 1122 468 esset
1131 442 1246 478 Moyses,
1260 446 1401 476 inell‘abilis
1414 450 1421 465 ί
1433 452 1553 486 quaedam
1568 459 1595 481 et
1609 456 1740 485 mirabilis
1753 466 1786 486 ex
1799 460 1842 488 illa

1049 493 1140 516 sancta
1155 489 1222 517 facie
1233 493 1318 527 gloria
1335 495 1394 522 talis
1403 497 1552 531 emicabat,
1574 505 1604 527 ιιι
1623 502 1713 530 nullus
1726 512 1741 531 c
1761 505 1841 541 vulgo

1049 533 1082 560 ad
1099 534 1170 562 illum
1183 538 1312 567 accedere
1333 545 1360 568 et
1379 551 1439 570 cum
1459 544 1504 571 illo
1520 546 1635 582 colloqui
1659 549 1779 578 auderet.
1803 533 1842 580 R‘e

1050 579 1128 614 igitur
1141 583 1238 616 populo
1253 591 1360 619 semper
1370 587 1522 618 inaccessas
1532 596 1613 625 esset,
1628 593 1752 629 imposito
1763 597 1840 625 faciei

1047 632 1102 652 suae
1118 628 1249 656 velamine
1261 651 1268 663 ,
1288 633 1458 666 permittebat
1471 641 1499 662 ut
1511 644 1572 664 cum
1587 646 1618 665 eo
1632 628 1723 668 venire
1740 641 1769 669 in
1781 644 1839 672 col-

1047 672 1164 706 loquium
1187 674 1271 703 Judrei
1283 684 1396 712 possent
1418 680 1522 714 (Exod.
1537 683 1581 711 54.
1593 685 1641 712 55.
1652 686 1713 721 54).
1727 689 1761 714 At
1778 696 1838 716 cum

1046 718 1144 751 populo
1159 719 1222 747 dum
1237 727 1387 751 versaretur
1399 745 1406 756 ,
1422 726 1541 754 velamen
1557 730 1682 764 gerebat;
1694 718 1742 760 'ad
1755 734 1837 762 Deum

1045 768 1133 791 autctn
1147 773 1177 793 se
1189 774 1359 803 convertens,
1372 779 1465 799 rursus
1478 773 1542 801 illud
1553 775 1713 811 deponehat.
1730 779 1757 807 Id
1774 788 1838 808 vero

1044 808 1140 844 liebat,
1155 816 1182 839 ut
1203 810 1286 839 simul
1299 815 1387 850 major.
1398 817 1464 845 lldes
1485 808 1629 855 legislatori
1650 825 1838 854 conciliaretur

1043 855 1112 889 apud
1134 864 1181 885 eos
1203 858 1248 893 qui
1271 867 1319 894 per
1343 863 1430 896 ipsum
1455 864 1563 893 allatam
1589 871 1724 903 accepturi
1749 871 1834 906 legem

1042 906 1130 936 erant,
1146 909 1173 931 et
1187 905 1265 932 simul
1277 907 1302 934 in
1316 907 1374 942 ipso
1388 910 1460 944 prius
1475 911 1683 942 adumbraretur
1695 905 1836 952 ligurave-

1043 948 1139 982 ritatis,
1153 955 1180 978 et
1192 953 1380 982 incarnationis
1391 955 1491 984 Chri5ti
1509 965 1587 986 causa
1604 961 1688 988 multo
1697 967 1760 991 ante
1772 971 1834 998 pra:-

1041 995 1245 1029 signilicaretur.
1268 999 1334 1027 Nam
1349 1002 1476 1036 quoniam
1491 1003 1586 1032 dicturi
1603 1012 1679 1034 erant
1692 1009 1831 1043 nonnulli,

1041 1040 1129 1074 Quare
1145 1050 1196 1070 non
1214 1044 1239 1071 in
1253 1046 1323 1072 nuda
1338 1046 1478 1077 divinitate
1495 1048 1616 1079 Christus
1635 1053 1759 1087 advenit,
1785 1040 1833 1084 sed

1039 1094 1147 1127 carnem
1163 1089 1269 1119 induit?
1284 1092 1368 1120 multo
1380 1098 1443 1122 ante
1453 1102 1502 1130 per
1512 1094 1605 1124 faciem
1620 1099 1689 1127 servi
1702 1100 1832 1135 objectio-

1039 1133 1117 1162 nibus
1131 1136 1189 1163 istis
1203 1138 1330 1165 occurrit.
1354 1138 1382 1166 Si
1396 1140 1466 1167 enim
1483 1142 1553 1169 servi
1566 1143 1679 1177 gloriam
1691 1165 1698 1178 ,
1721 1153 1780 1181 qua:
1795 1147 1832 1174 illi

1039 1184 1131 1213 postea
1143 1180 1260 1215 obvenit,
1274 1190 1386 1212 cernere
1397 1193 1450 1213 non
1464 1191 1575 1221 potuere
1583 1188 1682 1223 Judaei,
1690 1180 1742 1226 quo
1754 1198 1832 1228 pacto

1037 1226 1134 1253 nudam
1149 1232 1242 1262 postea
1255 1229 1421 1258 divinitatem
1435 1232 1526 1261 videre
1540 1235 1709 1268 potuissent?

1065 1272 1099 1298 '7.
1114 1271 1206 1307 Neque
1218 1281 1283 1301 vero
1297 1279 1397 1303 tantum
1411 1277 1462 1304 hoc
1476 1279 1556 1307 nobis
1568 1280 1688 1309 velamen
1705 1282 1773 1311 illud
1781 1284 1830 1312 de-

1036 1317 1133 1352 signat,
1148 1319 1196 1346 sed
1206 1319 1298 1348 eadem
1314 1329 1384 1350 nunc
1398 1322 1498 1352 Judmis
1509 1325 1578 1353 lecta
1594 1327 1651 1363 lege
1665 1329 1829 1365 contingere,

1035 1370 1095 1398 qua:
1109 1369 1163 1391 tum
1186 1366 1245 1393 visa
1267 1366 1364 1403 Moysis
1387 1368 1454 1397 facie
1475 1372 1675 1408 contingebant.
1702 1375 1736 1402 Ut
1758 1377 1829 1404 cuint

1034 1409 1110 1437 faciei
1126 1411 1283 1446 legislatoris
1297 1414 1407 1449 gloriam
1432 1424 1485 1444 non
1504 1420 1669 1453 cernebant,
1689 1422 1758 1457 quod
1774 1432 1828 1451 me-

1034 1455 1106 1484 dium
1120 1457 1183 1485 illud
1198 1459 1286 1487 velunt
1308 1460 1476 1496 interjectum
1493 1469 1565 1492 esset
1580 1473 1590 1494 ;
1603 1466 1641 1493 sic
1656 1455 1743 1502 neque
1757 1477 1828 1497 mtttc

1034 1502 1099 1538 legis
1112 1510 1224 1538 possunt
1238 1507 1349 1541 gloriam
1365 1508 1472 1537 intueri.
1496 1510 1552 1539 Hoc
1564 1520 1628 1540 vero
1638 1514 1718 1542 etiam
1730 1515 1826 1543 adver-

1033 1556 1079 1576 sus
1092 1549 1231 1579 lnereticos
1246 1553 1305 1580 usui
1320 1555 1397 1582 nobis
1407 1560 1457 1583 est.
1478 1556 1544 1585 Nam
1558 1559 1617 1593 quia
1633 1565 1727 1595 putattt
1737 1562 1826 1590 crimi-

1033 1595 1167 1623 nationem
1186 1597 1252 1632 legis
1272 1606 1327 1633 prce
1349 1607 1379 1627 se
1398 1600 1467 1629 ferre
1490 1610 1549 1637 qua:
1569 1603 1638 1632 dicta
1656 1610 1734 1639 sunt,
1756 1606 1826 1635 hunc

1031 1640 1120 1668 locutn
1141 1643 1260 1676 epistola:
1281 1652 1438 1679 receperunt
1458 1655 1465 1675 :
1486 1652 1514 1675 et
1535 1656 1595 1676 cum
1616 1650 1700 1686 legent
1726 1652 1826 1681 habere

1030 1687 1151 1714 velamen
1162 1689 1336 1723 audivissent,
1352 1697 1378 1718 et
1392 1693 1524 1727 evacuari,
1539 1695 1609 1729 quod
1626 1697 1696 1724 illam
1710 1698 1824 1726 arbitra-

1030 1738 1122 1760 rentur
1135 1736 1268 1769 accusari,
1294 1737 1382 1765 literas
1402 1739 1577 1768 deserueruttt
1587 1764 1593 1774 ,
1609 1747 1638 1769 ut
1649 1743 1704 1771 suis
1717 1745 1824 1772 ratioci-

1030 1779 1181 1808 nationibus
1204 1787 1372 1817 caperentur.
1398 1785 1470 1813 Istud
1494 1787 1565 1814 ettint
1589 1788 1677 1824 ipsum
1699 1799 1820 1826 magnam

1028 1834 1089 1854 esse
1115 1827 1199 1863 legem
1224 1830 1350 1857 ostendit.
1375 1831 1441 1859 Nam
1465 1833 1533 1861 sicut
1553 1839 1608 1862 tum
1630 1829 1734 1864 crimini
1756 1839 1822 1865 vecti

1027 1872 1111 1908 Moysi
1134 1882 1185 1901 non
1203 1880 1306 1908 poterat
1318 1897 1324 1908 .
1340 1877 1410 1912 qttod
1425 1886 1507 1913 super
1526 1879 1619 1908 facient
1634 1882 1763 1910 velamen.
1775 1883 1822 1910 Ita.

1027 1919 1112 1952 beret,
1127 1921 1173 1948 sed
1189 1921 1252 1948 illud
1265 1927 1323 1950 crat
1344 1923 1469 1952 indicium
1483 1925 1645 1954 inlirntitatis
1657 1927 1820 1962 Jutlaaorum,

1027 1965 1124 2002 Moysis
1138 1975 1201 1995 vero
1217 1968 1274 1996 laus
1294 1969 1407 1997 maxima
1420 1990 1428 2003 ,
1451 1971 1521 2006 quod
1543 1977 1619 2000 tanta
1632 1974 1717 2008 gloria
1739 1974 1822 2002 facies

1026 2011 1098 2039 illius
1117 2012 1261 2049 refulgeret
1280 2019 1309 2042 ut
1322 2015 1393 2051 apud
1411 2022 1557 2046 conservos
1571 2019 1703 2047 velamine
1716 2020 1820 2056 indige-

1026 2063 1085 2086 ret:
1099 2059 1136 2086 ita
1150 2068 1256 2096 quoque
1276 2061 1326 2097 legi
1345 2063 1452 2090 accidit.
1476 2063 1532 2091 Nisi
1556 2065 1626 2092 enim
1649 2065 1691 2093 lex
1708 2066 1820 2101 gloriam

1026 2104 1163 2133 habuisset
1171 2106 1344 2141 inaccessam,
1351 2108 1483 2137 velandae
1490 2117 1543 2137 non
1554 2111 1720 2145 indiguisset.
1730 2112 1805 2146 Quau
1812 2128 1819 2133 -

1024 2149 1060 2177 do
1083 2151 1162 2186 igitur
1182 2160 1290 2181 manere
1304 2154 1429 2182 velamen
1440 2155 1506 2183 dicit
1526 2156 1552 2183 in
1577 2157 1691 2185 lectione
1713 2158 1819 2188 Veteris

1024 2195 1198 2231 Testamenti,
1210 2198 1397 2227 obscuritatem
1409 2201 1466 2235 ejus
1477 2201 1541 2229 dicit
1555 2211 1562 2230 :
1573 2204 1680 2238 quando
1691 2212 1754 2232 vero
1765 2213 1817 2233 non

1024 2243 1172 2271 revelatum
1196 2244 1260 2273 dicit
1280 2246 1350 2280 quod
1366 2247 1392 2274 in
1413 2248 1519 2276 Christo
1533 2256 1689 2285 evacuatur,
1713 2256 1817 2286 partem

1023 2295 1082 2316 eam
1098 2289 1165 2324 legis
1180 2291 1256 2318 nobis
1280 2291 1395 2326 indicat,
1418 2294 1522 2322 ratione
1545 2296 1621 2330 cujus
1643 2296 1756 2325 obscura
1772 2299 1815 2326 los

1022 2339 1072 2361 est.
1099 2334 1157 2362 Non
1176 2336 1247 2364 enim
1263 2337 1376 2366 obscura
1390 2346 1452 2374 pars
1467 2347 1497 2367 ea
1511 2341 1578 2376 legis
1592 2341 1642 2369 fuit
1660 2351 1720 2378 quae
1739 2344 1816 2372 nobis

1022 2380 1055 2408 ad
1072 2381 1151 2410 vitam
1167 2387 1194 2410 et
1203 2385 1436 2413 conversationem
1451 2387 1638 2416 instituendam
1649 2390 1814 2424 conferebat,

1022 2429 1120 2464 alioqui
1141 2431 1275 2465 superﬂue
1289 2431 1349 2458 data
1370 2432 1464 2460 fuisset
1480 2442 1486 2460 :
1502 2434 1549 2461 sed
1569 2443 1608 2462 ειη
1623 2437 1710 2464 solum
1725 2443 1814 2473 partes

1021 2475 1170 2504 obscurata:
1192 2482 1274 2510 sunt,
1298 2486 1330 2506 ex
1351 2479 1447 2516 quibus
1466 2488 1545 2509 nosse
1568 2487 1720 2516 poteramus
1741 2484 1813 2513 illam

1021 2523 1142 2549 evacuari
1155 2531 1200 2557 per
1212 2523 1357 2551 Christum.
1367 2525 1432 2552 Nam
1446 2530 1473 2552 et
1488 2527 1538 2554 ltoc
1547 2535 1614 2562 opus
1624 2534 1665 2556 est
1676 2530 1814 2564 sapicutta:

1020 2567 1134 2602 dirime,
1151 2569 1235 2604 legem
1252 2570 1285 2597 ab
1309 2570 1366 2605 ipso
1388 2571 1535 2606 introduci,
1555 2573 1599 2608 qui
1614 2574 1647 2602 de
1661 2583 1693 2602 ea
1712 2576 1813 2605 diceret

1020 2614 1085 2647 fore,
1098 2619 1128 2641 ut
1139 2615 1270 2648 Christus,
1284 2623 1343 2643 cum
1357 2618 1469 2650 venerit,
1483 2618 1567 2654 legem
1583 2625 1704 2653 evacuel,
1715 2627 1742 2649 ct
1756 2623 1813 2650 lbra

1019 2661 1087 2688 utin
1108 2661 1165 2695 ipso
1185 2669 1244 2689 esse
1266 2663 1379 2690 desinat.
1402 2664 1464 2692 Ilarc
1484 2665 1564 2700 igitur
1581 2667 1637 2701 ipsa
1660 2676 1720 2702 pars
1735 2669 1811 2705 legis,

1018 2715 1078 2742 quae
1100 2707 1184 2742 legem
1210 2709 1236 2735 in
1251 2709 1358 2736 Christo
1373 2711 1436 2738 dicit
1449 2713 1589 2746 evacuari,
1616 2715 1670 2742 sola
1692 2716 1739 2742 fuit
1761 2717 1810 2743 ob.

1018 2761 1094 2780 scura
1109 2761 1119 2782 z
1133 2759 1212 2788 atque
1224 2754 1274 2782 hoc
1287 2755 1374 2790 ipsum
1390 2757 1508 2785 indicans
1524 2767 1634 2794 magnus
1649 2761 1746 2789 Paulus
1759 2762 1809 2789 ad-

1015 2799 1103 2834 juuxit
1113 2800 1214 2834 dicens,
1226 2801 1286 2828 Non
1294 2802 1438 2835 revelatum,
1450 2805 1519 2838 quod
1526 2805 1550 2832 iu
1558 2805 1656 2834 Christo
1664 2811 1806 2836 eratutut":

1050 2879 1057 2894 δ
1077 2877 1143 2903 Colb.
1156 2878 1243 2910 habet,
1253 2879 1382 2912 ittorCctsa,
1397 2887 1451 2913 pro,
1461 2881 1598 2914 ineffabiles.
1779 2922 1782 2929 Ι
1790 2904 1798 2920 ,
