2072 3123
241 172 295 200 1τῦ

242 232 345 260 Etenim
370 237 402 256 nc
428 228 496 256 forte
519 235 579 254 cum
605 226 725 253 audisses
747 224 773 250 in
800 222 913 250 lectione
930 218 1031 247 Veteris

240 276 404 305 'I'cstamenti
416 281 524 302 manere
539 273 658 300 velamen
669 291 676 303 ,
701 274 781 297 totam
795 268 878 303 ipsam
891 265 1032 293 obscuram

240 327 268 350 et
282 322 414 348 obtectam
427 327 487 346 esse
500 318 666 345 existimares
676 336 684 349 ,
707 315 775 341 hanc
795 312 974 347 suspicionem
987 309 1034 335 ad-

242 368 342 394 ditione
362 366 488 394 correxit.
505 365 570 392 Cum
584 363 653 390 cnim
665 361 791 393 dixisset,
811 359 931 386 velamen
951 357 977 384 in
993 356 1032 383 le-

243 413 334 440 ctione
356 411 459 439 Veteris
484 408 648 437 Testamenti
672 413 798 438 manere,
825 404 941 438 adjecit,
971 401 1033 429 Non

242 460 389 490 revelatum,
405 456 473 494 quod
488 456 514 482 in
525 455 624 482 Christo
634 457 778 480 evacuatur.
802 451 858 477 Iloc
872 450 973 485 ipsum,
990 447 1033 475 in-

243 505 315 539 quit,
342 503 488 530 revelatum
506 508 557 528 non
583 504 640 530 est,
663 497 734 532 quod
750 497 775 524 in
789 496 896 524 Christo
911 499 953 522 est
971 501 1032 521 eva-

242 548 374 577 coandum
391 555 398 574 :
415 553 495 582 porro
518 545 550 572 iis
576 543 721 572 revelatum
749 550 801 570 non
828 546 886 575 est,
911 541 955 575 qui
980 547 1032 566 non

242 594 372 622 accedunt
383 593 417 620 ad
438 591 516 619 fidem
531 599 538 617 :
554 591 644 625 itaque
665 589 687 616 is
702 589 745 624 qui
761 588 794 616 ad
814 588 893 615 fidem
908 586 1032 619 accessit,

241 646 269 668 et
283 641 367 666 sancti
383 638 499 673 Spiritus
511 637 623 671 gratiam
636 639 817 669 consequutus
837 638 896 666 est,
912 640 964 659 non
977 632 1033 666 jam

242 694 302 713 eum
323 685 454 713 velamine
473 684 556 718 legem
576 683 711 714 intuetur,
735 680 782 708 sed
797 680 894 707 nmlam
908 679 965 713 ejus
978 677 1035 712 glo-

242 734 313 760 riam
325 736 436 767 spectat.
465 730 554 759 Gloria
569 730 633 765 legis
646 733 686 757 est
697 751 704 761 ,
727 733 755 756 ut
768 728 866 755 docere
887 726 970 762 possit
982 725 1034 752 sei-

241 787 316 815 psam
341 780 368 806 in
389 777 494 805 Christo
518 777 659 808 evacuari,
683 781 712 803 ut
738 775 788 804 hoc
807 781 912 809 quoque
934 773 980 799 tibi
1000 773 1035 799 sit

242 827 387 860 cognitum.
413 823 492 851 Vides
508 830 567 858 qua:
589 822 624 849 sit
646 821 711 856 legis
732 820 833 856 gloria?
851 819 917 846 Vera
936 818 1034 854 quippe

241 871 325 906 gloria
347 871 406 906 ejus
422 873 480 902 est,
506 867 612 904 quando
634 867 764 895 instruere
779 871 805 893 te
827 865 942 900 potuerit
961 869 988 891 ct
1001 863 1034 891 ad

242 917 378 945 Christum
388 916 521 943 deducere
534 925 540 942 :
556 919 612 942 tum
624 921 688 941 vero
699 913 815 945 instruit,
831 919 893 939 eum
907 910 1033 938 evacuari

243 972 272 990 sc
283 963 409 990 ostendit.
425 962 515 997 Itaque
531 961 592 988 hinc
602 961 683 988 etiam
699 959 831 986 haereticis
846 958 924 986 letale
937 956 1035 984 vulnus

243 1010 380 1044 infligitur.
393 1009 460 1036 Nam
474 1008 496 1035 si
511 1006 645 1034 contraria
664 1006 706 1033 lex
719 1010 745 1033 et
763 1004 914 1032 adversaria
928 1003 1035 1030 Christo

243 1060 332 1086 esset,
349 1062 399 1082 nec
413 1055 447 1081 ab
469 1054 515 1081 illo
533 1053 628 1080 tradita
639 1072 646 1085 ,
667 1060 721 1079 non
740 1051 902 1086 oportuisset
924 1048 1035 1077 Paulum

243 1102 300 1136 ejus
311 1101 421 1136 gloriam
436 1100 462 1128 id
475 1099 620 1135 appellare,
634 1098 704 1133 quod
714 1096 871 1125 accedentes
883 1095 916 1122 ad
931 1103 960 1122 se
973 1101 1035 1129 pos-

244 1152 286 1175 set
299 1149 429 1174 instruere
439 1167 446 1178 ,
462 1154 510 1182 per
527 1145 662 1173 Christum
679 1145 762 1180 ipsam
777 1143 911 1172 evacuari.
925 1141 954 1170 Si
967 1141 1035 1169 mala

244 1198 315 1221 esset
328 1194 368 1221 lett
381 1200 483 1226 rursus,
497 1200 549 1219 non
562 1191 724 1227 oportuisset
732 1190 852 1218 velamen
861 1189 918 1224 ejus
926 1187 1034 1221 auferri,

244 1239 292 1266 sed
316 1239 386 1265 illam
411 1239 490 1265 etiam
512 1242 572 1272 post
594 1237 707 1272 gratiam
726 1235 894 1263 obscuratam
914 1241 1034 1261 manere.

244 1286 320 1319 Quod
336 1286 358 1313 si
377 1285 427 1312 hoe
445 1291 542 1312 nnmus
556 1289 597 1312 est
610 1283 720 1319 gratim,
736 1287 765 1310 ut
781 1282 940 1309 accedentes
955 1279 987 1308 ad
1007 1288 1037 1308 se

245 1332 456 1368 perspicaciorcs
469 1331 503 1358 ad
524 1329 804 1364 comprehendendam
826 1328 911 1363 legem
926 1327 1035 1360 efﬁciat,

245 1380 285 1406 sic
303 1383 332 1405 ut
351 1378 411 1405 inde
426 1377 527 1404 initium
548 1380 576 1403 et
594 1375 699 1403 occasio
711 1375 823 1402 ducatur
835 1373 922 1400 omnis
934 1373 994 1400 tidci
1010 1373 1036 1399 in

245 1425 380 1451 Christum
393 1422 550 1450 exhibendre
566 1430 572 1448 :
586 1421 720 1456 quodnam
733 1420 854 1455 proferre
868 1420 955 1453 majus
973 1426 1035 1452 pos-

245 1473 288 1497 set
301 1469 369 1495 ullus
387 1472 571 1503 argumentum
587 1467 754 1502 cognationis
773 1466 838 1501 legis
858 1473 920 1492 cum
941 1465 1035 1500 gratia,

245 1524 324 1550 quam
335 1523 394 1542 enm
406 1515 498 1542 oculos
511 1513 632 1541 Christus
647 1513 732 1547 aperit
741 1520 842 1541 eorum.
855 1512 898 1547 qui
907 1512 940 1539 ad
952 1512 1037 1547 ipsum

246 1563 393 1594 accedunt,
414 1566 442 1587 ut
459 1560 651 1587 institutionem
665 1559 804 1594 percipere
824 1558 890 1594 legis
913 1559 1015 1593 possint
1030 1567 1036 1585 :

246 1608 291 1634 illa
306 1615 369 1633 vero
381 1615 441 1634 eum
460 1606 628 1641 apparuerit,
649 1610 676 1632 et
695 1605 763 1632 facta
786 1605 864 1631 fuerit
887 1603 1036 1636 manifesta,

246 1654 343 1688 poterit
362 1653 444 1679 multa
459 1660 518 1679 cum
533 1652 658 1678 facilitate
672 1651 850 1678 transmittere
862 1651 931 1683 illos,
949 1651 992 1685 qui
1007 1658 1039 1677 ea

247 1708 305 1734 qua:
326 1699 422 1726 Christi
445 1701 508 1725 stitit
528 1697 694 1732 intelligunt?
719 1696 780 1723 litec
802 1697 871 1724 enim
896 1696 1040 1723 ostendunt

247 1753 333 1780 neque
345 1745 478 1771 Christum
492 1751 551 1770 cum
567 1743 626 1777 lege
646 1750 763 1777 pugnare
773 1763 780 1774 ,
804 1750 890 1776 neque
903 1750 962 1769 eum
975 1741 1038 1769 Jesu

248 1791 332 1825 legem
347 1789 443 1816 bellum
456 1796 567 1823 gerere,
584 1788 629 1814 sed
645 1788 778 1814 contrario
794 1788 870 1822 plane
886 1787 964 1814 modo
981 1795 1037 1814 rem

247 1844 277 1863 se
290 1836 387 1862 habere
400 1855 406 1866 ,
423 1843 482 1861 cum
498 1834 541 1860 illa
555 1833 662 1868 quidem
681 1833 714 1860 ad
730 1841 849 1868 magnam
869 1833 936 1860 hanc
952 1834 1039 1868 philo-

248 1881 369 1914 sophiam
384 1880 450 1906 viam
472 1884 587 1909 stcrnat,
610 1878 653 1906 hic
667 1883 755 1905 autent
770 1879 830 1906 inde
843 1885 992 1913 assumptos
1006 1879 1039 1906 ad

249 1934 383 1952 sutmnum
408 1925 510 1959 pictatis
533 1925 636 1951 culmen
663 1924 785 1952 adducat.
813 1924 864 1951 Pro
887 1924 927 1951 his
951 1929 1039 1952 autem

248 1971 372 1998 omnibus
388 1971 501 2004 benigno
515 1970 569 1997 Deo
583 1970 680 2004 gratias
702 1977 810 2004 agamus
822 1991 828 2002 ,
857 1971 899 2005 qui
916 1978 962 2005 pro
977 1978 1041 1998 con-

252 2018 366 2044 venicnti
393 2021 512 2050 tempore
532 2016 634 2051 singula
649 2016 784 2050 disponit,
801 2016 934 2051 variisque
954 2017 1040 2043 ntodis

249 2065 361 2090 salutem
376 2068 492 2090 nostram
508 2067 646 2097 procurat,
662 2067 689 2089 et
701 2063 805 2097 dignam
823 2063 903 2096 ipsius
914 2063 1041 2097 dignitate

250 2119 281 2138 ac
295 2116 364 2137 tanta
380 2110 543 2144 providentia
563 2110 624 2136 vita:
647 2109 775 2136 rationem
791 2117 838 2143 pro
852 2109 951 2136 viribus
964 2109 1040 2136 exhi-

251 2158 360 2184 beamus
373 2178 380 2188 ,
404 2160 432 2182 ut
453 2155 538 2182 futura
560 2155 639 2182 etiam
662 2155 729 2182 bona
750 2163 944 2190 consequamur
959 2165 966 2180 :
981 2164 1040 2191 qum

250 2203 327 2230 nobis
342 2202 465 2229 omnibus
487 2202 585 2228 utinam
607 2201 774 2235 contingant,
787 2199 870 2234 gratia
883 2207 909 2228 et
923 2201 1041 2236 benigni-

252 2253 305 2275 tate
317 2247 419 2274 Domini
433 2247 515 2274 nostri
528 2246 590 2273 Jesu
604 2246 712 2277 Christi,
730 2254 777 2280 per
791 2255 867 2280 qttem
881 2252 907 2273 et
919 2255 1041 2282 cumquo

250 2294 332 2325 Patri,
348 2293 427 2320 simul
440 2300 499 2320 cum
511 2292 608 2327 Spiritu
624 2296 726 2324 sancto,
740 2291 834 2326 gloria,
848 2291 941 2325 honor,
959 2293 1042 2328 impe-

253 2341 330 2371 rium,
344 2339 370 2366 in
384 2339 482 2366 smcula
494 2338 665 2365 ειυειιιυιηιιιι.
681 2339 775 2364 Amen.

251 2438 341 2465 Adhuc
352 2438 378 2464 in
392 2437 565 2464 obscuritatem
586 2437 678 2464 Veteris
693 2437 854 2470 Tcstummti,
867 2439 922 2465 etin
934 2438 979 2465 Dei
990 2440 1040 2467 cle-

288 2484 417 2514 mentiam,
432 2488 453 2510 et
469 2483 535 2515 quod
548 2483 593 2510 alii
608 2483 671 2510 alios
686 2492 735 2510 non
759 2484 863 2510 debeant
878 2493 1002 2512 accusare.

289 2565 314 2590 1.
336 2563 438 2591 Gaudet
453 2564 559 2598 quidem
583 2563 719 2595 bubulcus,
744 2564 806 2590 dmn
831 2564 898 2591 bene
912 2565 1000 2592 valere
1013 2573 1043 2591 ac.

253 2614 377 2644 vegetum
393 2617 452 2636 esse
471 2609 543 2636 videt
563 2614 712 2637 armentum
732 2618 809 2636 suum
825 2619 831 2636 :
846 2610 943 2644 gaudet
963 2611 1042 2638 etiam

253 2656 379 2690 agricola,
395 2655 457 2682 dum
468 2659 621 2682 vernantem
636 2661 752 2689 segetem
767 2657 867 2682 cernit:
883 2656 928 2683 sed
944 2663 993 2683 nec
1009 2657 1044 2683 ob

255 2706 370 2735 segetem
385 2702 509 2736 agricola,
535 2709 585 2728 nec
606 2702 640 2728 ob
661 2708 722 2728 snas
738 2701 818 2728 boves
833 2701 962 2728 bubulcus
977 2701 1044 2729 adeo

255 2746 379 2780 gaudent,
395 2752 423 2773 ut
443 2754 491 2781 ego
506 2754 576 2773 nunc
597 2746 698 2779 gaudeo
720 2751 747 2773 et
766 2747 880 2778 exsulto,
902 2746 965 2774 dum
989 2748 1045 2781 pul-

256 2791 347 2818 chram
362 2791 430 2819 hanc
444 2799 533 2819 aream
556 2790 737 2827 spiritualibus
759 2791 887 2826 repletam
904 2792 1045 2826 manipulis

256 2845 346 2864 cerno.
361 2838 427 2865 Cum
441 2839 510 2865 enitn
527 2838 552 2864 in
569 2842 606 2864 tot
621 2845 651 2864 ac
667 2837 731 2865 tales
744 2845 821 2865 aures
832 2846 953 2872 sparsum
964 2838 1042 2865 fuerit

258 2888 368 2912 verbum
379 2885 494 2920 pietatis,
505 2884 643 2913 confestim
661 2893 767 2912 necesse
784 2890 833 2919 est,
850 2891 877 2913 ut
891 2886 1006 2921 copiosae
1015 2894 1046 2913 ac

594 168 622 195 S.
642 165 781 194 JOANNIS
800 158 1035 191 CIIRYSOSTOMI
1054 158 1211 185 AHCHIEP.
1231 159 1497 188 CONSTANTINOP.

1825 159 1877 186 176

1085 221 1195 245 matura:
1209 217 1366 245 obedientia:
1380 218 1460 253 Spica:
1475 221 1626 245 nascantur.
1640 217 1705 245 Nam
1718 219 1742 247 si
1754 219 1813 254 quis
1821 221 1874 246 sub

1084 264 1122 291 cis
1133 263 1245 291 fertilem
1257 271 1288 299 ac
1298 263 1420 299 pinguem
1436 271 1527 298 agrum
1542 263 1696 297 prociderit,
1706 264 1827 298 quamvis
1836 271 1878 290 se.

1085 309 1155 336 mina
1170 309 1241 344 larga
1255 316 1333 336 manu
1347 317 1399 336 non
1412 309 1517 343 jecerit,
1532 308 1643 336 multum
1655 314 1811 343 proventum
1823 309 1878 335 col-

1084 354 1156 389 liget,
1172 354 1235 381 dum
1255 354 1304 381 loci
1325 359 1417 380 natura
1438 354 1570 380 seminum
1592 354 1715 388 exiguum
1736 362 1876 381 numerum

1085 399 1190 435 propria
1201 400 1298 427 virtute
1313 399 1496 434 multiplicabit
1507 409 1513 426 :
1524 399 1563 427 sic
1574 407 1634 427 cum
1648 400 1673 427 in
1688 400 1792 427 animas
1799 391 1878 427 obsc-

1084 451 1196 482 quentes
1209 453 1240 473 ac
1255 445 1359 480 pietatis
1373 445 1465 480 plenas
1480 445 1575 480 aliquis
1587 445 1727 480 sparserit,
1739 445 1802 473 licet
1821 446 1874 472 exi-

1084 499 1134 527 gua
1148 492 1276 519 doctrina:
1287 491 1388 518 semina
1400 490 1504 526 jecerit,
1521 498 1636 519 messem
1651 490 1759 519 uberem
1773 495 1877 523 cernet,

1085 538 1148 565 dum
1165 545 1212 573 per
1223 537 1373 565 auditorum
1387 537 1544 572 sapientiam
1560 538 1757 566 eoneionatoris
1772 543 1878 573 egestas

1085 584 1269 611 occultabitur.
1285 584 1340 611 lloc
1352 588 1379 611 et
1392 584 1417 611 in
1433 584 1576 618 piscatione
1590 584 1728 620 contingit.
1750 584 1879 618 Quamvis

1085 631 1155 658 enim
1171 631 1317 666 piscatores
1338 629 1391 657 sint
1405 630 1531 664 imperiti,
1547 630 1571 659 si
1587 635 1674 658 tamen
1688 630 1715 658 in
1736 630 1823 658 sinum
1838 631 1875 666 pi<

1085 677 1175 705 scibus
1196 676 1376 704 abundantem
1397 676 1462 704 retia
1483 675 1615 710 miserint,
1635 675 1713 704 facile
1728 676 1816 712 ptanda
1830 684 1877 712 po-

1087 723 1198 755 liuntur,
1215 722 1277 749 dum
1289 722 1392 749 illorum
1404 721 1541 749 abscondit
1549 721 1707 756 imperitiam
1716 729 1877 750 concurren-

1087 769 1150 796 tiqu
1165 768 1275 803 piscium
1291 768 1443 795 multitudo.
1459 767 1535 801 Quod
1547 769 1570 796 si
1588 768 1614 795 in
1628 769 1671 797 illa
1686 774 1795 803 captura
1809 769 1878 798 mul-

1087 814 1172 842 titudo
1185 814 1288 841 illorum
1298 814 1343 849 qui
1354 813 1476 848 capiendi
1488 818 1558 844 sunt.
1570 821 1756 851 smpenumcro
1765 814 1822 849 eius
1830 815 1878 849 qui

1087 865 1143 888 rete
1165 859 1256 892 mittit,
1272 860 1411 894 imperitiae
1425 859 1559 887 defectum
1578 860 1671 894 sarcit,
1694 861 1778 888 multo
1793 861 1878 895 magis

1086 905 1155 932 istud
1165 906 1249 940 ipsum
1262 906 1287 932 in
1299 905 1347 933 hac
1356 905 1484 940 spirituali
1498 905 1644 941 piscatione
1657 906 1801 941 continget.
1810 906 1878 934 Nam

1086 951 1124 979 illi
1137 952 1243 987 quidem
1257 952 1345 986 pisces
1359 952 1401 980 ubi
1417 960 1509 981 nassas
1523 957 1550 980 et
1563 952 1656 980 hamos
1679 953 1784 981 immitti
1806 953 1879 980 vide-

1086 998 1148 1029 rint,
1165 997 1304 1025 confestim
1326 1002 1354 1029 et
1375 998 1524 1034 aufugiam,
1540 1003 1567 1031 et
1578 999 1708 1028 exsiliunt
1725 1008 1732 1027 :
1753 1007 1800 1027 vos
1813 1007 1880 1027 vero

1087 1045 1249 1072 contrarium
1269 1044 1364 1081 agitis:
1375 1053 1436 1074 cum
1454 1050 1607 1082 surgentem
1620 1051 1647 1074 ct
1660 1046 1789 1074 doctrinm
1802 1054 1879 1082 saga-

1087 1098 1149 1118 nam
1161 1090 1284 1118 videritis
1302 1091 1507 1126 cxpandentetn,
1521 1099 1575 1119 non
1587 1092 1673 1120 solum
1688 1100 1739 1119 non
1753 1092 1881 1128 aufugitis

1087 1141 1112 1165 ct
1128 1136 1250 1169 exsilitis,
1270 1136 1317 1164 sed
1337 1141 1364 1164 ot
1383 1137 1497 1165 interius
1511 1137 1621 1173 pergitis
1635 1137 1752 1172 undique
1766 1145 1880 1167 concur-

1088 1185 1188 1214 rentes,
1203 1186 1230 1208 et
1244 1182 1393 1216 proximum
1408 1183 1590 1217 unusquisque
1604 1183 1764 1218 protrudeus
1775 1190 1807 1210 ac
1820 1191 1879 1218 prc-

1089 1234 1174 1260 Inens,
1190 1227 1262 1262 prior
1284 1227 1340 1262 ipse
1359 1227 1461 1256 insiliro
1480 1232 1507 1256 et
1529 1228 1558 1256 in
1571 1228 1639 1256 retia
1658 1228 1745 1257 delabi
1759 1228 1878 1257 festinat.

1088 1273 1146 1307 Quo
1161 1272 1258 1300 factum
1272 1278 1324 1306 est,
1338 1278 1367 1300 ut
1377 1281 1521 1309 numquam
1535 1281 1643 1302 vacuam
1656 1282 1780 1310 sagenam
1791 1279 1881 1303 extra-

1088 1319 1215 1352 xerimus,
1232 1327 1284 1347 non
1296 1319 1351 1355 jam
1372 1319 1408 1347 ob
1430 1324 1550 1350 nostram
1569 1321 1702 1356 peritiam,
1716 1320 1764 1349 scd
1782 1321 1817 1348 ob
1835 1329 1882 1348 vc-

1088 1370 1170 1392 stram
1194 1365 1376 1401 cupiditatem.
1400 1365 1470 1394 Satis
1495 1366 1584 1401 itaque
1604 1374 1755 1402 nospuper
1766 1366 1880 1401 dapibus

1088 1411 1214 1446 explevit,
1226 1419 1285 1446 qua:
1301 1411 1412 1446 probato
1427 1419 1547 1446 puroque
1558 1416 1647 1440 manat
1655 1419 1721 1441 auro
1738 1412 1837 1448 lingua,
1853 1417 1881 1440 et

1089 1456 1175 1483 mellis
1195 1455 1281 1484 fontes
1305 1464 1351 1484 ore
1374 1456 1518 1491 profundit,
1544 1457 1644 1493 lingua,
1667 1458 1785 1493 inquam,
1809 1457 1880 1488 beati

1090 1501 1175 1534 Pauli,
1189 1502 1231 1530 vel
1242 1502 1341 1538 potius,
1352 1510 1411 1538 qua:
1424 1502 1476 1529 favi
1491 1503 1608 1538 cujusvis
1622 1503 1746 1532 suavitati
1757 1503 1883 1538 spiritua-

1090 1548 1122 1575 Iis
1136 1547 1264 1575 doctrinm
1277 1547 1415 1575 dulcedine
1426 1548 1571 1576 antecellit.

1126 1594 1298 1630 Clirysostomi
1315 1594 1446 1621 modestia.
1463 1593 1553 1621 Prima
1566 1601 1645 1622 causa
1657 1595 1816 1623 obscuritatis
1834 1594 1882 1621 Ve-

1091 1641 1150 1668 teris
1166 1640 1327 1668 Testtnneuti.
1337 1655 1373 1659 —-
1384 1640 1450 1673 Quia
1465 1647 1528 1667 vero
1548 1648 1596 1675 pro
1618 1648 1648 1668 ca
1671 1648 1731 1676 qua:
1744 1648 1791 1667 vos
1805 1640 1883 1668 decet

1091 1686 1270 1723 philosophia,
1289 1694 1323 1713 tte
1337 1686 1389 1712 mei
1404 1685 1511 1721 quidem
1527 1686 1649 1720 pauperis
1663 1690 1690 1712 et
1712 1686 1826 1713 mendici
1839 1692 1884 1713 res

1092 1732 1272 1765 contemnitis,
1284 1732 1330 1759 scd
1339 1740 1369 1759 ea
1378 1732 1484 1767 quidem
1498 1740 1556 1767 qua:
1567 1737 1628 1759 sunt
1638 1732 1733 1759 eximia
1744 1736 1771 1758 et
1780 1739 1883 1760 summa

1093 1779 1237 1812 miramini,
1254 1783 1352 1805 nostra:
1365 1785 1429 1805 vero
1445 1778 1600 1805 humilitatis
1618 1778 1698 1805 verba
1712 1785 1765 1805 non
1786 1778 1885 1813 impro-

1094 1825 1172 1856 batis,
1186 1825 1309 1851 alacriter
1323 1824 1355 1850 ad
1371 1824 1512 1851 dicendum
1526 1824 1639 1857 surrexi,
1663 1828 1691 1851 tit
1704 1823 1822 1851 debitum
1839 1832 1885 1850 vo-

1093 1871 1133 1898 bis
1148 1871 1285 1898 rcddcrem
1298 1870 1368 1904 quod
1383 1878 1465 1904 nuper
1480 1877 1538 1898 smn
1563 1870 1704 1904 pollicitus,
1727 1877 1775 1897 nec
1796 1874 1884 1897 tamen

1094 1917 1219 1952 persolvi,
1234 1917 1296 1943 dum
1311 1916 1459 1951 prolixitatc
1474 1916 1602 1943 doctrinm
1614 1916 1737 1952 prohibiti
1750 1923 1841 1943 smnus
1852 1915 1884 1944 ad

1093 1963 1173 1990 tinent
1194 1971 1276 1996 usque
1292 1962 1451 1997 pertingere.
1466 1962 1605 1994 Quodnam
1627 1962 1705 1996 igitur
1720 1960 1838 1989 debitum
1853 1961 1885 1989 ii,-

1094 2008 1138 2034 lnd
1151 2008 1215 2034 fuit?
1229 2007 1344 2034 Necesse
1358 2012 1398 2034 est
1411 2007 1493 2039 enitn,
1511 2012 1539 2033 ut
1553 2007 1654 2034 inilittm
1668 2007 1753 2035 mutui
1768 2006 1842 2034 vobis
1858 2006 1885 2037 in

1094 2055 1250 2082 memoriam
1266 2059 1413 2086 revocetur,
1430 2058 1459 2081 ut
1471 2058 1627 2089 argumento
1643 2054 1700 2089 ipso
1714 2054 1819 2088 cognito
1839 2061 1886 2080 vo-

1094 2101 1134 2129 bis
1146 2101 1280 2128 enarratio
1294 2100 1435 2127 dilucidior
1448 2101 1504 2127 liat.
1518 2100 1693 2133 Qumsivimus
1707 2104 1761 2129 tum
1784 2104 1886 2135 tempoo

1094 2148 1140 2178 ris,
1157 2155 1207 2183 qua
1227 2147 1260 2174 de
1280 2155 1361 2174 causa
1377 2147 1458 2174 Vetus
1473 2147 1672 2175 Testamentum
1685 2146 1721 2175 sit
1735 2145 1885 2179 obscurius,

1094 2202 1172 2229 quam
1190 2193 1307 2226 Novum;
1322 2193 1433 2220 fortasse
1448 2200 1563 2227 namque
1577 2192 1749 2225 meministis;
1766 2196 1793 2219 et
1805 2199 1885 2219 unam

1095 2241 1222 2267 hactenus
1235 2247 1342 2266 causam
1358 2239 1484 2272 diximus,
1507 2238 1657 2265 auditorum
1681 2238 1884 2269 immanitatem,

1094 2290 1241 2320 testemque
1257 2285 1427 2318 produxinnts
1438 2284 1547 2312 Paulum
1562 2284 1703 2315 dicentem,
1715 2284 1792 2314 Istud
1803 2283 1885 2317 ipsum

1094 2332 1206 2359 velamen
1216 2332 1242 2357 iu
1257 2331 1361 2358 lectione
1380 2330 1473 2357 Veteris
1488 2330 1640 2357 Testamenti
1655 2335 1737 2356 ntanet
1750 2337 1800 2357 non
1815 2337 1886 2356 reve-

1095 2380 1183 2411 latum,
1207 2378 1326 2412 quoniam
1340 2377 1366 2403 in
1381 2377 1480 2404 Christo
1495 2382 1632 2403 evacuatur
1655 2376 1693 2412 (Ξ.
1713 2375 1772 2402 Cor.
1785 2375 1810 2402 5.
1829 2375 1885 2410 Η).

1095 2424 1272 2457 Ostendimus,
1280 2421 1507 2458 quemadmodum
1517 2423 1636 2451 velamen
1648 2422 1741 2449 habuit
1754 2421 1888 2456 legislator

1096 2471 1210 2506 Moyses,
1227 2470 1261 2496 ita
1275 2477 1380 2504 quoque
1391 2469 1474 2503 legem
1489 2469 1610 2496 velamen
1620 2468 1753 2500 habuisse,
1767 2466 1888 2496 obseuri~

1097 2523 1194 2544 tatem:
1209 2516 1254 2544 sed
1271 2523 1357 2551 neque
1377 2515 1520 2551 legislatori
1537 2515 1600 2543 vitio
1620 2514 1786 2545 vertendum,
1802 2521 1888 2548 neque

1097 2563 1146 2598 legi
1161 2563 1264 2589 crimini
1279 2562 1395 2589 dandutn
1410 2562 1457 2588 l'uit
1473 2562 1604 2591 velamen,
1620 2560 1666 2588 sed
1681 2560 1831 2588 auditorum
1850 2559 1888 2585 in-

1098 2609 1214 2636 [inuitati
1230 2607 1410 2635 tribuendum.
1426 2607 1482 2636 Non
1498 2608 1568 2635 enim
1583 2611 1690 2642 propter
1709 2606 1825 2639 seipsutn
1844 2612 1888 2631 ve-

1099 2655 1184 2681 lamen
1201 2654 1292 2680 habuit
1314 2653 1428 2688 Moyses,
1451 2652 1497 2679 sed
1514 2652 1574 2684 quia
1596 2652 1708 2686 gloriam
1728 2652 1818 2679 vultus
1831 2651 1889 2685 ejus

1098 2701 1168 2728 l‘orre
1188 2707 1238 2727 non
1261 2704 1393 2734 poterant.
1413 2699 1524 2733 Quando
1538 2698 1607 2726 enint
1621 2705 1650 2726 se
1664 2697 1838 2726 convertebat
1856 2697 1889 2725 ad

1099 2748 1250 2781 Dominum,
1262 2747 1382 2774 velamen
1396 2745 1543 2776 auferebat.
1559 2745 1602 2772 Sic
1616 2745 1696 2773 etiam
1711 2745 1753 2773 lex
1765 2744 1890 2778 quoniam

1099 2793 1215 2820 nomium
1240 2793 1356 2827 perfecta
1377 2792 1535 2820 documenta
1551 2791 1693 2826 multa-quc
1714 2790 1889 2825 philosophia:

1101 2839 1175 2873 plena
1192 2839 1224 2866 de
1243 2839 1349 2865 Christo
1362 2837 1488 2871 Novoque
1505 2837 1678 2864 Testamento
1693 2835 1884 2870 perciperetur

1101 2890 1166 2913 terat
1178 2885 1318 2920 (siquidem
1333 2885 1375 2912 illa
1388 2884 1486 2918 omnia,
1499 2888 1634 2918 tamquam
1648 2883 1674 2910 in
1686 2881 1812 2910 thesauro
1826 2888 1891 2917 qum
