2072 3123
174 182 222 210 ΓΠ

174 243 243 270 nam,
261 238 286 264 in
303 235 391 264 Veteri
404 235 574 262 Testamento
590 231 704 266 reposita
722 229 819 263 erant),
838 228 958 255 velamen

173 284 296 315 habebat,
310 283 372 310 dum
388 282 439 309 illis
452 281 557 316 quidem
570 287 599 307 se
613 277 816 312 attemperahat,
829 275 904 302 nobis
914 281 961 300 au-

173 335 226 357 tem
238 329 342 357 divitias
356 336 449 356 omnes
463 325 625 358 reservabat,
637 330 665 352 ut
678 331 738 352 cum
752 323 872 350 Christus
882 321 966 349 adve-

172 376 249 407 ncrit,
265 380 290 402 et
301 374 333 401 ad
347 374 432 409 ipsum
444 380 493 400 nos
507 369 728 401 converterimus,
743 369 863 396 velamen
886 366 962 393 tolla-

173 429 224 449 tur.
240 421 342 448 Videtis
366 428 430 455 ergo
454 420 480 446 in
502 423 627 454 quantam
649 424 698 443 nos
720 414 848 442 adventus
862 412 960 440 Christi

172 468 321 503 provexerit
344 466 509 501 dignitatem,
535 464 579 499 qui
602 463 699 499 Moysis
721 462 746 489 in
770 461 890 488 ordinem
913 466 961 486 nos

172 513 302 541 cvexerit.
325 513 359 539 At
381 511 494 538 fortasse
516 510 584 538 dicet
608 508 703 543 aliquis
721 517 727 534 :
745 506 798 534 Cur
813 505 891 540 igitur
905 510 959 531 ttun

173 557 299 592 temporis
311 556 467 584 dicebautur
481 555 536 588 illa,
558 554 580 581 si
603 553 743 581 manifesta
765 559 817 578 non
832 554 906 577 erant
922 548 962 576 fu-

172 610 228 631 tura
243 611 302 639 qum
321 601 494 630 dicebantur?
508 601 541 629 Ut
554 599 668 635 posteris
686 599 810 625 nimirum
825 596 898 624 utilia
914 595 962 623 lie-

172 654 241 676 rent.
257 649 320 676 [huc
337 649 409 676 enim
424 651 466 675 est
487 646 601 681 dignitas
614 644 770 680 prophetizc,
793 650 845 670 non
867 645 895 669 ut
917 648 961 668 res

171 699 317 730 prmsentes
328 693 478 725 denuntiet,
494 691 540 719 sed
555 696 584 718 ut
598 690 697 718 futuras
712 687 881 724 prmnuntiet.
898 686 963 713 Pro-

173 742 261 776 phetia
276 748 356 775 porro
370 747 430 766 eum
445 738 548 765 occulte
562 736 663 772 prolata
688 734 777 767 fuerit,
793 736 853 768 post
871 738 961 759 rerum

173 792 296 815 eventum
312 787 341 813 lit
354 785 529 816 manifestior,
549 787 611 810 ante
625 786 750 809 eventum
763 787 827 806 vero
840 777 959 805 minime.

173 834 265 869 Itaque
285 833 346 868 quia
369 836 425 859 tum
444 831 558 858 obscure
578 828 743 859 dicebantur,
758 826 853 860 ignota:
865 827 961 851 erant:

172 888 233 908 cum
241 885 329 907 autem
339 886 381 906 res
388 877 564 912 contigerant,
573 878 712 910 propterea
721 871 858 899 manifesta
873 873 961 901 erant,

173 934 232 961 qu:e
253 925 321 952 dicta
336 924 452 951 fuerant.
473 923 559 956 Atque
573 924 602 947 ut
615 918 783 954 prophetiam
797 914 961 949 intelligatis,

173 973 235 1000 licet
250 972 332 999 multo
346 975 408 997 ante
422 975 540 1004 tempore
552 967 622 995 dicta
636 966 681 999 sit,
694 964 741 992 sed
757 969 843 991 tamen
859 961 963 990 occulte

172 1018 253 1050 dicta,
268 1017 410 1044 obscuram
426 1022 496 1046 esse,
507 1020 540 1041 ac
552 1019 640 1040 rerum
655 1014 780 1038 eventum
795 1012 960 1042 exspectare,

172 1063 363 1097 discipulorum
381 1062 500 1096 ipsorum
519 1058 544 1086 id
560 1057 683 1092 exemplo
695 1054 885 1089 comprobabo.
903 1052 965 1080 Sol-

173 1112 220 1137 vite
231 1109 351 1144 (emplum
363 1108 410 1134 hoc
421 1106 509 1140 (Joan.
520 1105 547 1132 ‘2.
559 1104 614 1140 19),
626 1103 714 1131 aiebat
723 1101 845 1129 Christus
853 1099 962 1126 ludatis.

174 1156 239 1184 Nam
256 1163 316 1182 cum
329 1162 376 1182 eos
390 1152 524 1188 eiecisset,
540 1151 586 1186 qui
605 1148 785 1184 negotiatione
804 1154 851 1174 sua
872 1144 963 1179 templi

173 1203 341 1229 sanctitatem
365 1200 506 1231 violarant,
531 1197 658 1224 dixerunt
682 1194 720 1221 illi
739 1203 746 1221 :
770 1192 843 1226 Quod
864 1191 964 1226 signum

174 1248 285 1275 ostendis
304 1246 385 1278 nobis,
408 1244 468 1279 quia
489 1244 542 1270 haec
561 1241 624 1278 fucis
635 1239 715 1275 (Ibid.
731 1247 755 1266 υ.
772 1237 836 1272 18)¹ῑ
848 1237 916 1264 Tum
930 1235 963 1263 ad

175 1294 226 1321 hoc
241 1291 400 1328 respondet:
415 1290 510 1318 Solvite
521 1287 640 1323 tentplum
653 1286 710 1319 hoc,
722 1290 744 1313 et
756 1285 782 1311 in
791 1283 868 1310 tribus
878 1282 964 1309 diebus

174 1327 292 1368 excitabo?
302 1338 377 1366 illud.
391 1337 442 1364 Ille
453 1340 538 1363 autem
547 1334 643 1361 dicebat
654 1332 684 1359 de
699 1331 792 1366 templo
803 1329 916 1364 corporis
925 1327 964 1355 sui

176 1386 255 1422 (Ibid.
271 1393 295 1412 υ.
307 1384 365 1419 2|).
382 1383 437 1411 Hoc
446 1386 534 1409 autem
546 1379 683 1416 prophetia
696 1376 816 1413 qumdam
831 1379 888 1402 est:
900 1381 966 1400 non-

175 1420 238 1459 dum
252 1431 350 1465 quippe
362 1436 426 1456 crux
441 1430 576 1458 evenerat,
592 1431 678 1459 neque
693 1422 784 1457 templi
798 1420 907 1452 solutio,
918 1426 966 1446 ne-

175 1486 225 1513 que
240 1481 299 1512 post
312 1481 366 1503 tres
378 1475 436 1503 dies
449 1472 618 1504 resurrectio,
633 1477 714 1506 quam
727 1469 784 1504 ipse
798 1467 869 1495 fecit.
881 1466 919 1493 Ac
927 1466 967 1492 vi-

175 1511 210 1550 de
224 1511 303 1558 quam
316 1525 411 1548 exacte
421 1524 532 1554 utraque
545 1516 699 1552 designarit,
714 1519 741 1542 et
755 1514 861 1541 illorum
879 1511 965 1539 audax

176 1569 290 1600 facinus,
305 1572 332 1595 et
344 1574 418 1594 suam
441 1565 524 1600 ipsius
536 1564 669 1590 virtutem.
686 1560 744 1588 Non
759 1564 847 1587 tamen
860 1566 891 1586 ea
904 1564 966 1593 quae

176 1614 333 1642 dicebantur
345 1615 518 1648 agnoverunt.
531 1610 569 1636 Ac
580 1608 687 1636 Judatos
697 1606 806 1641 quidem
818 1605 964 1639 ignorasse,

176 1660 287 1688 minime
302 1659 413 1686 mirum:
425 1660 452 1683 at
475 1663 509 1683 ne
529 1653 674 1689 discipulos
689 1651 794 1688 quidem
814 1650 873 1684 ejus
889 1648 967 1675 intel-

177 1705 277 1734 lexisse
291 1703 365 1736 dicit,
380 1708 519 1738 quousque
532 1707 547 1727 a
561 1699 673 1727 mortuis
685 1696 839 1728 resurrexit,
857 1699 966 1728 tumque

177 1752 342 1779 Crediderunt
363 1749 504 1784 Scriptum
523 1755 553 1774 ac
572 1745 693 1780 sermoni,
714 1751 786 1780 quem
808 1741 872 1770 dixit
890 1740 967 1768 Iesus

178 1795 258 1829 (Ibid.
270 1805 295 1824 ν.
308 1795 366 1831 22).

211 1843 240 1870 2.
262 1842 341 1870 Vides
360 1844 456 1869 eventu
476 1839 536 1867 illos
555 1837 699 1873 indiguisse
714 1842 815 1866 rerum,
829 1837 857 1861 ut
871 1830 965 1859 diluci-

159 1892 162 1895 '
177 1889 237 1916 dior
247 1889 323 1915 ﬁeret
340 1886 488 1922 prophetia,
500 1891 585 1920 neque
598 1881 702 1911 crimini
715 1879 871 1908 vertendum
886 1878 968 1905 fuisse

176 1935 289 1966 ludatis,
308 1933 379 1970 quod
397 1931 551 1968 prophetias
563 1930 622 1958 illas
632 1929 666 1956 de
677 1927 784 1956 Christo
796 1930 857 1953 ante
869 1923 968 1951 Christi

177 1981 322 2008 adventum
335 1986 385 2006 non
399 1973 737 2012 intelligereutYSiquidem
749 1980 795 2007 per
805 1971 862 2005 ejus
870 1969 969 1997 adven-

179 2031 235 2053 tum
259 2026 338 2053 clarzc
359 2023 503 2051 reddenda:
522 2021 625 2049 fuerant
637 2025 664 2048 et
681 2023 791 2054 apertae.
807 2017 874 2044 Audi
891 2015 970 2042 Chri-

179 2077 250 2098 stum
275 2071 326 2097 hoc
351 2070 506 2096 dicentem:
528 2067 558 2094 Si
581 2074 631 2093 non
651 2065 788 2096 venissem,
808 2067 831 2089 et
852 2061 970 2093 loquutus

179 2117 284 2151 fuissent
309 2114 354 2146 eis,
378 2117 507 2148 peccatum
532 2120 583 2138 non
606 2110 725 2137 haberent
739 2108 828 2143 (Joan.
850 2106 895 2134 15.
911 2104 971 2140 21).

179 2162 269 2194 Quare
290 2164 427 2194 peccatum
447 2165 500 2184 non
515 2156 657 2189 habebant,
674 2155 696 2181 si
710 2153 856 2189 prophetiae
872 2151 970 2186 ιιι-ωᾱὶ-

180 2212 276 2234 serant
285 2207 297 2232 ?
307 2206 372 2240 Quia
385 2205 561 2240 praedixerant
571 2202 686 2237 quidem,
699 2200 746 2227 sed
762 2198 907 2226 manifestze
918 2203 970 2224 non

180 2259 258 2282 erant
273 2260 358 2288 neque
371 2252 449 2280 clara:
461 2256 523 2278 ante
537 2250 605 2277 illius
618 2248 761 2275 adventum
773 2245 816 2281 qui
832 2243 972 2280 praedictus

182 2301 279 2328 fuerat.
298 2299 363 2326 Nam
383 2299 404 2326 si
420 2303 476 2325 tum
497 2303 603 2331 quoque
622 2293 769 2322 manifesta:
789 2291 840 2318 illis
854 2294 881 2317 et
895 2289 972 2316 clane

182 2347 306 2378 fuissent,
320 2344 389 2371 haud
404 2343 513 2371 dubium
527 2341 590 2377 quin
607 2340 687 2367 etiam
700 2342 763 2365 ante
776 2336 859 2372 ipsius
872 2335 972 2362 adven-

183 2399 239 2420 tum
263 2396 399 2427 peccatum
428 2390 604 2417 habuissent:
631 2385 702 2421 quod
721 2384 743 2411 si
762 2386 899 2419 peccatum
920 2388 973 2408 non

184 2440 337 2467 habuerunt
346 2459 353 2470 ,
366 2437 475 2465 dubium
489 2442 541 2462 non
555 2438 594 2461 est
603 2454 611 2466 ,
626 2433 688 2467 quin
701 2434 810 2467 propter
822 2435 913 2459 earum
927 2427 975 2453 ob-

184 2485 350 2514 scuritatem.
365 2487 391 2509 et
406 2481 531 2516 quoniam
542 2478 646 2506 obtecta
661 2476 764 2503 fuerant
777 2480 836 2508 qua!
849 2471 971 2499 diceban-

185 2537 237 2557 tur.
251 2529 342 2563 Neque
352 2527 423 2555 enim
436 2531 498 2553 ante
506 2524 605 2552 Christi
620 2522 762 2550 adventum
777 2519 843 2546 fides
857 2518 882 2545 in
899 2516 976 2544 Chri-

185 2582 255 2604 stum
271 2562 305 2602 ab
319 2575 371 2601 illis
381 2572 545 2607 exigebatur.
560 2570 615 2597 Cur
634 2568 724 2602 itaque
740 2570 795 2593 tum
813 2562 975 2599 prmdiceba-

187 2628 229 2650 tur
243 2623 255 2648 ?
268 2621 302 2649 Ut
315 2628 376 2648 cum
390 2619 559 2649 advenisset,
573 2614 735 2643 domesticos
755 2611 879 2638 doctores
895 2609 976 2636 habe-

187 2673 247 2696 rent
259 2675 273 2694 a
286 2667 382 2702 quibus
394 2665 575 2695 incitarentur,
585 2665 612 2689 et
623 2659 800 2694 intelligerent
812 2663 868 2684 rem
882 2660 977 2682 novam

186 2723 240 2742 non
258 2721 319 2741 esse
333 2719 393 2747 quae
410 2710 579 2745 gerebantur,
594 2713 680 2741 neque
693 2707 828 2732 recentem
841 2701 979 2736 dispensa-

187 2760 299 2788 tionem,
314 2745 362 2784 sed
387 2757 445 2782 haec
464 2754 525 2781 olim
544 2757 571 2780 et
591 2757 654 2779 ante
674 2750 770 2777 multos
792 2754 878 2775 annos
898 2745 979 2772 fuisse

188 2807 364 2839 pra-nuntiata
379 2810 386 2828 :
403 2800 428 2827 id
442 2799 511 2834 quod
525 2806 577 2826 non
598 2795 765 2824 mediocriter
778 2792 861 2820 valuit
872 2790 905 2817 ad
919 2790 979 2817 illos

188 2836 220 2878 5a
230 2850 309 2877 fidem
326 2846 491 2875 alliciendos.
503 2843 652 2878 Hiccigitur
667 2848 717 2868 una
731 2844 773 2867 est
786 2845 866 2865 causa
881 2836 976 2863 obscu-

188 2897 274 2925 ritatis
287 2918 293 2930 ,
308 2902 388 2932 quam
403 2892 522 2929 pluribus
534 2888 691 2918 testimoniis
710 2887 735 2914 in
751 2883 909 2922 praecedenti
922 2890 978 2910 ser-

649 175 693 202 DE
713 170 978 201 PBOPIIETIARUM
999 168 1244 197 OBSCURlTATE.
1267 168 1298 196 ll.

1749 167 1798 196 ΠΒ

1013 233 1093 253 mone
1105 225 1356 252 demonstravimus.
1378 224 1416 252 Ne
1430 231 1493 251 vero
1508 223 1638 252 fastidium
1652 223 1727 252 volvis
1741 232 1799 252 rur-

1012 278 1059 298 sus
1074 271 1215 305 pariamus,
1227 272 1250 297 si
1265 269 1358 297 eadem
1372 269 1503 301 dicamus,
1517 276 1606 304 opera:
1621 274 1732 304 pretium
1746 269 1798 296 fuas

1013 321 1048 344 nt
1063 317 1098 344 ab
1111 324 1141 344 ea
1155 316 1300 348 discedere,
1316 320 1394 351 atque
1407 315 1516 342 alteram
1529 314 1658 350 proferre,
1672 323 1730 349 quae
1745 322 1799 344 non

1011 361 1065 397 jam
1080 362 1220 390 obscurum
1234 366 1261 389 et
1274 361 1391 396 ignotum
1404 380 1412 393 ,
1425 360 1474 387 sed
1493 360 1628 387 difﬁcilius
1640 360 1798 387 Testamen-

1014 413 1069 435 tum
1083 407 1164 435 Vetus
1174 407 1268 434 efficit.
1282 406 1360 434 Aliud
1371 406 1441 433 enim
1452 410 1492 433 est
1505 404 1569 432 nihil
1582 405 1692 432 omnino
1705 413 1797 432 eorum

1012 461 1092 481 nosse
1102 473 1110 486 ,
1130 461 1189 488 quae
1202 453 1306 485 insunt,
1320 457 1347 480 et
1359 452 1478 479 velamen
1499 451 1651 486 impositum
1665 457 1776 478 eernere
1790 459 1797 478 :

1013 498 1084 526 aliud
1098 503 1187 526 autem
1201 499 1321 526 invenire
1338 506 1398 533 qua:
1411 497 1536 525 dicuntur
1545 515 1555 530 ο
1573 496 1620 524 sed
1633 503 1694 524 cttm
1708 495 1800 524 labore

1013 552 1142 572 mvenlre.

1049 589 1166 617 Secunda
1186 597 1262 616 causa
1286 588 1442 615 obscuritatis
1467 587 1563 614 Veteris
1580 586 1744 614 Testamenti.
1764 599 1800 606 —

1013 637 1139 671 Quaenam
1153 636 1232 670 igitur
1245 640 1286 662 cst
1298 635 1413 662 secunda
1428 641 1520 666 causa,
1535 638 1642 668 propter
1654 639 1732 668 quam
1747 630 1800 658 dif-

1013 683 1108 710 ﬁcilius
1130 682 1211 709 Vetus
1227 687 1267 708 est
1286 681 1487 708 Testamentum
1508 687 1586 715 quam
1607 678 1725 706 Novum?
1740 678 1798 705 Non

1013 728 1142 755 habemus
1159 728 1248 754 nativo
1270 731 1361 753 nostro
1381 726 1505 753 idiomate
1524 725 1649 759 scriptum
1665 723 1735 759 apud
1750 731 1800 751 nos

1014 774 1096 801 Vetus
1110 774 1324 800 Testamentum:
1339 771 1385 798 sed
1401 771 1450 798 alia
1464 770 1570 806 quidem
1585 770 1673 804 lingua
1691 777 1799 803 compo-

1013 820 1093 847 situm
1117 824 1168 852 est,
1190 819 1242 846 alia
1261 826 1324 845 vero
1341 825 1388 844 nos
1408 817 1470 844 illud
1492 816 1631 852 legendum
1651 815 1798 842 habemus:

1014 873 1074 892 nam
1093 873 1108 892 a
1125 865 1254 900 principio
1273 864 1402 892 llebraico
1414 863 1593 898 conscriptum
1605 865 1645 889 est
1663 861 1799 893 idiomate,

1015 919 1064 939 nos
1076 916 1163 938 autem
1178 911 1269 938 Gnrca
1284 911 1373 945 lingua
1386 916 1540 944 expressum
1552 908 1702 942 accepimus
1718 915 1724 933 :
1738 914 1798 933 cum

1013 965 1079 984 vero
1094 957 1120 983 in
1139 957 1248 983 alteram
1273 957 1387 991 linguam
1406 954 1623 989 interpretatione
1642 952 1798 980 translatqu

1004 1003 1104 1034 ‘fuerit,
1119 1002 1261 1029 maximam
1275 1002 1355 1029 habet
1369 1000 1562 1028 difficultatem.
1575 999 1662 1034 Atque
1677 998 1727 1025 hoc
1739 1005 1799 1032 pro-

1014 1049 1048 1077 be
1060 1049 1155 1080 sciunt,
1167 1049 1324 1083 quicumque
1332 1047 1429 1074 multas
1442 1047 1546 1081 linguas
1559 1046 1665 1077 callent,
1678 1044 1734 1072 ﬁeri
1747 1051 1800 1071 non

1015 1101 1131 1130 possent
1148 1095 1203 1129 pari
1224 1094 1409 1130 perspicuitate
1426 1093 1572 1120 sententias
1587 1099 1681 1119 omnes
1700 1099 1732 1118 ex
1753 1098 1801 1116 na-

1016 1142 1068 1168 tiva
1089 1148 1135 1167 sua
1159 1140 1246 1174 lingua
1267 1139 1293 1165 in
1318 1139 1427 1165 alteram
1445 1136 1644 1171 interpretando
1658 1135 1801 1162 transfera-

1015 1194 1085 1214 mus.
1102 1186 1163 1212 llzcc
1178 1185 1258 1220 igitur
1276 1191 1357 1211 causa
1375 1182 1538 1210 difficultatis
1555 1181 1657 1208 exstitit
1672 1181 1697 1208 in
1714 1181 1801 1207 Veteri

1015 1233 1196 1260 Testamento.
1220 1231 1286 1258 Nam
1308 1235 1368 1257 ante
1392 1229 1489 1255 Christi
1513 1228 1653 1255 adventum
1676 1226 1802 1254 trecentis

1015 1279 1109 1311 annis,
1121 1277 1304 1312 Egyptiornm
1320 1282 1382 1310 rege
1404 1274 1560 1305 Ptolemaeo,
1576 1272 1603 1299 in
1616 1271 1735 1299 Graecam
1752 1271 1802 1297 liu-

1015 1332 1093 1360 guam
1105 1323 1262 1351 translatum
1274 1326 1314 1348 est
1331 1320 1530 1347 Testamentum
1548 1317 1630 1344 Vetus
1643 1316 1718 1343 valde
1734 1315 1804 1343 utili-

1017 1375 1058 1397 ter
1071 1373 1098 1396 et
1111 1365 1386 1400 frnctuose.Quamdiu
1402 1364 1471 1392 cuitu
1482 1370 1543 1390 cum
1557 1369 1607 1390 una
1620 1365 1699 1397 gente
1712 1360 1803 1395 loque-

1016 1415 1103 1447 batur,
1128 1414 1154 1441 in
1175 1413 1302 1440 Hebraica
1324 1411 1411 1446 lingua
1432 1409 1565 1436 manebat.
1589 1407 1684 1434 Nullus
1705 1407 1803 1441 quippe

1017 1466 1080 1489 tunc
1094 1460 1210 1487 animum
1222 1458 1260 1485 illi
1273 1457 1438 1485 adhibiturus
1453 1459 1512 1483 erat
1521 1474 1529 1487 ,
1542 1461 1602 1481 cum
1612 1453 1743 1487 reliquum
1757 1459 1804 1487 ge—

1010 1515 1068 1541 nus
1082 1507 1225 1534 humanum
1235 1503 1269 1531 ad
1283 1510 1415 1531 summam
1426 1499 1615 1529 immanitatem
1627 1498 1801 1533 pervenisset.

1017 1553 1067 1581 Ubi
1089 1559 1153 1579 vero
1171 1550 1292 1578 Christus
1304 1551 1448 1575 eventurus
1472 1545 1533 1578 fuit,
1547 1549 1574 1572 et
1588 1543 1740 1572 miiversnm
1755 1549 1802 1568 or-

1017 1599 1078 1627 bem
1104 1602 1235 1625 terrarum
1258 1594 1292 1622 ad
1313 1601 1343 1621 se
1364 1597 1520 1622 vocaturos,
1538 1597 1591 1618 non
1610 1596 1658 1624 per
1670 1587 1805 1623 apostolos

1018 1649 1121 1672 tantum
1131 1664 1138 1674 ,
1153 1641 1199 1670 sed
1218 1647 1265 1676 per
1286 1638 1429 1674 prophetas
1447 1643 1553 1672 quoque
1567 1634 1649 1671 (nam
1663 1639 1691 1662 et
1705 1634 1741 1660 illi
1756 1641 1805 1660 nos

1017 1689 1051 1717 ad
1066 1689 1142 1716 fidem
1158 1685 1315 1721 cognitionis
1326 1683 1426 1712 Christi
1438 1680 1592 1716 deducunt).
1610 1684 1664 1707 tum
1676 1679 1805 1713 temporis

1019 1740 1152 1769 tamquam
1172 1731 1260 1760 aditus
1275 1734 1303 1758 et
1325 1729 1382 1756 vias
1397 1726 1526 1763 quasdam
1547 1725 1709 1761 prophetias,
1727 1728 1805 1751 antea

1019 1782 1115 1816 linguae
1136 1777 1298 1806 obscuritate
1316 1775 1421 1803 clausas
1445 1777 1473 1801 et
1494 1772 1657 1804 obstructas,
1677 1769 1750 1797 omni
1770 1776 1803 1796 ex

1019 1831 1094 1864 parte
1115 1824 1217 1853 curavit
1235 1821 1451 1856 interpretatione
1471 1817 1603 1849 reserari,
1621 1821 1650 1843 ut
1667 1822 1762 1843 omnes
1772 1820 1806 1842 ex

1019 1861 1142 1908 gentibus
1152 1869 1268 1904 undique
1279 1866 1454 1898 conﬂuentes,
1469 1869 1497 1892 et
1511 1863 1593 1891 multa
1607 1870 1667 1890 cum
1682 1861 1808 1889 facili'ato

1021 1907 1068 1954 per
1092 1917 1140 1944 has
1160 1915 1218 1942 vias
1238 1912 1402 1943 incedentes,
1425 1913 1533 1945 possent
1548 1908 1581 1935 ad
1602 1908 1700 1942 Regem
1720 1907 1807 1941 ipsum

1021 1952 1210 2000 prophetarum
1233 1960 1334 1991 venire,
1359 1962 1437 1993 atque
1457 1955 1620 1991 unigenitum
1641 1953 1686 1980 Dei
1711 1952 1806 1980 Filium

1021 1998 1143 2038 adorare.
1157 2007 1198 2036 0b
1211 2007 1279 2034 hanc
1292 2012 1401 2034 causam
1415 2003 1505 2037 utique
1517 2006 1579 2028 ante
1593 1999 1691 2028 Christi
1711 1998 1810 2026 adven—

1023 2061 1078 2084 tum
1093 2061 1185 2081 omnes
1201 2050 1417 2086 interpretatione
1439 2052 1502 2076 sunt
1514 2053 1647 2081 expressa:
1661 2053 1669 2071 :
1683 2043 1807 2079 quoniam

1022 2103 1044 2129 si
1055 2102 1080 2128 in
1094 2099 1225 2128 llehraieo
1240 2097 1365 2124 idiomate
1385 2094 1471 2121 solum
1489 2093 1588 2120 relicta:
1602 2095 1691 2118 essent
1702 2110 1711 2122 ,
1726 2088 1808 2116 David

1023 2151 1110 2174 autem
1124 2144 1244 2176 dixisset,
1257 2140 1360 2168 Postulo
1372 2148 1388 2166 α
1401 2147 1450 2170 me,
1466 2142 1490 2165 et
1504 2137 1569 2164 dabo
1582 2135 1625 2163 tibi
1639 2139 1726 2171 gentes
1739 2133 1811 2161 here-

1024 2192 1125 2218 ditatem
1147 2195 1226 2221 tuam,
1253 2192 1276 2214 et
1300 2185 1479 2222 possessionem
1504 2187 1573 2209 luant
1596 2180 1714 2208 let-ininos
1739 2183 1812 2205 terra

1024 2238 1109 2274 (Psal.
1121 2237 1148 2264 2.
1160 2236 1199 2271 8),
1213 2234 1282 2262 unde
1296 2233 1426 2269 potuisset
1438 2237 1516 2257 nosse
1529 2228 1599 2263 quod
1613 2227 1711 2254 dictum
1725 2225 1812 2253 fuerat

1025 2285 1120 2319 Syrus.
1135 2282 1178 2310 vel
1190 2281 1292 2313 Calata,
1307 2279 1348 2306 vel
1362 2277 1480 2310 Macedo,
1496 2275 1538 2302 vel
1554 2273 1733 2305 Atheniensis,
1750 2280 1811 2299 eum

1025 2317 1189 2357 obscuritate
1218 2325 1333 2352 involuta
1359 2323 1493 2356 Scriptura
1519 2317 1682 2346 mansisset?
1708 2317 1812 2344 Rursus

1025 2374 1158 2403 clamabat
1170 2372 1250 2400 Isaias
1265 2379 1272 2397 :
1290 2370 1363 2397 Sicut
1377 2368 1429 2395 ovis
1442 2366 1476 2393 ad
1489 2365 1634 2392 occisione»:
1655 2363 1745 2389 ductus
1766 2365 1811 2393 est,

1026 2427 1050 2449 et
1061 2421 1126 2448 sicut
1138 2427 1218 2454 agnus
1228 2425 1312 2444 coram
1325 2414 1441 2442 tondente
1458 2421 1485 2439 se
1499 2409 1604 2445 mutusl
1613 2409 1679 2436 Isot'.
1693 2408 1737 2436 53.
1754 2408 1770 2435 7
1782 2408 1791 2441 )
1804 2415 1812 2438 ;

1027 2472 1054 2495 et
1068 2453 1159 2494 rursus
1174 2475 1181 2492 :
1205 2463 1259 2491 Erit
1272 2462 1347 2489 radix
1359 2460 1453 2491 leuat,
1468 2463 1492 2486 et
1502 2459 1546 2493 qui
1557 2457 1691 2492 consurgit
1705 2460 1731 2481 ut
1745 2453 1814 2489 priu-

1027 2523 1085 2549 σερε
1103 2514 1135 2540 sit
1155 2512 1264 2548 gentium
1280 2517 1289 2542 ;
1308 2510 1335 2535 in
1352 2508 1406 2542 ipso
1420 2510 1504 2541 gentes
1517 2504 1651 2538 sperabunt
1667 2503 1674 2534 (
1692 2499 1754 2527 Isui.
1769 2499 1813 2526 Η.

1029 2545 1085 2596 id);
1095 2565 1123 2587 et
1132 2545 1223 2586 rursus
1238 2565 1245 2584 :
1261 2555 1406 2587 Replebitur
1425 2557 1491 2578 terra
1509 2548 1649 2584 cognitione
1660 2545 1773 2575 Domini,
1789 2549 1815 2570 ut

1028 2590 1101 2642 quosi
1110 2612 1175 2639 aqua
1188 2602 1268 2630 multa
1280 2599 1406 2634 cooperiat
1420 2596 1501 2623 maria
1514 2595 1522 2627 (
1536 2593 1603 2620 Ibid.
1618 2600 1641 2619 υ.
1653 2592 1699 2626 9).
1713 2590 1746 2618 Et
1762 2590 1814 2642 [1a-

1029 2634 1073 2679 vid
1086 2634 1179 2678 rursus
1191 2647 1297 2675 dicebat
1310 2652 1317 2672 :
1332 2644 1450 2672 Ascendit
1462 2641 1532 2669 Deus
1546 2641 1570 2666 in
1581 2638 1742 2674 jubilatione,
1763 2634 1817 2662 Do-

1030 2697 1114 2724 minus
1128 2696 1154 2721 in
1169 2701 1227 2721 uoce
1240 2691 1323 2726 tuba:(
1341 2689 1403 2716 Paul
1427 2687 1471 2715 ιϐ.
1488 2687 1504 2714 6
1515 2686 1542 2721 );
1558 2689 1584 2712 et
1606 2689 1698 2710 rursus
1716 2690 1722 2707 :
1750 2680 1819 2707 Dixit

1031 2742 1157 2769 Dominus
1178 2739 1286 2766 Domino
1311 2744 1374 2767 meo,
1399 2734 1466 2762 Sede
1486 2741 1502 2758 α
1525 2729 1619 2758 dextris
1644 2728 1713 2760 meis,
1739 2726 1819 2753 donec

1032 2795 1125 2824 ponam
1148 2784 1262 2812 inimicos
1283 2788 1338 2809 tuos
1354 2779 1492 2808 scobe/lum
1511 2776 1602 2812 pedum
1619 2779 1718 2800 tuorum
1733 2770 1819 2806 tl'sal.

1034 2834 1093 2861 109.
1107 2833 1143 2860 ll.

1071 2880 1096 2906 5.
1119 2877 1185 2905 Cum
1206 2876 1282 2911 igitur
1301 2873 1333 2901 de
1354 2871 1493 2907 passione,
1515 2868 1548 2897 de
1570 2863 1773 2895 rcsunectiom‘.
1787 2860 1821 2888 de
