2072 3123
279 149 332 177 179

278 205 446 238 ascensione,
457 204 492 233 de
503 205 624 233 sessione
634 205 667 232 ad
678 205 827 235 dexteram,
839 203 873 230 de
884 202 1002 231 secundo
1013 202 1072 237 ejus

278 252 445 284 :nl\'cutu,ac
463 251 499 280 de
515 252 640 279 omnibus
660 251 717 278 istis
740 251 766 277 in
791 249 955 283 ιιιιὶνυτειιηι,
971 257 1030 284 qua:
1043 249 1070 276 in

279 297 352 325 Novo
372 302 444 330 sunt,
465 297 664 325 Testamentum
688 297 767 323 Vetus
790 295 951 329 pratdixerit,
966 303 999 322 ne
1021 295 1070 323 ista

277 343 400 377 gentibus
413 350 475 371 mox
488 342 583 370 futuris
595 343 684 377 ignota
695 346 864 369 remanerent
873 362 879 373 ,
895 348 927 370 ac
940 342 993 368 vim
1006 349 1069 376 pro-

279 389 377 423 phetia:
391 389 560 424 ignorarent.
574 393 635 416 ante
648 388 745 415 Christi
761 387 902 414 adventum
917 393 943 414 ut
957 395 1070 414 conver—

278 439 398 462 terentur
407 435 562 469 Scriptum,
572 434 657 469 gratia
669 434 757 460 divina
772 433 894 468 providit,
906 440 1006 468 easque
1017 441 1068 460 non

278 482 358 509 modo
370 481 507 508 conversis
523 489 555 508 ex
568 480 707 515 gentibus.
722 479 768 507 sed
784 479 864 507 etiam
880 479 981 507 ludatis
993 479 1070 506 utiles

277 526 407 560 reddidit,
427 526 472 561 qui
493 525 589 560 ubique
608 529 739 552 terrarum
759 525 870 559 dispersi
891 523 1005 555 fuerant,
1019 531 1070 552 nec

276 572 391 607 amplius
412 572 568 599 llebraicam
591 571 710 606 linguam
734 571 869 598 tenebant.
896 570 965 598 Ecce
984 569 1068 602 enim,

274 618 388 646 credidit
397 618 441 653 qui
449 625 598 646 conversus
607 622 648 645 est
656 625 689 644 ex
699 617 833 652 gentibus,
842 617 904 644 dum
916 615 1068 644 Judaeornlt

275 664 350 699 signa
365 665 448 692 videt.
465 664 605 698 Quomodo
624 663 772 699 potuissent
791 670 883 690 rursus
897 662 1009 697 apostoli
1022 661 1070 690 Ju—

274 710 360 737 daeum
374 710 506 738 adducere
518 731 526 744 ,
546 711 596 738 nisi
615 710 790 738 domesticum
805 710 841 737 illi
856 709 993 737 doctorem
1007 716 1068 743 prn-

275 755 382 790 phctam
396 755 552 784 dedissent?
568 756 632 783 Nam
647 756 670 783 si
683 757 801 783 Athenas
820 756 954 790 ingressus
971 755 1069 783 Paulus

275 800 448 836 inscriptione
463 802 573 837 indiguit
586 802 662 830 altari
678 802 806 837 insculpta
820 801 895 837 (Act.
911 802 942 829 Π
953 801 962 837 )
972 822 980 834 ,
994 806 1020 829 et
1034 801 1067 828 ad

270 855 365 875 eorum
381 848 583 876 instructionem
597 849 669 876 Illam
690 848 818 881 traduxit,
835 848 905 883 quod
919 856 949 875 se
963 847 1068 876 facilius

274 895 389 929 propriis
401 894 519 929 ipsorum
537 895 622 922 aratis
639 902 687 922 eos
705 900 916 929 expugnaturum
935 898 1066 929 speraret,

272 940 343 974 quod
364 940 443 967 etiam
463 940 578 973 accidit;
600 940 686 967 multo
701 940 785 975 magis
796 948 858 967 cum
870 940 970 967 ludatis
984 948 1066 975 agens

272 987 372 1015 auxilio
389 986 579 1021 prophetarum
593 987 729 1021 indigebat
742 1007 748 1018 ,
766 995 799 1013 ne
813 986 848 1013 ab
861 986 913 1013 illis
927 987 1006 1014 etiam
1021 992 1066 1014 ac-

271 1036 426 1065 cusaretur,
443 1032 512 1065 quod
526 1040 593 1059 nova
606 1032 727 1067 quaedam
750 1040 782 1058 ac
801 1032 940 1066 peregrina
955 1032 1064 1060 illorum

272 1077 380 1104 auribus
393 1077 513 1105 inferret.
529 1077 562 1105 Et
575 1086 633 1110 cur,
650 1078 745 1113 inquit,
757 1086 807 1104 una
823 1078 912 1112 lingua
929 1085 982 1105 non
996 1082 1064 1110 erat,

273 1127 303 1150 ut
316 1123 389 1150 omni
403 1122 560 1150 difficultate
572 1123 765 1150 liberaremur?
781 1123 837 1151 Una
852 1123 940 1158 lingtta
955 1127 1067 1151 eratan-

272 1168 394 1203 tiquitns,
409 1169 443 1196 mi
457 1168 549 1202 homo,
562 1173 590 1196 et
603 1169 671 1196 sicut
685 1177 737 1196 una
752 1169 889 1196 hominum
905 1173 947 1196 est
959 1174 1063 1200 natura,

270 1215 310 1242 sic
319 1219 347 1242 et
360 1222 411 1241 una
424 1219 583 1242 cunctorum
603 1215 690 1250 lingua
708 1219 776 1242 erat.
797 1215 855 1242 Non
869 1219 928 1242 erat
941 1214 975 1242 ab
989 1215 1065 1242 initio

270 1261 312 1288 vir
322 1261 391 1288 ullus
401 1262 494 1289 aliene
506 1262 611 1297 lingere,
623 1270 675 1289 non
687 1266 744 1289 erat
755 1261 864 1288 alterius
875 1261 998 1296 loquelae.
1010 1268 1064 1289 non

271 1313 329 1336 erat
341 1308 419 1336 Indus
430 1329 438 1342 ,
452 1316 539 1344 neque
553 1309 641 1336 Thrax
650 1329 658 1341 ,
673 1316 758 1343 neque
771 1308 871 1344 Scytha
883 1328 891 1340 ,
906 1308 954 1335 sed
969 1316 1064 1335 omnes

272 1362 324 1382 una
343 1355 430 1390 lingua
452 1355 637 1390 loquebantur.
660 1354 729 1388 Quid
749 1354 828 1389 igitur
849 1354 876 1381 in
898 1360 978 1381 causa
997 1353 1065 1380 fuit?

271 1400 375 1436 ludigni
391 1401 441 1428 bac
456 1408 507 1428 una
523 1401 611 1435 lingua
625 1400 673 1427 visi
688 1407 781 1427 sumus
798 1407 847 1427 nos
858 1419 866 1432 ,
883 1407 990 1434 semper
1001 1407 1063 1434 erga

270 1446 466 1475 benefactorcm
489 1447 593 1482 ingrati.
615 1445 682 1481 Quid
706 1446 765 1474 ais?
785 1446 872 1481 lingua
894 1453 943 1473 nos
963 1445 1063 1481 indigni

269 1493 320 1520 visi
333 1494 443 1521 smnus?
457 1501 488 1521 ac
501 1493 586 1521 brum
596 1493 703 1528 quidem
712 1495 861 1521 animantes
871 1493 1005 1528 propriam
1018 1500 1065 1520 vo-

270 1546 329 1566 cem
345 1538 443 1567 habent
454 1546 564 1572 omnes;
578 1539 668 1567 balant
679 1546 745 1566 ores
756 1543 785 1566 et
796 1546 895 1574 caprae.
906 1539 991 1574 mugit
1005 1543 1065 1566 tal-

269 1584 420 1618 rus,hinnit
431 1593 523 1620 equus,
534 1586 603 1620 mglt
613 1585 666 1618 leo,
674 1585 751 1620 lupus
764 1585 856 1616 ululat,
868 1585 956 1612 sibilat
966 1584 1062 1612 draco:

270 1639 434 1666 unaqureque
450 1631 534 1658 bestia
547 1632 683 1666 proprium
702 1639 798 1659 sonum
810 1631 981 1658 conservarit
991 1651 999 1664 ,
1013 1639 1064 1666 ego

270 1684 333 1704 vero
347 1676 420 1704 solus
436 1677 541 1711 propria
555 1685 612 1704 sum
628 1685 693 1704 voce
709 1677 845 1712 priVatus?
867 1677 902 1704 Et
922 1677 1063 1712 sylvestria

269 1728 296 1750 et
319 1729 467 1755 mansueta,
484 1728 509 1751 et
530 1723 646 1750 cicurata
670 1727 698 1750 et
719 1731 771 1750 non
788 1723 905 1750 cieurata
923 1723 1061 1756 animalia,

270 1769 373 1803 singula
386 1770 511 1796 tributam
527 1768 576 1796 sib'i
589 1777 604 1796 a
619 1769 751 1804 principio
765 1776 855 1796 vocem
872 1769 1038 1796 retinuerunt
1054 1778 1061 1796 :

270 1824 320 1850 cgo
331 1823 393 1843 vero
405 1816 526 1850 pt'incrps
537 1815 643 1842 illorum
656 1815 797 1850 ignominia
809 1823 866 1842 sum
879 1815 999 1842 notatus?
1012 1815 1063 1842 illis

271 1861 387 1888 honores
403 1862 485 1896 erepti
497 1866 542 1888 aut
556 1862 646 1888 mutati
663 1869 714 1887 non
727 1866 798 1893 sunt,
813 1868 862 1896 ego
875 1869 938 1888 vero
950 1869 1009 1888 sum
1023 1861 1064 1888 di-

270 1907 339 1934 riuis
354 1908 508 1933 muneribus
521 1906 666 1941 spoliatus?
681 1906 756 1939 Quod
778 1911 878 1933 tantum
902 1906 950 1933 fuit
972 1906 997 1932 in
1020 1913 1063 1934 me

269 1952 375 1979 scelus?
397 1960 448 1979 non
467 1953 634 1980 sufficiebant
647 1953 749 1986 priores
763 1953 814 1979 illa:
828 1952 932 1987 puniat?
953 1952 1063 1980 Paradi-

270 2005 328 2024 sum
341 1998 403 2025 mihi
415 2002 593 2030 concesserat,
605 2003 632 2026 et
642 2006 674 2026 ex
687 1999 809 2033 paradiso
820 2007 861 2026 me
874 1999 967 2034 ejccit;
982 1999 1062 2026 vitam

269 2044 371 2071 doloris
385 2050 521 2079 espertem
535 2045 707 2079 laborumque
720 2044 900 2078 tradttccbam,
913 2045 1010 2072 sudore
1021 2052 1064 2072 me

270 2097 301 2117 ac
315 2091 405 2118 labore
420 2091 570 2124 damttavit;
586 2091 650 2118 citra
664 2095 810 2119 sementem
828 2096 854 2118 et
869 2091 969 2118 inarata
985 2091 1064 2119 tellus

270 2137 358 2165 omnia
372 2137 515 2173 praebebat,
530 2138 671 2173 imperavit
690 2139 725 2165 illi
750 2143 778 2166 ut
798 2139 888 2174 spinas
907 2143 933 2166 et
954 2139 1064 2166 tribulos

271 2183 367 2216 ferret,
388 2187 415 2211 et
435 2184 461 2211 in
484 2184 567 2217 ipsam
585 2191 677 2211 rursus
693 2191 736 2212 me
755 2185 885 2212 convertit
899 2194 906 2212 :
921 2189 1006 2212 morte
1021 2193 1064 2212 me

270 2229 423 2261 mulctavit;
440 2230 581 2257 mulierum
595 2238 687 2257 sexum
704 2231 842 2258 nmlctavit
856 2235 946 2264 partus
955 2226 1062 2257 dolori-

269 2275 319 2302 bus
335 2274 521 2309 laboribusque
536 2275 696 2308 subjectum.
707 2275 763 2302 Non
776 2275 942 2303 sufficiebant
957 2275 1015 2302 lucc
1029 2275 1062 2302 ad

271 2328 388 2356 pmnatn,
403 2320 449 2348 sed
463 2329 554 2348 vocetn
571 2329 676 2355 qu0qne
696 2320 761 2348 mihi
782 2321 897 2355 eripuit,
913 2325 941 2348 ct
957 2321 1006 2348 hoc
1021 2328 1064 2348 me

271 2366 372 2394 honore
385 2367 505 2401 privavit,
517 2371 544 2393 ut
556 2367 665 2394 tribules
676 2374 708 2394 ac
717 2367 829 2402 gentiles
842 2374 916 2394 meos
929 2371 1063 2401 tamquam

270 2413 371 2440 ferinos
384 2421 500 2446 averscr,
515 2420 575 2440 cum
589 2421 631 2440 me
645 2413 741 2448 lingua:
755 2413 897 2441 diversitas
908 2418 1015 2448 separet
1030 2413 1064 2440 ab

270 2460 537 2493 illorumcongressu.
551 2459 694 2494 Propterea
705 2459 882 2494 objectionem
894 2459 1063 2494 amplificavi,

271 2512 300 2533 ut
321 2514 381 2534 cum
403 2507 562 2534 solutionem
584 2506 706 2541 adjeccro
719 2528 726 2542 ,
743 2507 872 2534 illustrior
884 2507 930 2534 ﬁat
943 2507 1063 2534 victoria.

271 2553 299 2580 Si
316 2553 356 2580 his
369 2553 502 2586 omnibus,
518 2554 612 2588 inquit,
628 2554 758 2588 privatum
774 2561 817 2580 me
831 2553 948 2584 volebat,
964 2560 1014 2588 qua
1030 2552 1064 2580 de

273 2607 352 2626 causa
370 2599 412 2626 illa
426 2599 489 2626 mihi
503 2600 556 2634 jam
570 2607 584 2626 a
599 2599 728 2634 principio
741 2599 921 2627 concedebat?
935 2600 1019 2627 Vultis
1031 2608 1063 2628 ett

271 2645 323 2671 hoc
336 2653 388 2671 uno
399 2645 558 2672 solutionem
572 2646 704 2681 adjiciam,
715 2646 747 2673 ab
761 2645 811 2673 hac
827 2646 881 2680 ipsa
893 2645 1007 2680 simplici
1019 2645 1066 2672 ob—

267 2690 408 2726 jectione?
431 2690 515 2718 Tanta
540 2692 638 2726 quippe
659 2695 721 2718 sunt
742 2699 830 2718 causa:
851 2691 949 2718 divinm
972 2691 1065 2718 ﬁrma-

273 2741 372 2768 menta,
387 2741 415 2763 ut
424 2737 466 2764 vel
481 2737 537 2773 ipsa
548 2737 756 2765 contradicentis
766 2737 881 2772 objectio
891 2737 963 2764 nttllo
974 2742 1066 2765 nostro

271 2784 442 2811 corroborata
455 2784 574 2812 subsidio
581 2784 731 2812 adcrimina
747 2784 860 2812 sufficiat
871 2784 1024 2812 refellenda.
1037 2785 1065 2811 Si

271 2837 315 2857 me
330 2830 370 2856 his
383 2831 507 2857 omnibus
521 2831 624 2865 privare
639 2831 753 2864 volebat,
763 2839 812 2858 cur
824 2839 855 2859 ea
869 2831 994 2866 tnihijam
1007 2831 1066 2858 inde

271 2883 286 2904 a
296 2876 425 2912 principio
432 2876 595 2906 concedebat
602 2878 613 2905 ’ἱ
619 2877 684 2906 Nam
696 2882 722 2905 et
732 2885 780 2913 ego
791 2877 858 2906 istud
868 2878 953 2913 ipsum
963 2877 1046 2905 dicant
1056 2885 1061 2903 :

669 148 698 176 S.
718 147 855 176 JOANNIS
873 144 1112 174 ClllHSOSTOMI
1132 145 1291 173 ARCIIIEP.
1312 145 1581 174 CONSTANTINOP.

1869 146 1926 174 (80

1125 201 1154 229 Si
1175 206 1199 229 le
1222 201 1262 229 his
1274 202 1398 229 omnibus
1414 202 1519 237 privare
1531 202 1652 234 volebat,
1669 210 1747 237 quam
1764 202 1798 228 ob
1812 210 1923 229 causam

1123 249 1305 277 concedebat?
1319 248 1409 284 Itaque
1424 250 1548 284 quoniam
1563 254 1588 276 te
1602 249 1707 284 privare
1721 249 1838 281 uolebat,
1853 257 1915 284 prn-

1125 299 1214 330 pterea
1235 295 1281 322 tibi
1299 295 1354 329 jam
1372 295 1434 323 inde
1446 303 1460 321 a
1477 295 1607 330 principio
1620 295 1670 322 ista
1685 295 1828 322 concessit.
1849 296 1919 329 Quid

1123 347 1187 375 ergo
1198 340 1309 367 accidit?
1324 339 1381 367 Non
1395 345 1420 368 te
1433 340 1502 368 Deus
1514 340 1554 367 his
1568 340 1645 368 bonis
1657 340 1744 374 t-jccit,
1760 340 1806 367 sed
1818 345 1845 368 tu
1858 348 1919 376 quae

1122 387 1183 414 data
1199 387 1304 416 fuerant
1319 389 1443 419 amisisti.
1461 389 1499 416 Tn
1514 389 1588 416 illum
1605 395 1713 424 propter
1727 390 1917 425 benignitatem

1123 433 1289 468 lauda,qttod
1302 434 1410 468 largitus
1420 435 1453 461 sit
1470 443 1476 460 :
1489 435 1601 469 teipsum
1614 441 1721 470 propter
1732 436 1861 471 ignaviam
1873 443 1919 463 ar-
1962 458 1966 464 .

1122 486 1195 511 cusa,
1211 479 1256 513 qui
1267 479 1366 506 donum
1380 480 1489 508 mininte
1499 481 1711 509 conservaveris.
1727 482 1821 518 Liquet
1838 482 1919 518 igitur

1121 533 1175 552 non
1186 533 1247 552 eum
1262 526 1307 560 qui
1318 526 1442 561 deposuit
1454 534 1528 554 reum
1542 535 1612 562 esse,
1626 535 1719 556 verum
1734 536 1794 557 eum
1809 529 1854 564 qui
1865 529 1915 556 de-

1121 571 1237 606 positum
1252 571 1365 606 perdidit
1378 572 1484 600 crimini
1497 573 1641 601 olmoxium
1655 581 1726 602 esse.
1746 574 1813 602 Nam
1827 582 1858 602 se
1871 574 1916 602 di-

1121 615 1203 652 ligere
1212 624 1244 644 ac
1256 617 1399 653 benignum
1409 625 1480 651 esse,
1489 623 1517 647 et
1528 619 1617 654 largiri
1631 619 1747 648 voluisse
1757 620 1919 654 declaravit,

1120 670 1182 691 cum
1197 671 1277 691 nemo
1291 669 1398 700 cogeret
1412 669 1459 692 aut
1471 666 1524 693 vim
1538 665 1646 693 all‘erret
1655 686 1664 698 ,
1684 674 1744 694 eum
1764 667 1834 695 nulla
1848 667 1874 694 in
1888 671 1916 694 te

1120 713 1193 736 recte
1208 709 1274 737 facta
1290 711 1401 738 miratus
1413 716 1504 744 esset,
1520 720 1606 747 neque
1625 713 1746 740 laborum
1767 714 1919 742 retribuere

1120 754 1271 782 mercedem
1284 755 1411 790 deberet;
1426 756 1473 784 sed
1486 757 1625 785 confestim
1640 758 1683 785 ubi
1699 758 1835 792 liirmavit,
1848 767 1916 786 con-

1121 798 1206 826 festim
1217 799 1249 827 ad
1261 800 1332 828 hunc
1343 801 1520 837 principatum
1534 803 1629 834 evexit.
1641 809 1669 831 ut
1682 803 1732 832 hoc
1744 804 1843 831 domnn
1859 813 1915 832 non

1120 845 1323 874 retributionem
1344 848 1486 882 mercedis,
1507 849 1553 877 sed
1577 857 1678 877 meram
1700 851 1811 885 gratiam
1833 851 1918 880 fuisse

1119 891 1282 920 astendcrct.
1294 893 1370 927 Quod
1379 894 1402 921 si
1413 903 1473 929 quas
1484 894 1544 922 data
1555 895 1658 923 fuerant
1669 903 1722 924 non
1733 897 1915 931 conservasti,

1119 938 1234 971 tcipsum
1245 947 1350 972 accusa,
1365 948 1417 968 non
1430 949 1492 969 eum
1506 942 1551 977 qui
1566 941 1666 970 donum
1678 943 1799 971 contulit.

1154 979 1248 1008 Cltristi
1267 985 1388 1009 adventus
1407 984 1500 1011 amissa
1522 984 1593 1014 nobis
1613 985 1724 1012 auctiora
1746 985 1863 1012 restituit.
1876 1001 1912 1006 —

1118 1026 1186 1054 Num
1201 1026 1281 1062 igitur
1292 1028 1343 1056 hoc
1355 1037 1436 1057 unum
1456 1037 1504 1064 pro
1522 1030 1634 1058 Dotnino
1648 1030 1737 1058 dicere
1752 1032 1915 1066 possumus?

1117 1072 1222 1100 Sufficit
1235 1073 1343 1108 quidem
1364 1074 1422 1102 lttec
1440 1074 1561 1102 defensio
1578 1084 1584 1103 :
1600 1075 1646 1103 sed
1662 1076 1791 1104 immensa
1808 1076 1914 1104 bonitas

1117 1117 1176 1153 ejus
1202 1122 1229 1145 et
1250 1119 1398 1155 benignitas
1414 1120 1555 1149 ineffabilis
1569 1121 1620 1148 alia
1636 1121 1713 1149 nobis
1727 1121 1760 1149 ad
1775 1122 1833 1157 ejus
1845 1130 1911 1150 eau-

1115 1171 1174 1192 satn
1189 1164 1314 1192 tuendam
1330 1165 1495 1194 ﬁrmamenta
1509 1166 1618 1201 copiose
1637 1167 1797 1202 suppeditat.
1820 1167 1913 1203 Neque

1116 1210 1189 1238 enim
1205 1210 1257 1238 hoc
1271 1211 1357 1238 soluat
1371 1211 1462 1240 dicere
1475 1212 1547 1246 licet,
1562 1213 1648 1246 ipsum
1661 1213 1768 1248 quidem
1783 1213 1889 1241 dedisse
1900 1234 1909 1247 ,

1118 1260 1144 1283 te
1156 1264 1219 1283 vero
1232 1257 1397 1291 perdidisse;
1421 1266 1481 1285 nam
1496 1263 1523 1285 et
1537 1258 1588 1287 hoc
1603 1263 1679 1293 pacto
1693 1259 1736 1294 qui
1752 1259 1841 1291 dedit,
1855 1260 1910 1286 cri-

1117 1302 1189 1330 ntiuc
1203 1302 1339 1335 liberatur,
1357 1303 1397 1331 vel
1414 1304 1503 1338 potius
1517 1304 1631 1333 maxima
1646 1305 1725 1332 laude
1739 1305 1834 1340 digtuts
1848 1313 1911 1332 cen-

1116 1353 1206 1382 setur,
1228 1349 1298 1384 quod
1317 1350 1397 1377 etiam
1420 1350 1568 1384 praevidens
1584 1356 1609 1378 te
1625 1351 1788 1384 perditurum
1802 1351 1911 1379 minime

1117 1398 1143 1422 te
1153 1394 1223 1421 dono
1233 1395 1344 1431 privarit
1354 1404 1362 1423 ;
1374 1395 1421 1423 sed
1432 1395 1503 1423 aliud
1515 1396 1641 1431 quiddam
1651 1397 1736 1431 majus
1751 1397 1807 1424 istis
1820 1397 1912 1425 dicere

1116 1448 1267 1476 possumus.
1283 1442 1421 1476 Quodnam
1432 1447 1520 1470 autent
1532 1443 1595 1471 illud
1606 1443 1665 1471 est?
1679 1443 1754 1477 Quod
1771 1448 1911 1479 postquam

1115 1494 1149 1514 ex
1164 1487 1270 1522 propria
1285 1488 1444 1523 negligentia
1458 1489 1605 1524 perdidisti,
1619 1497 1713 1517 rursus
1732 1497 1763 1517 ea
1784 1489 1830 1517 tibi
1849 1498 1912 1525 quae

1116 1532 1271 1568 perdideras
1290 1534 1458 1563 restituerit:
1473 1535 1526 1563 imo
1541 1543 1594 1563 non
1610 1543 1641 1563 ea
1656 1539 1757 1563 tantum
1772 1544 1832 1571 qua:
1847 1544 1911 1571 per-

1116 1579 1232 1611 dideras,
1243 1579 1291 1607 sed
1305 1579 1346 1607 his
1355 1580 1441 1608 multo
1449 1580 1561 1614 majora.
1578 1580 1643 1610 Nam
1655 1581 1808 1616 paradisum
1822 1581 1912 1616 perdi-

1115 1626 1204 1658 deras,
1214 1625 1293 1653 atille
1303 1626 1397 1653 eadem
1407 1626 1453 1654 tibi
1465 1626 1549 1654 dedit.
1564 1626 1644 1654 Vides
1655 1634 1707 1662 quo
1717 1631 1795 1661 pacto
1808 1627 1911 1654 lucrum

1116 1671 1203 1705 majus
1212 1676 1253 1698 est
1264 1679 1344 1706 quam
1356 1671 1479 1706 jactura?
1491 1679 1544 1706 quo
1555 1677 1631 1707 pacto
1645 1673 1733 1707 plures
1747 1677 1809 1700 sunt
1822 1672 1909 1707 opes?

1116 1717 1215 1744 Cadunt
1233 1717 1278 1744 tibi
1290 1717 1399 1752 largitus
1412 1722 1464 1750 est,
1478 1723 1506 1747 ut
1519 1717 1709 1753 benignitatem
1722 1725 1797 1745 suam
1814 1725 1869 1752 pra:
1880 1725 1911 1745 se

1117 1762 1208 1795 ferret,
1218 1762 1323 1790 diabolo
1332 1763 1451 1791 dolorem
1462 1764 1588 1796 inureret,
1595 1768 1621 1790 et
1629 1763 1791 1795 ostenderet,
1800 1763 1861 1790 licet
1870 1763 1911 1792 in-

1116 1817 1240 1838 numeras
1248 1810 1338 1845 generi
1347 1815 1438 1837 nostro
1447 1810 1538 1838 tendat
1547 1810 1665 1843 insidias,
1673 1810 1737 1837 nihil
1749 1810 1798 1838 hoc
1805 1810 1840 1837 illi
1850 1818 1912 1845 pro-

1116 1855 1245 1888 futurum,
1258 1863 1318 1882 eum
1329 1855 1361 1882 ad
1374 1855 1501 1889 tuajorcm
1515 1856 1583 1883 Deus
1601 1855 1727 1882 honorem
1741 1863 1789 1882 nos
1802 1855 1908 1884 evehat.

1115 1902 1234 1928 AllllSlrll
1250 1910 1313 1937 ergo
1326 1902 1487 1937 paradisum,
1503 1907 1529 1929 et
1543 1903 1587 1929 tibi
1604 1902 1672 1929 Deus
1683 1903 1785 1938 aperttit
1795 1903 1909 1936 cadum;

1115 1948 1149 1975 ad
1166 1948 1353 1982 temporarium
1367 1947 1507 1974 damnatus
1520 1955 1548 1975 cs
1562 1947 1690 1981 laborem,
1702 1952 1730 1975 et
1742 1949 1794 1975 vita
1809 1953 1910 1976 alterna

1115 1994 1213 2020 ditatus
1226 2002 1271 2026 es;
1293 1994 1428 2028 imperavit
1446 1999 1532 2024 terrm,
1551 1999 1578 2019 ut
1591 1994 1681 2028 spinas
1695 2001 1727 2020 ac
1740 1994 1851 2021 tribulos
1863 1993 1910 2021 tibi

1117 2039 1283 2073 produceret,
1296 2044 1322 2066 et
1333 2039 1447 2066 fructum
1458 2039 1501 2066 tibi
1515 2038 1629 2074 Spiritus
1639 2039 1725 2066 auiuta
1740 2039 1909 2074 germinavit.

1151 2085 1177 2112 4.
1194 2085 1233 2111 Ac
1248 2085 1307 2111 ride
1322 2089 1418 2118 quanta
1435 2085 1470 2111 sit
1485 2085 1530 2111 Dei
1547 2085 1710 2119 benignitas,
1727 2092 1866 2120 quousque
1880 2091 1910 2112 se

1116 2130 1263 2157 dctttiscrit.
1278 2129 1307 2157 Si
1321 2130 1428 2164 quando
1444 2129 1562 2156 nonnulli
1579 2129 1682 2164 aliquas
1695 2130 1833 2156 facultates
1843 2129 1911 2156 ami-

1116 2177 1217 2209 serint,
1241 2177 1303 2204 licet
1324 2177 1440 2210 majores
1452 2183 1484 2203 ac
1497 2175 1668 2210 pretiosiores
1681 2176 1833 2209 acceperint
1843 2195 1850 2207 ,
1866 2174 1910 2201 illa

1117 2222 1174 2257 ipsa
1194 2230 1253 2256 qua:
1277 2222 1422 2249 amiserant
1441 2229 1561 2256 quarrcrc
1584 2221 1712 2255 cupiunt,
1735 2228 1820 2256 neque
1838 2221 1911 2255 pritts

1117 2268 1301 2302 acquiescere,
1317 2275 1396 2303 quam
1410 2266 1703 2302 ipsa‘reeupcraverint.
1718 2266 1848 2300 Quoniam
1862 2267 1910 2302 igi-

1117 2319 1160 2342 tur
1182 2315 1332 2350 paradisum
1353 2313 1527 2349 perdideras,
1553 2321 1604 2340 non
1625 2313 1718 2341 carlum
1742 2313 1788 2340 tibi
1810 2318 1911 2340 tantum

1117 2361 1228 2396 largitus
1247 2365 1304 2392 cst,
1323 2360 1370 2388 sed
1388 2365 1414 2387 et
1434 2359 1585 2394 paradisum
1600 2363 1628 2386 et
1639 2359 1749 2386 caelum.
1763 2358 1848 2385 Hodie
1861 2367 1913 2385 nte-

1117 2416 1175 2435 cum
1198 2408 1246 2435 eris
1270 2408 1296 2434 in
1318 2407 1436 2442 paradiso
1457 2407 1531 2441 (Luc.
1546 2406 1591 2434 ‘25.
1609 2406 1655 2440 45)
1667 2427 1673 2439 ,
1691 2406 1776 2440 inquit
1791 2414 1797 2432 :
1815 2409 1844 2432 ut
1859 2413 1912 2432 non

1117 2455 1198 2482 modo
1217 2454 1351 2481 additione
1372 2454 1518 2487 majorum,
1539 2453 1585 2480 sed
1605 2453 1684 2480 etiam
1699 2460 1787 2479 rerum
1803 2452 1914 2479 amissa-

1118 2509 1176 2528 rutu
1192 2501 1394 2534 recuperationc
1408 2500 1542 2528 dolentem
1555 2499 1670 2526 animam
1684 2499 1844 2526 consoletur.
1860 2497 1913 2525 Sed

1117 2547 1150 2574 ad
1173 2547 1223 2574 hoc
1244 2547 1330 2582 ipsum
1353 2547 1533 2581 proposituut,
1549 2546 1572 2573 si
1593 2546 1697 2580 placet,
1711 2545 1849 2572 veniamus
1861 2564 1868 2577 ,
1883 2551 1914 2571 ac

1119 2594 1264 2625 videamus,
1280 2601 1332 2628 quo
1342 2598 1420 2628 pacto
1430 2593 1545 2627 linguam
1557 2591 1760 2627 perdiderimus.
1773 2590 1830 2617 Non
1843 2589 1915 2617 enim

1119 2640 1290 2667 mediocriter
1300 2640 1419 2667 conferet
1430 2640 1461 2666 ad
1476 2638 1645 2666 securitatem
1659 2637 1780 2664 historia.
1793 2636 1858 2664 Nam
1870 2635 1915 2670 qui

1120 2687 1239 2722 pristina:
1253 2686 1403 2714 securitatis
1417 2685 1525 2713 modum
1538 2684 1677 2719 cognovit,
1693 2683 1718 2710 in
1730 2682 1840 2717 reliquis
1854 2689 1914 2709 eau-

1121 2734 1173 2761 tior
1185 2734 1236 2760 erit
1249 2737 1275 2760 et
1287 2732 1415 2760 securior.
1431 2731 1526 2766 Opera:
1539 2730 1651 2765 pretium
1667 2733 1708 2756 est
1718 2733 1805 2755 autem
1819 2732 1847 2754 ut
1856 2734 1916 2754 om-

1121 2781 1163 2808 nia
1180 2780 1254 2807 vobis
1267 2780 1389 2807 dieantur
1404 2787 1410 2805 :
1426 2778 1506 2813 quale
1519 2782 1578 2810 est,
1593 2784 1671 2803 unam
1686 2775 1767 2803 fuisse
1780 2773 1915 2809 quondam

1121 2828 1240 2854 omnium
1254 2827 1390 2854 hominum
1404 2825 1519 2860 linguam
1533 2828 1613 2858 atque
1627 2823 1653 2850 in
1666 2821 1763 2849 multas
1774 2824 1866 2855 postea
1879 2818 1916 2846 di-

1123 2875 1206 2903 visam
1227 2882 1286 2902 esse
1313 2882 1318 2899 :
1345 2873 1377 2900 ad
1399 2871 1469 2908 quod
1491 2877 1597 2907 tempus
1612 2876 1695 2905 usque
1711 2875 1762 2897 una
1777 2867 1857 2896 fuerit
1870 2869 1917 2901 ,ct
