2046 3123
127 162 175 192 f8!

129 219 240 255 quando
263 219 290 246 in
314 217 410 245 multas
431 215 514 244 divisa
537 215 616 242 interit
639 223 646 241 :
665 218 692 241 et
707 222 769 240 num
785 213 830 240 illa
843 212 931 239 deleta

131 267 210 292 fuerit
221 285 230 296 ,
255 268 338 299 atque
357 263 415 289 alize
434 261 607 293 intrmluctze,
623 267 656 286 an
670 267 734 287 vero
749 263 872 286 manente
886 257 932 284 illa

129 313 241 346 reliquae
256 311 311 338 sint
329 309 484 337 introducta:
497 318 503 336 :
515 316 598 343 quare
607 306 717 334 confusa
730 305 826 338 fuerit,
841 309 868 332 et
880 311 931 339 qua

131 359 163 386 de
176 366 258 386 causa
278 367 285 384 :
300 356 398 385 deinde
410 363 525 391 quanam
539 363 571 381 ex
585 353 674 381 multis
687 353 760 380 hisce
774 351 870 386 linguis
880 351 933 378 Vc-

131 410 173 432 tus
198 405 404 431 Testamentum
431 401 612 436 conscriptum
643 399 722 427 fuerit
747 407 755 426 :
778 399 836 433 ejus
859 397 931 424 enim

130 451 214 486 gratia
235 450 271 478 de
287 450 328 476 his
343 449 466 476 onmibus
478 455 629 475 sermonem
646 445 827 477 instituimus;
842 448 930 471 utrum

131 499 174 526 illa
191 497 338 532 antiquiori
351 505 383 524 ac
394 495 493 532 priori,
509 504 542 522 an
555 501 621 522 vero
632 494 682 521 illis
695 500 754 528 quae
766 497 856 526 postea
869 495 930 518 sunt

131 546 254 572 invect:e.
270 543 323 571 Sed
335 543 416 571 nolite
429 543 522 569 timere
537 551 544 569 :
561 540 681 575 quamvis
692 539 763 566 enim
776 538 855 566 hodie
865 546 932 565 cun-

129 597 170 618 eta
183 590 301 618 reddere
314 596 366 617 non
381 589 522 623 possimus,
537 587 647 615 omnino
663 590 751 613 tamen
765 584 840 611 vobis
855 589 930 619 post-

130 645 160 665 ea
171 636 330 664 reddemus.
343 635 398 662 Cur
412 634 491 669 igitur
510 641 571 660 cum
594 632 673 659 hodie
693 636 788 658 cuncta
801 629 930 658 reddituri

132 692 183 711 non
204 691 346 715 essemus,
359 682 478 709 omnium
492 680 567 707 vobis
579 679 729 706 debitorum
744 681 930 712 argumentum

131 728 324 757 recitavimus?
339 727 373 755 Ut
385 726 589 754 retributionem
605 728 789 758 exspectantes
800 729 848 749 nos
859 729 930 748 sem-

132 784 178 811 per
190 779 281 802 mente
297 773 418 801 versetis.
435 772 500 799 Nam
519 771 564 806 qui
588 769 713 805 pecunias
731 768 809 795 alicui
822 771 928 794 mutua—

128 827 172 849 tus
191 826 233 849 est
245 841 253 853 ,
276 824 304 848 et
323 819 469 846 obnoxium
492 817 573 844 habet
598 815 765 847 debitorem,
779 813 805 840 in
819 820 929 846 mensa,

131 868 157 895 in
179 867 283 895 aedibus
293 886 301 898 ,
325 865 353 892 in
377 863 486 896 foro,in
513 863 600 894 lecto,
613 866 640 889 et
654 861 752 896 ubique
766 860 884 887 locorum
896 858 930 886 de

130 921 179 940 suo
201 912 326 940 debitore
347 909 459 945 vigilans
477 908 576 944 cogitat
590 906 657 935 etin
670 905 794 934 somnis:
809 909 836 933 et
850 911 932 940 pecu-

130 959 235 986 niarum
256 964 334 984 amor
354 955 453 987 efficit,
475 959 504 981 ut
525 953 570 981 ille
582 960 644 980 cum
658 950 775 988 pecuniis
788 949 930 978 creditoris

129 1005 155 1032 in
175 1003 265 1030 anima
285 1000 499 1029 circumferetur.
515 1000 548 1028 Ut
562 998 641 1034 igitur
655 1005 704 1026 nos
718 1004 824 1033 quoque
837 995 930 1024 reddi-

130 1051 210 1078 tionis
230 1057 279 1084 spe
298 1056 406 1083 semper
426 1047 454 1074 in
473 1046 570 1074 vestris
584 1044 718 1073 mentibus
731 1050 885 1076 versemur,
902 1043 929 1070 in

129 1096 231 1124 mdilms
241 1115 250 1127 ,
275 1095 301 1122 in
323 1094 381 1121 foro
391 1115 398 1126 ,
414 1098 442 1121 et
461 1093 620 1127 ubicumque
633 1090 735 1118 fueritis
745 1111 753 1124 ,
768 1089 868 1117 idcirco
880 1089 930 1116 de.

127 1142 184 1170 bita
196 1141 306 1176 quidem
321 1140 397 1167 vobis
410 1138 621 1174 spopondimus,
637 1137 716 1165 hodie
729 1144 793 1164 vero
806 1144 858 1163 non
871 1143 930 1163 om-

129 1188 173 1216 nia
195 1188 399 1222 persnlvcmus,
425 1191 454 1212 ut
476 1192 569 1213 eorum
582 1205 590 1217 ,
613 1192 673 1219 qua:
687 1183 793 1211 residua
809 1182 927 1216 fuerint,

129 1232 356 1269 exspectationem
368 1231 444 1259 vobis
460 1236 595 1266 tamquam
608 1230 745 1258 memoria:
755 1229 838 1256 nostri
849 1235 929 1256 occa-

129 1281 232 1308 sionem
251 1280 445 1313 relinquamus.
460 1278 522 1306 llaec
535 1278 605 1305 enim
620 1284 713 1311 magna
728 1281 769 1303 est
784 1281 873 1304 nostra
887 1282 928 1303 se-

129 1328 228 1355 curitas
239 1347 246 1359 ,
261 1332 288 1353 ut
299 1326 411 1353 caritate
423 1330 509 1352 vestra
524 1329 652 1359 perpetuo
665 1324 785 1350 fruantur
796 1343 803 1356 ,
819 1323 864 1350 tali
882 1330 929 1357 po-

130 1373 192 1409 pulo
212 1380 245 1400 ac
269 1376 356 1399 tanto.
381 1371 447 1399 Nam
470 1371 515 1406 qui
538 1371 635 1398 fruitur
655 1370 780 1402 caritate,
805 1369 928 1404 precibus

128 1420 210 1447 etiam
224 1419 336 1445 omnino
350 1418 461 1445 fruetur.
476 1417 531 1444 Hoc
543 1425 608 1444 vero
620 1420 746 1452 quantum
761 1415 795 1443 sit
810 1415 908 1442 bonum
918 1435 926 1447 ,

127 1465 189 1492 inde
198 1465 264 1492 licet
274 1464 413 1499 colligere.
426 1463 523 1491 Paulus
536 1463 594 1495 ille,
610 1462 655 1497 qui
669 1461 777 1489 tertium
792 1462 818 1489 in
831 1461 927 1488 uelum

126 1517 220 1546 raptus
234 1511 336 1543 fuerat,
347 1510 393 1545 qui
404 1509 542 1537 audiverat
553 1516 650 1536 arcana
663 1508 743 1536 verba
753 1528 761 1541 ,
775 1507 819 1543 qui
833 1514 928 1535 omnes

127 1563 230 1585 mlum:
249 1556 426 1584 necessitates
440 1555 596 1589 subegerat,
613 1554 657 1588 qui
671 1554 787 1589 perfecta
801 1553 928 1588 deinceps

127 1604 153 1631 in
174 1603 322 1631 securitate
345 1601 535 1638 permanebat,
549 1600 675 1636 precibus
688 1600 767 1627 etiam
781 1599 928 1634 discipulo-

128 1659 185 1678 rum
209 1649 366 1684 indigebat,
386 1656 418 1676 ac
430 1648 535 1675 dicebat
551 1656 558 1675 ε
574 1647 652 1674 Orate
664 1655 710 1682 pro
726 1654 765 1673 me
775 1666 783 1679 ,
796 1650 823 1672 ut
837 1646 927 1673 liberer

127 1697 158 1724 ob
166 1697 314 1732 inﬁdelibus
327 1695 415 1733 (ﬂatu.
432 1695 476 1722 15.
496 1695 541 1722 30.
555 1694 602 1728 5i)
615 1703 622 1726 ;
637 1699 663 1721 et
679 1700 770 1720 rursus
785 1701 792 1719 :
810 1692 887 1719 Orate
900 1697 926 1719 ut

127 1744 198 1771 detur
212 1743 278 1770 mihi
294 1750 378 1770 sermo
395 1743 421 1768 in
433 1744 561 1776 apertione
575 1742 625 1768 oris
639 1742 686 1768 nisi
700 1740 809 1776 (Ep/tes.
825 1742 852 1768 t3.
868 1740 924 1775 19).

128 1791 159 1818 Et
171 1791 272 1825 ubique
283 1789 380 1816 videtis
395 1790 479 1823 ipsum
493 1793 520 1815 et
532 1787 723 1822 discipulorum
735 1787 869 1814 orationes
880 1793 926 1821 po-

124 1837 241 1868 stulare,
266 1839 294 1862 ct
313 1843 375 1866 cum
395 1834 554 1868 obtinuerit,
575 1833 676 1868 gratias
689 1832 740 1859 illis
755 1840 844 1868 agere.
859 1832 924 1860 Nam

126 1891 159 1909 ne
177 1882 250 1910 forte
272 1881 344 1909 dicat
363 1881 461 1915 aliquis
482 1888 543 1907 eum
565 1887 620 1914 ιιι-(Ε
636 1878 715 1906 nimia
732 1878 881 1905 humilitate
892 1878 924 1905 ad

124 1928 319 1963 discipulorum
351 1934 446 1961 preces
474 1925 638 1960 confugere,
666 1924 790 1951 virtutem
820 1924 923 1951 illarum

123 1974 243 2002 Ostendit
256 1995 263 2007 ,
277 1981 340 2000 cum
356 1973 391 2000 ita
406 1972 524 2007 loquitur
537 1981 542 1997 :
556 1971 606 2005 Qui
618 1971 650 1998 de
664 1971 739 1998 tantis
750 1971 869 1997 mortibus
879 1979 926 1998 nos

125 2021 216 2055 eripuit
227 2028 235 2050 ;
248 2027 382 2054 speramus
397 2023 480 2045 autent
490 2039 497 2048 ,
513 2018 630 2053 quoniam
643 2021 667 2044 et
681 2016 765 2043 adhuc
778 2016 864 2051 eripiet
876 2010 927 2042 ιτα-⁷

122 2066 270 2100 iui-nutibus
284 2071 308 2091 et
328 2065 396 2091 vobis
413 2064 440 2090 in
453 2064 565 2090 oratione
574 2071 620 2098 pro
635 2063 718 2094 nobis,
731 2067 758 2089 ut
768 2061 798 2089 ob
810 2062 926 2088 donatio-

122 2121 180 2139 nem
192 2134 201 2143 ,
222 2120 281 2147 qua:
302 2112 328 2137 in
349 2111 420 2138 nobis
442 2114 496 2142 est,
520 2117 564 2144 per
584 2110 676 2136 multos
692 2108 782 2144 gratiae
795 2116 841 2142 pro
854 2107 925 2134 nobis

123 2163 236 2194 aguntur
249 2157 288 2193 (ἐ.
305 2156 363 2183 Car.
381 2156 407 2183 1.
422 2156 466 2183 10.
482 2154 537 2189 Η).

163 2204 254 2230 Oratio
270 2202 440 2229 multitudinis
449 2206 570 2236 quantum
584 2201 676 2228 ualeat.
686 2215 722 2221 —
732 2199 807 2234 Quod
821 2199 843 2227 si
854 2199 925 2226 Pau-

124 2250 182 2277 lum
202 2257 217 2277 a
242 2249 369 2284 periculis
393 2249 478 2275 oratio
492 2247 670 2275 multitudinis
682 2247 821 2278 liberavit,
836 2254 924 2273 annon

122 2296 207 2323 etiam
228 2303 243 2322 a
265 2295 343 2322 nobis
357 2294 506 2329 exspectari
520 2301 569 2328 par
582 2297 640 2326 est,
656 2298 684 2320 ut
699 2300 730 2320 ex
745 2292 794 2320 hoc
807 2291 925 2319 subsidio

123 2351 222 2378 magna
234 2341 375 2370 commoda
389 2340 604 2376 consequamur?
617 2339 681 2366 Cum
696 2339 766 2368 enim
781 2338 878 2366 infirmi
889 2338 926 2365 si-

123 2399 186 2418 mus
197 2412 205 2424 ,
229 2390 292 2418 dum
307 2390 357 2417 soli
378 2397 529 2424 precamur.
544 2388 588 2416 ubi
599 2396 664 2415 vero
677 2388 829 2423 congregati
843 2387 926 2414 fueri-

121 2444 187 2465 mus
204 2457 212 2469 ,
242 2436 432 2468 robustiores,
458 2434 628 2462 multitudine
654 2441 685 2461 ac
708 2434 835 2461 societate
861 2433 924 2460 inita

122 2485 212 2511 lie-im
227 2491 380 2511 exoramus.
394 2482 440 2510 Sic
450 2482 529 2510 etiam
545 2489 593 2509 rex
605 2489 677 2516 saepe
691 2488 752 2508 cum
765 2481 878 2516 aliquem
891 2480 924 2508 ad

121 2536 243 2559 mortem
262 2530 417 2563 damnarit,
441 2529 486 2556 uni
504 2529 610 2565 quidem
633 2528 720 2556 oranti
738 2535 787 2563 pro
800 2527 926 2554 damnato

121 2586 181 2604 non
206 2577 316 2609 annuit,
341 2575 376 2603 ab
401 2575 501 2610 integra
516 2582 579 2602 vero
591 2573 699 2602 civitate
712 2573 874 2608 deprecante
889 2572 927 2599 fa-

120 2624 180 2650 cile
202 2628 329 2650 exoratur
342 2642 350 2655 ,
370 2629 486 2656 eumque
505 2621 550 2656 qui
564 2619 596 2647 ad
611 2620 763 2647 barathrum
777 2618 928 2646 abduceba-

121 2675 181 2701 tur,
195 2669 231 2696 ob
240 2669 446 2705 deprecatorum
461 2667 656 2695 multitudinem
667 2666 799 2702 supplicio
813 2665 925 2699 eximit,

121 2722 210 2752 atque
223 2716 257 2744 ad
272 2716 354 2744 vitam
366 2714 492 2742 reducit:
500 2714 584 2742 Tanta
596 2715 636 2741 vis
645 2718 686 2741 est
697 2712 827 2741 orationis
838 2711 927 2740 multi-

122 2764 241 2792 tudinis.
263 2764 367 2791 hlcirco
387 2762 467 2790 etiam
487 2761 636 2796 colligimur
651 2765 677 2788 et
690 2760 864 2788 convenimus
876 2759 928 2786 huc

123 2817 225 2837 omnes
236 2830 242 2841 ,
269 2814 297 2836 ut
312 2807 498 2836 vehementius
516 2806 598 2833 Deum
611 2806 644 2833 ad
660 2805 868 2832 misericordiam
881 2804 928 2832 ilc-

124 2861 243 2882 cunnus.
258 2854 325 2882 Nam
341 2861 403 2882 cum
414 2857 521 2880 orantes
531 2852 597 2885 soli,
609 2855 638 2879 ut
648 2856 709 2879 ante
722 2850 775 2878 dixi
788 2871 795 2880 .
806 2851 925 2878 imbecil-

125 2902 167 2929 les
190 2901 274 2929 simus
286 2921 293 2934 ,
315 2908 364 2937 per
375 2899 592 2934 coiujuitctioucm
604 2898 722 2927 caritatis
735 2898 816 2927 Deum
832 2905 926 2928 exora-

625 156 669 185 DE
689 154 958 184 PROPIIE'I'IABUM
971 154 1221 184 OBSCURITATE.
1242 155 1274 185 ll.

986 219 1061 245 mus,
1083 216 1112 240 ut
1131 212 1207 240 nobis
1221 213 1354 249 postulata
1366 213 1506 242 concedat.
1523 213 1586 242 llaec
1597 221 1661 242 vero
1674 221 1728 242 non
1741 220 1781 242 ἐκ

985 264 1058 285 mere
1071 266 1086 285 a
1100 266 1143 286 me
1157 259 1330 294 proferuntur
1340 281 1347 292 ,
1360 267 1446 295 neque
1462 265 1571 295 propter
1581 260 1712 295 meipsum
1723 265 1782 287 tan.

984 309 1040 330 tum
1053 325 1061 337 ,
1082 305 1129 332 sed
1152 310 1181 332 ut
1194 313 1302 340 semper
1311 306 1344 333 ad
1360 307 1484 334 collectas
1496 307 1644 342 properctis
1656 327 1663 339 ,
1677 314 1726 334 nec
1737 306 1781 334 di-

983 349 1050 376 catis
1074 357 1081 377 :
1105 351 1201 378 Annon
1223 352 1296 379 enim
1319 359 1399 380 orare
1418 352 1490 380 domi
1510 353 1643 388 possunt?
1658 352 1738 381 Potes
1753 358 1782 381 tu

983 396 1090 432 quidem
1102 405 1180 425 orare
1191 419 1200 431 ,
1214 398 1260 425 sed
1277 403 1376 426 tantam
1391 399 1514 426 virtutem
1528 407 1581 426 non
1593 399 1672 426 habet
1683 399 1780 432 oratio,

983 450 1062 477 quam
1075 442 1119 470 ubi
1130 451 1191 470 cum
1207 444 1320 479 propriis
1333 444 1460 471 membris
1472 443 1501 471 tit
1510 465 1518 478 ,
1528 451 1608 479 quam
1621 452 1681 472 cum
1694 449 1779 472 totum

982 495 1080 522 Corpus
1101 488 1227 516 Ecclesia:
1249 489 1411 517 unanimiter
1429 494 1456 517 et
1469 497 1521 517 una
1533 497 1598 517 voce
1611 498 1704 525 preces
1717 490 1780 517 fun-

982 533 1042 567 dit,
1067 534 1249 562 sacerdotibus
1271 535 1463 570 pra-sentibus,
1483 543 1515 563 ac
1535 536 1616 564 verba
1628 536 1780 564 communis

982 585 1067 607 coetus
1078 580 1264 608 offerentibus.

1016 626 1043 653 5.
1061 625 1141 653 Visne
1153 626 1257 654 discere
1269 631 1367 662 quanta
1380 626 1416 654 sit
1427 626 1511 654 virtus
1524 627 1663 660 orationis,
1674 635 1734 662 qua:
1748 628 1774 655 in

980 671 1093 698 ecclesia
1116 672 1163 698 fit?
1177 671 1286 699 Vinetus
1308 676 1366 700 erat
1391 672 1534 707 aliquando
1547 673 1640 700 Petrus
1664 673 1690 700 in
1715 681 1777 700 car-

981 723 1061 749 cere,
1088 724 1119 744 ac
1139 717 1228 745 multis
1242 718 1344 745 catenis
1365 717 1666 745 circumdatus:0ratio
1692 723 1778 745 auiam

981 761 1057 796 ﬁebat
1069 762 1126 788 sine
1134 762 1318 790 intermissione
1327 763 1358 790 ab
1370 762 1484 790 Ecclesia
1496 771 1542 798 pro
1553 772 1583 790 eo
1597 763 1666 799 (Act.
1682 763 1724 790 l2.
1738 763 1784 798 5),-

981 812 1010 836 et
1029 809 1171 836 confestim
1187 809 1262 836 illum
1276 809 1366 837 eduxit
1380 817 1396 837 e
1410 817 1529 837 carcere.
1550 809 1619 844 Quid
1635 809 1713 845 igitur
1729 809 1779 836 hac

982 855 1116 889 potentius
1133 854 1190 882 fieri
1210 859 1290 890 queat
1304 855 1444 887 oratione,
1468 863 1527 891 qua:
1549 855 1583 883 de
1603 856 1734 883 columnis
1747 863 1778 883 ac

981 901 1099 929 turribus
1115 900 1245 929 Ecclesia:
1266 901 1335 929 bene
1352 902 1448 929 merita
1471 901 1531 929 est?
1544 901 1641 929 Paulus
1659 901 1731 929 enim
1750 905 1779 929 ct

981 947 1077 975 Petrus
1089 951 1178 976 turres
1189 952 1266 976 erant
1278 953 1305 976 ct
1317 948 1449 976 columna:
1457 948 1596 982 Ecclesiae,
1607 952 1688 984 atque
1699 948 1778 984 hujus

980 993 1088 1028 quidem
1102 993 1205 1021 vincula
1218 994 1307 1026 solvit,
1321 994 1391 1023 illius
1404 999 1494 1022 autem
1506 1002 1539 1023 os
1551 996 1667 1030 aperuit.
1681 995 1734 1024 Sed
1748 999 1777 1023 ut;

981 1047 1034 1067 non
1050 1039 1136 1067 solum
1150 1047 1184 1067 ex
1200 1039 1247 1072 iis,
1263 1047 1323 1075 qua:
1337 1045 1393 1068 tum
1407 1040 1572 1073 acciderunt,
1587 1040 1634 1068 sed
1649 1040 1729 1068 etiam
1743 1048 1777 1069 ex

980 1085 1024 1119 iis,
1039 1093 1100 1122 qua:
1118 1085 1232 1121 singulis
1253 1086 1350 1115 diebus
1370 1087 1560 1122 perﬁciuntur,
1574 1087 1706 1122 duplicent
1718 1087 1778 1121 ejus

983 1131 1108 1160 virtutem
1116 1132 1341 1166 demonsucmus,
1350 1133 1480 1160 orationis
1492 1133 1576 1168 ipsius
1582 1141 1642 1168 quae
1651 1140 1667 1160 a
1680 1133 1778 1168 popu‘o

980 1178 1009 1205 fit
1025 1178 1100 1206 vobis
1113 1179 1270 1206 memoriam
1284 1179 1452 1207 rcfricemus.
1468 1179 1634 1214 Quamquam
1650 1179 1672 1206 si
1687 1179 1747 1214 quis
1761 1187 1778 1207 ο

980 1223 1058 1259 vulgo
1070 1223 1148 1251 vobis
1160 1224 1315 1259 imperaret,
1331 1228 1362 1251 ut
1375 1224 1471 1260 singuli
1485 1231 1517 1252 ac
1531 1225 1580 1252 soli
1595 1232 1644 1259 pro
1657 1224 1776 1260 episcopi

979 1269 1066 1297 salute
1087 1270 1209 1302 orarctis,
1231 1270 1415 1306 unusquisque
1437 1278 1499 1298 sese
1520 1275 1670 1305 excusaret,
1696 1276 1777 1307 atque

980 1315 1032 1342 hoc
1049 1319 1186 1351 tamquam
1205 1323 1274 1344 onus
1288 1316 1390 1344 viribus
1405 1317 1461 1344 suis
1476 1317 1564 1352 majus
1577 1324 1594 1344 a
1607 1324 1636 1344 se
1648 1316 1776 1344 amolire-

981 1367 1024 1389 tur
1036 1370 1043 1389 :
1055 1362 1118 1390 dum
1132 1370 1196 1390 vero
1208 1363 1388 1391 communiter
1399 1370 1493 1390 omnes
1506 1362 1610 1391 diaconi
1623 1370 1716 1390 vocem
1728 1370 1777 1390 au-

977 1407 1040 1435 ditis
1053 1408 1077 1435 id
1092 1408 1246 1442 impcrantis
1265 1416 1296 1436 ac
1315 1408 1428 1436 dicentis
1438 1429 1445 1440 ,
1461 1408 1568 1436 Oremus
1580 1417 1626 1443 pro
1639 1409 1767 1444 episcopo,

978 1459 1001 1480 et
1025 1458 1158 1486 correctum,
1182 1462 1213 1482 ac
1238 1454 1380 1490 patrocinio
1400 1454 1450 1489 (τι),
1472 1459 1548 1489 atque
1561 1459 1588 1481 ut
1601 1459 1667 1482 recte
1685 1457 1776 1481 tractet

978 1501 1079 1527 verbum
1092 1501 1204 1528 raritatis
1214 1521 1221 1533 ,
1238 1507 1261 1528 et
1276 1509 1322 1536 pro
1337 1501 1367 1528 iis
1385 1501 1430 1536 qui
1442 1501 1483 1528 hic
1495 1505 1563 1534 sunt,
1580 1505 1602 1527 et
1616 1500 1707 1536 ubique
1722 1505 1775 1528 ter-

977 1554 1079 1579 rarum,
1095 1546 1164 1581 quod
1180 1547 1339 1582 imperatum
1354 1551 1395 1574 est
1409 1554 1489 1582 agerc
1503 1554 1557 1574 non
1571 1547 1711 1580 recuSatis,
1726 1546 1774 1575 sed

977 1599 1072 1626 magna
1086 1591 1167 1618 :mimi
1179 1591 1352 1619 contentione
1363 1599 1456 1626 preces
1467 1591 1578 1624 offertis,
1592 1591 1663 1626 quod
1675 1595 1774 1626 quanta

976 1637 1009 1664 sit
1023 1637 1061 1664 iis
1072 1645 1217 1665 concursus
1228 1638 1309 1665 vestri
1324 1638 1406 1673 probe
1420 1638 1584 1673 intelligatis.
1596 1637 1698 1670 Seium,
1710 1638 1774 1673 quid

977 1683 1076 1716 dicant,
1099 1683 1115 1710 ii
1136 1684 1180 1718 qui
1205 1684 1339 1719 mysteriis
1361 1689 1422 1711 Sllltl
1446 1684 1635 1711 initiati:nam
1659 1683 1773 1713 orationi

976 1728 1227 1756 Catccltumenorum
1238 1729 1354 1756 nondum
1369 1733 1411 1756 est
1423 1729 1484 1756 illud
1499 1729 1669 1763 permissum,
1683 1736 1772 1764 quan-

976 1773 1120 1808 doquidem
1136 1773 1253 1801 nondum
1276 1774 1309 1801 ad
1330 1774 1397 1801 hanc
1413 1774 1538 1808 loquendi
1561 1774 1695 1801 licentiam
1711 1781 1774 1808 per-

976 1824 1183 1848 venerunt:vos
1201 1825 1290 1847 autem
1306 1825 1335 1847 ut
1349 1828 1397 1855 pro
1413 1824 1469 1847 toto
1485 1826 1618 1847 terrarum
1635 1819 1710 1852 orbe,
1725 1826 1774 1854 pro

977 1866 1094 1893 Ecclesia
1109 1874 1168 1901 qua:
1180 1866 1212 1894 ad
1228 1871 1307 1894 terra:
1323 1866 1388 1894 fi‘ncs
1400 1874 1484 1901 usque
1498 1866 1675 1901 protenditur,
1686 1871 1712 1894 et
1725 1874 1774 1901 pro

976 1912 1110 1946 episcopis
1124 1912 1250 1939 omnibus
1269 1913 1312 1948 qui
1327 1920 1385 1940 eam
1406 1917 1518 1948 regunt,
1534 1919 1627 1948 preces
1638 1912 1754 1940 offeratis
1764 1933 1777 1944 ,η

975 1958 1133 1986 Cohortatnr
1160 1959 1202 1991 is,
1228 1959 1272 1993 qui
1296 1959 1429 1986 ministrat
1455 1958 1519 1990 illis,
1545 1963 1572 1986 et
1595 1957 1774 1993 obsequimini

978 2011 1084 2031 summo
1098 2003 1196 2036 studio,
1212 2012 1244 2031 ac
1260 2004 1346 2038 reipsa
1361 2003 1494 2032 tcstamini
1507 2011 1629 2039 magnam
1644 2003 1773 2031 orationis

975 2056 1036 2076 esse
1050 2049 1194 2082 νῑτιιιιιιιιι,
1218 2056 1278 2084 quae
1298 2056 1312 2076 a
1340 2050 1437 2083 populo
1460 2050 1487 2077 in
1507 2048 1622 2077 ecclesia
1636 2049 1773 2076 communi

975 2102 1108 2122 consensu
1122 2095 1259 2122 offeratur.
1277 2095 1374 2122 Verum
1389 2094 1422 2122 ad
1439 2095 1603 2129 propositum
1617 2095 1771 2128 redeamus,

975 2141 1047 2176 quod
1063 2141 1212 2176 antiquitus
1232 2147 1284 2168 una
1299 2140 1380 2168 fuerit
1396 2140 1495 2175 lingua.
1510 2140 1586 2168 Unde
1599 2140 1679 2175 igitur
1692 2147 1772 2167 unam

976 2186 1093 2221 linguam
1117 2186 1200 2213 fuisse
1220 2186 1343 2214 constat?
1367 2185 1398 2212 Et
1421 2190 1474 2213 erat
1494 2186 1575 2214 omnis
1595 2190 1661 2212 terra
1679 2185 1774 2212 fabium

975 2241 1056 2260 unum
1075 2232 1152 2268 (Gen.
1168 2233 1210 2260 Η.
1229 2231 1267 2267 1).
1290 2231 1440 2260 Obscurum
1460 2236 1504 2262 est
1527 2232 1579 2259 hoc
1598 2231 1710 2259 dictum.
1731 2232 1774 2260 An

977 2278 1075 2306 labium
1090 2278 1170 2305 habet
1184 2279 1277 2306 terra?
1294 2278 1477 2314 Nequaquam.
1493 2278 1562 2314 Quid
1580 2285 1645 2312 ergo
1663 2277 1729 2305 dicit
1742 2282 1772 2306 et

976 2325 1010 2353 de
1020 2325 1092 2361 quo?
1107 2324 1165 2352 Non
1181 2325 1214 2352 de
1229 2325 1278 2352 hac
1294 2329 1365 2352 terra
1386 2325 1504 2359 loquitur
1518 2332 1578 2359 quae
1602 2331 1681 2351 sensu
1697 2328 1773 2351 caret

975 2375 1003 2399 et
1014 2371 1159 2398 innuohilis
1172 2376 1227 2404 est;
1243 2370 1289 2398 sed
1303 2371 1458 2398 universum
1474 2378 1557 2405 genus
1571 2371 1716 2397 humanum
1731 2369 1771 2397 sic

976 2418 1132 2453 appellavit,
1147 2424 1194 2445 eos
1213 2417 1361 2445 admonens
1375 2417 1491 2452 propriae
1505 2421 1616 2451 naturus,
1637 2421 1750 2444 matrem
1764 2436 1772 2448 ,

976 2472 1009 2491 ex
1023 2472 1074 2500 qua
1088 2464 1139 2490 orti
1152 2467 1224 2497 sunt,
1236 2462 1290 2490 iliis
1304 2463 1331 2490 in
1345 2463 1503 2491 memoriam
1517 2469 1655 2490 revocans.
1669 2462 1774 2497 Duplex

977 2509 1047 2536 enim
1058 2513 1100 2536 est
1114 2508 1165 2535 hoc
1177 2507 1286 2537 animal.
1301 2507 1392 2539 homo,
1407 2508 1523 2543 inquam.
1536 2515 1568 2535 ex
1589 2507 1693 2535 duabus
1708 2507 1775 2534 sub-

976 2555 1081 2583 stantiis
1100 2554 1241 2587 conflatus,
1255 2561 1307 2581 una
1328 2554 1458 2587 sensibili,
1473 2554 1603 2589 spirituali
1616 2554 1711 2587 altera,
1722 2553 1775 2581 hoc

977 2604 1028 2631 est.
1044 2608 1076 2627 ex
1090 2599 1180 2627 anima
1194 2604 1222 2627 et
1234 2606 1358 2634 corpore,
1375 2599 1417 2626 cui
1433 2607 1493 2627 cum
1507 2599 1659 2627 omlestibus
1672 2604 1696 2626 et
1712 2606 1774 2626 eum

978 2646 1150 2674 terrestribus
1172 2645 1297 2680 cognatio
1318 2644 1439 2680 quzcdam
1464 2645 1616 2674 intercedit.
1637 2644 1704 2672 Nam
1727 2651 1776 2679 per

977 2691 1146 2726 Spiritualem
1161 2690 1269 2725 quidem
1284 2690 1460 2718 substantiam
1479 2697 1541 2717 eum
1565 2689 1709 2717 virtutibus
1727 2696 1775 2716 su-

980 2737 1071 2773 pernis
1086 2736 1242 2772 participat:
1254 2743 1302 2771 per
1319 2736 1474 2764 sensibilem
1491 2743 1552 2762 cum
1564 2735 1646 2763 rebus
1660 2735 1777 2762 terrenis

979 2783 1137 2818 copulatur,
1158 2787 1186 2810 et
1206 2786 1247 2810 est
1265 2782 1373 2817 quidam
1398 2781 1479 2816 veluti
1501 2788 1586 2809 nexus
1608 2780 1776 2807 firmissimus

1012 2839 1049 2870 (rt)
1065 2840 1108 2864 ttic
1128 2838 1218 2870 aliquid
1239 2839 1290 2864 vitii
1313 2838 1353 2864 vel
1374 2839 1486 2866 defectus
1506 2845 1562 2863 esse
1582 2837 1687 2870 \idetur.
1707 2839 1775 2870 [uitat

982 2866 1084 2895 toanues
1095 2866 1185 2895 “eishis
1197 2869 1338 2901 legendum,
1350 2873 1372 2894 et
1385 2877 1429 2901 pro
1441 2870 1517 2900 clero,
1531 2873 1553 2895 et
1563 2867 1657 2894 auxilia
1673 2866 1775 2898 Spiritu:

982 2901 1065 2928 sancti.
1078 2903 1122 2926 sed
1137 2901 1194 2926 illud
1205 2900 1314 2926 divinare
1326 2906 1372 2927 est.
1386 2900 1389 2901 ⁷
1799 2911 1806 2916 ι
