2072 3123
165 221 252 248 ctare,
265 218 295 242 ut
315 213 496 242 inﬁrmitatem
510 217 582 240 tuam
595 211 683 240 discas
696 221 704 242 :
719 213 807 242 adhuc
823 218 953 242 vrventem

165 261 299 289 hominem
314 265 434 288 scrutare
445 279 454 293 ,
469 264 549 295 atque
563 259 589 287 in
604 259 662 295 ejus
681 260 782 288 viscera
794 261 956 296 cogitatione

164 306 295 334 descende
306 326 315 340 ,
329 310 387 333 tum
403 305 506 333 videbis
516 326 524 338 ,
537 313 617 341 quam
631 305 706 333 nihili
729 306 764 334 sit
778 310 806 334 et
823 307 954 341 abiectus.

165 354 288 380 Attamen
303 352 357 380 noli
368 351 487 379 animum
499 351 667 387 despondere
682 360 689 378 :
704 353 870 387 nequeenim
884 351 955 388 quod

163 406 213 427 nos
236 397 299 425 odio
313 401 528 433 prosequentur,
542 397 591 425 sed
612 397 684 432 quod
703 397 796 425 mitius
815 397 954 426 nobiscum

163 448 254 478 ageret
263 463 273 476 .
290 443 316 471 id
331 443 394 471 fecit
406 443 478 470 Deus
489 464 497 477 ,
513 450 688 478 magnamque
702 443 778 471 nobis
799 443 954 472 humilitatis

163 490 329 517 occasionem
346 489 487 524 przeberet.
504 488 571 517 Nam
585 489 606 516 si
619 489 780 519 homo,cum
795 493 864 517 terra
878 490 912 517 sit
927 494 954 518 et

163 535 242 568 cinis,
255 534 347 564 dicere
358 541 441 562 ausus
455 539 505 567 est,
522 533 555 561 In
567 534 657 562 calum
668 534 802 561 ascendant
817 533 892 570 (lani.
910 535 951 563 li.

163 581 208 616 I3)
226 589 234 608 :
249 581 301 608 nisi
325 579 430 609 frenum
445 580 572 616 injectum
597 584 669 607 esset
691 585 810 613 naturai,
835 587 890 614 quo
898 586 954 608 non

163 627 221 662 ejus
228 626 334 655 animus
346 630 487 661 provectus
496 626 578 653 esset?
590 625 702 659 Quando
714 625 793 660 igitur
801 625 953 660 quempiam

164 672 262 699 videris
276 672 486 707 superbientem,
501 676 591 699 erecta
603 670 718 703 cervice,
733 670 844 700 sublatis
859 678 954 706 super-

163 718 240 751 ciliis,
255 724 336 745 curru
350 721 453 746 vectum
466 737 473 748 ,
490 717 647 748 minantem,
661 717 810 745 mittentem
823 716 850 744 in
863 723 955 745 carce-

163 770 228 795 rem,
238 762 318 790 morti
332 761 494 794 tradentem,
507 761 629 796 iniuriam
642 761 801 790 inferentem
814 781 821 794 ,
835 762 879 789 dic
892 762 929 789 illi
944 771 951 788 :

164 807 232 841 Quid
241 807 352 842 superbit
365 812 431 834 terra
443 812 468 834 et
480 803 566 835 cinis?
575 807 701 842 Quoniam
714 811 738 834 et
751 807 778 834 in
792 807 841 834 vita
854 808 911 844 ejus
920 808 954 834 ad

163 853 270 881 nihilum
279 853 382 880 reducta
394 859 453 880 sum
467 853 557 880 intima
571 854 636 887 ejus.
651 853 715 883 Htec
728 861 781 881 non
796 853 830 881 de
844 853 954 882 homine

163 903 264 926 tantum
279 898 398 933 privato,
415 898 461 926 sed
471 898 551 926 etiam
565 898 600 925 de
613 897 660 926 illo
673 898 731 933 ipso
742 918 750 930 .
765 898 810 934 qui
835 899 861 926 in
886 899 954 926 solio

162 944 238 972 sedet
249 945 334 979 regio,
348 944 401 977 dici
416 949 541 979 possunt.
557 944 615 972 Noli
636 945 707 972 enim
732 952 888 980 purpuram,
903 953 951 973 ne-

161 997 213 1024 que
227 989 360 1024 diadema,
375 997 460 1025 neque
471 997 551 1018 aurea
565 990 723 1020 vestimenta
734 991 872 1026 respicere
882 1010 890 1023 ,
904 991 951 1019 sed

162 1035 187 1063 in
212 1035 296 1070 ipsam
312 1035 415 1070 inquire
437 1039 577 1067 naturam.
600 1043 687 1071 neque
708 1036 852 1071 quidquam
879 1036 951 1064 illam

161 1080 262 1108 habere
285 1081 399 1116 amplius
426 1088 504 1116 quam
527 1088 606 1110 unam
629 1088 646 1108 e
659 1081 737 1116 vulgo
755 1081 857 1109 videbis
876 1089 883 1109 :
899 1083 953 1110 itno

163 1134 238 1160 vero,
251 1127 272 1154 si
284 1127 382 1163 placet,
396 1131 424 1154 et
437 1134 580 1162 purpuram
591 1148 598 1161 ,
612 1131 640 1156 et
653 1127 786 1161 diadema,
800 1133 827 1156 et
842 1133 931 1156 vestes
942 1147 951 1162 ,

158 1178 186 1200 et
211 1181 319 1201 omnem
348 1173 420 1201 illam
445 1180 574 1208 percurre
596 1181 740 1209 pompam,
755 1179 834 1210 atque
855 1174 951 1203 borum

159 1219 277 1254 ipsorum
298 1226 390 1247 rursus
416 1223 514 1247 terram
539 1220 677 1248 materiam
703 1227 765 1248 esse
791 1228 950 1256 cognosces.

159 1264 249 1292 Omnis
267 1264 337 1293 enim
362 1265 444 1300 gloria
458 1265 566 1292 hominis
578 1265 604 1292 tit
614 1266 663 1300 ﬂos
681 1265 742 1300 [mni
759 1265 834 1301 (Isai.
848 1267 892 1294 40.
910 1268 950 1302 li).

158 1310 227 1339 Ecce
242 1310 283 1338 vel
309 1311 366 1346 ipsa
390 1311 470 1339 etiam
493 1315 563 1341 terra
588 1311 666 1339 vilior
678 1316 749 1339 totus
773 1312 818 1340 ille
830 1313 953 1348 apparuit

158 1361 279 1384 ornatus.
295 1355 374 1383 Vides
394 1361 422 1383 ut
435 1355 534 1386 fastum
557 1357 708 1392 reprimat?
721 1361 750 1384 ut
772 1359 951 1393 arrogantiam

157 1410 265 1429 onmem
289 1402 373 1437 ipsius
395 1406 497 1430 natum
522 1402 672 1430 recordatio
692 1403 953 1432 retundat?Sufticit

156 1452 258 1474 tantum
274 1452 302 1475 ut
313 1448 463 1483 cogitemus
477 1448 585 1483 quinam
600 1449 695 1482 simus,
710 1454 738 1477 et
753 1450 848 1485 quibus
861 1459 892 1478 cx
905 1459 950 1478 re-

156 1494 206 1522 bus
219 1494 361 1528 compacti,
379 1499 434 1522 tum
448 1494 535 1522 omnis
548 1494 671 1530 superbia
686 1495 876 1531 cogitationum
887 1504 951 1524 eva-

156 1545 258 1568 nescet.
275 1540 419 1575 Propterea
438 1548 552 1578 namque
564 1540 666 1569 duabus
686 1549 735 1569 nos
749 1549 781 1570 ex
796 1542 951 1571 substantiis

155 1587 288 1622 compegit
299 1587 369 1614 Deus
381 1607 389 1619 ,
404 1592 433 1615 ut
446 1588 467 1615 si
481 1587 588 1623 quando
602 1588 627 1616 in
640 1588 793 1625 superbiam
809 1589 929 1619 eﬂeraris
940 1611 948 1622 ,

156 1632 244 1659 vilitas
254 1632 519 1667 earnistedeprimat
533 1642 539 1660 :
551 1634 572 1660 si
587 1633 695 1669 quando
708 1639 797 1662 autem
816 1635 862 1662 tibi
873 1636 951 1670 quid-

154 1678 216 1706 dam
232 1678 322 1706 vcniat
335 1679 361 1706 in
376 1683 492 1708 mentem
508 1679 656 1715 indignum,
673 1684 700 1708 ct
712 1680 783 1715 quod
798 1681 832 1709 ab
846 1681 949 1709 honore

154 1731 169 1751 a
193 1724 248 1751 Deo
272 1724 371 1752 collato
392 1724 559 1759 degeneret,
572 1725 669 1753 anima:
683 1726 807 1754 nobilitas
820 1726 854 1755 ad
867 1727 948 1754 carie-

153 1769 233 1796 stium
244 1769 368 1797 virtutum
379 1769 575 1799 aemulationem
591 1774 618 1800 te
630 1771 769 1807 provehat.

191 1817 217 1844 7.
234 1816 325 1851 Neque
338 1824 402 1844 vero
417 1821 517 1844 tantum
529 1816 563 1844 ad
577 1817 719 1846 tollemlam
742 1818 892 1854 superbiam
907 1824 950 1847 est.

153 1862 250 1892 idonea
262 1863 441 1890 consideratio
452 1867 554 1891 natura:
565 1884 574 1898 ,
588 1864 635 1892 sed
648 1868 676 1892 et
688 1864 711 1892 si
725 1865 776 1892 alia
788 1865 888 1901 qumvis
902 1873 948 1893 cu-

153 1908 251 1943 piditas
264 1907 398 1941 obturbat,
409 1909 467 1936 sive
478 1909 661 1944 pecuniarum,
672 1910 731 1938 sive
738 1917 882 1945 corporum
898 1911 947 1940 ista

152 1953 238 1987 turpis
251 1958 278 1980 et
294 1961 353 1988 qum
364 1954 398 1981 ad
413 1954 548 1983 lasciviam
561 1959 688 1990 provocat
701 1975 708 1988 ,
719 1955 755 1984 ad
767 1957 947 1992 perturbatio-

151 2007 212 2028 nem
228 1999 373 2028 sedandam
390 2000 439 2028 hoe
452 2000 559 2029 sufﬁcit.
573 2000 639 2029 Cum
653 2009 716 2037 ergo
731 2001 875 2030 formosam
888 2011 947 2030 niu-

151 2044 244 2072 lierem
259 2045 358 2073 videris
370 2067 377 2080 ,
391 2049 433 2074 cui
453 2047 581 2076 micantes
597 2048 666 2075 oculi
689 2053 753 2076 sunt
778 2054 806 2076 et
827 2049 926 2078 hilares
937 2070 946 2084 ,

150 2091 191 2117 cui
207 2087 324 2119 nitentes
336 2100 421 2126 gente,
440 2094 516 2128 cujus
529 2093 556 2122 in
571 2094 644 2122 vultu
657 2095 754 2122 eximia
767 2096 887 2130 quaedam
899 2105 946 2131 ap-

150 2141 245 2171 pareat
268 2137 453 2172 pulchritudo.
467 2147 527 2174 qua:
549 2145 666 2170 mentem
687 2145 758 2170 tuam
780 2141 943 2175 inﬂammet,

148 2188 178 2210 et
191 2183 330 2212 libidinetn
351 2191 465 2220 augeat,
480 2186 566 2221 cogita
588 2191 687 2215 terram
703 2187 769 2215 illud
791 2196 850 2216 esse
873 2189 944 2224 quod

150 2228 257 2255 miraris
268 2249 275 2260 ,
297 2229 415 2258 cinerem
430 2237 489 2258 esse
501 2231 571 2266 qttod
587 2236 613 2259 te
627 2232 764 2266 accendit,
778 2238 805 2260 ct
828 2234 945 2262 insanire

149 2274 239 2303 anima
252 2273 357 2302 desinet
371 2283 379 2303 :
395 2275 490 2312 detege
502 2281 590 2303 cutem
607 2277 693 2305 vultus
706 2277 774 2312 ejus,
792 2282 845 2305 tum
859 2279 943 2314 ipsam

149 2326 256 2346 onmem
272 2320 475 2354 pulchritudinis
487 2321 615 2349 vilitatem
627 2322 728 2350 videbis
742 2331 749 2350 :
763 2331 796 2351 ne
810 2324 836 2350 in
850 2331 945 2359 super.

149 2365 208 2393 ﬁcic
220 2366 372 2399 consistas,
388 2367 434 2395 sed
450 2367 563 2396 interius
583 2369 745 2404 cogitatione
760 2370 922 2405 progredere
934 2392 942 2404 ,

149 2419 199 2440 nec
223 2412 297 2440 aliud
311 2413 454 2449 quidquam
468 2420 564 2448 praeter
576 2421 636 2442 ossa
647 2435 654 2447 ,
680 2423 776 2442 nervos
790 2436 797 2448 ,
817 2423 848 2443 ac
862 2424 944 2444 venas

149 2458 279 2492 reperies.
294 2460 329 2486 At
342 2467 394 2486 non
409 2459 545 2487 sufﬁciunt
555 2460 618 2487 ista?
630 2460 721 2496 Cogita
737 2461 801 2488 milii
814 2467 942 2490 mutatam

148 2504 237 2538 illam,
252 2510 438 2534 senescentem
451 2527 458 2539 ,
478 2511 605 2542 aegrotum
615 2528 623 2540 ,
639 2507 808 2535 subsidentes
830 2509 922 2536 oculos
932 2529 941 2542 ,

147 2556 291 2579 excavatus
319 2559 423 2586 genas,
442 2555 526 2580 totum
549 2553 621 2580 illurn
643 2553 737 2582 ﬂorem
758 2553 941 2583 deﬂuentem:

146 2596 234 2632 cogita
247 2597 311 2632 quid
325 2597 479 2630 admireris,
495 2602 522 2626 et
534 2598 572 2626 tui
590 2598 684 2633 judicii
702 2604 726 2626 te
751 2599 870 2634 pudebit.
886 2599 942 2628 Ln-

147 2647 202 2670 tum
216 2643 324 2670 miraris
336 2647 363 2670 ct
374 2644 503 2675 cinerem,
519 2644 604 2679 pulvis
620 2649 646 2672 te
665 2644 786 2672 incendit
800 2650 827 2673 ct
840 2645 941 2673 favilla.

146 2688 202 2716 Non
228 2688 288 2716 haec
310 2696 344 2717 eo
362 2689 433 2722 dico,
445 2695 473 2717 ut
488 2695 609 2718 naturam
625 2698 748 2719 accu>em
762 2699 769 2724 ;
785 2691 855 2720 absit
871 2701 878 2719 :
892 2699 942 2720 nec

146 2739 174 2762 ut
189 2735 356 2770 vituperem,
369 2740 415 2762 aut
428 2740 560 2771 tamquam
574 2736 653 2764 vilem
669 2737 817 2772 deprimant
829 2758 837 2771 ,
854 2737 901 2766 sed
913 2741 942 2766 ut

146 2782 338 2816 agrotantibus
361 2781 554 2810 medicamenta
577 2790 748 2818 componam.
774 2783 837 2811 idco
861 2784 941 2812 talem

148 2827 229 2862 ipsam
243 2829 317 2856 Deus
331 2828 471 2862 condidit,
484 2829 552 2857 adeo
565 2829 646 2858 vilem
658 2850 667 2863 ,
683 2836 712 2858 ut
725 2835 752 2859 et
765 2838 841 2859 suam
853 2831 940 2859 virtu-

149 2877 198 2903 tetu
210 2879 238 2903 et
263 2882 360 2903 curam
373 2874 407 2903 de
420 2875 498 2904 nobis
518 2875 661 2911 ostendat,
678 2875 740 2905 dum
756 2883 858 2906 natura:
879 2879 938 2907 vili-

639 155 683 185 DE
702 155 968 185 PROPHETIARUM
988 156 1237 185 OBSCURITATE.‘
1253 157 1287 186 ιι.

1751 162 1803 193 186

1011 217 1065 241 tate
1078 220 1128 242 nos
1139 212 1172 242 ad
1186 213 1363 242 humilitatem
1377 214 1477 242 inducit
1486 234 1495 247 .
1509 222 1668 251 omnemque
1681 222 1800 248 nostram

1008 259 1178 294 cupiditatem
1204 264 1328 292 coercet,
1359 267 1391 289 ac
1420 260 1556 295 sapientia:
1584 268 1639 288 sua:
1666 262 1800 297 specimen

1007 305 1074 339 edit,
1088 306 1176 341 utqui
1190 306 1271 335 etiam
1290 307 1317 335 in
1334 307 1389 334 luto
1408 307 1492 342 possit
1507 311 1605 335 tantam
1624 307 1798 344 pulchritudi-

1006 359 1068 380 nem
1080 351 1217 381 exbibere.
1232 352 1301 381 Dum
1317 352 1396 387 igitur
1416 351 1594 381 substantiam
1610 353 1685 389 parvi
1710 353 1779 382 facio
1790 373 1799 388 ,

1007 401 1063 426 tum
1085 397 1194 433 Opiﬁcis
1207 403 1293 426 artem
1317 397 1422 433 detego.
1436 397 1501 426 Nam
1515 402 1545 426 ut
1569 398 1728 430 statuarium
1743 403 1798 427 tnui

1006 444 1090 480 magis
1101 444 1275 478 admiramur.
1291 452 1345 474 non
1362 452 1422 472 cum
1437 444 1592 479 praeclaram
1608 452 1642 472 ex
1663 451 1729 475 auro
1744 450 1799 475 sta.

1006 494 1079 518 tuam
1098 489 1268 522 exhibuerit,
1281 489 1329 517 sed
1342 497 1402 517 cum
1417 496 1450 516 ex
1469 488 1587 524 subjecta
1613 489 1662 517 luti
1685 490 1798 519 materia

1005 536 1149 570 perfectam
1173 540 1202 563 et
1224 535 1349 564 esimiam
1372 534 1512 570 imaginem
1529 535 1608 563 fuerit
1627 535 1771 563 fabricatus
1791 543 1798 565 :

1005 581 1042 608 ita
1053 588 1158 615 quoque
1178 587 1309 608 summum
1328 580 1455 609 artiﬁcem
1482 580 1564 608 Deum
1584 581 1798 615 obstupescimus

1004 630 1032 654 et
1049 625 1245 661 gloriﬁcamus,
1259 625 1330 661 quod
1345 626 1371 653 in
1397 626 1506 661 pulvere
1518 633 1550 652 ac
1571 625 1627 653 luto
1643 626 1794 661 pulchritu-

1004 671 1094 701 dinem
1117 671 1258 707 quamdam
1273 671 1430 700 immensam
1452 677 1480 700 et
1504 671 1645 702 incliabilis
1657 671 1796 706 cujusdam

1004 717 1141 752 sapientia:
1155 717 1290 752 specimen
1312 716 1339 744 in
1361 717 1460 744 nostris
1474 717 1632 752 corporibus
1646 717 1796 747 collocarit,

1004 763 1091 798 Atque
1113 762 1164 790 hoc
1185 770 1238 792 non
1257 762 1284 791 in
1295 769 1408 797 corpore
1430 761 1516 792 solum
1541 766 1632 789 nostro
1645 783 1652 795 ,
1668 762 1714 791 scd
1729 766 1756 789 ct
1770 762 1795 790 in

1004 809 1077 839 omni
1092 809 1213 843 prmstitit
1232 812 1363 836 creatura.
1383 807 1449 835 Nam
1461 815 1522 835 cum
1537 807 1603 837 viles
1619 808 1717 842 passim
1734 815 1796 842 ιη·ον

1004 853 1125 883 duxisset
1146 853 1326 886 substantias,
1340 858 1368 882 et
1388 853 1455 881 artis
1468 860 1524 881 suae
1537 855 1672 888 specimen
1697 852 1723 882 iu
1745 853 1797 880 illis

1005 901 1108 936 insigne
1119 900 1217 937 posuit,
1233 905 1260 928 et
1274 899 1480 927 substantiarum
1494 899 1654 927 inﬁrmitatis
1669 898 1794 928 indicium

1004 947 1137 983 quoddam
1159 946 1304 977 immiscuit
1318 954 1325 974 :
1339 950 1370 974 ut
1385 953 1445 973 cum
1468 950 1577 980 propter
1593 949 1679 974 artem
1693 952 1724 972 ac
1738 944 1797 979 pul-

1004 992 1183 1021 chritudinem
1205 991 1298 1020 laudes
1312 991 1466 1023 Artiﬁcem,
1482 996 1537 1018 tum
1561 995 1670 1027 propter
1684 989 1796 1017 inﬁrmi-

1005 1042 1087 1065 tatem
1103 1037 1285 1071 vilitatemque
1297 1040 1399 1063 natura:
1412 1044 1443 1063 ac
1455 1036 1620 1068 substantiae,
1632 1042 1691 1070 qua:
1703 1039 1796 1063 creata

1004 1088 1066 1114 sunt
1079 1091 1131 1111 non
1146 1082 1252 1110 adores.
1277 1081 1440 1117 Splendidus
1460 1085 1501 1108 cst
1515 1081 1553 1109 sol
1565 1101 1574 1114 ,
1588 1080 1651 1109 dum
1668 1080 1776 1116 aﬁulget
1787 1099 1797 1112 ,

1005 1135 1142 1164 totumque
1165 1134 1296 1158 terrarum
1318 1127 1412 1157 orbem
1426 1126 1577 1157 illuminat;
1592 1126 1639 1154 sed
1654 1133 1716 1154 cum
1740 1133 1796 1153 nox

1004 1176 1160 1208 advenerit,
1174 1174 1273 1202 deﬁcit.
1292 1173 1360 1207 Quid
1382 1173 1448 1200 enim
1459 1193 1467 1206 ,
1478 1172 1565 1208 inquit
1576 1192 1584 1206 ,
1600 1171 1708 1202 Insidias
1723 1170 1797 1200 sole!

1005 1221 1058 1251 Sed
1072 1225 1096 1248 st
1114 1221 1162 1248 hoc
1183 1220 1268 1254 deﬁcit
1287 1219 1435 1254 (Ercli.l1.
1449 1218 1512 1253 50);
1527 1225 1614 1254 neque
1632 1224 1696 1245 vero
1715 1221 1795 1245 noctu

1003 1266 1101 1300 solum,
1116 1265 1164 1294 sed
1183 1269 1211 1293 et
1231 1265 1355 1293 interdiu.
1370 1264 1458 1300 Atque
1475 1263 1574 1291 idcirco
1586 1270 1657 1298 saepe
1679 1262 1794 1290 interdiu

1003 1312 1068 1340 solis
1080 1311 1201 1340 defectus
1216 1310 1368 1344 intervenit,
1381 1315 1409 1337 ut
1423 1309 1551 1346 Opiﬁcem
1562 1309 1670 1344 quidem
1685 1312 1796 1346 propter

1003 1358 1143 1386 artiﬁcium
1164 1357 1274 1390 laudes,
1296 1357 1343 1384 sed
1367 1361 1474 1392 propter
1495 1354 1703 1386 imbecillitatem
1726 1353 1798 1389 quod

1003 1410 1121 1432 creatum
1137 1408 1178 1431 est
1193 1411 1246 1430 non
1261 1402 1368 1431 adores.
1383 1402 1463 1429 Vides
1477 1401 1528 1429 hoc
1541 1401 1655 1433 cmlum,
1669 1399 1747 1435 quale
1761 1398 1796 1428 sit

1003 1450 1118 1485 corpus?
1132 1457 1211 1485 quam
1227 1447 1384 1484 pulchrum?
1407 1455 1485 1482 quam
1503 1446 1658 1482 refulgens?
1670 1444 1757 1481 quod,
1773 1445 1796 1473 si

1003 1497 1121 1532 speciem
1134 1501 1272 1523 externam
1296 1498 1400 1531 spectes
1414 1514 1421 1526 ,
1436 1493 1477 1520 vel
1495 1492 1559 1527 ipsis
1578 1492 1734 1527 corporibus
1749 1499 1798 1518 no-

1002 1544 1066 1571 stris
1078 1547 1120 1571 est
1133 1541 1312 1577 prmstantius.
1328 1540 1363 1571 At
1381 1547 1476 1575 expers
1497 1544 1540 1567 est
1554 1539 1659 1566 animm.
1674 1538 1755 1567 Vides
1769 1543 1797 1566 ct

1001 1589 1066 1617 artis
1081 1588 1215 1624 specimen
1225 1608 1233 1620 ,
1248 1593 1275 1616 et
1288 1586 1412 1616 indicium
1427 1585 1607 1614 inﬁrmitatis?
1622 1585 1696 1614 vides
1711 1585 1795 1615 utriu.

1001 1643 1055 1671 que
1066 1634 1114 1663 tibi
1129 1637 1221 1669 parata
1236 1632 1378 1669 prmsidia?
1394 1632 1459 1659 Nam
1476 1637 1504 1659 ut
1518 1631 1646 1669 Opiﬁccm
1660 1635 1794 1666 tamquam

1002 1680 1165 1709 imbecillum
1188 1687 1241 1707 non
1256 1679 1385 1712 damnes,
1400 1677 1524 1713 pulchras
1547 1676 1668 1708 condidit
1690 1681 1794 1704 creatu-

1001 1735 1064 1757 ras:
1079 1731 1108 1754 ut
1119 1731 1208 1754 autent
1226 1733 1286 1761 quae
1306 1724 1411 1752 condita
1426 1728 1488 1751 sunt
1501 1727 1635 1758 tamquam
1659 1721 1724 1750 deos
1741 1730 1794 1751 non

1000 1772 1107 1805 adores,
1121 1780 1156 1800 ex
1172 1775 1248 1807 parte
1261 1771 1364 1798 inﬁrma
1376 1769 1423 1801 illa
1439 1768 1582 1798 fabricatus
1593 1773 1645 1799 est,
1660 1768 1722 1797 llxc
1738 1775 1794 1807 per.

1000 1823 1081 1855 petua
1091 1817 1221 1846 memoria
1236 1821 1334 1844 tenete.

1037 1864 1140 1892 Merum
1151 1863 1273 1892 correctio
1287 1863 1346 1897 ﬁnis
1367 1861 1518 1898 Scriptura.
1533 1859 1689 1889 Manis/two:
1702 1859 1791 1887 τεάαμ

999 1911 1064 1946 guit.
1077 1924 1113 1930 —
1128 1909 1190 1937 Ideo
1214 1909 1366 1944 Scripturas
1383 1909 1601 1943 interpretamur,
1614 1914 1666 1936 non
1680 1910 1709 1936 ut.
1722 1906 1794 1934 Scii-

999 1961 1093 1991 pturas
1108 1961 1210 1984 tantum
1229 1955 1395 1990 itttclligatis,
1412 1954 1458 1982 sed
1479 1959 1507 1981 ut
1522 1961 1611 1981 mores
1632 1952 1791 1981 eiuendetis.

998 2001 1055 2029 Nisi
1065 2001 1136 2029 enim
1152 2001 1203 2029 hoc
1225 2001 1285 2033 ﬁat,
1300 2000 1396 2028 frustra
1414 2000 1526 2034 legimus
1537 2019 1546 2034 ,
1562 1999 1658 2027 frustra
1679 2000 1793 2034 exponi.-

999 2057 1067 2078 mus.
1083 2049 1150 2077 Nam
1175 2048 1244 2076 sicut
1265 2055 1324 2075 cum
1349 2046 1376 2074 in
1392 2047 1542 2081 pals-stram
1566 2045 1701 2080 ingressus
1715 2044 1794 2071 lucn't

998 2095 1099 2123 athleta
1113 2099 1223 2126 unctus,
1239 2097 1266 2120 ct
1291 2092 1445 2127 pa‘dotribm
1461 2099 1541 2120 nianu
1563 2098 1679 2125 curaque
1694 2089 1792 2118 instra.

997 2147 1072 2173 ctus,
1095 2141 1116 2168 si
1141 2147 1203 2168 cum
1226 2138 1379 2168 certaminis
1400 2141 1506 2173 tempus
1525 2136 1681 2167 adverterit,
1706 2140 1792 2163 artem

998 2187 1069 2215 illam
1085 2186 1203 2215 inutilem
1221 2193 1281 2212 esse
1299 2183 1447 2211 ostenderit
1458 2203 1465 2216 ,
1482 2183 1578 2209 frustra
1595 2182 1620 2210 in
1639 2182 1791 2218 palaestram

997 2232 1167 2261 introductus
1180 2235 1222 2258 cst
1236 2239 1242 2257 :
1258 2230 1293 2258 ita
1308 2237 1367 2257 cuin
1389 2228 1441 2258 huc
1455 2228 1650 2260 conveniet-itis,
1664 2231 1693 2255 ct
1706 2227 1791 2254 luctas

996 2286 1089 2306 omnes
1102 2299 1109 2310 ,
1125 2282 1151 2306 et
1162 2277 1187 2304 in
1202 2277 1271 2304 lucta
1291 2283 1375 2303 nexus
1389 2274 1486 2303 diaboli
1501 2273 1646 2302 didiceritis
1658 2295 1665 2306 ,
1682 2273 1705 2300 si
1726 2281 1788 2302 cunt

997 2324 1174 2354 certaminum
1200 2328 1305 2359 tempus
1334 2322 1468 2355 inciderit,
1485 2320 1711 2356 supplautcmini,
1725 2320 1788 2349 dum

996 2373 1037 2398 vel
1052 2372 1197 2398 formosum
1210 2369 1311 2397 vultum
1322 2367 1450 2400 videritis,
1462 2367 1504 2394 vel
1520 2366 1546 2394 in
1560 2366 1712 2402 superbiam
1725 2366 1790 2395 elati

996 2417 1099 2445 fueritis
1109 2437 1116 2449 ,
1130 2415 1174 2443 vel
1186 2415 1236 2442 alia
1254 2421 1332 2449 prava
1346 2414 1470 2449 quapiam
1488 2411 1649 2447 cogitatione
1664 2412 1768 2439 θυι)υοιὶ
1779 2432 1787 2444 ,

995 2463 1092 2491 frustra
1109 2463 1135 2490 in
1149 2461 1220 2489 hunc
1238 2460 1327 2488 locum
1350 2458 1461 2494 ingressi
1479 2459 1553 2486 estis.
1566 2457 1727 2488 Mementote
1741 2458 1789 2493 igi-

997 2514 1039 2536 llll‘
1052 2515 1216 2540 sermonum,
1229 2513 1296 2541 quOS
1306 2513 1358 2534 non
1372 2504 1501 2534 μάγοι-8115
1513 2508 1634 2531 naturam
1649 2508 1766 2530 llOSli‘illll
1778 2524 1787 2538 ,

994 2556 1042 2584 aed
1056 2554 1182 2582 adversus
1196 2553 1320 2580 lasciram
1331 2551 1502 2587 cupiditatem
1516 2550 1672 2581 direximus.
1688 2549 1744 2577 Non
1759 2555 1788 2577 ut

993 2607 1116 2631 naturam
1132 2599 1314 2630 criminentur,
1328 2597 1387 2626 lucc
1400 2596 1512 2624 dicimus
1522 2616 1530 2628 ,
1550 2595 1597 2623 sed
1611 2599 1638 2623 ut
1652 2595 1788 2630 Cupidita~

994 2650 1048 2674 lem
1065 2645 1236 2673 insectemur.
1254 2644 1310 2671 lloc
1321 2646 1397 2678 pacto
1410 2643 1476 2670 iram
1491 2641 1626 2676 reprimite
1637 2662 1643 2674 ,
1660 2641 1698 2668 sic
1711 2640 1788 2675 cupi-

993 2690 1103 2721 ditatem
1118 2691 1252 2726 mitigate,
1267 2691 1305 2718 sic
1326 2689 1504 2724 arrogantiam
1525 2687 1669 2717 retundite.
1687 2687 1720 2714 Et
1733 2691 1788 2716 erat

993 2741 1074 2766 onmis
1087 2743 1153 2765 terra
1167 2737 1261 2764 fabium
1274 2741 1388 2769 uuum,rt
1401 2742 1449 2762 vox
1466 2741 1517 2761 una
1530 2733 1643 2762 omnibus
1654 2731 1728 2767 (Gen.
1741 2731 1785 2764 Η,

994 2786 1034 2822 l).
1053 2785 1122 2812 Ecce
1136 2783 1224 2811 adhuc
1238 2782 1401 2818 propositam
1415 2781 1601 2816 quxstionem.
1616 2779 1674 2807 Non
1689 2779 1722 2807 de
1738 2778 1786 2807 hac

994 2837 1035 2860 est
1057 2838 1164 2862 sertno,
1179 2829 1226 2857 sed
1249 2828 1320 2864 quod
1337 2834 1432 2856 omnes
1454 2826 1577 2854 homines
1598 2825 1718 2853 eamdem
1734 2823 1786 2851 linv

994 2885 1073 2915 gnam
1098 2875 1236 2904 baberent.
1257 2873 1344 2912 Quare
1366 2880 1429 2902 vero
1443 2873 1542 2902 labittut
1563 2878 1643 2901 unum
1669 2870 1784 2908 lissam
