2049 3133
271 149 321 176 187

268 205 391 232 vocarit?
401 203 543 239 Scriptura:
559 210 617 230 mos
628 209 668 230 est
684 204 718 230 ita
730 210 869 229 sermones
883 201 999 236 linguam
1015 194 1061 227 vo-

267 259 338 278 care.
352 251 378 278 Id
395 258 457 281 vero
473 250 549 278 fuerit
563 257 652 284 operte
667 249 779 284 pretimn
794 256 872 276 nosse
887 253 996 283 propter
1011 247 1062 274 luc-

269 299 375 330 reticos,
387 299 431 333 qui
447 299 492 325 Dei
506 297 640 332 opificium
652 301 788 328 accusant,
800 296 844 330 qui
855 302 952 330 corpus
963 294 1062 321 malum

267 353 326 373 esse
339 345 440 372 dicunt.
458 344 524 372 Nam
545 339 606 378 quia
621 350 720 378 pravos
730 342 812 369 animi
837 346 925 369 motus
939 349 986 376 per
998 349 1060 368 cor-

268 392 339 424 poris
363 390 483 417 membra
504 389 640 424 Scriptura
665 388 786 422 designat
802 396 808 414 :
822 388 938 421 exempli
961 395 1060 420 causa,

268 437 395 463 Arucrunt
409 436 520 471 linguam
541 443 613 463 suam
627 435 690 461 sicut
705 434 845 468 serpentis;
861 433 959 469 Lingua
975 441 1061 460 eorum
1082 454 1090 457 ν

267 483 368 518 gladi":
390 488 478 509 acutus
493 482 579 516 (l‘aul.
606 480 667 508 139.
690 481 716 508 4.
741 485 764 507 et
779 480 822 507 56.
843 480 871 513 5)
887 489 894 507 :
909 479 1062 507 existimant

267 528 373 562 quidam
397 528 430 556 de
454 528 541 562 lingua
565 527 665 554 dictum
688 534 759 554 esse.
776 526 833 553 Non
854 530 896 553 est
915 530 1002 552 autem
1027 525 1062 552 de

269 575 354 609 lingua
376 574 475 601 dictant
488 583 494 600 :
510 573 593 603 absit;
606 577 646 600 est
669 573 739 599 cnim
753 573 840 606 lingua
855 571 902 598 Dei
916 578 1000 606 opus;
1013 570 1060 599 scd

267 621 301 648 de
315 620 402 647 verbis
418 620 621 651 homicidarum,
638 627 697 653 quin
711 619 834 645 homines
847 618 969 653 jugulant
982 638 988 649 ,
1001 624 1061 652 qua:

267 666 396 694 funestius
409 673 488 701 quam
501 665 573 693 ensis
589 665 727 692 invadunt.
743 664 842 699 Lingua
860 671 946 690 eorum
958 662 1061 698 gladius

266 717 365 744 acutus;
379 717 405 739 et
420 719 512 738 rursus
527 719 534 738 :
550 711 630 738 Labia
642 711 731 737 dolosa
751 710 777 736 in
791 709 884 742 corde,
899 714 921 736 et
932 707 1007 735 corde
1022 709 1061 734 lo-

266 763 341 793 quum
356 764 412 785 sunt
427 758 494 784 mala
508 757 594 794 (Psal.
610 757 652 784 1|.
670 757 696 792 5)
715 765 721 783 :
737 763 790 783 non
812 756 845 783 de
860 754 981 782 membro
996 761 1058 781 eor-

267 804 340 839 poris
363 804 490 839 loquens,
507 803 554 831 sed
574 803 608 830 de
622 802 742 830 subdolis
754 801 849 829 verbis.
866 801 902 827 Ita
925 808 985 827 cum
1008 800 1059 827 hoc

267 851 326 876 loco
350 849 462 876 dixisset
473 869 481 881 ,
497 848 529 876 Et
542 853 597 875 erat
611 849 692 875 omnis
711 852 777 875 terra
791 847 884 874 [obium
899 855 992 879 unum,
1006 854 1059 873 non

266 896 317 922 hoc
325 895 425 927 docuit,
435 901 528 922 omnes
539 894 660 922 homines
671 902 752 921 unum
761 893 859 920 iahium
870 893 1004 923 habuisse,
1013 892 1060 920 sed

265 941 364 968 labinm
380 948 470 968 vocem
491 940 645 975 appellavit.
670 940 736 967 Cum
757 940 829 967 enim
853 939 981 973 dixisset,
997 939 1059 966 Erat

265 988 346 1014 oumia
360 992 426 1014 terra
436 987 531 1014 [obium
547 995 642 1018 unum,
654 986 801 1020 subiunxit,
819 985 852 1011 Et
865 993 914 1012 vox
929 993 981 1012 una
1003 993 1057 1012 om-

264 1034 348 1060 nibus.
365 1034 401 1060 Ita
415 1041 474 1060 cum
489 1033 556 1060 dixit
568 1053 575 1065 ,
589 1032 744 1067 Sepulcrum
758 1036 847 1067 patens
866 1036 902 1058 est
914 1036 1001 1066 guttur
1015 1039 1059 1058 eo-

263 1079 447 1114 rum(Pml.5.
464 1079 578 1112 1|),non
591 1082 681 1112 guttur
690 1082 808 1109 accusat,
823 1076 870 1104 sed
885 1077 953 1104 mala
969 1077 1057 1109 verba,

264 1133 324 1160 qua:
338 1124 399 1151 inde
407 1123 559 1151 ascendunt
571 1144 578 1155 ,
592 1127 695 1150 mortua
711 1122 845 1158 dogmata.
861 1122 917 1150 Hoc
929 1123 1001 1150 enim
1016 1129 1061 1149 se-

265 1170 386 1205 pulcrum
402 1175 453 1202 est,
470 1173 636 1196 mortuorum
658 1169 758 1196 ossium
776 1176 971 1204 corporumque
984 1176 1060 1196 rece-

265 1217 411 1252 ptacultttn.
435 1216 508 1244 Talia
523 1221 585 1243 sunt
599 1220 626 1244 et
641 1216 745 1243 illorum
767 1223 830 1248 ora,
844 1216 888 1251 qui
901 1216 1058 1243 Creatorem

264 1268 409 1295 accusant,
424 1263 484 1290 talia
499 1267 561 1289 sunt
578 1270 671 1290 corum
684 1261 822 1289 hominum
835 1269 897 1294 ora,
912 1262 956 1296 qui
971 1261 1058 1296 turpia

264 1310 344 1337 verba
361 1309 507 1344 proferunt,
523 1309 567 1343 qni
581 1308 774 1341 conviciantur,
784 1308 828 1343 qui
844 1315 877 1336 ex
893 1315 942 1335 suo
952 1312 1059 1343 gutture

265 1356 356 1383 futtida
369 1362 502 1390 pravaipie
516 1354 596 1382 verba
616 1353 789 1389 profundunt.

301 1402 326 1428 8.
348 1401 423 1428 Bono
434 1400 498 1427 illud
508 1399 590 1427 odore
601 1399 716 1434 comple,
727 1399 762 1426 mi
774 1398 864 1432 homo,
880 1406 932 1426 non
946 1398 1057 1426 fultam:

265 1447 420 1475 thesaurum
443 1446 505 1473 illud
526 1446 638 1481 regium,
662 1452 715 1472 non
735 1445 884 1473 satanicum
903 1445 1060 1480 sepulcrum

264 1493 350 1519 eflirc.
367 1492 442 1526 Quod
458 1493 478 1518 si
493 1491 645 1526 Sepulcrum
661 1491 705 1523 sit,
719 1490 814 1518 saltem
825 1490 945 1523 occlude,
960 1498 994 1518 ne
1007 1491 1058 1518 fm-

265 1546 306 1567 tor
318 1545 404 1568 exeat.
427 1539 517 1567 Prava:
533 1540 578 1566 tibi
593 1542 655 1566 sunt
668 1539 860 1574 cogitationes?
873 1538 912 1567 Ne
927 1539 1015 1567 verbis
1027 1539 1059 1567 il-

265 1587 304 1613 las
319 1586 437 1621 proferas
453 1595 460 1612 :
477 1586 534 1613 sine
547 1585 672 1613 deorsum
685 1585 786 1620 jacere,
808 1589 864 1612 tum
877 1585 930 1613 cito
942 1585 1058 1614 suffoca-

263 1633 371 1660 lmntur.
398 1632 524 1659 Homines
547 1639 650 1665 sumus,
673 1638 744 1666 βαιρο
765 1631 847 1659 multa
863 1639 954 1666 prava,
977 1631 1057 1666 fmda,

263 1679 401 1714 turpiaque
414 1678 524 1706 consilia
535 1682 626 1706 mente
638 1685 793 1710 versamus;
809 1678 856 1705 sed
872 1686 905 1706 ne
918 1679 1059 1713 cogitatio-

264 1732 312 1752 nes
333 1725 360 1752 in
381 1724 461 1751 verba
485 1723 608 1759 progredi
629 1724 759 1755 sinamus,
781 1728 809 1750 ut
833 1723 959 1751 deorsum
985 1732 1060 1751 com-

264 1779 364 1806 pressa:
378 1771 567 1798 imbecilliores
581 1770 726 1797 reddantur
735 1775 762 1798 et
775 1775 896 1805 pereant.
911 1770 976 1798 Nam
991 1771 1060 1799 sicut

264 1818 308 1844 ubi
322 1817 380 1850 quis
398 1817 496 1845 diversi
509 1818 618 1852 generis
632 1825 663 1844 ac
679 1817 781 1845 feroces
802 1817 900 1845 bestias
921 1818 946 1845 in
972 1818 1059 1846 lacum

265 1863 414 1894 immiserit.
438 1865 459 1891 si
481 1864 550 1891 forte
563 1872 678 1899 superne
693 1865 779 1892 lacmn
794 1865 969 1898 obturavcrit,
984 1865 1060 1893 facile

265 1910 324 1937 illas
338 1910 449 1938 suifucat
467 1919 473 1937 :
489 1910 529 1937 sin
546 1915 635 1938 autem
657 1910 707 1937 illis
723 1911 837 1938 exeundi
853 1911 895 1939 vel
911 1911 1059 1946 respirandi

266 1957 417 1984 facultatem
431 1957 544 1991 aliquam
560 1957 735 1988 concesserit,
752 1957 864 1984 nmltum
885 1957 935 1984 illis
960 1958 1061 1993 pr:cht

265 2004 365 2036 solatii,
389 2011 476 2040 neque
496 2004 558 2031 sinit
580 2003 699 2036 interire,
721 1998 769 2031 scd
790 2003 953 2032 ciferatiores
977 2005 1060 2032 nmito

263 2052 373 2079 reddit:
390 2051 424 2078 ita
449 2051 477 2078 iit
498 2051 523 2078 in
539 2050 616 2078 malis
638 2051 853 2085 cogitationibus,
876 2058 937 2078 cum
957 2056 1060 2078 exorta:

264 2100 337 2127 intus
351 2099 448 2126 fuerint
472 2107 478 2125 :
499 2098 522 2125 si
543 2105 649 2125 omnem
673 2097 726 2125 illis
742 2098 822 2131 viam,
847 2106 880 2125 ne
904 2097 974 2125 foras
996 2106 1059 2133 pro-

265 2147 356 2180 deant,
378 2145 617 2177 intcrcluserimus,
633 2144 757 2172 celeriter
774 2144 833 2172 illas
847 2145 1029 2180 opprimemns
1052 2153 1058 2170 ε

263 2194 304 2221 sin
319 2197 407 2220 autem
419 2192 477 2220 illas
490 2191 578 2219 verbis
591 2191 617 2218 in
629 2191 716 2218 lucem
728 2190 927 2226 protulerimus,
941 2198 1001 2218 cum
1016 2192 1066 2217 va-‘

264 2240 373 2266 lidiores
393 2239 450 2265 illas
465 2237 618 2270 reddemus,
638 2241 669 2264 et
687 2236 762 2272 quasi
777 2244 826 2271 per
842 2236 957 2271 linguam
973 2236 1060 2271 respi-

264 2287 339 2314 randi
352 2286 503 2314 facultatem
517 2285 569 2312 illis
581 2284 769 2317 coucedemus,
782 2290 836 2311 tum
848 2284 881 2311 ab
890 2284 933 2311 illa
945 2285 1060 2319 turpium

263 2333 406 2360 verborum
428 2331 621 2359 oxercitalione
636 2331 661 2358 in
676 2330 807 2358 fmdarum
825 2331 960 2358 actionum
982 2330 1060 2358 bara—

264 2377 354 2405 thrum
374 2385 452 2412 quam
468 2377 609 2404 celerrime
622 2375 804 2403 devoltemnr.
819 2374 921 2403 Idcirco
932 2383 984 2403 non
996 2376 1060 2403 sim-

266 2423 370 2458 pliciter
382 2422 539 2458 Sepulcrum
552 2422 656 2450 vocavit
679 2421 817 2456 propheta,
833 2421 889 2454 scd,
907 2421 1060 2456 Sepulcrum

265 2473 364 2504 patens,
381 2469 451 2496 istud
467 2469 552 2504 ipsum
564 2469 634 2504 quod
645 2469 698 2496 dixi
712 2469 777 2496 vitio
792 2472 909 2495 vertens.
922 2467 978 2495 Non
990 2469 1060 2495 enim

264 2516 384 2551 seipsum
407 2520 509 2543 tantum
531 2516 614 2544 afficit
636 2516 790 2551 ignominia,
806 2517 851 2551 qui
872 2516 957 2550 turpia
981 2516 1060 2543 verba

265 2563 377 2598 profert,
392 2563 439 2590 sed
455 2567 483 2590 et
496 2563 631 2597 proximos
646 2570 719 2596 suos,
741 2568 768 2590 et
789 2570 836 2590 eos
854 2563 898 2597 qui
919 2570 981 2590 cum
1003 2562 1061 2597 ipso

264 2614 419 2642 versantur,
432 2609 524 2636 multis
538 2609 662 2636 sordibus
676 2609 776 2644 opplet.
791 2609 824 2636 Et
835 2607 1059 2644 quemadmodum

265 2657 286 2682 si
301 2656 423 2691 sepulcra
437 2663 599 2688 resercmus,
615 2656 736 2683 civitates
749 2661 824 2690 peste
841 2655 1036 2691 complebimus
1053 2664 1059 2682 :

264 2703 300 2729 ita
315 2703 338 2730 si
351 2703 436 2738 turpia
449 2702 561 2730 licenter
572 2702 727 2738 aperiantur
738 2711 794 2736 ora,
806 2706 926 2736 cunctos,
941 2702 985 2737 qui
1001 2709 1061 2729 cum

265 2749 319 2777 illis
352 2749 568 2784 congrediemur,
601 2750 766 2784 gravissimis
798 2749 899 2777 morbis
931 2747 1060 2776 inliciunt.

268 2793 368 2822 Idcirco
380 2795 489 2830 jauuam
504 2800 619 2830 oportet,
635 2800 750 2828 vectem,
772 2803 803 2823 ac
825 2795 929 2823 frenum
951 2794 991 2822 ori
1013 2794 1063 2821 im-

270 2850 379 2877 ponere.
396 2843 479 2871 Unam
495 2843 584 2879 itaque
601 2848 655 2870 tum
671 2843 750 2870 fuisse
764 2843 892 2878 linguam,
908 2841 974 2870 satis
985 2848 999 2868 a
1014 2849 1062 2868 no-

268 2887 308 2916 lis
331 2897 376 2924 per
402 2890 457 2918 haec
479 2890 691 2919 deuionstratum
714 2895 772 2925 esu
794 2889 926 2924 reliquum
949 2894 1004 2923 est,
1031 2893 1060 2917 ut

661 147 687 174 S.
710 145 849 178 JOANNIS
869 144 1103 172 CHRYSOSTUMI
1123 144 1280 172 ARCIHEP.
1301 144 1566 173 CONSTANTINOP.

1858 149 1910 178 ’δὲ

1116 209 1195 235 quam
1208 202 1242 228 ob
1253 210 1359 229 causam
1372 202 1461 229 multa:
1472 202 1572 230 fuerint
1588 203 1698 231 invecta:
1711 204 1842 233 dicamus.
1855 206 1908 234 Sed

1116 249 1219 275 interim
1232 257 1384 276 sermonem
1398 249 1430 275 ad
1445 257 1533 276 mores
1547 249 1717 277 instruendos
1731 252 1908 286 pertinentem

1115 294 1260 321 inferamus
1282 303 1289 320 τ
1309 295 1454 322 doceamus
1469 295 1585 329 linguam
1605 301 1722 324 nostram
1740 296 1845 325 frenum
1860 307 1911 333 pc—

1115 348 1185 373 rere,
1201 348 1249 367 nec
1262 341 1350 367 omnia
1366 346 1466 368 temere
1478 341 1607 375 proferre,
1622 350 1682 376 quae
1695 342 1721 369 iu
1736 349 1854 370 mentem
1864 352 1909 371 vc-

1114 387 1215 419 uerint,
1228 395 1279 414 non
1292 387 1388 414 fratres
1399 395 1525 415 accusare
1539 397 1546 415 :
1558 396 1611 415 non
1623 393 1714 416 mutuo
1725 397 1774 417 nos
1785 391 1910 418 mordere

1113 441 1144 460 ac
1159 434 1298 461 devorare.
1316 434 1425 469 Pejores
1438 439 1501 461 sunt
1515 434 1568 462 illis
1587 435 1631 470 qui
1645 442 1757 470 corpora
1773 437 1909 468 mordent,

1115 479 1149 506 illi
1165 480 1208 514 qni
1224 481 1312 508 verbis
1327 480 1352 507 id
1367 485 1459 516 agunt.
1473 480 1512 508 llli
1523 488 1622 516 corpus
1632 481 1757 510 dentibus
1771 483 1907 517 mordent,

1115 524 1158 552 hic
1172 526 1287 552 animam
1302 526 1392 553 verbis
1405 526 1521 559 mordet,
1536 527 1760 554 existimationem
1775 528 1910 560 vulnerat,

1114 567 1311 600 immedicabile
1324 572 1420 600 vulnus
1439 572 1535 608 inﬂigit
1550 581 1556 600 :
1579 579 1741 609 quapropter
1763 579 1835 602 tanto
1847 583 1909 610 gra-

1113 617 1180 644 viori
1196 617 1325 652 supplicio
1338 618 1478 652 plcctetur,
1490 624 1590 654 quanto
1601 620 1716 655 graviori
1730 628 1821 648 morsu
1835 622 1911 648 inva-

1113 662 1160 689 dit.
1175 662 1267 698 Neque
1283 671 1348 691 vero
1364 669 1464 691 tantum
1479 664 1578 692 idcirco
1596 665 1699 692 veniam
1713 674 1765 694 non
1780 667 1909 702 impetra-

1114 708 1153 735 bit
1164 709 1186 735 is
1201 709 1244 744 qui
1259 715 1377 741 accusat,
1391 710 1437 737 sed
1453 711 1533 737 etiam
1550 711 1621 746 quod
1636 719 1724 747 neque
1737 712 1837 747 justum
1859 721 1909 742 nec

1114 755 1239 790 injustam
1254 757 1337 791 possit
1346 757 1507 792 improbitati
1519 765 1574 785 sua?
1584 763 1740 793 praetextum
1750 759 1906 788 obtendere.

1112 801 1178 828 Nam
1192 802 1243 829 alia
1257 803 1364 837 quidem
1377 809 1485 838 peccata
1508 803 1569 831 licet
1583 811 1677 831 causas
1692 804 1806 832 habeant
1829 813 1843 832 a
1863 814 1908 833 ra-

1113 849 1185 876 tione
1203 854 1290 877 tamen
1311 850 1422 883 alienas,
1444 849 1543 877 habent
1565 855 1652 877 tamen
1676 859 1682 877 :
1705 856 1806 886 utpote,
1830 859 1908 879 scor-

1114 899 1182 921 tator
1197 895 1336 922 libidinem
1355 896 1454 929 eripiet,
1471 896 1512 923 fur
1527 901 1707 931 paupertatem
1721 898 1810 931 solvit,
1824 898 1908 925 Immi-

1112 940 1170 966 cida
1186 941 1349 967 iracundiam
1363 941 1452 974 sedat;
1466 941 1610 969 maledicus
1621 942 1721 969 nullam
1735 948 1820 977 potest
1830 950 1910 971 occa-

1112 986 1213 1013 sionem
1229 986 1335 1014 aiierrc.
1351 988 1434 1020 Quam
1450 987 1531 1020 cnim,
1547 995 1647 1022 quaeso,
1669 989 1840 1022 pecuniarum
1861 997 1909 1016 co-

1113 1033 1182 1067 piam
1195 1033 1326 1067 acquirit?
1337 1041 1414 1068 quam
1425 1033 1562 1061 libidinem
1573 1034 1680 1069 explet?
1691 1034 1759 1062 Nihil
1771 1036 1841 1062 aliud
1853 1041 1906 1069 est,

1111 1086 1190 1112 quant
1204 1078 1310 1106 invidia:
1335 1079 1457 1112 materia,
1473 1081 1515 1107 cui
1531 1080 1600 1107 nulla
1614 1081 1731 1115 suppetit
1741 1081 1811 1116 jnsta
1826 1089 1907 1109 causa

1112 1133 1162 1152 nec
1174 1125 1280 1160 iujusta.
1293 1124 1437 1160 Propterea
1450 1125 1521 1151 nulla
1531 1125 1609 1151 venia
1619 1124 1698 1159 digna
1711 1132 1845 1154 censetur.
1862 1127 1909 1154 Vis

1112 1170 1258 1198 accusare?
1271 1170 1367 1198 Utilem
1383 1171 1429 1198 tibi
1452 1171 1589 1198 materiam
1604 1171 1720 1206 prmbeo.
1736 1171 1782 1199 Vis
1793 1172 1903 1200 maledi-

1111 1224 1173 1244 cere
1184 1217 1196 1242 ?
1209 1216 1318 1244 Malcdic
1333 1217 1385 1243 tuis
1399 1217 1524 1250 peccatis.
1539 1216 1584 1242 Dic
1597 1217 1678 1248 enim,
1695 1218 1787 1252 inquit.
1803 1223 1829 1244 tu
1849 1226 1910 1252 pec-

1111 1268 1168 1290 cata
1184 1267 1228 1289 tua
1250 1263 1329 1298 prior,
1355 1267 1383 1288 ut
1398 1262 1547 1297 justiﬁceris
1571 1261 1646 1297 (lsm'.
1672 1263 1716 1289 45.
1741 1263 1800 1297 ’26).
1827 1263 1909 1290 \‘idcs

1112 1308 1338 1340 maledicentiam,
1362 1316 1422 1343 qua:
1440 1315 1579 1339 coronam,
1601 1311 1629 1335 et
1648 1308 1764 1340 laudem,
1789 1313 1815 1336 et
1837 1310 1910 1336 testi-

1111 1354 1231 1382 monium
1250 1354 1360 1389 justitia‘:
1380 1354 1480 1381 refert?
1500 1353 1612 1386 Rursus,
1630 1353 1720 1380 Justus
1734 1355 1760 1381 in
1782 1355 1910 1389 principio

1111 1401 1235 1428 sermonis
1249 1405 1380 1427 uccumtor
1392 1405 1429 1426 est
1439 1400 1479 1426 sui
1493 1399 1582 1435 (Prov.
1598 1399 1641 1426 18.
1656 1400 1710 1434 17),
1723 1406 1776 1427 nou
1785 1401 1908 1427 alterius.

1110 1446 1139 1474 Si
1152 1446 1261 1474 alterius
1284 1446 1366 1474 tueris
1387 1449 1538 1477 accusator,
1562 1446 1679 1480 punieris
1700 1454 1707 1472 :
1728 1446 1750 1473 si
1771 1447 1908 1480 tuiipsius,

1111 1493 1291 1520 eorouabcris.
1309 1494 1396 1527 Atque
1414 1497 1442 1519 ut
1461 1492 1602 1527 intelligas,
1617 1497 1743 1527 quantum
1756 1492 1793 1519 sit
1807 1493 1910 1519 bonum

1111 1539 1236 1566 delictum
1253 1546 1329 1566 suum
1344 1545 1484 1571 accusare,
1501 1537 1591 1565 Justus
1602 1538 1627 1564 in
1639 1538 1763 1572 principio
1773 1540 1909 1572 sermonis,

1112 1585 1208 1620 inquit,
1230 1589 1363 1611 accusator
1383 1589 1418 1611 est
1432 1585 1482 1611 sui.
1499 1584 1599 1611 Verum
1622 1584 1643 1611 si
1663 1584 1750 1618 justus
1770 1589 1822 1617 est,
1843 1592 1912 1618 quo-

1112 1631 1192 1658 modo
1206 1631 1364 1658 accusator?
1376 1630 1397 1658 si
1411 1634 1562 1664 accusator,
1582 1630 1717 1665 quomodo
1729 1630 1836 1664 justus?
1853 1629 1912 1657 Ιιις-

1112 1683 1153 1706 tus
1171 1677 1332 1705 accusationi
1353 1685 1406 1705 non
1426 1681 1468 1704 est
1489 1676 1630 1704 obnoxius.
1643 1676 1696 1704 Sed
1711 1681 1738 1703 ut
1752 1677 1831 1709 scias,
1847 1677 1911 1704 licet

1112 1730 1236 1760 peccator
1249 1724 1284 1751 sit
1305 1723 1410 1758 aliquis,
1432 1723 1454 1750 si
1475 1727 1583 1750 accuset
1606 1727 1713 1757 peccata
1733 1730 1790 1754 sua,
1806 1722 1910 1756 justum

1111 1779 1172 1799 eum
1185 1771 1354 1798 accusatione
1367 1777 1414 1797 sua
1429 1769 1496 1802 ﬁeri,
1521 1773 1660 1804 propterea
1680 1769 1754 1801 dixit,
1770 1768 1860 1795 Justus
1884 1770 1913 1795 in

1113 1817 1238 1853 principio
1252 1816 1374 1843 sermonis
1389 1820 1521 1842 accusator
1537 1820 1573 1842 est
1594 1815 1643 1841 sui.
1663 1815 1731 1848 Quid
1753 1823 1832 1850 porro
1854 1820 1910 1848 est,

1113 1864 1145 1892 In
1159 1864 1284 1900 principio
1298 1862 1440 1890 sermonis?
1455 1861 1601 1897 Diligenter
1613 1861 1732 1888 attende.
1754 1861 1780 1888 In
1800 1861 1913 1896 judicnis

1113 1910 1171 1938 dum
1184 1914 1245 1937 sunt
1259 1912 1356 1944 partes,
1374 1916 1426 1935 una
1439 1915 1531 1935 eorum
1547 1908 1590 1942 qui
1605 1907 1742 1939 deferunt,
1763 1907 1845 1934 altera
1861 1916 1914 1933 co-

1112 1965 1171 1984 rum
1187 1956 1230 1991 qui
1245 1955 1417 1987 deferuntur;
1433 1961 1483 1981 una
1499 1961 1590 1981 eorum
1605 1953 1648 1989 qui
1668 1958 1803 1986 accusant,
1824 1954 1913 1981 alti-ra

1113 2011 1207 2031 eorum
1219 2003 1263 2038 qui
1278 2005 1452 2033 accusantur;
1468 2000 1494 2027 bi
1505 2000 1544 2027 rei
1557 2005 1634 2033 sunt,
1651 2000 1687 2027 illi
1703 2008 1754 2026 non
1770 2005 1830 2026 sum
1846 2001 1885 2026 rei
1902 2010 1910 2027 :

1113 2050 1272 2085 principium
1288 2047 1420 2075 sermonis
1435 2046 1582 2073 accusatori
1597 2046 1762 2078 conceditur,
1782 2046 1827 2080 qni
1844 2054 1913 2072 rcus

1114 2106 1165 2124 non
1179 2100 1229 2123 est.
1248 2095 1295 2122 llic
1308 2101 1371 2121 vero
1390 2093 1553 2120 contrarium
1573 2097 1613 2119 est
1629 2092 1772 2127 agendum.
1796 2091 1847 2124 Tn,
1864 2093 1913 2126 qui

1113 2151 1175 2171 rcus
1190 2151 1229 2175 es,
1244 2140 1376 2169 sermonis
1387 2140 1490 2167 initium
1504 2138 1628 2174 prmripe,
1642 2143 1669 2165 ut
1685 2146 1746 2165 reus
1759 2144 1819 2165 esse
1833 2138 1915 2164 desi-

1114 2198 1162 2217 nas
1187 2199 1194 2216 :
1218 2197 1250 2217 ne
1268 2192 1449 2216 accusatorem
1471 2190 1621 2221 exspectes.
1645 2185 1761 2212 Tametsi
1787 2192 1815 2212 es
1839 2185 1916 2212 inter

1113 2244 1184 2267 rccs.
1201 2236 1273 2271 prius
1288 2240 1388 2266 tamen,
1411 2241 1490 2269 quam
1511 2231 1545 2259 ab
1565 2232 1610 2259 illo
1632 2232 1683 2259 tale
1705 2232 1839 2266 quidpiam
1859 2239 1915 2258 au-

1113 2284 1187 2316 dias,
1210 2284 1266 2318 ipse
1288 2289 1347 2317 qua:
1369 2288 1383 2308 a
1408 2285 1434 2307 te
1459 2284 1566 2315 pccmta
1589 2283 1650 2306 sunt
1670 2278 1754 2306 defer.
1778 2278 1915 2305 Macha-ra

1113 2329 1234 2365 qtrrdam
1248 2333 1324 2356 acuta
1339 2331 1380 2355 est
1393 2327 1480 2362 lingua
1498 2335 1504 2353 :
1519 2331 1701 2353 verumtamen
1724 2325 1830 2352 cteteris
1850 2325 1917 2351 vul-

1114 2385 1177 2404 nera
1194 2384 1246 2404 non
1267 2375 1434 2409 inliigamns,
1456 2372 1502 2400 sed
1523 2373 1612 2400 n'lccra
1633 2377 1723 2398 nostra
1746 2377 1916 2398 restari-mus.

1115 2423 1161 2451 Vis
1176 2423 1244 2450 scire
1255 2428 1355 2449 morem
1372 2419 1455 2447 fuisse
1465 2419 1610 2453 iustorum,
1627 2422 1655 2444 ut
1676 2417 1735 2444 aliis
1754 2423 1807 2443 non
1828 2417 1922 2442 malc-

1114 2468 1244 2500 diccrent,
1267 2467 1313 2495 scd
1335 2465 1470 2500 sibiipsis?
1492 2464 1560 2492 Audi
1589 2464 1699 2491 Paulum
1719 2462 1880 2489 clamantem
1911 2471 1921 2489 :

1116 2516 1218 2543 Gratias
1232 2523 1276 2549 ego
1290 2514 1322 2546 ei,
1337 2513 1380 2549 qui
1393 2521 1432 2539 mc
1448 2511 1609 2546 confortnvit,
1629 2510 1737 2540 Christo,
1752 2509 1796 2543 qui
1811 2508 1925 2542 fidelem

1114 2571 1154 2589 me
1165 2561 1326 2590 existimavit,
1342 2566 1436 2594 ponens
1446 2558 1472 2584 in
1485 2556 1623 2584 ministerio
1635 2563 1644 2583 :
1654 2556 1697 2590 qui
1711 2555 1780 2589 prius
1794 2554 1927 2588 blasphe-

1114 2616 1170 2634 mus
1184 2607 1231 2643 fui,
1247 2610 1270 2632 et
1290 2610 1463 2640 persequutor,
1485 2607 1507 2630 ct
1529 2602 1723 2629 contumeliosus
1739 2600 1778 2635 (1.
1793 2599 1863 2626 Tim.
1895 2601 1927 2627 1.

1117 2654 1159 2682 1‘2.
1176 2654 1230 2688 15).
1247 2652 1327 2679 Vides
1341 2658 1394 2686 quo
1409 2655 1486 2685 pacto
1501 2649 1525 2676 in
1541 2649 1659 2683 scipsmn
1672 2647 1814 2675 maledicta
1830 2647 1928 2680 conji-

1117 2699 1187 2728 ciat?
1200 2704 1226 2727 et
1240 2705 1331 2725 rursus
1350 2706 1355 2724 :
1372 2695 1487 2723 Christus
1500 2695 1565 2721 venit
1586 2694 1612 2720 in
1635 2693 1758 2720 mundum
1772 2697 1929 2727 peccatores

1115 2747 1198 2773 salvos
1213 2747 1305 2780 facere,
1319 2750 1426 2778 quorum
1442 2741 1539 2776 primus
1559 2749 1605 2775 ego
1628 2748 1684 2766 sum
1707 2738 1787 2775 (Ibid.
1813 2746 1836 2764 υ.
1857 2738 1926 2770 15).

1116 2792 1148 2820 Et
1160 2790 1222 2818 alibi
1235 2797 1325 2818 rursas
1338 2798 1344 2815 :
1360 2788 1420 2815 Non
1430 2795 1486 2814 sum
1499 2786 1591 2822 dignus
1605 2786 1687 2812 vorari
1697 2785 1837 2820 apostolus,
1850 2792 1928 2817 quo-

1119 2839 1186 2866 nian:
1200 2840 1363 2872 perscquutus
1377 2842 1433 2862 sum
1450 2833 1591 2860 Ecclesium
1608 2831 1655 2859 Dei
1670 2832 1700 2866 (1
1731 2830 1790 2857 Cor.
1814 2830 1855 2857 15.
1873 2831 1930 2864 9‘),

1157 2885 1184 2912 9.
1207 2882 1285 2911 Vides
1307 2889 1359 2917 quo
1380 2884 1456 2917 pacto
1474 2879 1572 2914 ubique
1587 2877 1642 2908 sibi
1660 2875 1820 2905 [traiecit-at?
1837 2876 1934 2904 Novit
