2072 3123
181 162 233 191 489

180 219 278 254 quippe
295 224 354 252 qua
370 215 449 250 hujus
464 213 656 243 maledicentia
671 213 705 241 sit
716 213 814 241 utilitas
827 234 834 246 ,
847 212 918 248 quod
931 212 973 248 ju-

179 266 280 292 stitiam
295 264 390 298 pariat.
415 262 526 296 Quando
554 261 632 296 igitur
659 258 688 288 ut
711 260 829 295 seipsum
870 271 979 293 accuset

179 317 247 345 opus
257 309 345 341 luerit,
356 313 411 335 tum
420 307 526 342 copiose
536 306 733 334 accusationem
746 305 859 333 instituit
871 313 877 332 :
891 312 975 340 quan-

178 357 213 383 do
237 360 326 383 autent
355 354 453 382 viderit
476 353 509 380 de
534 353 628 380 alienis
650 353 726 380 malis
737 351 897 386 judicantes,
914 350 974 378 vide

178 407 276 436 quanta
300 408 361 429 cum
380 400 522 428 severitate
547 407 578 427 os
601 399 652 427 illis
677 398 800 427 occludat
822 398 864 425 his
885 397 974 425 verbis

178 453 257 476 utens
286 457 293 476 :
319 447 409 482 Itaque
430 446 509 474 nolite
534 451 592 473 ante
619 450 716 480 tempus
751 444 812 480 quid
839 444 972 480 judicare,

177 494 342 529 quoadusque
354 493 436 520 ueniat
458 491 591 525 Dominus,
612 496 635 519 et
653 491 805 518 illuminabit
828 489 974 517 abscondita

179 539 347 573 tenebrarum,
370 543 393 566 et
412 538 582 574 ntanifcstubit
602 537 709 564 consilia
733 536 847 564 cordium
866 535 972 570 (LCor.

179 586 206 614 ι.
220 586 259 617 5).
283 585 321 612 Illi
334 584 461 621 judicium
478 590 602 616 reserva,
617 583 662 618 qui
685 586 787 610 secreta
803 580 900 609 mentis
926 588 974 608 no-

178 633 226 659 vit.
239 631 365 665 Quamvis
379 634 504 658 accurate
519 629 627 656 navisse
641 633 667 656 te
679 635 722 656 res
735 627 849 663 proximi
859 627 974 654 arbitre-

178 678 226 710 ris,
239 676 338 704 l‘atlitur
349 675 477 710 judicium
491 679 575 701 tuum.
593 673 655 707 Quis
664 673 733 700 enim
744 673 801 706 scit,
809 672 903 707 inquit,
917 678 974 706 qua

177 728 238 751 sunt
251 723 373 753 hominis,
385 721 434 748 nisi
456 721 560 756 spiritus
577 718 686 748 hominis
697 738 705 752 ,
716 718 759 753 qui
771 718 798 745 in
816 718 871 753 ipso
885 722 921 745 est
934 717 958 752 (l

178 769 237 796 Car.
249 768 277 794 2.
289 767 334 803 tt)
343 767 356 794 '.'
368 766 453 801 Quam
468 765 545 793 multi
558 772 591 793 ex
600 764 752 792 hominibus
761 763 871 798 abjectis
885 770 917 790 ac
932 761 972 788 vi-

125 804 132 815 ’
179 813 247 842 libus
263 814 320 842 sole
333 813 431 841 clarius
449 811 573 840 refulsuri
591 815 655 840 sunt
666 810 673 837 l
686 817 766 846 quam
779 810 854 837 multi
866 817 898 837 cx
914 816 971 836 ma-

177 861 236 896 gnis
248 864 275 888 et
287 859 434 887 illustribus
448 858 515 886 nihil
528 857 600 885 aliud
615 865 694 892 quam
709 856 796 892 pulvis
807 863 867 884 esse
879 863 910 883 ac
929 862 972 883 se-

178 907 299 942 pulcrum
313 904 465 933 dealbatnm
479 903 646 938 reperientur
659 901 666 927 ι
685 902 798 935 Audisti,
809 909 859 937 qua
871 900 973 928 ratione

177 951 318 979 maledicta
330 950 356 978 in
371 957 401 978 se
414 949 558 985 conjiceret
570 949 685 982 Paulus,
701 948 744 983 qui
761 953 814 975 tam
827 946 972 974 vehemen-

179 1003 220 1025 ter
233 1001 261 1025 et
274 997 382 1032 copiose
396 1000 564 1032 peccatorum
575 1016 582 1030 ,
598 1002 710 1030 quorum
726 994 855 1021 rationem
871 993 972 1020 nullam

176 1044 330 1072 redditurus
346 1047 414 1076 erat,
429 1042 536 1070 assidue
555 1041 739 1070 meminisset?
759 1040 824 1068 Nam
839 1045 901 1068 ante
925 1040 972 1067 ba-

177 1091 305 1125 ptismum
318 1088 500 1124 blasphemus,
512 1092 539 1116 et
551 1086 761 1115 contumeliosus
774 1086 835 1119 fuit,
851 1085 894 1113 illa
908 1093 972 1113 vero

177 1139 287 1171 peccata
300 1135 400 1163 delevit
412 1134 561 1170 baptismus
576 1141 583 1160 :
598 1137 716 1160 attamen
731 1139 824 1160 eorum
839 1131 970 1164 meminit,

178 1191 232 1211 non
250 1182 321 1217 quod
334 1189 427 1210 eorum
440 1181 570 1208 rationem
584 1180 619 1208 sit
631 1179 785 1208 redditurus
797 1199 805 1212 ,
819 1177 865 1206 sed
882 1182 910 1205 ut
922 1177 971 1205 Dei

177 1226 367 1263 benignitatem
381 1226 514 1260 ostendat,
525 1230 552 1254 et
564 1225 649 1261 qualis
661 1229 752 1258 esset,
763 1230 823 1252 cum
836 1223 870 1251 ab
879 1230 910 1251 ea
924 1222 972 1250 fuit

178 1274 205 1302 in
217 1275 298 1302 alium
313 1277 503 1302 transmutatus
515 1277 542 1301 ct
553 1280 587 1301 ex
600 1276 794 1308 persequutore
807 1270 891 1298 factus
903 1277 971 1305 apo-

178 1320 273 1347 stolus.
291 1319 368 1352 Quod
385 1319 407 1347 si
427 1322 600 1354 peccatorum
615 1318 659 1345 ille
673 1325 734 1352 quas
748 1317 835 1344 deleta
848 1315 971 1350 fuerant,

177 1365 312 1397 meminit.
325 1365 410 1392 multo
425 1365 509 1401 magis
527 1367 589 1400 post
602 1364 767 1398 baptismum
788 1362 971 1391 admissurum

176 1420 228 1439 nos
242 1416 350 1447 oportet
364 1411 531 1438 meminisse.
547 1409 604 1444 Qua
614 1409 686 1438 enitn
698 1409 847 1444 poterimus
857 1416 974 1437 excusa-

178 1458 252 1485 tione
263 1457 373 1492 uti,qua
383 1456 456 1491 digni
466 1455 561 1488 videri,
571 1463 633 1482 cum
643 1454 687 1481 ille
698 1453 806 1481 assidue
816 1452 973 1480 meminerit

176 1502 452 1538 eorum,quaajudicio
459 1509 513 1529 non
523 1500 772 1532 suntobnoxia,nns
780 1506 844 1526 vero
853 1506 971 1533 quorum

176 1549 312 1577 rationem
323 1548 453 1576 reddituri
460 1555 565 1578 sumus,
577 1554 609 1574 ea
618 1553 670 1573 nec
681 1545 708 1572 in
723 1544 880 1572 memoriam
892 1543 972 1571 nobis

178 1602 349 1626 revocemus,
360 1593 408 1622 sed
422 1593 540 1629 propriis
552 1591 684 1628 neglectis
699 1591 726 1619 in
737 1590 825 1618 aliena
840 1589 909 1617 mala
922 1597 971 1617 cu-

177 1641 277 1670 riosius
289 1640 457 1676 inquiramus
471 1639 546 1675 (Luc.
559 1639 586 1666 5.
599 1638 647 1673 8)?
659 1637 739 1674 [Audi
752 1636 862 1663 Petrum
872 1636 968 1663 dicen-

178 1693 233 1716 tem
243 1697 250 1715 :
260 1687 312 1715 Exi
327 1695 343 1713 a
355 1695 405 1719 me,
420 1686 482 1722 quia
496 1686 535 1713 υἱι-
547 1689 670 1720 peccator
683 1682 752 1720 sum]
766 1683 816 1719 (a).
831 1681 902 1710 Audi
918 1687 973 1717 quo

176 1739 258 1770 pacto
265 1733 410 1761 Matthaeus
419 1740 529 1768 quoque
540 1731 659 1767 priorem
671 1738 747 1758 suam
758 1729 840 1757 vitam
852 1732 971 1760 accaset,

176 1786 245 1809 etse
255 1780 428 1815 publicanum
440 1779 556 1814 appellet
564 1777 672 1814 (Matth.
683 1777 727 1805 l0.
739 1777 777 1812 5),
787 1783 876 1812 neque
886 1774 974 1802 divul-

176 1835 242 1863 gare
247 1827 366 1861 priorem
376 1834 452 1854 suam
462 1826 544 1853 vitam
551 1825 705 1853 erubescat.
712 1823 780 1851 Nam
789 1830 851 1850 cum
860 1821 974 1858 postha-

175 1874 307 1908 ptismum
317 1873 419 1900 nullius
427 1880 456 1900 se
466 1871 588 1900 criminis
603 1878 731 1899 accusare
744 1873 864 1905 possent,
875 1876 971 1896 eorum

174 1922 235 1949 qua:
247 1917 310 1941 ante
322 1918 457 1948 patrarunt
469 1913 658 1946 meminerunt,
669 1917 698 1940 ut
707 1920 756 1940 nos
769 1912 896 1940 docerent
907 1911 972 1939 alie-

175 1967 272 1986 norum
288 1959 417 1986 malorum
429 1959 527 1986 nullam
541 1959 639 1986 habere
651 1958 849 1992 rationem,sed
864 1959 970 1994 propria

174 2011 281 2037 curare,
297 2011 329 2031 ac
343 2011 451 2038 semper
463 2004 490 2032 in
504 2004 594 2031 animo
607 2005 738 2032 volutare.

210 2049 378 2077 Pcccatorum
397 2050 538 2077 recordatio
558 2050 703 2077 remedium.
722 2065 758 2071 —
771 2049 877 2077 Nullum
898 2050 969 2077 enim

174 2102 226 2127 est.
241 2097 342 2124 nullum
358 2096 430 2124 aliud
445 2097 496 2124 tale
505 2096 539 2124 ad
549 2100 658 2132 peccata
673 2096 788 2124 tollenda
803 2096 968 2130 remedium,

173 2147 256 2177 atque
269 2142 374 2170 illorum
390 2142 496 2170 assidua
506 2142 667 2175 recordatio,
682 2149 713 2169 ac
726 2146 851 2177 perpetua
862 2150 976 2170 eorum-'

171 2189 234 2215 dem
250 2190 394 2217 accusatio.
408 2188 445 2216 lta
460 2189 615 2224 publicanus
628 2189 766 2216 innumera
781 2189 970 2224 potuitabjice-

172 2243 202 2262 re
217 2234 299 2266 mala,
314 2239 342 2261 ut
352 2235 462 2267 diceret,
477 2234 559 2267 Deus,
576 2235 699 2270 propitius
714 2238 767 2262 esto
781 2235 844 2262 mihi
854 2240 969 2269 peccato-

172 2281 193 2306 ri
210 2279 289 2311 (Luc.
305 2280 348 2307 l8.
364 2279 408 2316 l3)
425 2279 479 2307 :ita
495 2279 645 2307 Pharismus
658 2280 731 2307 omni
743 2279 843 2315 justitia
859 2280 970 2314 excidit,

173 2325 244 2360 quod
258 2326 385 2353 amittens
394 2333 483 2353 secum
496 2325 586 2352 animo
598 2329 723 2360 reputare
735 2333 794 2360 qua:
810 2329 947 2360 peccasset
959 2345 968 2358 ,

174 2377 259 2398 totum
285 2372 378 2399 orbem
399 2376 529 2399 terrarum
549 2371 757 2404 condemnaret.
776 2371 890 2399 dicens:
908 2371 970 2398 Non

173 2425 230 2444 sum
242 2417 310 2444 sicut
319 2417 405 2444 emori
416 2416 545 2444 hominum
555 2438 563 2450 ,
575 2422 690 2452 raptores
701 2438 708 2450 ,
724 2417 814 2452 injusti
822 2438 829 2450 ,
846 2417 968 2451 adulteri,

173 2470 254 2497 neque
267 2467 295 2489 ut
309 2463 351 2490 hic
369 2464 520 2498 publicanus
534 2463 615 2500 (Ibid.
634 2472 660 2491 υ.
676 2463 733 2499 Η).
749 2463 850 2492 Idcirco
871 2464 970 2493 Paulus

173 2507 335 2536 admonebat
342 2508 436 2536 dicens
445 2519 452 2537 :
468 2509 538 2544 Opus
545 2515 629 2537 autem
636 2518 710 2537 suum
720 2511 892 2545 unusquisque
907 2519 969 2545 pro-

174 2556 223 2588 bet,
238 2559 262 2581 et
276 2555 350 2581 sicin
364 2555 495 2591 semetipso
508 2561 605 2584 tantum
626 2556 734 2592 gloriam
752 2556 868 2590 habebit,
884 2561 908 2584 et
918 2564 970 2583 non

172 2601 198 2626 in
212 2600 294 2627 altera
306 2599 377 2634 (Gal.
393 2601 419 2628 6.
431 2601 471 2637 4).
488 2601 534 2629 Vis
545 2602 659 2634 discere,
670 2608 725 2636 quo
743 2605 822 2636 pacto
835 2601 862 2629 in
879 2601 970 2630 Veteri

171 2652 281 2679 quoque
302 2645 476 2674 Testamento
489 2646 556 2681 justi
582 2647 686 2682 seipsos
707 2647 860 2675 accusarint
873 2667 881 2680 ,
906 2647 968 2675 audi

170 2690 253 2717 etiam
277 2690 344 2718 istos
364 2691 417 2719 illis
442 2697 623 2720 consentanea
645 2692 795 2728 loquentes.
807 2692 873 2720 Nam
887 2692 970 2720 David

173 2736 283 2769 quidem
301 2737 409 2764 dicebat
424 2738 596 2773 :lniquitatea
605 2746 668 2767 mete
679 2747 847 2775 supergressa
856 2744 915 2767 sunt
927 2747 970 2766 ca-

173 2787 217 2818 put
242 2792 347 2817 meum;
367 2785 441 2819 quasi
454 2791 517 2811 onus
533 2792 610 2820 grave
625 2790 735 2821 gravata:
755 2791 814 2813 sunt
835 2793 912 2821 super
931 2793 970 2814 me

173 2861 318 2918 1³(ἕέὲὲἓῇ
326 2861 423 2888 uncinis
434 2862 576 2889 clauduntur
587 2863 612 2889 tn
623 2862 689 2889 Colb.
702 2862 826 2896 leguntur,
834 2862 879 2888 sed
887 2862 911 2888 in
921 2862 968 2889 edi-

660 155 704 184 DE
726 153 995 183 PROPllETIABUM
1014 152 1263 182 OBSCURITATE.
1284 153 1317 183 ll.

1769 158 1819 187 illi)

1030 211 1114 248 (I’sal.
1127 213 1170 240 37.
1183 213 1222 248 5).
1237 213 1320 240 Isaias
1335 221 1396 241 vero
1410 213 1508 251 clamat
1523 214 1592 242 :Ilei
1605 215 1684 250 mihi,
1699 218 1758 251 quia
1772 219 1819 245 ho-

1028 266 1070 285 mo
1084 266 1141 285 cum
1153 259 1217 292 sint,
1234 263 1257 286 et
1273 259 1403 286 immunda
1422 259 1489 286 labia
1497 260 1590 288 habens
1605 261 1679 297 (hui.
1691 261 1718 289 6.
1737 263 1774 293 5i.
1788 264 1820 291 Et

1029 308 1084 332 tres
1110 305 1197 340 pueri,
1215 312 1276 333 cum
1296 305 1323 332 in
1343 306 1451 333 fornace
1466 312 1647 340 versarentur,
1662 313 1689 335 et
1710 314 1820 344 propter

1028 349 1111 376 Deum
1125 350 1203 377 morti
1223 357 1334 385 corpora
1350 351 1537 384 tradidissent,
1554 351 1623 380 inter
1636 353 1744 381 ultimos
1757 362 1819 389 pec-

1027 400 1132 423 catores
1142 396 1245 430 seipsos
1259 397 1434 424 numerabant
1447 398 1575 431 dicentes,
1592 398 1820 434 Peccavintua,ini-

1028 449 1077 476 que
1087 442 1183 477 egimus
1197 442 1276 478 (Dan.
1293 444 1319 471 3.
1333 443 1379 479 29)
1398 451 1404 470 :
1419 445 1523 471 tametsi
1536 445 1600 480 quid
1614 445 1743 474 illustrius
1755 447 1817 481 illis,

1026 487 1089 523 quid
1103 488 1229 517 mundius
1244 488 1309 516 fuit?
1324 489 1450 524 Quamvis
1467 491 1538 518 cnim
1561 496 1669 526 peccata
1688 493 1819 521 nonnulla

1026 534 1239 567 commisissent,
1255 535 1345 563 omnia
1361 539 1450 564 tamen
1463 536 1625 566 abstersth
1636 538 1751 567 flammas
1767 548 1817 567 na-

1027 583 1096 607 tura.
1110 580 1209 607 Verum
1223 580 1257 608 ad
1267 581 1354 615 priora
1376 586 1448 610 recte
1460 581 1527 610 facta
1547 590 1600 610 non
1622 585 1818 619 respiciebant,

1026 625 1073 653 sed
1086 630 1194 661 peccata
1205 633 1294 654 secum
1306 627 1472 662 reputabant.
1495 627 1542 656 Sic
1560 633 1587 657 et
1605 630 1697 658 Daniel
1711 636 1771 666 post
1786 633 1821 659 la-

1026 679 1086 699 cum
1100 672 1218 705 leonum,
1233 677 1293 708 post
1312 673 1451 701 innumera
1464 675 1592 710 supplicia
1607 683 1668 711 qua:
1680 678 1816 705 sustinue-

1026 723 1077 751 rat,
1093 719 1150 753 ipse
1167 727 1272 754 quoque
1282 720 1398 754 seipsum
1413 721 1570 755 accusabat,
1585 723 1734 757 proximum
1754 732 1819 752 vero

1026 771 1115 791 nemo.
1130 763 1197 797 Quid
1213 765 1267 791 ita?
1279 764 1345 799 Quia
1356 765 1480 793 nimirum
1493 766 1576 801 is,qui
1586 772 1697 796 cancros
1707 769 1818 797 maledi-

1025 809 1075 837 ctis
1088 810 1212 842 incessit,
1229 810 1370 838 Dominum
1382 810 1493 838 oll‘cndit
1508 812 1571 847 :qui
1590 820 1655 840 vero
1676 814 1819 842 maledicta

1025 855 1134 891 conjicit
1149 856 1174 883 in
1190 856 1306 891 scipsum
1319 877 1326 888 ,
1341 856 1427 890 placat
1443 857 1515 884 illum
1530 864 1562 885 ac
1575 858 1731 886 rcconciliat
1745 859 1794 887 sibi
1807 869 1814 892 ;

1025 907 1052 929 et
1074 902 1213 937 justiorem
1239 902 1327 930 reddit
1353 903 1468 937 iustum,
1484 908 1511 931 et
1527 909 1693 939 peccatorem
1707 906 1817 934 crimine

1025 948 1130 981 liberat,
1149 956 1180 976 ac
1200 949 1277 977 venia
1293 949 1401 984 dignum
1413 950 1510 988 reddit,
1526 950 1591 985 Qua:
1616 959 1676 978 cum
1700 952 1735 980 ita
1755 957 1817 980 nota

1024 995 1079 1023 sint
1091 995 1179 1028 nobis,
1192 1003 1226 1023 ne
1239 995 1264 1022 in
1279 995 1375 1028 aliena,
1390 996 1436 1024 sed
1453 996 1478 1023 in
1497 1001 1587 1024 nostra
1602 998 1670 1025 mala
1686 998 1817 1026 curiosius

1025 1042 1200 1077 inquit-amns,
1211 1042 1376 1069 excutiamus
1386 1042 1575 1070 conscientiam
1584 1047 1701 1071 nostram
1717 1053 1723 1071 :
1735 1044 1816 1072 vitam

1025 1095 1130 1115 omnem
1146 1092 1264 1115 nostram
1275 1088 1472 1115 reminiscendo
1484 1095 1716 1123 reeognoscamus,
1729 1098 1788 1125 qum
1801 1098 1816 1118 a

1024 1134 1102 1161 nobis
1116 1138 1224 1169 peccata
1239 1138 1300 1162 sunt
1312 1138 1436 1161 accurate
1448 1138 1614 1167 scrutemur,
1628 1140 1654 1163 et
1669 1144 1722 1163 non
1737 1136 1823 1164 modo-

1024 1184 1136 1207 caeteros
1145 1179 1292 1207 maledictis
1300 1187 1354 1207 non
1367 1180 1540 1212 incessamus,
1550 1179 1598 1207 sed
1608 1188 1695 1215 nequc
1704 1186 1821 1209 «cteros

1024 1226 1173 1254 maledictis
1185 1227 1348 1254 incessentes
1362 1226 1511 1254 audiamus.
1527 1226 1593 1254 Nam
1605 1230 1632 1254 et
1645 1227 1706 1254 huic
1719 1228 1755 1254 rei
1767 1228 1818 1255 cri-

1024 1279 1085 1300 men
1096 1280 1127 1301 ac
1137 1272 1298 1308 supplicium
1317 1273 1462 1300 maximum
1486 1277 1527 1300 est
1544 1277 1664 1307 paratum
1680 1282 1687 1300 :
1701 1273 1818 1301 Auditio—

1024 1327 1080 1347 nam
1090 1319 1172 1352 enim,
1185 1318 1279 1354 inquit,
1296 1326 1387 1345 vanam
1399 1327 1449 1345 non
1464 1315 1694 1353 suscipics(Exod.
1713 1319 1757 1347 ‘25.
1778 1319 1816 1355 Ι).

1023 1365 1082 1394 Non
1104 1365 1182 1398 dixit,
1195 1365 1331 1393 Auditioni
1353 1372 1428 1392 vanu:
1453 1365 1564 1392 minime
1584 1365 1689 1398 credes,
1710 1365 1817 1398 sed,Ne

1023 1411 1154 1446 suscipias
1176 1411 1283 1446 quidem
1300 1411 1371 1438 illam
1391 1419 1398 1438 :
1413 1418 1491 1438 aures
1516 1411 1623 1444 obtura,
1635 1412 1816 1440 criminationi

1023 1457 1124 1484 aditum
1134 1464 1239 1484 omnem
1254 1456 1402 1484 interclude
1414 1477 1422 1490 ,
1442 1465 1527 1492 neque
1541 1457 1629 1484 minus
1641 1458 1776 1485 inimicutn
1790 1464 1818 1486 ct

1024 1503 1128 1530 hostem
1139 1510 1199 1530 esse
1211 1506 1236 1530 te
1252 1502 1321 1529 illius
1333 1502 1377 1538 qui
1393 1502 1535 1535 maledicit,
1549 1510 1628 1537 quam
1640 1503 1673 1529 sit
1690 1503 1755 1538 ipse,
1772 1505 1819 1538 qui

1023 1553 1172 1581 accusatur,
1183 1547 1304 1576 ostende.
1322 1547 1428 1576 Imitare
1444 1547 1611 1584 prophetam,
1628 1548 1671 1583 qui
1685 1548 1723 1575 sic
1734 1548 1791 1576 iniit
1808 1557 1815 1576 :

1023 1595 1202 1622 Detrahentem
1226 1599 1321 1621 sacram
1346 1594 1460 1629 proximo
1481 1602 1538 1626 suo,
1564 1593 1630 1620 hunc
1655 1599 1818 1628 persequebar

1024 1640 1109 1677 (Psal.
1126 1640 1188 1668 100.
1200 1640 1240 1675 5).
1257 1639 1314 1667 Non
1328 1639 1403 1672 dixit,
1418 1639 1474 1667 Non
1488 1639 1640 1671 credebam,
1651 1647 1746 1674 neque,
1759 1640 1817 1667 Non

1023 1687 1203 1723 approbabam
1229 1694 1288 1722 qua:
1314 1686 1480 1718 dicebantur,
1496 1686 1545 1713 sed
1554 1707 1561 1719 ,
1577 1685 1665 1713 Etiam
1681 1689 1818 1718 tamquam

1024 1734 1159 1762 inimicum
1175 1738 1202 1761 et
1215 1733 1318 1761 hostem
1333 1733 1506 1767 repellebant.
1693 1739 1696 1741 ’

1059 1780 1103 1808 to.
1124 1780 1176 1808 Sed
1190 1784 1252 1807 sunt
1265 1779 1384 1806 nonnulli
1395 1779 1440 1814 qui
1452 1779 1546 1806 frivola
1556 1779 1670 1814 quadam
1685 1782 1811 1808 consola-

1023 1826 1095 1854 tione
1108 1833 1138 1854 se
1156 1825 1328 1854 consolantur
1350 1825 1469 1852 dicentes
1484 1834 1490 1852 :
1505 1825 1625 1859 Domine,
1657 1834 1691 1854 ne
1714 1832 1818 1855 statuas

1023 1872 1087 1900 mihi
1102 1872 1152 1900 hoc
1167 1876 1316 1907 peccatum,
1331 1871 1391 1907 quia
1405 1871 1535 1899 rationem
1547 1872 1660 1901 reddere
1673 1873 1818 1901 auditionis

1022 1918 1118 1946 debeo.
1130 1917 1197 1951 Quid
1212 1917 1262 1945 hac
1269 1917 1450 1950 excusatione,
1458 1917 1522 1953 quid
1533 1917 1583 1945 hac
1594 1919 1668 1946 venia
1680 1924 1721 1947 est
1730 1920 1817 1954 opus?

1023 1963 1094 1992 Tace
1102 1964 1192 1997 modo,
1205 1968 1233 1991 et
1245 1964 1317 1991 omni
1328 1964 1442 1992 crimine
1455 1964 1576 1992 liberaris
1591 1974 1598 1992 :
1610 1965 1676 1993 nihil
1687 1965 1770 1999 dicas,
1790 1971 1818 1994 et

1021 2009 1056 2038 ab
1070 2010 1143 2037 omni
1157 2010 1332 2045 trepidatione
1343 2010 1468 2038 immunis
1481 2010 1545 2038 eris.
1560 2011 1613 2038 Cur
1628 2011 1674 2038 tibi
1701 2016 1728 2039 et
1745 2013 1815 2047 apud

1023 2055 1106 2084 Deum
1126 2061 1153 2084 et
1164 2056 1233 2092 apud
1247 2057 1369 2084 homines
1390 2058 1526 2091 negotium
1549 2056 1680 2085 lacessis?
1693 2065 1741 2084 cur
1767 2058 1816 2085 tei-

1021 2109 1099 2138 psum
1125 2102 1282 2130 criminibus
1305 2103 1451 2130 obnoxium
1477 2103 1593 2130 reddis?
1615 2111 1663 2131 cur
1681 2104 1814 2132 sarcinam

1021 2148 1171 2184 graviorem
1191 2148 1325 2182 imponis?
1339 2148 1396 2175 Non
1408 2148 1506 2176 suflicit
1521 2148 1579 2181 tibi,
1592 2149 1614 2176 si
1638 2149 1671 2176 de
1699 2150 1816 2184 propriis

1021 2194 1126 2222 delictis
1152 2194 1284 2222 rationem
1313 2194 1419 2227 reddas,
1443 2195 1490 2222 sed
1516 2199 1543 2222 et
1563 2195 1614 2222 alia
1637 2201 1745 2230 peccata
1770 2197 1817 2223 tibi

1021 2241 1190 2268 accumulas?
1214 2240 1415 2275 Supervacanea
1442 2246 1482 2268 cst
1504 2240 1562 2269 lucc
1588 2243 1745 2270 excusatio:
1763 2250 1815 2270 non

1021 2286 1164 2313 auditionis
1178 2286 1292 2315 reddere
1305 2287 1433 2314 rationein
1456 2286 1548 2320 debes,
1565 2287 1612 2315 sed
1636 2289 1814 2316 accusationis

1021 2332 1164 2360 reddendae
1176 2333 1272 2360 rationi
1288 2340 1317 2359 es
1332 2333 1471 2360 obnoxius.
1485 2332 1552 2360 Cum
1577 2333 1650 2361 enim
1672 2339 1813 2370 postquam

1021 2377 1158 2411 audieras,
1179 2385 1232 2406 non
1255 2377 1372 2411 silueris,
1400 2385 1452 2405 non
1473 2378 1617 2406 auditionis
1644 2379 1740 2412 solum,
1769 2379 1816 2407 scil

1021 2424 1102 2453 etiam
1116 2424 1295 2453 accusationis
1309 2423 1422 2452 reddere
1445 2425 1577 2452 rationem
1589 2424 1683 2454 debes.
1699 2425 1740 2452 Ea;
1765 2434 1818 2452 t'cr—

1021 2469 1059 2499 bis
1071 2471 1138 2498 enim
1157 2471 1207 2498 tuis
1225 2469 1416 2505 justiﬁcaberis,
1444 2470 1539 2505 inquit,
1564 2475 1589 2497 et
1610 2479 1642 2498 ex
1665 2471 1744 2499 verbis
1769 2473 1818 2500 tuis

1022 2514 1233 2542 condemnaberis
1246 2516 1352 2551 (Matth.
1366 2516 1409 2543 12.
1419 2516 1451 2543 57
1457 2515 1477 2552 ).
1491 2516 1553 2544 lla-c
1566 2524 1683 2551 egoeuon
1695 2522 1819 2553 propter-

1022 2569 1054 2590 ea
1074 2560 1135 2590 dieo
1156 2569 1188 2589 ac
1199 2562 1337 2595 denuntio,
1351 2562 1420 2597 quod
1435 2562 1467 2590 iis
1483 2563 1600 2595 linteam,
1615 2563 1660 2598 qui
1677 2564 1747 2591 tnale
1771 2572 1818 2590 au-

1022 2608 1163 2641 diunt,sed
1178 2609 1210 2636 iis
1223 2609 1267 2644 qui
1281 2609 1453 2637 maledicunt.
1465 2609 1531 2637 Nam
1553 2609 1599 2645 q‘ui
1627 2612 1697 2638 male
1717 2610 1817 2638 audivit

1023 2655 1095 2682 nulla
1108 2655 1279 2687 contumelia,
1296 2663 1382 2690 neque
1394 2655 1492 2683 damno
1502 2660 1543 2684 est
1561 2656 1692 2690 allectus;
1719 2657 1769 2685 sed
1791 2658 1815 2685 si

1023 2696 1089 2725 falsa
1108 2697 1171 2731 sint,
1188 2706 1248 2733 quae
1269 2698 1302 2726 dc
1316 2698 1362 2726 illo
1383 2699 1522 2732 dicuntur,
1552 2701 1634 2728 etiam
1659 2703 1814 2729 mercedem

1022 2743 1123 2772 referet
1144 2752 1150 2771 :
1175 2744 1217 2771 sin
1239 2751 1313 2777 vera,
1338 2752 1373 2772 ne
1401 2745 1441 2773 sic
1469 2746 1580 2781 quidem
1606 2747 1742 2775 accusatio
1766 2753 1811 2775 tua

1020 2795 1112 2818 notam
1129 2789 1284 2827 ignominiaa
1299 2792 1378 2819 ullam
1389 2792 1496 2820 inussit.
1509 2794 1603 2828 Neque
1616 2795 1688 2822 enim
1699 2803 1732 2822 ex
1744 2794 1814 2822 vitu-

1019 2837 1096 2872 perio
1108 2841 1154 2865 tuo
1169 2841 1225 2864 tum
1235 2838 1317 2872 iudex
1334 2839 1361 2866 in
1375 2839 1449 2867 illum
1464 2841 1628 2868 sententiam
1640 2841 1716 2869 feret.
1733 2841 1809 2875 Quod

1019 2883 1041 2912 si
1057 2883 1153 2912 mirum
1166 2885 1231 2920 quid
1244 2889 1270 2913 et
1287 2884 1427 2915 insolitum
1439 2886 1584 2916 dicendum
1597 2892 1647 2922 est,
1661 2887 1808 2916 maximum
