2049 3133
222 124 276 152 ως

217 182 314 210 animal
323 182 454 210 condidit:
466 190 515 210 nec
524 186 625 210 tantum
636 183 698 216 hoc,
709 182 756 210 sed
765 187 792 210 et
800 183 901 218 reliqua
913 184 1011 210 omnia.

226 228 316 255 t‘erum
325 228 526 264 pulchritudinis
535 228 612 263 hujus
619 228 678 256 aliis
686 228 791 263 quidem
803 228 872 263 plus,
881 228 939 256 aliis
951 237 1014 256 vero

221 275 309 302 minus
324 275 432 310 largitus
446 280 496 302 est.
513 273 670 310 Complures
689 280 778 302 autent
791 280 851 310 post
863 280 949 302 ortum
962 283 1014 310 qua

217 321 345 348 carebant
360 325 498 348 venustate
514 321 608 348 induit.
627 321 711 348 Porro
724 329 758 348 ex
771 321 830 356 ipso
842 321 895 348 situ
909 329 1014 356 quoque

215 367 341 395 decorem
368 368 530 403 perspicies;
545 367 768 403 quemadmodum
782 367 808 395 in
821 368 922 401 oculis,
942 368 1014 403 quod

217 413 244 440 in
268 413 374 440 sublimi
390 413 447 441 loco
462 414 547 441 instar
567 413 642 441 iridis
662 414 741 449 positi
766 413 836 446 sint,
852 414 923 448 quod
944 412 1013 441 intus

217 463 351 486 tornatam
375 459 566 487 rotunditatem
578 481 585 492 ,
611 459 730 487 colorum
746 459 888 486 mixturam
900 480 908 493 ,
934 467 1014 487 accu-

216 509 302 531 ratam
315 503 438 538 formam,
453 505 657 540 germanitatem
668 526 676 538 ,
691 505 882 541 ingenuitatem
903 510 930 534 et
951 513 1014 533 can-

217 550 310 578 dorem
337 550 461 578 habeant.
489 550 553 584 Sed,
571 551 672 586 inquiet
699 552 814 586 aliquis,
843 551 1014 586 pulchritudo

220 597 410 625 ollendiculum
430 597 487 624 luit.
510 597 567 625 Non
591 601 698 632 propter
717 597 921 632 pulchritudinis
935 602 1013 624 natu-

216 650 273 671 ram
288 644 314 670 id
337 643 465 679 contigit,
488 643 534 671 sed
557 651 605 678 per
629 643 760 678 ignaviam
782 651 875 671 eorum
898 643 943 678 qui
967 644 1013 671 illa

215 689 366 725 capiuntur.
382 690 529 717 Dicitenim
543 689 679 724 Scriptura
692 698 698 716 :
713 689 754 717 Ne
766 690 885 725 respicias
899 689 1012 724 pulchri-

215 736 327 762 tudinem
343 736 459 763 alienam
475 735 577 770 (Eccli.
591 735 618 762 9.
634 735 682 771 8).
699 735 758 762 Non
780 734 846 762 dixit
870 735 992 762 absolute
1003 756 1012 769 ,

215 781 258 808 Ne
280 781 400 816 respicias
422 781 635 815 pulchritudinem
648 781 719 808 :sed
741 781 863 812 addidit,
885 781 1011 808 Alienum.

216 827 305 860 Quare
328 827 417 854 laudat
442 834 488 854 eos
510 827 554 862 qui
582 826 690 861 propria
716 825 838 854 fruuntur
863 830 1011 854 venustate.

215 874 268 901 Cur
290 874 361 901 enim
384 873 466 900 decor
489 873 634 907 Joseplium
658 879 711 899 non
735 871 935 907 pessumdedit,
963 879 1012 899 nec

214 927 339 948 Hnavum
354 918 453 951 ell‘ccit,
467 925 517 946 nec
532 918 643 953 replevit
655 917 755 944 insania
771 921 797 944 et
810 917 900 944 fastu?
922 916 1010 949 Cerva,

217 965 307 1000 'nquit,
322 964 440 991 amicitiae
459 968 482 991 et
505 964 589 999 pullus
614 963 753 998 gratiarum
777 967 876 989 tuarum
902 967 1012 989 versetur

215 1011 312 1048 κτιυη(
324 1011 400 1038 Prov.
461 1009 495 1037 l9
507 1010 526 1045 ).
544 1009 717 1037 Pulcliritudo
731 1009 810 1036 etiam
822 1009 956 1035 vinculum
968 1012 1010 1036 est

217 1058 370 1093 ruptiarum
384 1078 391 1090 ,
413 1061 441 1084 ut
455 1057 559 1085 scilicet
575 1055 697 1083 homines
718 1055 855 1089 impotenti
869 1062 1010 1089 corporum

214 1103 348 1131 desiderio
372 1103 525 1138 flagrarent.
551 1101 617 1129 Nam
645 1109 704 1129 cum
732 1101 802 1127 Deus
826 1099 904 1127 nobis
940 1098 1012 1127 illius

215 1148 374 1176 laboriosam
388 1156 421 1175 ac
436 1148 560 1175 miseram
579 1146 753 1178 adornasset,
769 1145 891 1172 solatium
905 1152 1011 1180 quoque

212 1194 318 1229 aliquod
338 1194 455 1221 donavit.
477 1192 543 1220 lline
562 1192 639 1220 nobis
658 1191 742 1219 fomes
763 1190 912 1219 dilectionis
930 1187 1013 1216 vitam

212 1248 272 1276 qum
285 1240 374 1267 omnia
392 1238 585 1274 complectitur.
600 1237 679 1265 Multa
691 1237 788 1272 quippe
808 1243 870 1263 cura
894 1235 1011 1270 providit

213 1286 284 1314 Deus
304 1293 335 1313 ac
348 1285 454 1317 ell'ccit,
469 1288 498 1311 ut
521 1283 673 1318 nuptiarum
699 1282 832 1309 vinculum
858 1281 963 1308 firmum
978 1288 1010 1309 ac

212 1332 352 1360 infractum
373 1334 502 1358 maneret.
527 1331 577 1363 At,
603 1329 704 1364 inquiet
728 1328 815 1360 idem,
840 1327 1009 1362 pulchritudo

212 1378 353 1405 offensioni
369 1377 402 1405 ab
417 1377 491 1404 initio
506 1376 564 1403 fuit.
593 1374 712 1402 Videntes
734 1374 799 1400 enim
818 1374 865 1408 ﬁlii
880 1372 928 1399 Dei
942 1372 1008 1407 ﬁlias

213 1424 341 1452 hominum
353 1445 359 1455 ,
375 1423 443 1458 quod
456 1426 536 1450 essent
555 1411 679 1457 pulchrae,
694 1424 843 1454 acceperunt
863 1419 910 1445 sibi
923 1419 931 1454 (
943 1418 1009 1447 Gen.

211 1470 239 1497 ὃ.
256 1470 274 1497 '2
286 1470 305 1505 ).
321 1469 515 1497 Offendiculum
534 1475 585 1495 non
605 1467 654 1494 fuit
678 1465 782 1501 species
794 1485 802 1498 ,
827 1464 875 1492 sed
900 1464 1008 1491 illorum

213 1515 415 1544 iueontiueutia.
443 1513 525 1541 Filias
544 1513 615 1541 enim
638 1519 691 1539 non
710 1511 771 1539 ideo
787 1510 856 1538 Deus
871 1509 1006 1544 speciosas

211 1563 322 1595 fecerat,
342 1565 372 1588 ut
390 1560 556 1595 impudentes
581 1558 692 1591 fierent,
708 1556 755 1585 sed
776 1560 805 1583 ut
825 1555 1008 1590 unusquisque

211 1616 287 1635 suam
299 1606 444 1634 adamaret.
457 1605 488 1632 Et
499 1604 673 1640 t'utelligentes,
683 1603 779 1638 inquit,
788 1602 814 1629 in
827 1602 896 1628 omni
905 1601 1007 1637 sapien-

211 1653 246 1679 tia
261 1662 270 1680 ;
285 1653 310 1679 id
334 1639 390 1684 est,
406 1651 539 1678 studiosos
560 1639 588 1678 et
608 1650 696 1677 omnis
719 1648 857 1683 sapientiae
871 1655 984 1683 capaces
998 1655 1005 1674 :

209 1704 238 1726 io‘
253 1698 352 1725 doceret
367 1706 409 1724 eos
423 1697 508 1724 literas
522 1701 547 1723 et
570 1696 682 1732 linguam
694 1694 883 1723 Cltaldazorum.
900 1694 1006 1730 Moyses

210 1744 317 1779 quidem
331 1751 391 1770 cum
405 1746 476 1770 esset
486 1749 554 1769 unus
569 1749 583 1769 e
597 1741 687 1777 vulgo,
702 1746 730 1767 ut
743 1748 789 1768 rex
800 1740 931 1768 enutritus
945 1745 986 1768 est
998 1749 1005 1766 :

211 1790 238 1817 hi
255 1797 318 1817 vero
330 1797 390 1816 cum
406 1796 437 1816 ex
452 1788 535 1823 stirpe
548 1787 617 1822 regia
632 1787 684 1815 orti
699 1791 806 1819 essent,
830 1786 900 1813 inter
914 1793 1007 1813 servus

211 1836 311 1862 lieriles
332 1833 524 1862 educabantur.
552 1832 666 1860 Pulchre
689 1832 824 1867 provisum
846 1836 908 1864 est,
923 1835 953 1858 ut
968 1831 1007 1859 illi

211 1881 345 1908 discerent
360 1880 451 1907 literas
465 1883 490 1906 et
504 1879 622 1914 linguam
634 1877 819 1905 Chaldaeorum
830 1899 837 1911 ,
857 1885 892 1905 ne
906 1878 1008 1906 scilicet

209 1925 317 1961 quando
339 1925 432 1952 Daniel
446 1924 480 1952 de
494 1933 526 1952 ni.
537 1925 597 1960 gnis
612 1924 663 1952 illis
678 1924 758 1952 rebus
767 1931 828 1951 cum
842 1931 905 1959 rege
918 1924 1008 1960 loquu-

210 1977 285 2000 turus
298 1976 379 2004 esset,
395 1971 490 2006 aliquis
506 1971 686 1998 interveniens
702 1970 822 1997 nonnihil
838 1977 931 1998 eorum
946 1978 1006 2005 quae

209 2018 362 2046 dicerentur
372 2017 540 2052 depravaret.
554 2017 671 2051 Quanam
682 2019 772 2043 autem
783 2016 817 2043 de
827 2023 906 2043 causa
918 2016 1006 2043 adhuc

210 2065 236 2092 id
253 2064 303 2092 lit?
317 2064 352 2092 Ut
375 2063 507 2098 intelligas
523 2063 594 2090 illius
607 2063 802 2098 philosophiam
815 2084 822 2096 ,
839 2067 866 2090 et
878 2063 969 2091 statim
990 2071 1007 2090 a

208 2111 341 2148 principio
362 2110 454 2138 videas
474 2117 526 2145 quo
544 2114 620 2145 pacto
640 2114 733 2137 ventre
754 2109 842 2144 potior
862 2110 906 2137 sit.
931 2109 1006 2137 Alius

209 2159 307 2193 quippe
331 2157 444 2185 dixisset
463 2166 470 2184 :
493 2157 619 2192 Captivus
641 2163 719 2189 sum;
736 2156 809 2183 nullo
831 2155 884 2183 alio
898 2163 929 2184 ex
946 2155 1006 2184 loco

208 2203 359 2232 necessaria
382 2203 415 2230 ad
438 2203 536 2230 vietum
560 2202 624 2228 milii
649 2201 869 2236 suppeditantur,
897 2202 1007 2230 omnino

209 2251 328 2285 ignoscet
343 2249 421 2276 Deus.
438 2250 471 2276 At
487 2256 540 2275 non
561 2247 596 2274 ita
623 2247 673 2275 iste
689 2257 695 2275 :
709 2255 762 2275 non
789 2247 860 2274 enim
875 2248 1007 2275 mercedis

209 2296 321 2330 alicujus
348 2293 450 2330 gratia,
465 2297 511 2320 aut
534 2300 566 2320 ex
597 2292 694 2319 timore
720 2297 840 2324 tantum,
856 2292 902 2319 sed
927 2293 1005 2320 etiam

209 2349 241 2368 ex
258 2341 367 2368 caritate
391 2339 445 2366 Deo
459 2338 600 2365 serviebat.
625 2337 704 2365 Multa
718 2336 780 2365 c‘ura
803 2337 930 2364 educatus
944 2341 1005 2370 est,

210 2394 261 2414 nec
276 2386 357 2413 breve
372 2389 478 2419 tempus
498 2384 523 2411 in
543 2382 629 2410 studia
655 2383 806 2418 insumpsit.
834 2383 900 2411 Tres
921 2391 1006 2410 annos

213 2431 468 2466 philosophalmntur
493 2433 520 2457 et
542 2434 596 2456 tres
622 2436 706 2456 ﬂl'HOS
731 2428 896 2464 jejunabaut.
926 2428 1006 2456 Vides

212 2475 401 2511 prudentiam?
417 2475 467 2502 Ubi
487 2475 612 2502 cautione
631 2482 699 2509 opus
713 2478 774 2508 est,
797 2474 873 2502 valde
897 2478 1006 2501 exactus

209 2512 265 2555 est,
283 2522 404 2556 provisus
418 2528 448 2548 ac
463 2521 688 2556 circumspectus;
705 2528 755 2548 nec
771 2526 873 2548 temere
887 2521 1006 2555 seipsum

208 2569 317 2603 conjicit
329 2588 336 2599 ,
361 2566 407 2594 sed
428 2567 599 2601 supplicatae
612 2573 734 2602 precatur
750 2576 756 2594 :
771 2567 814 2594 tibi
828 2575 891 2595 vero
903 2567 1004 2594 nullum

210 2617 397 2644 detrimentum
422 2620 481 2647 est,
510 2615 625 2650 linguam
652 2615 792 2642 barbaram
821 2620 848 2642 ct
875 2613 1006 2650 ejusmodi

210 2663 367 2697 sapientiam
382 2663 485 2690 discere
501 2670 552 2689 non
567 2661 670 2694 renuit;
685 2669 738 2689 non
753 2661 824 2688 enim
837 2661 937 2688 crimen
949 2665 1007 2688 erat

211 2709 279 2735 bane
292 2708 394 2736 disrere
404 2729 411 2741 ,
428 2715 520 2735 verum
532 2716 562 2735 ea
574 2707 622 2734 uti.
637 2707 682 2734 Sic
696 2707 830 2742 prwcipue
843 2707 1008 2742 intelligehat

210 2755 368 2789 Sapientiam
384 2761 459 2780 suam
478 2762 484 2780 ι
503 2759 582 2788 atque
598 2753 693 2780 iterum
707 2761 740 2780 ex
753 2753 963 2787 comparatione,
979 2756 1008 2780 ut

211 2802 324 2827 disci-ret
345 2800 444 2826 nullam
469 2807 528 2827 esse
552 2799 708 2833 sapientiam
724 2799 861 2828 llebraica:
882 2799 1006 2833 similem,

213 2854 293 2881 atque
315 2847 409 2874 fortior
423 2846 555 2874 evaderet
575 2846 651 2879 Quod
665 2847 686 2874 si
707 2846 731 2873 id
755 2845 847 2874 fuisset
867 2847 1005 2879 iniquum,

576 124 605 152 ς.
627 124 765 152 JOANNIS
783 124 1022 152 CHRYSOSTOMI
1042 126 1201 155 ARCHIEP.
1221 127 1490 158 CONSTANTINOP.

1812 134 1866 163 €56

1072 185 1106 212 ibi
1121 185 1239 220 profecto
1252 188 1402 221 restitisset,
1421 194 1500 224 atque
1512 189 1579 217 adeo
1592 197 1774 225 repugnasset.
1785 193 1865 222 \‘ides

1068 232 1138 259 illius
1150 233 1261 260 virtutes
1275 233 1309 260 ab
1323 234 1417 262 eadem
1429 235 1530 269 origine
1544 237 1715 270 profluxisse,
1730 245 1762 265 ex
1776 247 1827 273 qua
1847 239 1863 267 ii

1067 278 1111 313 qui
1124 280 1207 307 ventri
1220 280 1366 315 indulgent,
1378 289 1410 309 ex
1421 290 1471 316 qua
1481 281 1499 309 ii
1508 283 1619 318 quiallia
1634 284 1775 319 pneferunt
1787 293 1863 312 man-

1068 325 1205 353 nat?lnde
1219 327 1309 355 Daniel
1332 335 1391 355 cum
1413 333 1485 356 esset
1507 334 1599 364 orttts,
1622 330 1808 366 philosophum
1835 340 1864 360 se

1068 379 1133 400 esse
1157 374 1284 402 ostendit.
1300 374 1327 402 6.
1346 385 1356 401 ‹
1371 376 1403 403 Et
1426 377 1451 404 in
1473 377 1514 405 his
1534 377 1640 406 fuerunt
1654 379 1687 406 de
1701 379 1760 407 filiis
1779 380 1861 412 Juda,

1068 417 1178 452 Daniel,
1204 424 1231 447 et
1253 420 1382 454 Ananias,
1407 427 1434 449 et
1459 423 1581 457 Azarias,
1608 428 1634 451 et
1661 424 1763 452 Mizael.
1783 426 1808 452 7.
1832 426 1864 453 Et

1069 466 1196 500 imposuit
1216 467 1256 495 eis
1278 468 1385 495 nomina
1408 470 1567 504 przepositus
1590 471 1787 503 cunuchorum;
1813 473 1863 499 Ila-

1066 510 1129 538 nieli
1154 511 1280 546 quidem,
1303 513 1446 547 Baltazar;
1473 519 1500 542 et
1525 516 1634 545 Ananiae
1649 515 1820 550 Sedraelius;
1835 522 1863 545 ct

1065 557 1169 585 Azariw
1181 579 1188 590 ,
1213 559 1374 595 Abilenago;
1392 565 1418 588 et
1436 561 1548 594 Misaeli,
1564 562 1706 590 Misachus.
1721 574 1730 589 ι
1748 565 1860 598 Danieli,

1067 604 1161 639 inquit,
1178 605 1304 639 imposuit
1331 614 1434 634 nomen
1455 607 1585 635 Baltazar.
1604 609 1641 636 Ita
1666 618 1771 645 quoque
1795 611 1862 638 deus

1066 650 1173 678 illorum
1188 653 1333 680 vocabatur
1347 663 1354 678 :
1366 654 1429 688 quin
1444 655 1532 689 potius
1545 655 1583 683 sic
1596 656 1780 691 appellabatur
1793 657 1862 685 filius

1065 697 1145 731 regis.
1160 697 1281 726 Aususne
1301 703 1343 726 est
1371 700 1452 734 igitur
1475 701 1609 736 captivum
1636 702 1730 730 eodem
1753 705 1862 732 nomine

1067 743 1341 777 insignire?Prorsus
1361 745 1388 773 id
1407 753 1488 774 ausus
1511 753 1568 781 est;
1592 749 1641 776 nisi
1664 750 1733 783 quod
1753 757 1862 779 nonest

1065 787 1237 816 idemnomen
1244 783 1470 824 (a)acdecus,sed
1478 793 1558 821 multa
1573 795 1713 823 intercedit
1735 796 1860 825 differen-

1065 833 1112 866 tia,
1125 834 1195 861 sicut
1217 835 1244 861 in
1264 835 1398 870 Josepho,
1412 837 1532 865 adoravit
1565 845 1626 866 eum
1653 845 1730 874 pater
1762 842 1858 875 ipsius.

1064 878 1117 906 Sed
1133 880 1196 914 quid
1212 881 1310 915 magni,
1323 889 1421 909 nomen
1443 883 1506 910 illud
1519 883 1543 910 ei
1557 884 1667 911 inditum
1680 886 1759 912 esse?
1771 894 1860 914 nonne

1064 924 1144 952 etiam
1164 925 1244 953 hodie
1257 926 1326 954 inter
1336 927 1453 962 plebeios
1467 928 1587 956 videmus
1599 937 1690 965 regum
1706 932 1860 960 nominibus

1063 971 1192 1006 appellari
1208 973 1324 1001 inultos?
1335 974 1369 1001 At
1381 982 1432 1002 non
1445 974 1471 1002 in
1487 969 1568 1011 regia.
1581 976 1651 1004 dicet
1662 978 1766 1012 aliquis.
1777 979 1860 1014 Cujus

1063 1021 1151 1043 autem
1164 1017 1201 1043 rei
1214 1018 1297 1051 gratia
1314 1019 1451 1046 nominum
1464 1020 1512 1047 ista
1527 1022 1637 1048 mutatio
1650 1022 1697 1049 fit?
1707 1024 1802 1056 Asp'ee
1815 1033 1858 1051 res

1063 1061 1180 1097 undique
1194 1062 1311 1098 disponi.
1327 1064 1384 1092 Non
1399 1065 1469 1092 videt
1485 1067 1617 1094 somnium
1631 1076 1687 1101 rex,
1704 1070 1858 1104 priusquam

1064 1113 1117 1136 tres
1132 1108 1168 1137 illi
1183 1111 1244 1138 anni
1259 1112 1383 1146 completi
1400 1113 1462 1140 sint.
1479 1113 1558 1142 Vides
1578 1115 1770 1148 providentiam
1792 1117 1859 1144 Dei?

1061 1153 1116 1182 Cur
1127 1155 1224 1190 igitur?
1234 1156 1268 1185 Ut
1281 1158 1373 1191 majori
1387 1159 1507 1187 libertate
1520 1160 1644 1196 loquendi
1657 1161 1747 1190 Daniel
1759 1161 1858 1190 frurro-

1063 1204 1117 1228 tur.
1135 1201 1179 1232 At.
1192 1202 1287 1230 dixcrit
1298 1203 1404 1238 aliquis,
1417 1205 1582 1233 manifestius
1594 1207 1619 1233 in
1635 1207 1808 1233 admirativum
1824 1217 1856 1235 ac

1062 1246 1183 1274 claritate
1194 1244 1396 1283 fuissetDaniel,
1405 1248 1425 1276 si
1432 1247 1616 1276 antetresillos
1622 1255 1707 1277 annos
1714 1250 1857 1279 Nabucho-

1061 1291 1179 1319 donosor
1191 1292 1323 1319 somnium
1338 1293 1458 1320 vidisset.
1483 1295 1561 1329 Atqui
1577 1295 1692 1323 edictum
1709 1296 1773 1322 illud
1789 1299 1851 1322 roa-

1061 1341 1103 1365 tra
1122 1345 1220 1373 pueros
1241 1339 1375 1373 prolatum
1392 1347 1444 1367 non
1468 1339 1561 1367 fuisset
1580 1349 1586 1367 :
1603 1341 1680 1368 aliter
1700 1346 1788 1368 autem
1805 1348 1857 1370 nec

1061 1383 1163 1411 Dauieli
1178 1384 1308 1411 creditum
1322 1388 1401 1412 esset.
1416 1385 1559 1420 Propterea
1573 1387 1599 1412 iu
1613 1387 1702 1420 parvis
1712 1394 1742 1414 ac
1752 1388 1854 1422 exiguis

1060 1428 1142 1456 rebus
1159 1429 1298 1457 eunuchus
1313 1430 1506 1457 benevolentia:
1527 1431 1573 1457 Dei
1589 1439 1651 1466 erga
1667 1431 1728 1458 illos
1749 1433 1852 1466 perii-ue

1060 1475 1114 1503 lum
1129 1475 1200 1508 facit,
1216 1480 1245 1503 ut
1258 1476 1364 1511 qnamlo
1376 1476 1409 1504 de
1421 1476 1566 1511 majoribus
1581 1478 1663 1504 rebus
1674 1478 1747 1505 illuin
1761 1482 1855 1513 p05!“-

1060 1521 1184 1554 laverint,
1198 1522 1321 1549 diflidens
1336 1530 1387 1550 non
1404 1527 1522 1558 respuat,
1538 1527 1571 1550 tet
1587 1527 1616 1550 ut
1629 1523 1733 1552 discant
1749 1532 1779 1551 ea
1803 1525 1855 1552 lin-

1060 1575 1110 1602 qua
1134 1568 1233 1602 optime
1254 1568 1337 1603 loqui,
1366 1568 1399 1596 ad
1426 1569 1554 1603 majorem
1581 1569 1705 1597 nimirum
1732 1569 1855 1599 fiduciam

1060 1614 1244 1642 obtinendam.
1264 1615 1358 1642 Nonne
1372 1615 1446 1643 vides
1467 1615 1557 1642 liavidi
1574 1615 1598 1642 id
1615 1617 1772 1649 contigisse,
1792 1625 1853 1644 cum

1059 1668 1107 1687 rex
1130 1659 1192 1688 Saiil
1208 1660 1241 1688 de
1261 1661 1341 1688 rebus
1359 1668 1391 1688 ex
1410 1665 1488 1688 :etate
1508 1661 1642 1696 judicans,
1666 1662 1701 1688 illi
1717 1663 1854 1697 pollicenti

1060 1705 1132 1740 quod
1145 1705 1321 1741 alienigenam
1337 1706 1525 1734 interfecturus
1540 1713 1623 1740 esset,
1639 1707 1716 1734 fidem
1738 1717 1789 1735 non
1807 1709 1854 1735 ha-

1061 1750 1136 1778 buit?
1149 1751 1186 1779 De
1199 1757 1298 1780 caetero
1311 1752 1419 1780 adverte
1436 1753 1571 1780 Danielcm
1591 1754 1702 1781 instituti
1724 1762 1754 1781 ac
1773 1759 1853 1782 secta:

1060 1796 1206 1825 barbarica:
1219 1805 1326 1825 causam
1340 1803 1366 1826 et
1381 1799 1509 1826 rationem
1525 1799 1700 1827 intellexisse.
1720 1800 1853 1827 Barbaro-

1058 1851 1119 1871 rum
1131 1843 1229 1879 quippe
1242 1843 1396 1879 disciplinas
1411 1850 1536 1872 accurate
1555 1845 1705 1873 didicerunt
1725 1846 1813 1873 Moses
1826 1851 1854 1873 et

1060 1890 1162 1918 Daniel.
1179 1891 1217 1918 Ne
1236 1891 1307 1918 enim
1328 1892 1476 1926 ignorantia
1496 1891 1615 1924 adducti,
1631 1897 1790 1926 putarentur
1805 1900 1851 1918 sua

1060 1936 1154 1965 alienis
1179 1937 1307 1972 prieferre
1331 1946 1337 1964 :
1363 1945 1393 1964 ea
1415 1937 1535 1972 permisit
1560 1937 1629 1970 illis,
1654 1938 1733 1964 etiam
1758 1938 1853 1965 aliena:

1059 1982 1178 2010 scientia:
1198 1983 1341 2017 participes
1357 1982 1412 2010 fieri
1428 1992 1435 2009 :
1453 1987 1477 2009 ut
1494 1982 1601 2017 quando
1622 1983 1721 2010 videris
1735 1991 1782 2010 Scu
1804 1992 1853 2018 pu—

1060 2029 1113 2056 tius
1125 2028 1243 2056 audieris
1258 2028 1358 2056 Mosem
1370 2028 1514 2062 dicentem,
1533 2028 1592 2056 Non
1606 2034 1641 2056 est
1655 2030 1779 2064 sapientia
1790 2038 1854 2064 qtm-

1059 2075 1091 2102 lis
1100 2079 1187 2102 nostra
1198 2075 1286 2110 (Deut.
1298 2074 1336 2110 ι),
1349 2082 1400 2102 non
1414 2074 1600 2109 propensiouis
1613 2083 1661 2102 nec
1675 2075 1773 2101 amoris
1786 2083 1852 2102 cen-

1059 2128 1119 2148 seas
1131 2127 1190 2147 esse
1204 2120 1373 2153 sententiam,
1389 2120 1436 2147 sed
1450 2121 1513 2148 recti
1524 2120 1625 2155 judicii.
1651 2120 1716 2147 Nam
1731 2120 1783 2146 dici
1801 2129 1849 2146 Ite-

1058 2167 1117 2201 quit
1137 2165 1272 2194 Danielcm
1296 2166 1358 2193 odio
1383 2173 1445 2200 erga
1464 2171 1645 2200 prameptores
1666 2166 1795 2194 resiliisse
1818 2167 1852 2193 ab

1059 2210 1163 2239 illorum
1177 2211 1309 2238 doctrina.
1321 2211 1406 2238 Ambo
1417 2212 1498 2243 enim,
1512 2211 1598 2238 Moses
1610 2216 1637 2238 et
1653 2211 1753 2242 Daniel,
1768 2212 1853 2238 multo

1059 2257 1160 2284 honore
1175 2257 1207 2284 ah
1220 2257 1353 2285 extraneis
1366 2257 1528 2288 afﬁciuntur,
1553 2261 1579 2283 et
1595 2262 1681 2283 tamen
1695 2257 1782 2291 gentis
1797 2265 1853 2285 sua:

1059 2305 1176 2332 instituta
1193 2307 1366 2338 anteponunt.
1383 2303 1416 2330 Et
1431 2303 1481 2330 hoc
1501 2307 1542 2330 est
1557 2302 1626 2336 quod
1649 2310 1708 2329 cum
1733 2302 1852 2329 admira-

1059 2349 1131 2377 tione
1154 2349 1187 2376 de
1207 2349 1279 2376 Most:
1299 2349 1403 2376 dicebat
1418 2348 1515 2376 Paulus
1529 2357 1536 2376 :
1551 2347 1611 2375 Non
1627 2348 1699 2384 elegit
1718 2349 1853 2383 temporali

1091 2421 1126 2450 ((ι)
1144 2421 1241 2452 ϐαεκερ,
1260 2422 1321 2452 πλὴν
1341 2421 1385 2445 οὐκ
1407 2421 1457 2446 ἔστι
1473 2421 1501 2445 τὸ
1517 2422 1576 2446 αὐτὸ
1591 2422 1679 2452 ὄνομα,
1704 2424 1753 2446 etc.
1779 2421 1844 2446 Nihil

1059 2451 1133 2476 video
1146 2450 1193 2475 nisi
1210 2451 1371 2481 exscriptoris
1391 2451 1544 2482 indiligentia
1568 2450 1656 2477 factum
1674 2450 1750 2481 esse,
1773 2457 1799 2476 ut
1816 2454 1846 2477 ad

1059 2489 1105 2506 nos
1132 2489 1215 2506 manca
1241 2482 1403 2512 pervenerint
1429 2483 1626 2513 eloquentissimi
1655 2483 1732 2507 Patris
1761 2485 1845 2508 verba.

1060 2512 1228 2537 Scilicetdum
1243 2513 1375 2544 ostendere
1392 2513 1444 2538 vult
1458 2512 1530 2544 longe
1547 2515 1690 2543 ampliorem
1712 2514 1789 2544 fuisse
1811 2515 1847 2538 la-

1059 2550 1122 2568 ruam
1138 2542 1356 2568 llaitasurisiudiei
1373 2544 1434 2568 fatua
1452 2542 1741 2572 Baliasaris’liabylonii,
1758 2551 1847 2569 exciu-

1059 2575 1126 2604 plum
1142 2573 1242 2605 Joseplii
1254 2574 1391 2605 adduxerat
1404 2573 1511 2598 eximius
1524 2574 1618 2598 doctor.
1638 2575 1747 2605 L'terque
1767 2575 1845 2602 enim.

1059 2603 1180 2632 Iosephus
1192 2603 1219 2628 ac
1232 2603 1335 2633 Daniel,
1350 2605 1414 2628 servi
1436 2612 1490 2629 cum
1514 2605 1631 2634 falsus-ent,
1645 2603 1714 2629 euni—
1725 2607 1845 2629 honorem

1058 2637 1185 2659 consecuti
1207 2640 1277 2664 sunt,
1301 2639 1327 2659 ut
1342 2636 1445 2664 adorari,
1468 2642 1534 2659 inore
1550 2643 1635 2660 carum
1653 2636 1775 2666 gentium.
1792 2643 1846 2660 iue-

1059 2669 1168 2694 ruerlnt;
1181 2666 1219 2689 blc
1233 2674 1246 2689 ει
1259 2673 1328 2696 rege,
1344 2666 1402 2690 Dan.
1418 2667 1440 2694 2,
1453 2666 1495 2696 i6;
1512 2665 1555 2690 ille
1567 2673 1582 2690 at
1598 2665 1676 2697 patre,
1691 2669 1753 2690 Gen.
1767 2667 1806 2695 57,
1819 2668 1844 2695 ει,

1058 2701 1085 2721 et
1095 2697 1133 2726 -Π,
1145 2697 1170 2720 51
1187 2704 1192 2720 ;
1203 2699 1228 2720 at
1242 2698 1351 2720 notarius
1362 2703 1506 2726 properans.
1518 2703 1569 2720 rein
1580 2698 1690 2721 indicare
1702 2702 1844 2726 contentus,

1059 2734 1131 2751 voces
1142 2726 1232 2751 omisit.
1252 2727 1307 2750 Haec
1319 2730 1358 2750 est
1371 2731 1452 2751 nostra
1474 2727 1596 2757 suspicio,
1618 2734 1664 2751 seu
1681 2726 1763 2758 potius
1780 2726 1845 2752 divt-

1058 2759 1133 2785 natio,
1145 2764 1221 2788 quam
1235 2758 1259 2781 in
1275 2758 1358 2781 medio
1377 2757 1549 2787 relinquimus.
1563 2757 1687 2782 Caeterum
1698 2758 1729 2782 de
1742 2758 1845 2788 Jo>eplii

1058 2787 1199 2813 aduratioue
1216 2787 1312 2812 aliunde
1328 2788 1502 2812 TheOdON'llIS
1515 2790 1607 2817 Quiest.
1626 2790 1655 2812 19
1673 2789 1697 2813 in
1717 2789 1843 2816 Genesium,

1058 2823 1084 2843 et
1099 2823 1184 2852 nostch
1203 2818 1274 2852 initio
1289 2818 1414 2852 Orationis
1435 2819 1464 2843 ‘26
1483 2820 1506 2852 in
1521 2819 1655 2850 Epistulam
1668 2820 1698 2844 ad
1717 2819 1844 2848 Hebraeos,

1058 2855 1083 2875 et
1097 2849 1201 2874 lloinilia
1218 2851 1247 2874 oo
1261 2849 1285 2874 iu
1299 2849 1423 2876 Genesim.
1497 2849 1501 2853 “
