2072 3123
178 164 227 192 I97

178 225 272 262 peccati
289 225 416 261 voluptate
427 223 489 259 frui,
511 223 619 258 majores
634 222 743 257 {Egypti
760 222 883 249 thesauris
901 220 966 247 dioi-

178 275 225 300 tias
248 280 302 300 esse
323 276 395 298 ratus
415 270 509 298 Christi
528 270 647 305 probrum
666 268 760 305 (Hebr.
779 268 824 295 Η.
843 266 889 295 25.
909 265 967 302 26).

177 319 203 345 8.
226 317 259 344 Et
277 316 362 352 posuit
383 315 476 342 Daniel
495 315 522 342 in
544 315 620 341 corde
640 322 696 344 suo.
716 321 748 341 ne
770 312 923 348 pollueretur
942 312 968 338 ir

177 371 262 390 meum
273 362 350 398 regis,
364 366 386 389 et
398 361 425 388 in
436 361 493 388 vino
503 360 535 387 de
549 364 609 395 potu
619 359 683 395 ejus,
698 363 722 386 et
737 358 833 393 rogauit
845 356 968 392 prtepoai-

178 415 229 436 tum
249 408 420 436 cunuchorum
439 415 471 434 ne
483 405 706 433 contaminaretur.
724 404 751 432 9.
773 403 807 430 Et
819 403 887 429 dedit
901 402 969 428 Deus

179 454 310 482 Danielem
323 454 350 480 in
363 452 561 479 misericordiam
580 455 603 478 et
616 451 644 477 in
663 450 849 477 miserationem
861 448 887 475 in
904 455 966 474 cott-

178 504 262 535 ψει-ιιι
277 498 397 534 principis
407 497 590 524 cunne/torum.
604 495 700 530 Aspice
713 494 846 522 Danielem
860 500 875 520 a
888 492 966 520 bonis

176 545 303 580 operibus
322 544 450 578 incipere.
467 542 505 569 lta
528 549 559 569 ex
580 549 613 568 eo
636 546 756 575 tempore
776 538 893 566 ostendit
913 545 969 564 tua—

177 599 258 627 gnum
281 598 311 618 se
325 598 395 623 esse,
411 594 490 625 atque
509 587 701 615 admirabilem.
724 586 811 620 Quare
833 584 968 618 Scriptura

179 636 355 673 prtestantiori
376 643 437 663 eum
457 634 564 662 nomine
583 632 722 670 (Danielis)
744 630 869 666 appellat.
885 629 968 658 Porro

177 683 205 710 in
219 683 315 718 quibus
328 685 441 716 poterat,
456 681 542 715 legem
553 678 685 706 servabat.
699 678 763 711 Quis
773 677 852 708 alius,
864 682 965 711 qumso,

177 735 298 755 mensam
320 727 420 762 regiam
446 726 594 753 censuisset
616 731 677 752 esse
698 722 851 759 piaculum?
873 721 969 757 Aspice

179 774 312 810 quomodo
336 773 423 801 statim
446 772 479 799 ab
499 771 610 799 exordio
632 778 708 798 suum
731 777 793 805 erga
811 767 967 803 sapientiam

179 829 297 849 amorem
316 820 491 848 demonstret.
514 817 548 844 Et
568 817 673 853 rogavit,
692 816 785 850 inquit.
808 814 969 850 prapositum

179 866 362 897 cunuchorum,
381 873 414 891 ne
436 863 657 891 contaminaretur.
681 860 868 888 Animadverte
889 865 968 894 quam

179 919 234 939 non
254 911 289 938 sit
306 910 472 937 ambitiosus.
493 908 551 935 Non
571 907 647 940 dixit,
663 906 785 934 Animatn
805 904 869 932 mihi
883 904 969 939 potius

181 956 262 984 adimi
277 955 361 990 patiar
376 963 384 981 :
398 954 444 981 sed
459 953 572 988 rogavit,
585 956 623 985 ut,
643 951 665 978 si
681 951 737 978 ﬁeri
751 953 850 985 posset,
863 949 966 977 lateret.

179 1003 264 1036 Quam
278 1001 314 1028 ob
325 1007 443 1032 causam,
458 999 552 1034 inquit,
568 998 682 1025 honores
700 996 852 1024 ambirem?
869 996 903 1023 At
915 1003 968 1023 non

178 1048 220 1075 sic
230 1046 372 1081 10sephus,
393 1052 442 1072 nec
464 1044 577 1080 Moyses.
591 1042 659 1077 Quid
674 1042 770 1077 igitur?
789 1041 886 1068 lllosne
898 1045 969 1066 con-

180 1090 386 1120 demnabimus?
401 1090 486 1117 Absit.
503 1089 658 1116 Nescierunt
672 1087 743 1114 ettint
756 1086 883 1121 quidnam
904 1084 969 1112 illttd

180 1141 261 1166 esset.
276 1136 398 1164 Nondum
418 1134 547 1170 siquidem
568 1133 702 1161 existebat
717 1132 760 1160 illa
775 1139 834 1167 qute
848 1135 939 1167 postea
954 1139 969 1158 a

179 1184 239 1219 lege
256 1188 298 1211 est
311 1183 430 1211 instituta
445 1182 565 1209 ciborum
580 1180 738 1215 repudiatio.
756 1178 822 1206 Vide
836 1179 922 1213 ipsum
943 1183 970 1205 et.

181 1233 338 1264 arguentem
366 1232 394 1256 et
420 1226 661 1262 phi|060phantetn.
684 1229 712 1252 et
733 1225 760 1252 in
780 1223 868 1259 parvis
889 1223 970 1250 rebus

181 1275 317 1309 specimen
336 1273 473 1309 sapientius
490 1279 546 1299 suat
567 1271 748 1299 exhibentem.
769 1269 857 1304 Atque
880 1269 905 1296 id
929 1273 971 1296 est

179 1320 252 1354 quod
271 1319 396 1347 dicebant
415 1318 528 1352 apostoli
543 1317 602 1353 (a):
619 1315 681 1344 Hinc
698 1315 827 1350 oportebat
842 1314 913 1350 prius
928 1313 970 1348 fa-

180 1373 247 1398 cere,
269 1370 292 1391 et
313 1364 359 1391 illa
378 1371 429 1390 non
449 1363 565 1390 omittere
578 1361 658 1398 (Luc.
671 1361 716 1389 Il.
733 1360 790 1396 42).
806 1360 869 1387 Iltec
882 1363 970 1387 autem

183 1411 274 1439 Daniel
295 1410 417 1443 faciebat,
443 1417 495 1437 non
518 1408 588 1444 quod
609 1408 687 1436 idolis
710 1406 858 1434 sacrifieata
881 1410 972 1433 essent

180 1464 242 1492 quas
264 1455 474 1491 opponebantur,
497 1453 544 1481 sed
565 1453 636 1489 quod
654 1461 669 1480 a
692 1452 749 1488 lege
772 1455 862 1479 essent
881 1450 972 1486 prohi-

182 1503 237 1531 bita
258 1502 307 1537 (b).
321 1501 461 1535 Quomodo
475 1500 554 1535 igitur
568 1498 749 1527 cunuchorum
769 1497 897 1532 magistro
911 1504 971 1532 per-

183 1548 285 1576 suasit?
308 1547 425 1575 Adverte
448 1551 477 1574 ut
500 1545 588 1572 statim
603 1545 649 1573 tibi
669 1544 753 1572 solvat
767 1543 970 1571 dubitationem.

183 1594 267 1627 Dedit,
291 1593 387 1628 inquit,
412 1592 480 1619 Deus
502 1591 631 1618 Danielem
644 1591 672 1617 in
690 1590 887 1617 misericordiam
901 1593 924 1616 et
945 1589 972 1616 in

183 1640 366 1667 miserationem
384 1639 411 1665 in
429 1643 562 1673 conspectu
574 1637 696 1672 principis
707 1637 890 1664 cunuchorum.
906 1635 972 1662 Illud

184 1686 264 1713 etiam
278 1684 395 1719 Iosepho
414 1683 509 1711 accidit
525 1692 531 1709 :
546 1683 572 1710 in
586 1682 702 1717 Egypto
716 1689 823 1717 quoque
840 1680 972 1716 Josephus

184 1731 394 1759 misericordiam
419 1734 599 1764 consequutus
619 1733 670 1761 est,
696 1733 722 1756 et
743 1728 854 1763 gratiam
873 1727 973 1755 invenit.

183 1777 253 1812 apud
271 1783 417 1811 coquorum
431 1775 583 1810 praefectum
597 1783 603 1801 :
617 1781 696 1809 porro
715 1774 821 1808 utrique
841 1773 923 1806 servi,
946 1776 972 1800 el

185 1823 212 1850 iu
225 1822 363 1849 barbarico
380 1822 439 1849 solo
451 1820 592 1856 degebant.
607 1820 689 1847 Erant
704 1827 768 1847 sane
783 1818 862 1846 verba
876 1818 972 1846 Danie-

185 1869 219 1896 ῦς
238 1868 333 1896 idonea
358 1867 392 1895 ad
417 1866 605 1895 exsolvendam
626 1866 674 1900 (vel
689 1863 886 1901 attrahendum)
907 1864 973 1891 iram

186 1915 265 1949 regis.
279 1913 347 1948 Quid
361 1913 419 1940 ais?
433 1913 532 1940 domini
548 1919 665 1939 mensam
679 1910 868 1939 exsecrabilem
882 1911 972 1944 appel-

185 1960 325 1987 las?anne
348 1959 439 1994 purior
454 1958 531 1985 nobis
557 1961 584 1984 tu
609 1956 771 1992 apparuisti?
794 1963 883 1983 nonne
905 1956 973 1983 nosti

187 2007 247 2034 ideo
261 2013 309 2033 vos
322 2006 437 2040 linguam
458 2011 490 2031 ac
508 2004 598 2031 literas
610 2002 795 2030 Chaldaeorum
810 2002 924 2034 discere,
947 2007 975 2029 ut

186 2052 219 2080 ad
233 2058 354 2080 nostrum
373 2051 494 2078 ordinem
517 2050 677 2077 tt-anscatis?
690 2049 766 2077 Unde
785 2056 850 2077 vero
866 2049 975 2076 omnino

186 2098 326 2125 eunuchus
336 2098 408 2124 illum
423 2097 554 2124 reveritus
567 2096 624 2123 est?
639 2096 707 2124 Puer
722 2100 778 2122 erat
790 2095 975 2130 contemptibi-

187 2143 220 2170 lis
233 2150 265 2170 ac
283 2142 415 2177 captivus.
429 2141 494 2169 Nam
508 2142 558 2169 etsi
572 2141 732 2168 reverendus
743 2140 845 2174 fuisset,
867 2145 894 2167 at
907 2140 977 2175 peri-

188 2189 275 2216 culum
288 2196 340 2215 non
353 2187 456 2215 sinebat
466 2188 550 2222 ipsum
564 2186 741 2214 venerabilem
757 2187 850 2213 videri.
868 2186 898 2212 Et
914 2194 977 2220 pro-

189 2239 247 2269 pter
263 2234 313 2261 hoc
328 2238 466 2268 postquam
481 2233 546 2259 dixit
558 2241 563 2259 :
573 2232 649 2259 Dedit
659 2240 714 2258 eum
730 2232 755 2258 in
770 2231 976 2263 misericordiam,

191 2279 282 2307 subdit
305 2278 384 2305 verba
406 2278 532 2309 eunuchi,
559 2282 586 2304 et
609 2277 719 2304 tnttltutn
743 2277 866 2303 timorem
895 2277 976 2303 illius.

189 2324 351 2359 Quomodo?
370 2324 397 2351 Id
419 2324 583 2359 impossibile
597 2323 689 2351 fuisset
709 2328 789 2358 atque
804 2322 977 2358 proltihittttn,

191 2372 241 2399 ttisi
261 2371 378 2399 celestis
391 2371 475 2406 gratia
491 2371 578 2397 omnia
599 2371 790 2405 dispensasset.
810 2371 853 2397 ιι.
869 2369 901 2396 Et
915 2370 978 2396 dixit

193 2417 284 2444 Daniel
295 2417 330 2443 ad
343 2417 523 2449 Amelasarem,
541 2425 613 2451 quem
626 2417 786 2444 constituerat
805 2417 922 2451 magister
940 2424 981 2444 eu-

203 2514 209 2519 .
222 2482 259 2513 (a)
275 2481 328 2519 [mo
339 2482 430 2519 Domini
444 2485 482 2506 est
490 2481 553 2519 istud
565 2481 696 2506 oraculum.
709 2482 753 2506 Sed
764 2481 892 2519 aliquando
901 2481 981 2519 Eccle-

190 2514 233 2538 siae
244 2513 381 2544 magistros,
391 2512 447 2536 dum
457 2513 497 2537 vel
507 2513 586 2537 minus
595 2519 648 2537 cum
657 2519 713 2537 cura
723 2512 838 2541 scribunt,
851 2513 891 2538 vel
900 2513 982 2538 calore

191 2544 286 2578 dicendi
306 2543 468 2578 abripiuntur.
489 2545 606 2578 memoria
618 2543 759 2578 destituit“
770 2545 805 2568 sic
822 2544 882 2578 infra
894 2544 982 2568 eodem

192 2574 237 2599 hoc
250 2577 332 2604 capue
344 2573 418 2598 verba
430 2574 540 2601 Tertulli.
553 2574 605 2599 Act.
618 2574 658 2603 24,
669 2574 693 2602 5,
706 2573 777 2598 Paulo
789 2575 958 2599 attribuuntur.

224 2605 261 2635 (b)
278 2608 329 2629 Non
341 2607 425 2629 tatneu
437 2605 600 2636 ituprobabilis
619 2609 658 2630 est
676 2605 820 2629 Theodoreti
833 2606 983 2636 aliorumque

192 2637 326 2661 sententia.
339 2638 405 2666 [ηε
416 2635 518 2660 Juditltm
530 2636 568 2663 12,
581 2636 604 2664 2,
618 2635 656 2664 19,
679 2636 784 2659 Estherae
797 2636 834 2664 ιι,
847 2637 885 2660 17.
899 2635 983 2661 Credi-

194 2667 271 2691 Jeritn
279 2666 444 2691 sanctissimos
453 2666 556 2697 juvenes
565 2667 642 2690 tribus
653 2667 685 2690 de
697 2666 774 2690 causis
785 2668 839 2691 CIllO
850 2667 918 2697 regio
930 2667 985 2691 abs-

194 2697 313 2722 tinuisse:
328 2700 379 2721 tum
388 2697 420 2721 ob
431 2697 565 2720 solemnem
585 2697 735 2721 ethnicorum
755 2697 779 2720 itt
797 2699 886 2722 mensis
897 2704 985 2722 super-

194 2728 334 2758 stitionem;
355 2731 408 2752 tum
430 2727 493 2758 quod
516 2727 627 2758 plerique
652 2728 832 2759 Babyloniorum
858 2729 905 2752 cibi
927 2727 986 2758 lege

194 2759 295 2783 Massica
307 2759 377 2783 vetiti
399 2762 498 2788 essent;
510 2762 559 2782 tum
571 2759 689 2789 denique,
699 2758 754 2788 iptio
764 2758 864 2789 jejunio,
877 2762 902 2783 et
913 2759 987 2783 absti-

196 2790 276 2814 nentia
286 2789 318 2814 ab
329 2789 451 2817 animatis,
460 2792 536 2812 Dount
545 2789 676 2819 promereri
686 2790 835 2819 satagebant.
846 2793 870 2813 Et
879 2789 925 2814 hoc
931 2789 988 2814 ulti-

194 2827 258 2844 mum
270 2818 702 2851 eouﬁrntaut‘JoseMtus'Atttiq.7Jud.
716 2818 757 2851 lib.
770 2820 805 2847 to.
820 2827 871 2851 (χιιι.
885 2820 923 2847 Η.
934 2820 987 2844 Orio

196 2858 274 2883 genus
284 2851 299 2875 7
312 2854 398 2875 contra
410 2849 516 2883 fieisum,
530 2853 555 2874 et
572 2849 655 2875 Honlil.
667 2851 681 2875 ι
693 2850 716 2875 in
736 2849 883 2876 diversos‘S.
896 2852 989 2883 Grego-

197 2880 245 2909 i'ius
254 2885 317 2913 t‘apa
329 2880 434 2912 Epistula
446 2881 475 2905 ad
486 2881 654 2906 'theocttstam.

868 162 901 190 IN
921 161 1103 192 DANIEIEII.

1759 168 1810 196 198

1025 222 1162 249 nociturum
1177 230 1252 257 super
1263 220 1402 255 Danlelem,
1417 221 1551 255 Arioniam,
1568 221 1697 258 Azariam,
1718 229 1741 251 et
1758 225 1812 252 Ili-

1022 269 1133 296 saelem:
1149 268 1191 296 12.
1203 268 1293 302 Tenta,
1306 268 1416 302 obsecro,
1431 276 1513 296 servos
1522 273 1578 296 tuos
1588 277 1633 304 per
1645 269 1698 297 dies
1706 269 1791 297 decent
1801 279 1810 302 ;

1022 319 1046 341 et
1064 314 1124 342 dent
1146 316 1217 342 nobis
1239 315 1270 342 de
1293 314 1427 342 seminibus
1447 319 1530 349 tm,
1552 319 1577 342 et
1599 315 1768 348 comedimus,
1788 320 1812 343 et

1022 367 1113 393 aquam
1130 359 1241 387 bibamus
1254 360 1317 388 :15.
1330 365 1355 387 et
1366 365 1505 395 appareant
1518 367 1603 387 coram
1615 364 1640 387 te
1659 360 1741 388 vultus
1763 369 1810 388 νιος

1022 406 1078 438 stri,
1094 410 1117 432 ct
1131 406 1214 433 vultus
1227 414 1361 441 puerorum
1372 405 1416 441 qui
1430 405 1564 432 comedunt
1582 413 1596 433 e
1618 414 1705 433 mensa
1724 407 1790 441 regis
1801 415 1811 433 :

1022 457 1045 479 ct
1064 453 1128 480 sicut
1150 452 1251 485 uideris,
1263 452 1341 485 facito
1362 460 1419 479 cum
1439 452 1524 486 pueris
1543 453 1602 479 tuis.
1619 452 1663 480 I4.
1679 452 1713 479 Et
1731 460 1812 480 exau-

1022 498 1083 524 diuit
1110 506 1182 528 eum;
1206 502 1231 524 et
1251 498 1354 524 tentavit
1379 506 1420 525 eos
1446 506 1490 532 per
1513 497 1565 525 dies
1585 498 1680 525 decem.
1706 499 1750 526 15.
1778 496 1812 526 Et

1023 548 1078 577 post
1092 543 1167 576 ﬁnem
1182 543 1266 570 decem
1285 543 1381 570 dierum
1396 543 1444 570 nisi
1463 548 1522 570 sunt
1540 543 1621 570 vultus
1638 551 1723 571 eortmt
1740 544 1809 577 boni,

1022 593 1046 614 et
1065 588 1115 623 ipsi
1126 596 1231 622 corpore
1250 589 1403 624 pinguiores,
1418 597 1492 624 quam
1506 589 1577 624 pueri
1591 589 1632 624 qui
1650 589 1811 616 contcdebant

1023 634 1054 660 de
1065 642 1150 661 mensa
1163 634 1237 669 regis.
1254 634 1345 668 Magna
1359 634 1476 666 libertas.
1494 635 1607 662 maxima
1623 635 1704 662 animi
1715 635 1811 663 alaeri-

1024 683 1073 711 tas,
1087 679 1169 705 ntulta
1185 679 1335 714 prudentia,
1352 679 1444 714 ingens
1463 678 1538 707 ﬁdes.
1555 679 1633 707 Tenta
1652 688 1742 715 pueros
1755 685 1811 707 tuo:

1023 732 1067 760 per
1080 724 1132 751 dies
1146 725 1240 751 decent.
1261 723 1362 751 Deinde
1382 729 1412 751 ut
1431 732 1466 752 ne
1486 726 1622 753 existimes
1647 733 1662 752 a
1679 726 1810 754 seminum

1022 774 1116 796 natura
1137 770 1202 796 oriri
1223 769 1299 796 faciei
1322 769 1493 802 hilaritatem,
1517 770 1621 805 respice
1644 778 1750 806 quoque
1775 771 1810 799 ad

1022 822 1128 849 aquam,
1140 822 1201 849 quae
1215 815 1325 842 minime
1338 815 1428 842 nutrit.
1445 815 1478 842 Et
1491 823 1543 842 non
1565 816 1644 843 modo
1660 816 1728 843 bona
1748 824 1811 844 cor-

1022 861 1095 895 poris
1116 860 1270 888 habitudine
1290 860 1392 895 praediti
1409 865 1605 895 apparuernnt,
1629 861 1675 888 sed
1690 866 1717 888 et
1730 869 1809 897 vege-

1023 906 1104 933 tiores
1124 906 1155 933 iis
1168 906 1212 941 qui
1236 906 1306 941 regia
1328 913 1418 933 mensa
1432 905 1599 933 fruebantur.
1620 906 1696 940 Quod
1720 912 1810 934 autem

1021 958 1115 978 carnes
1124 956 1151 978 et
1159 951 1248 978 vinum
1259 951 1342 985 magis
1354 951 1470 978 nutriant
1478 959 1556 986 quam
1567 956 1662 979 cetera
1672 952 1810 985 alimenta,

1022 997 1164 1032 unicuique
1181 1001 1222 1024 est
1235 996 1414 1024 manifestum.
1429 997 1514 1024 Cerne
1529 1002 1556 1024 ttt
1577 999 1668 1024 statim
1689 997 1722 1024 ab
1738 998 1812 1025 initio

1022 1041 1106 1076 gratia
1120 1049 1152 1069 ex
1168 1042 1303 1069 voluntate
1317 1049 1460 1076 puerorum
1470 1047 1496 1069 et
1509 1050 1540 1069 ex
1557 1042 1628 1069 dotto
1643 1043 1688 1070 Dei
1702 1043 1812 1070 el'llore-

1023 1092 1089 1115 scat.
1106 1087 1235 1116 Voluntas
1243 1088 1372 1123 siquidem
1387 1092 1437 1120 est.
1453 1088 1523 1123 quod
1539 1088 1672 1116 noluerint
1689 1097 1695 1116 :
1712 1088 1811 1116 donutn

1023 1142 1097 1168 vero,
1114 1134 1184 1170 quod
1199 1132 1343 1169 potuerint.
1358 1133 1391 1161 Et
1403 1139 1553 1169 appareant,
1569 1134 1664 1169 inquit,
1678 1142 1762 1161 coram
1778 1140 1812 1162 te.

1024 1180 1156 1208 iudicium
1169 1180 1213 1207 tibi
1235 1179 1421 1214 permittimus.
1442 1179 1522 1206 Levis
1534 1184 1623 1206 autetn
1637 1184 1663 1206 et
1680 1179 1762 1206 facilis
1772 1184 1814 1207 est

1023 1227 1106 1262 gtatia
1125 1233 1205 1261 quant
1231 1225 1363 1260 petimus:
1378 1232 1422 1252 res
1446 1225 1492 1252 tibi
1517 1225 1596 1252 Iidetn
1619 1224 1728 1252 faciam.
1757 1225 1813 1260 Ego

1023 1272 1123 1306 quippe
1141 1276 1265 1299 eventum
1286 1271 1425 1305 perspicue
1440 1271 1500 1297 novi
1515 1279 1521 1298 :
1537 1275 1565 1297 at
1579 1276 1688 1306 propter
1708 1275 1733 1299 te
1748 1271 1812 1298 nihil

1024 1322 1085 1345 ante
1109 1318 1187 1344 tlttetn
1209 1316 1323 1344 affirmo.
1347 1316 1434 1344 Cerne
1451 1316 1584 1351 quomodo
1597 1317 1679 1344 etiam
1697 1317 1811 1345 famulos

1024 1365 1114 1391 statim
1128 1363 1265 1396 erudierit,
1281 1370 1312 1390 ac
1331 1362 1451 1390 docuerit
1470 1370 1500 1390 se
1522 1370 1582 1390 esse
1598 1363 1644 1390 Dei
1667 1368 1812 1391 amantem.

1025 1409 1059 1437 Et
1078 1417 1130 1436 non
1154 1409 1311 1444 simpliciter
1322 1408 1396 1441 dicit,
1412 1407 1502 1436 Facito
1517 1408 1665 1441 nobiscum,
1687 1408 1745 1442 sed,
1762 1408 1814 1435 Fu-

1024 1456 1073 1482 cito
1092 1463 1148 1482 cum
1172 1455 1255 1490 pueris
1276 1455 1325 1482 tuis
1337 1462 1347 1482 :
1361 1455 1451 1489 sicque
1471 1461 1585 1481 exorsus
1606 1455 1694 1482 aiebat
1710 1464 1717 1481 :
1735 1454 1813 1482 Tento

1024 1509 1113 1537 pueros
1126 1506 1192 1528 tuos.
1208 1500 1265 1527 Non
1288 1500 1446 1527 recusabant
1460 1500 1591 1527 ltumanos
1606 1499 1722 1528 honores
1736 1501 1814 1528 exhi-

1026 1548 1099 1580 bere,
1114 1547 1159 1574 ubi
1173 1547 1237 1574 nihil
1250 1552 1321 1574 esset
1333 1547 1402 1582 quod
1415 1547 1539 1581 pietatem
1551 1547 1660 1575 latderet
1673 1557 1680 1575 :
1691 1548 1813 1583 quando-

1025 1594 1132 1628 quidem
1147 1598 1173 1620 et
1186 1592 1284 1620 Paulus
1297 1592 1365 1619 idem
1380 1592 1451 1619 facit.
1464 1593 1528 1619 Nam
1540 1593 1668 1621 inchoans
1680 1593 1814 1621 defensio-

1026 1647 1087 1667 nem
1111 1646 1197 1670 snam,
1216 1646 1230 1665 a
1251 1638 1373 1665 laudibus
1384 1638 1480 1673 judicis
1500 1638 1601 1673 incipit,
1626 1639 1660 1666 ita
1684 1639 1813 1675 loquens:

1025 1685 1058 1712 In
1072 1685 1150 1712 multa
1165 1692 1226 1719 pace
1235 1689 1336 1719 agentes
1348 1691 1392 1718 per
1400 1688 1422 1710 te
1437 1684 1558 1718 (1451.24.
1573 1684 1612 1720 2).
1626 1684 1697 1712 Idem
1708 1690 1815 1720 aposto-

1025 1731 1066 1759 lus
1085 1731 1164 1759 rebus
1184 1731 1305 1758 civilibus
1321 1737 1383 1758 usus
1398 1735 1448 1757 est.
1463 1729 1566 1757 Natltan
1579 1738 1686 1766 quoque
1699 1731 1827 1766 prophe-‘

1026 1783 1085 1805 tans
1104 1777 1196 1805 adorat
1217 1776 1359 1811 Davidem;
1379 1776 1493 1804 Iacobus
1509 1777 1631 1804 similiter
1650 1777 1815 1804 Pharaonem

1026 1822 1129 1856 adorat,
1140 1826 1166 1849 et
1180 1821 1346 1849 Abrahamns
1359 1821 1571 1849 contubernales.
1587 1821 1677 1849 Daniel
1689 1821 1814 1857 denique,

1026 1868 1059 1896 de
1069 1875 1121 1903 quo
1131 1875 1201 1896 nunc
1214 1875 1302 1895 sermo
1316 1871 1366 1899 est,
1381 1867 1434 1902 regi
1446 1866 1523 1894 dicit:
1532 1865 1565 1893 In
1579 1871 1700 1894 internum
1712 1867 1765 1894 vive
1776 1867 1816 1902 (α)

1027 1913 1108 1949 (Dan.
1125 1914 1151 1941 6.
1165 1912 1223 1948 2i).
1248 1912 1436 1940 Animadverte
1455 1911 1565 1939 verbum
1588 1912 1747 1940 adulationis
1759 1913 1815 1947 ple-

1028 1968 1102 1987 nnttt.
1118 1961 1152 1987 At
1170 1967 1220 1994 ego
1235 1967 1288 1986 tton
1309 1959 1334 1986 id
1356 1958 1468 1986 dixerint
1484 1958 1673 1989 adulationem.
1689 1958 1736 1985 sed
1753 1967 1816 1993 pru-

1027 2006 1143 2033 dentiam
1158 2012 1183 2032 et
1197 2005 1362 2040 sapientiam.
1379 2005 1415 2032 Ita
1430 2009 1457 2031 et
1467 2004 1563 2031 Paulus
1577 2004 1613 2031 ait
1625 2014 1631 2031 :
1646 2003 1679 2031 In
1693 2005 1817 2040 sapientia

1028 2052 1154 2079 ambulate
1166 2052 1200 2087 ad
1212 2060 1252 2078 eos
1266 2052 1309 2087 qui
1323 2051 1385 2086 foris
1403 2055 1470 2083 sunt,
1485 2056 1582 2086 tempus
1595 2051 1743 2078 redintentcs
1755 2051 1816 2086 (Co-

1029 2097 1090 2124 lon.
1106 2097 1133 2124 4.
1148 2085 1197 2132 5)Ϊ
1209 2096 1245 2123 Ila
1266 2085 1345 2123 etiam
1369 2096 1491 2123 Christus
1511 2095 1599 2122 docuit
1615 2104 1622 2122 ε
1641 2096 1748 2123 Reddite
1762 2103 1819 2131 ιιιιιε

1029 2148 1086 2170 sunt
1104 2142 1211 2170 Ctesaris
1225 2141 1329 2174 Cwsari,
1350 2145 1372 2168 et
1393 2149 1449 2176 quin
1466 2145 1525 2167 sunt
1541 2140 1588 2167 Dei
1614 2141 1667 2168 Dco
1682 2140 1755 2175 (Luc.
1772 2141 1815 2168 I0.

1102 2187 1170 2222 Quid
1187 2187 1280 2222 igitur?
1303 2187 1404 2214 semina
1427 2187 1560 2214 innnttndzt
1584 2195 1635 2214 non
1651 2187 1745 2214 erant?
1767 2186 1817 2214 Mi-

1030 2237 1101 2264 nitne
1115 2244 1122 2262 :
1136 2235 1183 2262 sed
1199 2243 1248 2262 ttec
1262 2242 1339 2269 aqua.
1354 2234 1386 2261 Et
1401 2233 1451 2261 hoc
1463 2242 1510 2268 per
1521 2240 1573 2261 tres
1587 2242 1670 2261 annos
1686 2235 1817 2261 tecet-unt.

1031 2284 1074 2311 I8.
1092 2283 1124 2310 Et
1137 2282 1275 2317 completis,
1290 2281 1382 2315 inquit.
1396 2280 1492 2311 diebus,
1510 2285 1564 2315 post
1577 2288 1638 2312 quos
1650 2280 1748 2306 dixerat
1761 2288 1815 2311 rex,

1030 2334 1057 2356 ut
1078 2328 1243 2355 introduceret
1258 2327 1335 2361 ipsos,
1354 2325 1554 2353 aro/tieunuc/tus
1567 2325 1708 2352 introduxit
1728 2333 1769 2352 eos
1785 2326 1818 2351 ad

1033 2373 1316 2401 Nabuchodonosorcut.
1332 2372 1375 2400 19.
1392 2371 1425 2399 Et
1446 2380 1495 2398 non
1509 2372 1600 2398 inventi
1619 2376 1720 2399 suntex
1736 2373 1818 2399 omni-

1065 2452 1100 2483 (a)
1118 2451 1145 2476 ln
1155 2455 1245 2483 Graeco,
1259 2457 1289 2479 εις
1300 2456 1331 2475 τὸν
1346 2457 1401 2475 aut.
1413 2455 1462 2483 ῐῆιι.
1474 2450 1568 2474 Grotius
1581 2450 1754 2483 interpretatur
1766 2457 1772 2474 :
1786 2450 1820 2475 vi-

1032 2481 1074 2509 ttas
1085 2481 1136 2508 diu.
1150 2482 1225 2506 statim
1234 2485 1314 2505 tamen
1324 2487 1377 2504 eunt
1386 2485 1407 2504 ς.
1418 2481 1561 2511 Hieronymo
1571 2487 1696 2511 exponere
1705 2481 1737 2505 de
1748 2485 1821 2505 πίει·-

1034 2515 1119 2539 nitate.
1134 2513 1160 2537 Id
1173 2514 1237 2536 enitn
1250 2512 1367 2546 exigebat
1388 2511 1444 2546 olim
1456 2517 1556 2546 qua-se
1573 2511 1619 2535 diis
1631 2518 1723 2546 aequam
1735 2512 1822 2546 existi-

1034 2546 1114 2570 maluit
1125 2547 1232 2575 potestas
1244 2549 1249 2566 :
1261 2542 1393 2575 Lfa_q:_._ip_pe
1411 2542 1501 2575 est,»_ait
1515 2545 1537 2566 Β.
1550 2546 1662 2575 Severus,
1673 2542 1773 2575 stultitia
1784 2549 1823 2567 re-

1035 2582 1092 2608 gum
1100 2571 1213 2608 euntium,
1226 2576 1250 2608 ut
1259 2572 1304 2608 sibi
1313 2571 1530 2608 ditiitatjttditgttt,
1541 2573 1638 2608 Baruclii
1651 2574 1674 2602 1,
1688 2574 1713 2608 t_l
1729 2579 1735 2597 :
1749 2577 1822 2608 orate

1024 2603 1080 2638 .pro
1090 2606 1137 2638 uita
1150 2604 1360 2638 Nabuchodwwsor
1372 2603 1436 2634 regis
1452 2603 1586 2638 Babylonis,
1601 2608 1624 2628 et
1633 2610 1677 2638 pro
1684 2604 1732 2629 vita
1742 2603 1821 2629 Balta-

1036 2634 1077 2663 sar
1088 2636 1133 2669 ﬁlii
1145 2635 1243 2669 ejus,_ut
1256 2634 1365 2669 sintdies
1381 2641 1463 2659 eorum
1474 2634 1535 2669 sicut
1551 2634 1603 2660 dies
1619 2634 1673 2660 ctuti
1690 2641 1762 2666 super
1774 2639 1823 2659 tet--

1036 2665 1098 2692 rani.
1111 2671 1160 2696 Quo
1177 2667 1250 2690 etiam
1269 2665 1315 2690 loci
1333 2669 1440 2690 mentem
1461 2666 1587 2696 Scriptura?
1605 2672 1651 2690 non
1667 2665 1823 2696 assequutum

1037 2699 1112 2723 fuisse
1120 2697 1225 2721 Grotium
1241 2700 1307 2727 puto.
1324 2697 1443 2727 superbas
1464 2702 1538 2720 voces
1557 2696 1679 2720 htunilitas
1690 2696 1823 2721 Christiana

1048 2729 1151 2754 )aulatim
1163 2728 1313 2758 compressit,
1325 2727 1507 2758 modestiusque
1528 2727 1655 2752 Catholieis
1672 2727 1823 2758 Imperatori-

1057 2767 1085 2784 us
1096 2758 1250 2783 acclamatum
1263 2758 1286 2782 in
1299 2757 1410 2782 Consiliis
1422 2764 1427 2781 :
1443 2756 1525 2782 stultos
1544 2765 1624 2782 αηηυδ.
1646 2756 1722 2783 annos
1736 2756 1823 2781 Μήτι.

1040 2790 1125 2816 stultos
1133 2795 1206 2814 annos
1217 2792 1353 2820 meritaque
1373 2788 1496 2820 memoria,
1514 2792 1561 2813 etc.
1579 2789 1620 2813 His
1637 2789 1755 2820 derrebus
1766 2787 1824 2817 lego

1040 2820 1145 2856 (pacilio
1154 2818 1387 2856 generalia-passim,
1396 2818 1526 2856 .Epistola‘tn
1537 2819 1692 2856 S..Athanasii
1703 2819 1734 2842 de
1742 2849 1747 2856 l
1752 2824 1824 2856 syno-

1040 2852 1079 2878 dis
1090 2849 1190 2876 Arimini
1207 2854 1233 2875 et
1249 2849 1374 2880 Seleucia,
1395 2849 1470 2880 initio,
1494 2850 1645 2874 Ammianum
1666 2849 1824 2874 Marcellinum

1042 2883 1111 2908 initio
1124 2881 1177 2907 libri
1190 2882 1227 2911 15,
1239 2881 1402 2914 Symmachum
1413 2881 1534 2906 uelationc
1544 2881 1659 2906 adversus
1670 2880 1824 2910 Christianos,
