2072 3123
227 152 277 181 εωι

228 216 270 239 est
287 209 418 239 sententia
436 207 578 245 impudens
605 210 662 236 haec
680 216 696 236 a
717 208 784 236 facie
799 208 888 243 regis?
906 217 915 234 ι
940 207 1019 236 Vides

230 255 407 283 libertatem?
421 255 496 282 vides
517 254 720 282 fortitudinem?
743 254 775 282 ad
791 254 864 282 illum
880 255 923 289 qui
947 255 1019 282 occi-

228 303 306 330 dendi
321 306 478 337 potestatem
493 300 607 328 habebat
616 301 702 337 qualia
713 301 845 336 loquitur?
857 301 942 328 Etiam
953 301 1021 328 alio-

230 356 288 375 rum
311 348 397 375 vicem
413 346 495 375 dolet.
519 347 575 374 Non
591 346 672 374 habet
694 347 840 380 rationem,
856 347 954 381 inquit,
971 354 1020 374 nec

227 402 335 422 causam
349 402 356 427 ;
377 401 464 429 neque
480 393 549 421 ullus
561 394 637 421 color
654 393 742 420 edicto
752 393 854 427 adjacet
875 401 881 419 :
898 393 1019 420 homines

226 442 296 469 enim
312 441 442 475 ejusmodi
475 440 641 475 impudentes
665 440 781 468 solemus
800 439 944 474 appellare.
974 439 1016 467 I6.

228 497 238 514 ι
261 488 387 516 lndicavit
408 491 497 515 autem
519 487 649 515 Ariochus
659 487 762 515 Danieli
772 486 890 514 verbum.
906 486 939 512 Et
965 486 1015 512 Da-

227 535 280 562 niel
302 541 426 570 egressus
449 538 510 566 est;
526 538 553 561 et
574 533 676 568 rogavit
689 540 790 567 regem,
807 537 835 559 ut
849 536 953 567 tempus
967 532 1017 559 sibi

225 581 310 614 daret,
325 585 352 608 et
362 581 544 615 conjecturam
558 579 653 607 somnii
668 579 839 606 annuntiaret
853 579 918 613 regi.
936 587 945 604 ι
962 579 1016 605 Ad-

225 627 322 654 mirare
336 626 538 661 permissionem
558 625 638 660 regis.
652 624 749 659 Aspice
763 629 791 652 ut
806 631 899 651 omnes
920 624 1017 658 ubique

226 672 326 700 Danieli
340 672 537 706 obtemperent.
560 671 594 698 At
609 670 679 698 unde
694 678 740 698 rex
758 669 908 704 suspicatus
925 674 966 697 est
983 670 1015 697 il-

225 719 279 745 lttm
295 725 356 745 vera
370 718 480 745 dicere?
495 725 577 752 quare
601 725 653 743 non
675 716 740 743 dixit
757 724 765 743 π
781 715 902 743 Universi
920 715 1016 750 depre-

225 764 300 791 ltensi
317 767 378 791 sunt
392 771 424 791 ac
438 763 562 796 convicti,
579 763 641 790 fassi
658 766 720 790 sunt
734 770 790 790 rem
804 769 864 789 esse
878 769 958 796 supra
969 769 1016 788 na-

224 814 309 836 turam
330 809 491 842 humanam;
509 814 536 837 et
548 813 578 836 tu
593 809 637 844 qui
657 809 786 836 barbarus
799 816 827 835 es
839 828 847 841 ,
859 807 929 835 unde
940 812 1015 842 putas

224 860 251 882 te
270 863 349 890 posse
363 855 524 882 incolumem
538 862 570 881 ac
584 854 748 889 superiorem
769 853 901 881 evadere?
917 853 1015 880 Verum

223 900 269 927 ubi
297 900 366 927 Deus
386 907 430 927 res
452 900 590 934 dispensat
610 903 636 926 et
648 903 789 934 praeparat,
804 898 870 925 nihil
884 898 1012 933 ambigas.

222 946 346 981 Alioquin
361 951 387 973 et
409 946 474 973 citra
500 945 648 980 periculum
671 949 730 972 erat
755 945 788 972 ad
814 952 902 979 regem
922 949 1014 979 postea

222 992 323 1019 venire.
350 992 403 1019 Cur
425 996 513 1019 autem
536 999 588 1018 non
616 991 687 1018 illico
716 991 787 1018 Deus
811 991 910 1018 Danieli
939 998 1013 1017 som~

221 1038 295 1064 nium
320 1037 465 1064 revelavit?
489 1037 605 1064 Primum
628 1036 733 1072 quidem
757 1041 785 1063 ut
809 1044 852 1063 res
876 1036 1013 1063 manifesta

221 1083 317 1115 ﬁeret,
341 1082 455 1110 etutilli
477 1082 503 1109 iu
523 1090 617 1117 magna
638 1083 796 1110 necessitate
818 1083 1013 1110 constitueren-

221 1133 275 1156 tur.
301 1128 366 1156 Nam
395 1129 445 1156 etsi
468 1128 595 1164 propheta
622 1133 708 1161 esset,
733 1133 851 1156 attamen
880 1129 1013 1156 somnium

221 1174 374 1209 ignorabat.
401 1174 503 1202 Rursus
530 1175 575 1202 tibi
598 1182 626 1202 se
649 1183 696 1208 per
719 1171 791 1202 viros
820 1175 907 1210 justos
933 1183 1013 1202 excu-

221 1225 272 1252 sat,
293 1219 438 1247 ostendens
455 1220 526 1255 quod
545 1221 568 1248 si
593 1220 644 1248 illis
659 1221 847 1255 periclitaturis
868 1221 933 1248 nihil
952 1229 1014 1248 cou-

219 1266 301 1293 ecssit
317 1266 418 1301 absque
440 1273 517 1301 prece
541 1267 733 1301 perseveranti,
749 1267 832 1294 multo
857 1268 944 1294 minus
966 1267 1012 1295 tibi

219 1313 303 1340 dabit.
328 1313 440 1348 Propter
465 1312 516 1341 hoc
537 1314 635 1348 ubique
659 1313 755 1340 Paulus
776 1314 892 1348 postulat
909 1322 1011 1348 preces,

220 1358 584 1396 0rationiimislenles(Rom.
603 1359 644 1386 12.
656 1360 710 1395 12),
723 1351 857 1387 scribens.
867 1360 924 1388 Non
940 1361 1011 1387 enim

220 1404 318 1431 sufﬁcit
343 1405 396 1431 vita
421 1412 496 1439 pura,
520 1405 570 1432 nisi
597 1405 676 1432 etiam
702 1405 771 1432 adsit
794 1405 889 1432 oratio.
914 1405 1011 1440 Aspice

219 1450 316 1477 iterum
328 1450 438 1477 multam
453 1450 524 1477 illius
538 1451 626 1478 ﬁdem.
642 1450 795 1478 Secundum
811 1457 945 1479 certamen
961 1453 1011 1480 hoc

218 1500 278 1522 est:
293 1500 320 1522 et
333 1495 421 1523 adhuc
441 1495 533 1523 Daniel
557 1500 654 1530 praeest
672 1503 703 1523 ac
720 1498 854 1531 negotium
878 1497 959 1528 ducit.
984 1503 1012 1525 et

219 1544 324 1575 tempus
335 1540 400 1576 petit
411 1540 448 1577 (ιι)
462 1545 552 1576 aptum
568 1541 600 1569 ad
616 1542 726 1569 multam
737 1541 903 1570 tolerantiam
930 1548 1011 1579 atque

218 1588 377 1615 orationem.
393 1588 527 1623 Propheta
543 1596 596 1615 non
622 1589 772 1624 postulabat
786 1589 875 1616 statim
902 1591 987 1618 audiri
1003 1600 1009 1618 :

218 1641 266 1660 rex
279 1633 436 1662 beneficium
459 1635 568 1670 largitus
593 1640 645 1669 est,
662 1635 780 1670 illudque
805 1635 1013 1664 communicwit

217 1686 278 1706 cum
299 1680 392 1707 amicis
406 1689 437 1708 ac
457 1681 537 1708 sociis
563 1681 689 1709 Dauielis.
720 1682 762 1709 I9.
780 1692 789 1708 ι
808 1682 883 1710 Tunc
908 1683 1009 1711 Danieli

218 1726 374 1761 mysterium
386 1727 530 1754 revelatum
545 1731 586 1754 est
599 1729 624 1754 in
639 1727 741 1756 visione
753 1729 847 1756 noctis.
863 1729 897 1756 Et
919 1730 1010 1757 Daniel

217 1770 356 1798 benedixit
370 1771 452 1799 Deum
465 1773 535 1805 caeli,
563 1773 608 1800 90.
628 1781 660 1801 ac
682 1773 750 1801 dixit
763 1783 770 1801 :
783 1774 822 1802 Sit
839 1783 937 1802 nomen
963 1776 1008 1803 Dei

215 1816 386 1844 benedictum
402 1825 415 1844 a
429 1818 538 1850 saeculo,
553 1823 578 1845 et
593 1826 676 1854 usque
688 1820 713 1846 in
725 1821 862 1854 sarculum,
875 1822 936 1856 quia
952 1821 1010 1856 ejus

217 1862 396 1896 cstsnpientis
406 1866 432 1890 et
447 1863 619 1899 intelligentia
632 1868 659 1891 ct
677 1864 815 1893 fortitudo.
833 1866 879 1893 21.
899 1867 933 1894 Ει
952 1867 1009 1902 ipse

216 1911 304 1934 mutat
316 1910 434 1942 tempora
456 1913 483 1936 et
492 1913 595 1943 aetates,
612 1910 748 1937 constituit
762 1919 837 1946 reges
861 1920 892 1939 ac
911 1913 1008 1947 aufert,

216 1953 286 1981 dans
298 1955 453 1989 sapientiam
469 1956 643 1990 sapientibus,
658 1960 685 1983 et
710 1957 877 1990 prudentiam
898 1958 951 1986 illis
964 1959 1009 1993 qui

218 2006 312 2035 petunt
327 2002 498 2030 intellectum.
511 2002 557 2029 2’2.
571 2002 630 2037 Ipse
643 2003 741 2030 revelat
761 2004 888 2038 profunda
909 2009 935 2032 et
947 2005 1009 2033 abs-

216 2046 334 2081 condita,
358 2055 521 2082 cognoscens
546 2056 604 2083 quae
632 2048 658 2075 in
685 2049 800 2076 tenebris
822 2050 1010 2078 exsistuntzct

219 2092 262 2118 lux
276 2099 336 2119 cum
352 2093 409 2127 ipso
423 2098 473 2120 est.
495 2093 539 2120 25.
567 2094 643 2127 Tibi,
659 2095 729 2121 Detts
753 2100 856 2129 patrum
877 2104 1008 2130 meorum,

216 2140 358 2172 Confiteor,
373 2145 399 2167 te
414 2140 502 2173 laudo,
517 2141 578 2175 quia
591 2141 747 2176 sapientiam
762 2146 789 2169 et
809 2142 1008 2178 intelligentiam

216 2185 316 2212 dedisti
327 2185 390 2212 mihi
406 2195 412 2212 :
425 2190 451 2214 et
460 2194 530 2214 nunc
543 2191 603 2213 nota
614 2186 698 2213 fecisti
712 2187 775 2213 mihi
789 2195 847 2222 qua:
859 2189 1010 2223 rogavimus

219 2237 254 2259 te.
274 2242 284 2258 ι
308 2231 431 2260 Nondum
454 2233 593 2260 manifeste
620 2233 670 2268 ipsi
695 2234 839 2261 revelatum
866 2241 933 2268 erat,
963 2235 1010 2263 sed

217 2277 306 2305 adhuc
333 2278 359 2306 in
373 2279 475 2306 visione
489 2287 497 2306 :
513 2287 573 2306 nam
589 2284 784 2314 prmexercetur
793 2280 930 2315 propheta.
946 2281 1011 2309 Vide

217 2330 307 2352 autem
329 2325 399 2352 illius
414 2325 548 2357 ﬁduciam,
575 2325 698 2359 Quianam
722 2331 758 2353 est
770 2327 903 2359 sententia,
915 2327 1009 2362 inquit,

217 2371 351 2407 impudens
371 2372 444 2399 lucc?
460 2372 521 2399 Mihi
545 2373 651 2407 quidem
674 2372 779 2400 videtur
796 2373 874 2401 etiam
896 2378 958 2401 ante
972 2381 1012 2401 so-

218 2419 321 2446 mnium
333 2419 466 2446 inventum
478 2427 492 2445 a
503 2419 576 2446 czede
584 2418 735 2446 cohibuisse
745 2418 900 2454 magistrum
913 2427 1012 2454 coquo—

219 2472 290 2497 rum,
303 2469 357 2491 tum
372 2464 515 2499 ineteplum
528 2464 687 2497 accusando,
698 2468 753 2491 tum
767 2464 915 2499 pollicendo
928 2472 958 2492 se
971 2473 1012 2491 re-

219 2515 358 2545 perturum
371 2509 527 2537 calamitatis
541 2511 710 2537 solutionem.
723 2509 776 2537 Cur
790 2518 853 2544 ergo
864 2510 1010 2538 revelatum

217 2561 260 2583 est
288 2556 408 2582 Danieli?
423 2556 488 2589 Quia
502 2556 573 2583 enim
595 2561 636 2583 est
655 2556 735 2584 etiam
752 2556 821 2583 inter
849 2556 921 2583 viros
947 2563 1011 2582 sau-

218 2607 278 2630 ctos
305 2603 474 2635 excellentia,
495 2603 556 2631 ideo
582 2603 677 2630 Daniel
714 2602 864 2638 przefertur.
882 2603 917 2630 Et
946 2609 1013 2638 quo-

219 2649 300 2676 modo
311 2649 396 2676 vidit?
407 2649 438 2675 In
454 2649 555 2682 visione,
580 2649 679 2684 inquit;
691 2655 743 2675 non
757 2648 901 2676 secundum
917 2648 1008 2674 Itoma-

219 2704 281 2723 nam
293 2695 461 2731 sapientiam.
485 2696 518 2723 Et
543 2696 655 2731 pulchre
681 2695 708 2723 id
730 2700 806 2723 vocat
834 2696 1011 2731 mysterium,

250 2795 288 2826 (α)
306 2795 442 2821 Prudenter
460 2795 642 2827 Chrysostomns
658 2799 685 2821 et
703 2796 868 2820 Theodoretus
883 2796 910 2827 In
929 2800 1012 2824 eare,

253 2834 292 2851 am
302 2833 373 2851 sacer
386 2826 515 2858 contextus
522 2827 627 2858 reticuit.
638 2827 762 2858 negotium
771 2827 863 2851 habere
872 2826 1012 2858 noluerunt.

253 2834 292 2851 am
302 2834 373 2851 sacer
386 2834 515 2850 CODLCXIUS
522 2834 627 2854 reucutt.
638 2834 762 2858 negotium
773 2834 863 2851 nauere
872 2834 1012 2851 notuerunt.

219 2834 252 2882 Ἠ
262 2858 384 2890 .Iosephus
393 2861 492 2890 tempus
499 2857 671 2890 deﬁnitqmam
681 2861 790 2888 noctem;
803 2857 962 2882 ’t'et‘tulliauus
973 2858 1013 2882 tri-

221 2897 307 2919 ouum;
318 2888 427 2919 Josepho
439 2888 519 2913 malim
529 2889 657 2915 accedere.

915 149 948 178 IN
968 150 1150 178 DANIELEM.

1809 160 1863 188 202

1074 209 1144 244 quod
1178 210 1211 238 ab
1231 211 1354 239 omnibus
1381 213 1560 247 ignorabatur.
1581 214 1615 242 Et
1637 215 1762 245 benedixit
1781 217 1862 246 Deum

1071 255 1136 281 acii.
1173 254 1389 291 Omnipotentem
1425 258 1547 293 intelligit
1570 268 1577 288 :
1600 260 1626 288 id
1653 266 1710 294 est,
1731 270 1791 290 eum
1818 266 1861 299 qui

1071 300 1150 327 etiam
1163 301 1226 333 illic,
1252 302 1278 329 in
1293 302 1468 330 barbarorum
1494 305 1619 334 videlicet
1633 307 1752 342 regione,
1769 313 1862 343 potens

1070 350 1137 373 erat.
1163 346 1298 382 Nusquam
1325 349 1496 383 sacrificium,
1523 355 1550 378 ct
1577 351 1714 387 templum,
1738 357 1766 381 et
1793 354 1861 381 alta-

1070 397 1109 422 re,
1122 391 1168 418 sed
1179 393 1234 419 sola
1247 393 1314 420 bona
1327 394 1447 422 voluntas
1462 396 1571 431 aderat;
1589 402 1614 424 et
1637 398 1725 426 omnia
1749 406 1861 435 perage-

1070 435 1174 463 bantur.
1187 437 1303 466 Adverte
1316 446 1376 466 eum
1392 446 1452 474 post
1463 442 1616 475 petitionem
1629 448 1778 478 acceptam,
1807 453 1862 473 non

1070 482 1143 515 prius
1157 482 1189 510 ad
1205 483 1291 511 aulam
1308 486 1378 520 regis
1391 487 1551 520 cucurrisse,
1573 496 1651 522 quam
1667 489 1787 517 beneficii
1815 491 1862 517 da-

1069 527 1120 554 tori
1134 529 1262 556 maximas
1273 530 1369 565 egisset
1380 532 1478 566 gratias
1492 541 1499 559 :
1512 541 1563 560 non
1579 534 1647 561 sicut
1664 543 1712 562 nos
1723 543 1795 570 satpe
1807 544 1861 571 pro:

1068 573 1163 607 gaudio
1176 581 1365 609 prosperorum
1388 579 1649 606 suceessuumetiatn
1672 581 1764 614 gratia:
1791 581 1861 609 refe-

1068 617 1158 645 rendae
1172 619 1364 647 obliviscimur.
1379 622 1413 649 At
1430 630 1482 649 non
1498 623 1532 650 ita
1549 623 1598 651 iste
1617 633 1622 651 :
1638 633 1729 652 verum
1753 626 1860 654 benedi-

1067 663 1106 689 xit
1119 663 1213 697 Deum,
1223 669 1250 691 et
1263 665 1329 693 dixit
1341 667 1398 694 :Sit
1409 669 1552 696 nontenDet'
1563 670 1720 699 benedictum
1730 680 1746 699 a
1755 674 1857 708 seculo,

1066 713 1090 736 et
1101 718 1178 744 usque
1188 711 1214 738 in
1225 712 1354 739 saeculum.
1371 713 1424 741 Nos
1450 715 1590 750 siquidem,
1607 717 1703 752 inquit,
1726 722 1859 754 tempora~

1066 756 1098 782 ΥῘῘ
1112 761 1139 783 et
1153 764 1297 791 paucorum
1306 766 1437 787 annorum
1449 769 1558 794 sumus;
1573 771 1625 790 non
1637 768 1724 791 autem
1734 773 1782 799 pro
1792 771 1860 794 tem-

1066 808 1132 835 pore
1154 803 1204 830 hoc
1233 808 1333 831 tantum
1354 813 1458 833 sursum
1481 808 1610 836 mittimus
1635 809 1856 845 benedictionem,

1068 847 1115 874 sed
1129 855 1178 882 pro
1191 849 1316 877 universo
1329 854 1449 885 tempore
1466 860 1473 878 :
1488 860 1540 879 non
1554 860 1603 887 pro
1617 861 1650 880 eo
1663 855 1720 882 solo
1732 863 1783 890 quo
1792 856 1858 884 vivi-

1066 899 1135 925 mus,
1152 893 1199 920 sed
1221 894 1301 921 etiam
1321 902 1369 929 pro
1390 896 1441 923 hoc
1465 897 1581 931 quidem,
1597 903 1623 925 et
1643 907 1692 933 pro
1718 900 1763 927 illo
1787 902 1856 936 quod

1065 939 1202 972 prazteriit,
1219 944 1244 966 et
1264 948 1313 974 pro
1335 941 1433 968 futuro.
1460 942 1571 977 Semper
1594 944 1675 972 Deum
1700 945 1857 974 benedicere

1065 989 1180 1018 oportet,
1195 986 1251 1013 sive
1266 986 1309 1014 ille
1319 993 1454 1022 appareat,
1469 989 1525 1016 sive
1538 997 1590 1016 non
1603 995 1738 1024 appareat.
1752 992 1856 1027 Ubique

1064 1031 1134 1057 enim
1151 1031 1219 1058 illius
1231 1033 1395 1066 providentia
1408 1039 1517 1062 extensa
1540 1040 1589 1062 est.
1608 1035 1672 1063 Vide
1683 1040 1712 1063 ut
1732 1043 1780 1071 per
1792 1045 1856 1072 gra-

1064 1075 1160 1102 tiarum
1187 1078 1319 1104 actionem
1345 1072 1467 1106 ostendat
1489 1087 1593 1115 quoque
1620 1081 1675 1108 Deo
1702 1087 1855 1117 competere

1064 1121 1202 1148 scientiam
1212 1123 1385 1150 somniorum.
1397 1124 1463 1157 Quia
1473 1125 1526 1159 ejus
1537 1131 1572 1152 est
1583 1126 1705 1160 sapientia
1719 1131 1742 1153 et
1761 1127 1856 1154 intelli-

1063 1167 1148 1201 gentia
1159 1172 1182 1193 ει
1191 1167 1333 1201 fortitudo:
1348 1168 1398 1195 huc
1421 1174 1471 1201 est,
1495 1170 1583 1197 omnia
1610 1171 1680 1198 scire
1703 1179 1736 1199 ac
1751 1179 1856 1207 prtene.

1064 1218 1148 1238 scere.
1163 1211 1212 1239 Hic
1225 1212 1296 1239 enim
1311 1213 1374 1240 illud
1394 1214 1430 1240 ait
1444 1223 1451 1241 :
1468 1215 1538 1249 quod
1563 1216 1665 1243 scilicet
1688 1216 1745 1251 ipse
1766 1218 1854 1245 omnia

1063 1258 1146 1291 novit,
1164 1262 1191 1285 et
1215 1259 1281 1286 nihil
1297 1259 1408 1295 ignorat.
1435 1261 1501 1295 Quid
1525 1261 1623 1296 igitur?
1648 1263 1710 1290 illud
1733 1265 1854 1292 tantum!

1063 1303 1183 1331 solamne
1198 1304 1277 1332 habet
1291 1307 1504 1340 praescirntiam?
1519 1307 1553 1334 Et.
1577 1316 1630 1335 non
1652 1308 1728 1343 dixit,
1745 1309 1831 1338 Habet
1846 1319 1853 1337 :

1063 1350 1121 1382 sed,
1139 1349 1226 1385 Ipsius
1250 1355 1297 1385 est,
1313 1352 1440 1380 exhibere
1466 1353 1542 1381 nobis
1558 1355 1650 1383 volens
1678 1363 1710 1382 ea
1733 1357 1854 1384 naturale

1063 1395 1133 1422 illius
1160 1396 1259 1424 hortum
1275 1405 1355 1425 esse:
1369 1400 1428 1434 quia
1442 1407 1476 1426 ex
1494 1405 1587 1427 natura
1611 1401 1649 1428 illi
1673 1401 1731 1429 htee
1752 1403 1850 1430 insunt.

1063 1441 1131 1474 Quid
1157 1442 1240 1477 ergo?
1267 1443 1431 1477 prtevidetue
1456 1450 1568 1479 tantum,
1587 1454 1640 1474 non
1660 1451 1749 1475 autem
1773 1448 1852 1476 etiam

1063 1487 1143 1513 facit?
1156 1487 1236 1520 Sane,
1250 1489 1359 1516 etfacit.
1377 1489 1461 1517 Mutat
1469 1495 1554 1518 etates
1563 1497 1587 1518 et
1596 1497 1718 1527 tempora.
1737 1493 1795 1521 Non
1819 1494 1854 1522 de

1061 1540 1192 1560 annorum
1202 1536 1418 1562 eoiiversionibus
1431 1544 1519 1564 sermo
1534 1542 1584 1571 est,
1601 1539 1646 1565 sed
1655 1539 1688 1566 de
1702 1547 1789 1567 rerum
1810 1541 1852 1567 vi-

1061 1581 1267 1609 cissitudinibus.
1278 1582 1410 1610 Constituit
1418 1592 1497 1619 reges,
1507 1590 1529 1610 et
1537 1586 1628 1620 aufert.
1641 1585 1705 1619 Quia
1715 1585 1855 1621 hujusmo-

1061 1625 1088 1652 di
1111 1627 1288 1654 mutationum
1312 1631 1353 1655 est
1383 1633 1486 1656 auctor.
1512 1629 1552 1656 An
1574 1630 1654 1665 igitur
1678 1630 1728 1658 hoc
1751 1636 1851 1659 tantum

1062 1671 1141 1705 Deus,
1158 1673 1286 1707 praevidet
1312 1681 1408 1708 nempe
1422 1681 1454 1701 ac
1470 1674 1551 1702 facit?
1563 1683 1615 1702 non
1634 1680 1663 1703 et
1683 1676 1755 1703 aliud
1770 1677 1853 1704 maxi-

1060 1725 1133 1746 mum
1157 1723 1290 1754 operatur,
1316 1720 1386 1754 quod
1412 1721 1492 1749 etiam
1508 1729 1568 1748 cum
1592 1721 1653 1749 aliis
1675 1723 1853 1750 communicat

1060 1772 1119 1792 eam
1133 1765 1291 1793 scientiam?
1305 1765 1377 1793 Dan:
1389 1767 1538 1801 sapientiam
1560 1768 1713 1802 sapientibus
1726 1776 1736 1795 :
1746 1776 1799 1796 non
1821 1769 1854 1796 iis

1060 1811 1195 1846 quiautea
1218 1812 1352 1847 sapientes
1364 1819 1451 1846 erant,
1475 1813 1521 1840 sed
1545 1813 1578 1841 iis
1600 1814 1695 1849 quibus
1721 1815 1851 1848 sapientia

1061 1857 1147 1885 datur.
1165 1858 1192 1885 Si
1206 1858 1266 1893 quis
1281 1859 1387 1893 sapiens
1401 1867 1452 1887 non
1468 1860 1500 1887 ab
1513 1860 1558 1886 illo
1581 1861 1738 1895 sapientiam
1759 1861 1850 1895 habet,

1060 1903 1166 1938 sapiens
1178 1911 1231 1931 non
1245 1908 1295 1932 est.
1305 1904 1343 1932 Ne
1353 1905 1512 1932 existimetis
1520 1905 1678 1940 sapientiam
1686 1912 1771 1934 autem
1791 1914 1852 1934 esse

1061 1950 1212 1978 Chaldaicte
1226 1951 1351 1986 regionis.
1371 1951 1403 1978 Et
1428 1953 1597 1987 prudentiam,
1615 1952 1713 1987 inquit,
1736 1953 1788 1979 illis
1810 1953 1853 1988 qui

1061 2001 1147 2032 petunt
1163 1997 1326 2024 intellectum.
1344 1997 1446 2025 Deinde
1472 1998 1608 2025 videamus
1629 2007 1662 2026 an
1674 2006 1706 2026 ex
1728 2000 1849 2032 scientia,

1060 2050 1094 2069 an
1108 2050 1139 2069 ex
1153 2048 1247 2070 natttra
1262 2043 1364 2070 Danicli
1388 2043 1415 2070 id
1430 2043 1553 2070 adfuerit.
1570 2043 1674 2070 Etenim
1695 2044 1775 2071 etiam
1801 2044 1852 2071 hoc

1061 2089 1125 2117 dicit
1141 2089 1220 2124 :Ipse
1232 2090 1324 2116 revelat
1335 2090 1464 2125 profunda
1478 2094 1500 2116 et
1510 2090 1666 2118 abscondita.
1693 2090 1751 2118 Non
1773 2091 1849 2125 dixit,

1061 2135 1164 2163 Invenit
1178 2144 1184 2162 :
1198 2135 1255 2168 sed,
1273 2135 1375 2162 Revela!
1397 2136 1455 2163 aliis
1468 2144 1527 2171 qua:
1541 2136 1670 2171 profunda
1691 2136 1767 2165 nobis
1787 2141 1852 2164 sunt

1062 2186 1084 2208 et
1097 2181 1254 2214 abscondita,
1271 2189 1330 2216 quze
1345 2182 1423 2217 longo
1438 2186 1558 2217 tempore
1569 2181 1722 2215 dissociata,
1738 2190 1852 2217 quicque

1061 2226 1162 2254 occulta
1174 2231 1258 2254 erant.
1273 2226 1432 2261 Cognoscens
1442 2235 1497 2262 qua:
1507 2227 1534 2254 in
1548 2226 1655 2254 tenebris
1674 2228 1815 2254 exsistunt:
1829 2233 1852 2255 el

1062 2273 1106 2300 tua;
1118 2281 1175 2299 cum
1187 2281 1215 2299 eo
1225 2277 1271 2300 est.
1288 2273 1354 2299 Vide
1374 2273 1437 2308 quid
1458 2273 1538 2300 dicat.
1559 2273 1788 2307 Quemadmodum
1817 2274 1853 2301 ait

1062 2319 1143 2346 David
1160 2327 1167 2344 τ
1182 2318 1255 2346 Sicut
1275 2319 1381 2346 tenebrte
1391 2319 1454 2355 ejus,
1468 2319 1504 2345 ita
1526 2323 1549 2346 et
1567 2319 1653 2346 lumen
1672 2319 1726 2354 ejus
1750 2318 1760 2355 (
1777 2318 1851 2346 Psal.

1063 2364 1123 2392 158.
1147 2363 1191 2401 ‘2).
1219 2364 1425 2401 Magnitudinem
1449 2364 1607 2399 cognitionis
1631 2365 1775 2400 signiﬁcat,
1803 2371 1850 2392 seu

1062 2411 1122 2445 quia
1135 2410 1198 2438 licet
1215 2411 1327 2438 obscura
1339 2410 1408 2444 sint,
1430 2410 1465 2437 illi
1480 2410 1559 2436 nulla:
1573 2414 1635 2436 sunt
1647 2410 1763 2437 tenebra:
1773 2430 1781 2443 ,
1806 2417 1852 2437 seu

1062 2458 1123 2492 quia
1137 2458 1194 2493 ipse
1209 2465 1301 2485 eorum
1318 2457 1406 2484 lumen
1422 2461 1472 2484 est.
1487 2456 1625 2490 Quomodo
1646 2457 1782 2491 cognoscit
1794 2465 1852 2491 (ιυίε

1064 2504 1090 2531 iu
1115 2504 1233 2532 tenebris
1252 2503 1423 2537 sunt?Quasi
1444 2503 1488 2538 qui
1512 2510 1603 2529 secum
1628 2502 1717 2529 lumen
1746 2502 1851 2530 habeat.

1064 2551 1127 2579 Cum
1137 2560 1165 2579 eo
1178 2557 1330 2586 estsemper.
1347 2552 1465 2579 Humano
1479 2550 1559 2578 modo
1574 2550 1700 2585 loquitur.
1726 2549 1800 2578 Sicut
1815 2550 1853 2576 ni-

1064 2597 1100 2624 hil
1114 2603 1154 2625 est
1168 2598 1337 2625 tenebrosum
1354 2596 1390 2623 illi
1405 2597 1448 2631 qui
1462 2596 1598 2624 lucernam
1611 2604 1751 2624 accensam
1763 2597 1853 2630 habet,

1066 2644 1102 2671 ita
1121 2652 1206 2679 neque
1219 2644 1290 2676 Deo;
1306 2644 1359 2670 imo
1371 2650 1444 2676 vero,
1459 2643 1548 2678 siquid
1557 2643 1670 2678 amplius
1685 2643 1736 2670 dici
1749 2647 1852 2678 potest:

1065 2699 1160 2727 nempe
1170 2692 1238 2718 sicut
1249 2692 1272 2718 ei
1285 2691 1329 2725 qtti
1343 2691 1430 2717 lumen
1443 2685 1522 2717 habet
1531 2690 1556 2716 in
1564 2689 1658 2722 oculis,
1667 2693 1694 2716 et
1702 2689 1725 2716 ei
1735 2690 1778 2724 qui
1789 2689 1852 2716 illud

1065 2746 1171 2774 semper
1178 2737 1340 2768 circumfert,
1351 2735 1406 2771 ipsa
1414 2737 1459 2763 lux
1469 2740 1520 2763 est.
1529 2735 1595 2768 Tibi,
1602 2734 1671 2762 Deus
1679 2740 1778 2770 patrum
1788 2743 1855 2761 meo-

1064 2796 1131 2820 rum,
1146 2786 1240 2820 inquit,
1250 2784 1380 2818 canﬁteor,
1390 2787 1412 2809 te
1421 2782 1573 2816 laudo,quia
1580 2781 1730 2817 sapientiam
1747 2786 1770 2807 et
1780 2781 1855 2806 intel-

1066 2833 1193 2869 ligentiam
1205 2831 1294 2858 dedisti
1309 2830 1380 2857 mihi.
1395 2829 1548 2864 Opportune
1557 2833 1661 2863 patrum
1669 2827 1711 2854 hic
1724 2826 1854 2858 meminit,

1067 2888 1114 2917 per
1128 2879 1188 2907 illos
1204 2879 1287 2906 Deum
1301 2877 1416 2911 flectere,
1429 2883 1460 2904 ac
1478 2875 1558 2904 veluti
1577 2873 1676 2910 pudore
1683 2872 1788 2900 afficere
1805 2879 1850 2899 cu-
