2072 3123
217 148 270 176 203

218 205 294 239 piens
309 214 315 232 :
332 203 554 240 quemadmodum
575 204 596 230 si
611 203 669 238 quis
686 203 710 230 in
724 202 880 230 memoriam
900 202 1010 237 alicujus

215 251 286 278 acris
292 250 427 283 amatoris,
435 257 539 277 amores
548 249 696 277 reduceret.
704 247 839 282 Conﬁteor,
850 246 942 282 inquit,
949 254 1010 282 gra-

218 297 266 323 tius
273 304 333 331 ago,
342 301 364 324 et
374 295 459 329 lauda,
466 295 525 331 quia
535 294 683 329 sapientiam
691 298 713 320 et
721 293 912 328 intelligentiam
919 292 1010 319 dedisti

218 342 289 368 mihi.
311 341 397 374 Quam
409 345 487 367 antea
505 339 620 367 habebat
637 339 749 366 scilicet.
764 337 798 364 Et
811 346 877 365 nunc
890 342 949 364 nota
969 339 1007 373 [e-

216 387 271 413 cisti
284 387 345 413 mihi
357 394 413 421 qua:
426 386 567 421 rogavimus
580 390 612 412 te.
634 384 784 412 Verisimile
798 383 902 411 videtur
913 384 1008 412 Danie-

215 433 267 460 lem
283 433 361 460 etiam
379 432 429 459 alia
443 433 560 466 petiisse,
581 430 648 458 adeo
666 434 694 457 ut
706 430 887 465 cerijecturam
903 437 1008 465 quoque

214 478 253 506 illi
265 479 334 506 Deus
347 478 478 505 indicarit.
490 478 535 504 25.
548 487 557 503 ι
571 477 648 511 Quia,
663 486 672 502 ι
691 477 785 511 inquit,
800 486 809 503 ‹
824 478 956 505 somnium
965 485 1007 505 re-

213 525 254 559 gis
287 524 460 552 manifestasti
479 524 554 551 mihi.
579 523 624 552 24.
656 524 688 551 Et
707 524 796 551 statim
819 525 892 552 venit
915 524 1007 552 Daniel

214 571 247 598 ad
263 571 404 598 Arioehnm
415 591 422 603 ,
445 578 524 605 quem
541 570 724 604 constituerat,
742 580 751 597 ›
772 570 873 605 inquit,
892 580 902 595 ι
916 577 962 597 rex
978 574 1007 597 ut

215 617 339 650 perderet
353 617 485 650 sapientes
503 615 655 651 Babylonis,
679 621 705 643 et
724 616 789 643 dixit
809 616 834 644 ei
847 625 854 644 τ
868 616 1006 650 Sapientes

214 661 355 696 Babylonis
371 669 403 688 ne
418 660 532 696 perdas;
548 661 671 688 introduc
686 666 773 688 autem
789 669 832 688 me
849 662 874 688 in
889 669 1005 697 conspe-

213 712 284 735 ctum
306 707 386 742 regis,
410 712 437 734 ct
459 707 621 735 annuntiabo
649 708 702 742 regi
723 708 903 742 conjecturam
923 707 1004 734 visio-

213 753 264 781 nis.
283 763 292 780 ι
308 753 432 781 Cucurrit
444 753 477 780 ad
488 761 559 787 eum,
575 758 602 781 et
612 754 664 780 ait:
681 754 814 789 Sapientes
825 753 962 789 Babylonis
975 763 1006 782 ne

213 800 315 834 perdas.
339 800 467 834 Quisnam
484 800 518 828 de
546 800 596 827 illis
620 808 708 827 curam
731 800 886 828 habuisset?
910 800 1005 835 Aspice

213 845 349 880 propheta:
365 845 555 872 humanitatem
578 853 609 872 ae
629 846 870 873 mansuetudinem.
893 845 946 873 Sed
959 854 1005 873 au-

212 890 284 918 ditus
297 898 348 918 non
368 890 470 922 fuisset,
492 891 542 918 nisi
556 895 582 918 et
601 891 665 918 illud
679 891 841 918 addidisset:
858 901 867 917 ‹
881 891 1004 918 Introduc

213 943 266 969 me,
283 945 292 962 ν
310 936 404 970 inquit,
421 945 430 961 ι
444 941 472 963 et
486 936 648 963 annuntiabo
660 937 715 971 regi
729 936 909 971 conjecturam
924 937 1004 965 visio-

212 981 263 1008 nis.
276 980 322 1008 25.
335 981 410 1008 Tunc
427 981 568 1014 Ariochus,
586 991 595 1007 ι
613 982 706 1017 inquit,
724 991 733 1007 ‹
748 982 892 1010 introduxit
906 983 1003 1010 Danie-

212 1028 264 1059 lem
278 1027 303 1054 in
319 1026 488 1054 festinatione
503 1027 529 1054 in
551 1032 722 1062 conspectum
737 1028 807 1063 regis
821 1033 848 1055 et
862 1028 946 1055 dixit:
962 1029 1004 1056 ln-

210 1074 270 1100 vcni
284 1074 370 1100 virum
385 1073 419 1100 de
433 1073 493 1100 filiis
511 1073 671 1108 captivitatis
685 1073 794 1106 Judmac,
812 1074 856 1108 qui
867 1074 1002 1109 eonjcctu-

211 1127 267 1148 ram
282 1120 448 1147 annuntiabit
461 1120 527 1154 regi.
544 1120 582 1147 De
607 1119 669 1147 ﬁliis
689 1120 858 1154 captivitatis,
870 1130 879 1146 ›
906 1120 1000 1156 inquit,

213 1174 222 1190 ι
241 1165 327 1192 inveni
342 1165 438 1192 virum.
458 1174 467 1190 ι
485 1164 541 1192 Non
563 1164 656 1199 puduit
669 1165 785 1200 generis.
805 1165 855 1193 Ubi
876 1166 947 1193 enim
960 1166 1002 1193 in-

209 1210 312 1238 cumbit
323 1210 468 1238 necessitas
481 1210 575 1244 major,
591 1210 657 1237 nihil
671 1211 764 1238 horum
780 1211 939 1246 requiritur;
953 1212 1000 1240 sed

211 1256 303 1288 fastus,
319 1255 364 1290 qui
383 1255 450 1283 solet
470 1255 590 1282 comitari
610 1256 821 1291 prosperitatem,
839 1261 909 1284 totus
929 1264 1001 1285 com-

209 1303 340 1338 prinutur.
357 1302 406 1335 Qui
421 1302 492 1329 enim
505 1305 625 1337 aegrotat,
638 1302 732 1330 medici
749 1303 914 1331 nobilitatem
923 1311 1000 1330 tium-

208 1356 285 1383 quam
306 1349 409 1375 curiose
423 1347 552 1382 inquiret;
572 1351 600 1374 et
620 1347 672 1375 alio
690 1348 715 1375 in
731 1348 849 1383 periculo
867 1349 999 1377 exsistens

208 1393 287 1420 homo
303 1401 355 1420 non
370 1397 472 1428 sataget
483 1400 516 1420 an
531 1393 635 1425 nobilis,
650 1400 684 1420 au
697 1401 761 1421 vero
770 1394 804 1421 de
819 1394 895 1428 plebe
905 1395 940 1422 sit
953 1395 998 1423 ille

207 1440 319 1474 quieum
328 1445 340 1464 a
347 1437 476 1472 periculis
484 1439 519 1465 sit
533 1443 683 1474 erepturus,
703 1439 750 1466 sed
768 1447 850 1467 unum
861 1440 999 1468 dumtaxat

206 1489 317 1519 qmnret,
334 1483 459 1511 nimirum
473 1484 666 1512 liberationem.
684 1484 748 1518 Quis
766 1493 818 1512 non
840 1485 940 1520 pudore
956 1485 996 1512 af-

206 1529 290 1557 fectus
317 1530 418 1564 fuisset,
439 1530 499 1565 quis
518 1537 571 1558 non
590 1530 749 1564 erubuisset,
772 1538 884 1558 cernens
903 1538 997 1559 omnes

206 1576 297 1610 patria:
318 1583 373 1603 sua:
391 1576 525 1610 sapientes
547 1575 671 1608 interfici,
686 1576 806 1610 captivos
821 1584 884 1604 vero
899 1576 994 1609 inﬂari,

205 1626 230 1648 et
244 1620 278 1648 de
289 1629 318 1648 se
328 1620 467 1656 magniﬁce
481 1621 599 1649 sentire?
617 1621 799 1657 Nequaquam.
815 1622 916 1649 Horum
931 1622 996 1650 nihil

205 1667 261 1702 ipse
275 1668 399 1702 cogitavit
415 1676 421 1694 :
438 1667 485 1695 sed
500 1667 613 1695 festinus
626 1671 654 1695 et
668 1668 711 1695 ille
726 1669 839 1700 vocavit,
857 1673 883 1696 et
896 1668 940 1696 hic
957 1669 996 1696 in-

204 1713 357 1748 terrogavit,
373 1721 425 1740 non
439 1713 552 1748 amplius
567 1721 628 1741 cum
641 1713 734 1741 eadem
749 1714 909 1749 arrogantia.
926 1714 996 1742 Post-

203 1766 282 1792 quam
302 1759 372 1786 enim
395 1766 440 1786 rex
463 1759 599 1786 convictus
621 1763 662 1786 est
683 1766 731 1793 per
744 1759 948 1793 experientiam,
967 1767 995 1787 se

202 1803 329 1830 inutiliter
353 1811 384 1831 ac
404 1803 483 1830 stulta
501 1804 665 1838 perquirere,
689 1803 751 1838 quid
768 1804 821 1831 ait?
842 1804 887 1832 26.
904 1804 936 1831 Et
953 1814 994 1832 re-

202 1850 303 1882 spondit
318 1857 362 1876 γεω
373 1870 380 1881 ,
396 1854 419 1876 et
436 1850 501 1876 dixit
516 1848 618 1876 Danicli
627 1870 635 1881 ,
656 1850 729 1884 cujus
749 1857 839 1876 nomen
854 1849 972 1877 Baltasar
986 1858 995 1877 :

203 1894 312 1921 Potesne
333 1895 394 1920 milii
416 1895 561 1921 renuntiare
580 1895 703 1922 somnium
716 1895 783 1930 quod
801 1895 861 1927 vidi,
874 1900 896 1923 et
909 1897 994 1930 conje-

202 1946 299 1967 cturam
314 1941 368 1975 ejus
379 1941 391 1967 1’
406 1940 505 1976 Majdre
515 1949 575 1974 cum
587 1941 694 1968 lenitate
705 1941 820 1969 disserit.
836 1942 895 1969 Non
905 1942 970 1969 dixit
981 1951 987 1970 :

202 1987 230 2013 Si
246 1994 298 2014 non
313 1987 440 2021 potueris,
453 1986 546 2014 eadem
560 1995 619 2022 qua:
633 1987 678 2014 alii
701 1988 819 2022 patieris.
831 1987 899 2022 Quid
915 1989 995 2023 igitur

203 2032 315 2059 Daniel?
329 2032 374 2059 27.
392 2041 402 2057 ‹
419 2031 454 2059 Et
464 2032 601 2066 respondit
615 2032 708 2060 Daniel
721 2040 811 2060 coram
827 2041 899 2068 rege,
914 2038 940 2061 et
954 2033 994 2061 di—

201 2078 239 2104 xit
253 2086 259 2104 :
274 2077 439 2113 Mysterium,
458 2078 527 2113 quod
542 2085 589 2105 rex
603 2078 740 2113 perquirit,
759 2086 811 2106 non
830 2084 871 2106 est
885 2079 993 2114 sapien-

202 2129 268 2156 tum,
283 2131 430 2158 magorum,
447 2124 651 2157 incantatorum,
666 2131 715 2152 nec
735 2124 931 2152 Gazarenorum
947 2133 994 2160 po-

202 2173 283 2196 te~tas
296 2168 454 2196 annuntiare
468 2168 523 2204 regi
540 2177 546 2195 :
559 2168 604 2196 ‘28.
619 2169 665 2195 sed
680 2173 720 2196 est
736 2169 802 2196 Deus
822 2170 846 2196 in
859 2170 935 2203 cmlo,
947 2171 992 2205 qui

201 2215 300 2242 revelat
314 2215 439 2250 mysteria
455 2223 462 2241 :
478 2220 504 2242 et
517 2220 578 2242 nota
597 2214 658 2242 fecit
673 2215 728 2250 regi
739 2215 993 2244 Nabucliodouosori

201 2270 260 2296 quin
282 2265 402 2296 oporteat
427 2261 484 2289 liet'i
505 2262 531 2289 in
549 2262 701 2289 novissimis
726 2262 828 2290 diebus.
848 2273 857 2289 ›
874 2263 991 2292 Observa

201 2308 366 2342 prudentiam
385 2307 530 2342 prophetae.
543 2307 676 2334 Noudixit
693 2309 792 2340 statim,
812 2309 922 2336 Possum
943 2317 992 2336 an-

201 2353 322 2380 nuntiare
338 2352 383 2379 tibi
398 2361 403 2378 :
421 2352 469 2379 sed
482 2352 553 2387 quod
572 2357 634 2379 ante
648 2353 736 2379 omnia
750 2354 889 2388 oportebat
901 2362 990 2389 regem

199 2398 278 2430 scire,
292 2397 319 2425 id
332 2397 407 2425 dicit.
421 2397 580 2432 Mysterium,
596 2398 689 2432 inquit,
704 2399 771 2432 quod
783 2407 827 2426 rea;
840 2400 988 2435 interrogat,

196 2443 331 2477 sapientes,
347 2442 425 2476 magi,
441 2442 618 2475 incantatorcs,
639 2443 763 2470 Gazareni
779 2450 901 2478 nequeunt
922 2445 989 2471 indi-

197 2496 255 2514 care
269 2487 342 2522 regi:
356 2492 391 2514 est
407 2487 474 2514 Deus
485 2488 512 2514 in
528 2488 588 2515 casio
601 2489 643 2523 qui
662 2489 753 2516 revelat
774 2490 902 2524 mysteria.
919 2492 991 2526 Apo-

198 2535 292 2569 logiam
307 2533 368 2561 facit
379 2541 427 2568 pro
438 2534 470 2561 iis
480 2534 524 2568 qui
535 2534 631 2569 injuste
645 2535 724 2563 occisi
739 2535 852 2567 fuerant,
865 2541 891 2563 et
901 2541 990 2564 osten-

197 2580 236 2606 dit
251 2587 303 2606 non
319 2587 348 2606 se
361 2587 421 2607 esse
439 2580 483 2614 qui
504 2587 560 2607 rem
578 2581 700 2616 explicet.
727 2581 784 2609 Non
807 2582 876 2615 ideo,
894 2583 986 2618 inquit,

198 2625 251 2652 dixi
264 2625 332 2652 istud
345 2633 482 2660 magorum
497 2633 549 2652 non
564 2634 634 2659 esse,
649 2632 676 2653 ut
696 2635 739 2654 me
753 2627 837 2661 ipsum
860 2628 913 2655 illis
932 2628 988 2655 cla-

197 2672 295 2697 riorem
311 2670 422 2698 facerem
436 2679 444 2703 ;
460 2671 505 2698 sed
522 2676 548 2698 ut
572 2671 669 2705 discas,
692 2672 762 2706 quod
784 2681 869 2708 neque
890 2681 938 2708 ego
961 2673 988 2701 id

197 2715 342 2742 secundum
359 2716 498 2743 humanum
513 2721 634 2743 naturam
657 2717 772 2751 profero.
789 2718 820 2744 At
834 2724 868 2745 est
881 2718 951 2745 Deus
960 2720 988 2745 in

196 2762 267 2789 uelo.
280 2762 337 2789 Non
353 2762 405 2790 illic
418 2763 501 2790 Deum
515 2763 665 2796 concludit;
680 2764 725 2791 sed
737 2769 870 2800 tamquam
882 2765 914 2793 ad
928 2766 988 2793 bar-

197 2808 287 2836 barum
302 2809 408 2836 interim
419 2809 545 2844 loquitur.
559 2817 672 2844 eumque
685 2817 699 2836 a
716 2815 783 2837 terra
794 2811 900 2839 abducit
912 2821 919 2839 :
933 2820 985 2839 non

197 2854 263 2881 sicut
277 2855 312 2882 dii
328 2855 408 2883 vcstri
426 2855 469 2890 qui
492 2855 561 2882 circa
578 2859 675 2882 terram
696 2856 856 2884 volutantur.
875 2857 907 2884 Et
927 2862 985 2885 noti

573 146 600 174 S.
621 145 760 174 JOANNIS
778 144 1015 174 CIIRYSOSTOMI
1036 145 1195 173 ARCIIIEP.
1215 145 1483 176 CONSTANTINOP.

1802 148 1854 176 20/2

1063 202 1122 237 fecit
1139 202 1192 237 regi
1214 202 1459 231 Nabuchodonosori
1478 212 1535 239 qua:
1548 206 1633 240 futura
1647 205 1696 232 sint
1713 205 1740 232 in
1760 205 1854 233 ultimis

1063 248 1223 283 temporibus.
1249 249 1323 282 Vide,
1346 257 1394 284 per
1415 249 1554 284 aenigmata
1575 250 1714 283 edisserit;
1731 254 1758 278 et
1772 255 1854 278 totam

1062 301 1196 321 summam
1210 294 1319 322 visionis
1333 295 1358 322 in
1378 295 1488 322 exordio
1503 295 1715 330 comprehendit,
1731 297 1854 332 regisque

1061 344 1177 366 tneutcm
1199 345 1312 373 recreat,
1332 340 1396 367 dum
1410 340 1474 367 nihil
1496 348 1586 375 grave,
1606 349 1692 376 neque
1711 342 1853 369 molestum

1061 384 1165 412 ell'atur.
1184 393 1193 410 (
1208 385 1348 412 Somnium
1368 390 1450 419 tuutn,
1465 395 1474 411 ι
1489 386 1582 421 inquit,
1602 395 1612 412 ‹
1626 392 1652 414 ct
1674 387 1790 414 visiones
1810 395 1855 415 ca-

1061 432 1122 466 pitis
1138 432 1172 458 tni
1188 432 1213 458 in
1226 432 1305 459 cubili
1320 436 1364 459 tuo
1379 441 1385 458 :
1401 432 1452 459 hoc
1466 437 1508 460 est
1523 442 1529 459 :
1544 433 1589 460 29.
1605 433 1785 468 Cogitationes
1801 439 1853 462 tute

1060 477 1085 504 in
1101 477 1188 504 cubile
1209 482 1280 504 tunm
1303 478 1490 511 ascenderunt,
1508 479 1569 513 quid
1585 483 1707 513 oporteat
1721 479 1778 507 ﬁeri
1792 483 1852 514 post

1061 523 1127 550 ha-c.
1141 523 1173 550 Et
1185 524 1227 557 qui
1241 523 1340 550 revelat
1350 524 1486 558 mysteria,
1499 524 1623 551 indicavit
1638 524 1684 551 tibi
1699 532 1759 560 qua:
1771 532 1852 559 opor-

1059 574 1112 596 teat
1126 569 1192 596 tieri.
1214 579 1223 596 ι
1241 569 1280 596 Ex
1294 569 1365 605 vulgi
1380 570 1505 604 opinione
1518 571 1644 605 loquitur,
1660 571 1734 605 quasi
1750 573 1851 598 somnia

1059 623 1138 650 super
1153 620 1231 650 caput
1244 621 1313 643 stent
1334 616 1452 651 (Homer.
1468 615 1505 644 Il.
1526 616 1558 643 Β.
1573 617 1627 651 20)
1640 637 1648 650 ,
1665 624 1711 644 seu
1728 617 1799 652 quod
1817 617 1852 644 ibi

1058 662 1092 689 sit
1105 662 1278 689 ratiocinandi
1297 662 1347 695 vis,
1370 670 1417 690 seu
1438 670 1486 697 per
1503 667 1583 698 caput
1603 663 1725 698 designat
1736 663 1851 691 oculos:

1058 712 1087 735 ut
1099 708 1178 741 dicat,
1191 708 1230 734 Tu
1244 708 1379 743 prmbuisti
1394 716 1510 735 causam.
1530 708 1584 736 Nec
1606 709 1761 744 simpliciter
1773 709 1850 742 dixit,

1059 753 1128 780 Deus
1143 753 1189 780 tibi
1211 753 1400 787 manifestavit,
1420 754 1477 787 sed,
1497 753 1638 789 Cogitabas
1651 754 1714 789 quid
1735 754 1850 782 futurum

1057 803 1127 826 esset
1139 804 1199 833 post
1211 799 1277 826 hmc.
1290 799 1355 833 Quia
1367 800 1437 827 enim
1453 799 1543 827 orbem
1559 804 1689 827 terrarum
1704 800 1848 834 devicerat,

1057 844 1197 879 reputabat
1210 852 1310 877 secum,
1326 852 1390 872 num
1403 844 1437 872 ad
1457 844 1555 872 liberos
1576 845 1631 880 ipse
1647 853 1757 881 regnum
1779 851 1851 873 esset

1058 889 1280 921 transmissurus,
1299 889 1355 916 sive
1372 897 1406 916 an
1430 890 1576 918 moriturus
1594 895 1674 918 esset.
1700 890 1765 918 Nam
1783 892 1852 919 solet

1057 935 1253 969 quodammodo
1267 935 1421 971 magnitudo
1437 936 1540 970 imperii
1553 936 1632 963 etiam
1648 944 1696 964 nos
1711 937 1809 964 ducere
1823 937 1848 964 in

1055 980 1215 1007 oblivionem
1232 984 1342 1012 naturrc,
1357 985 1384 1007 et
1397 981 1466 1015 quod
1490 982 1609 1008 mortalis
1629 989 1659 1009 ea
1684 982 1728 1009 sit.
1751 982 1850 1009 Verisi-

1055 1025 1118 1051 mile
1134 1025 1211 1060 igitur
1224 1029 1266 1052 est
1281 1026 1366 1059 illum,
1383 1034 1442 1053 cum
1457 1026 1593 1054 incidisset
1607 1026 1631 1053 in
1643 1027 1749 1062 pelagus
1764 1032 1790 1055 et
1807 1029 1847 1055 in-

1056 1069 1157 1097 ﬁnitum
1172 1071 1368 1098 multitudinem
1383 1071 1487 1099 fortiter
1501 1079 1532 1099 ac
1547 1072 1673 1106 przeclare
1688 1081 1701 1099 ι]
1718 1080 1747 1100 se
1760 1077 1849 1108 gesto-

1055 1123 1124 1148 rum,
1139 1123 1190 1142 non
1211 1115 1353 1143 admodum
1377 1117 1522 1144 credidisse
1543 1118 1698 1144 moriturum
1723 1125 1782 1145 esse
1806 1125 1847 1146 se.

1055 1161 1125 1188 Idem
1141 1169 1245 1195 quoque
1259 1169 1353 1196 passus
1368 1166 1408 1188 est
1420 1161 1488 1189 alius
1504 1170 1549 1190 rex
1566 1162 1733 1198 (a).ldeoque
1752 1167 1778 1190 et
1789 1164 1844 1198 qui-

1053 1206 1112 1233 dam
1129 1206 1162 1233 ad
1175 1207 1260 1241 ipsum
1275 1207 1380 1234 dicebat
1395 1216 1401 1232 ι
1425 1207 1462 1234 Tu
1480 1215 1537 1235 vero
1554 1208 1629 1235 homo
1653 1217 1689 1242 es,
1711 1217 1760 1236 non
1778 1209 1847 1237 Deus

1054 1251 1161 1287 (Ezcclt.
1180 1253 1225 1280 98.
1239 1252 1266 1287 2)
1280 1261 1288 1280 :
1308 1253 1340 1280 ad
1361 1253 1469 1289 Tyrium
1492 1262 1587 1290 nempe
1601 1254 1772 1290 loquens.,Et
1786 1256 1847 1283 vide

1052 1297 1185 1332 quomodo
1210 1298 1309 1333 alisque
1332 1298 1440 1326 vulnere
1464 1299 1548 1334 ipsum
1578 1300 1757 1335 reprehendit.
1786 1301 1845 1329 Non

1051 1344 1121 1371 enim
1132 1343 1207 1375 dixit,
1224 1344 1280 1372 lloc
1293 1345 1442 1379 suspicatus
1459 1353 1488 1373 es
1505 1353 1535 1372 ac
1555 1347 1687 1381 sperasti:
1703 1347 1759 1379 sed,
1778 1347 1846 1381 Quid

1050 1395 1146 1425 oportet
1157 1390 1213 1424 ﬁeri
1233 1396 1288 1426 post
1307 1391 1380 1417 ha‘c?
1393 1393 1444 1418 ista
1462 1397 1550 1420 mente
1565 1393 1693 1428 agitahas,
1707 1401 1738 1421 ac
1758 1398 1844 1421 tecum
1887 1400 1890 1402 '

1052 1435 1194 1470 reputabas
1208 1444 1214 1462 :
1231 1436 1355 1471 quidnam
1377 1437 1477 1464 scilicet
1493 1438 1607 1465 futurum
1623 1443 1704 1466 esset.
1723 1438 1756 1466 lu
1769 1439 1845 1466 cubili

1051 1486 1102 1509 tuo.
1118 1481 1184 1509 Cum
1199 1483 1286 1510 nullus
1299 1489 1370 1510 esset
1384 1483 1427 1518 qui
1443 1483 1614 1517 obturbaret,
1630 1485 1677 1513 sed
1698 1486 1802 1513 animus
1817 1486 1842 1513 in

1049 1528 1138 1563 quiete
1168 1533 1339 1562 versaretur;
1365 1529 1471 1564 quando
1497 1531 1630 1566 prmcipue
1654 1532 1842 1567 cogitationum

1050 1576 1126 1602 turba
1145 1583 1194 1603 nos
1214 1576 1324 1609 invadit,
1349 1577 1437 1612 quiete
1460 1582 1538 1612 atque
1558 1578 1614 1605 otio
1637 1578 1759 1606 abutens.
1782 1578 1844 1606 Ideo

1049 1620 1139 1648 multis
1152 1628 1210 1648 mos
1223 1625 1263 1648 est
1280 1625 1384 1656 tempus
1399 1622 1464 1649 illud
1483 1623 1508 1649 in
1524 1623 1644 1651 oratione
1659 1630 1818 1652 consumere
1833 1633 1840 1652 :

1048 1665 1108 1700 quia
1120 1666 1218 1693 scilicet
1233 1671 1294 1693 tunc
1304 1667 1407 1694 animus
1421 1668 1535 1701 otiatur;
1548 1673 1574 1696 et
1589 1677 1712 1704 magnum
1723 1670 1842 1704 capimus

1048 1711 1247 1744 detrimentum,
1261 1713 1282 1739 si
1302 1717 1364 1740 tunc
1383 1713 1484 1741 inertim
1501 1722 1548 1741 nos
1569 1714 1731 1743 dederimus.
1754 1715 1785 1742 Et
1798 1716 1842 1751 qui

1047 1758 1140 1785 revelat
1155 1760 1281 1794 mysteria,
1297 1760 1416 1786 indicavit
1430 1760 1474 1787 tibi
1486 1769 1543 1796 qua:
1557 1766 1670 1796 oporteat
1682 1763 1746 1796 ﬁeri.
1763 1763 1841 1797 Aspi-

1048 1810 1088 1835 ce,
1106 1803 1200 1830 iterum
1212 1804 1267 1837 jam
1289 1804 1336 1832 Dei
1355 1806 1486 1832 meminit.
1499 1805 1554 1833 Nec
1573 1807 1598 1834 id
1621 1807 1774 1842 vulgariter.
1790 1808 1842 1836 Sed

1048 1849 1102 1876 illic
1119 1849 1225 1884 quidem
1247 1851 1284 1877 ait
1304 1859 1311 1875 :
1331 1859 1340 1876 4
1356 1851 1405 1884 Qui
1425 1857 1464 1878 est
1489 1852 1515 1879 in
1538 1853 1620 1886 caelo;
1637 1863 1645 1879 ι
1670 1853 1712 1882 hic
1731 1858 1840 1882 autem:

1050 1903 1059 1920 ‹
1077 1895 1126 1928 Qui
1145 1895 1245 1922 revelat
1265 1896 1413 1931 mysteria.)
1427 1897 1468 1925 50.
1476 1897 1507 1924 Et
1528 1898 1594 1925 mihi
1615 1902 1703 1926 autem
1728 1907 1780 1927 non
1796 1907 1840 1927 sa-

1048 1940 1155 1975 pientia,
1167 1949 1226 1975 quae
1236 1941 1264 1968 fit
1278 1942 1303 1968 in
1316 1950 1359 1969 me
1371 1950 1424 1977 pra:
1433 1943 1555 1970 omnibus
1569 1945 1725 1979 viventibus,
1739 1951 1840 1981 myste-

1046 1985 1115 2012 rium
1137 1985 1186 2013 hoc
1204 1986 1351 2014 revelatum
1373 1992 1414 2015 est
1434 1996 1441 2014 :
1463 1988 1509 2015 sed
1534 1994 1562 2015 ut
1582 1989 1763 2024 conjecturam
1784 1991 1839 2025 regi

1046 2031 1171 2063 indicem,
1199 2036 1226 2059 et
1247 2036 1276 2059 ut
1299 2039 1445 2067 cognoscas
1463 2034 1635 2069 cogitatiwnes
1656 2035 1743 2062 cordis
1759 2036 1806 2062 tui.
1827 2045 1837 2061 ι

1046 2077 1159 2104 Tantum
1174 2084 1226 2104 non
1237 2077 1329 2106 dicens
1341 2086 1347 2105 :
1359 2077 1439 2114 Origo
1454 2079 1614 2106 inventionis
1627 2088 1679 2107 non
1693 2085 1733 2108 est
1748 2088 1762 2108 a
1774 2089 1816 2108 me
1829 2090 1836 2107 :

1046 2123 1093 2149 sed
1109 2130 1194 2158 neque
1209 2124 1235 2150 in
1255 2131 1288 2150 eo
1303 2124 1360 2158 ipso
1373 2124 1442 2158 quod
1461 2132 1517 2152 rem
1544 2129 1641 2160 praeter
1657 2125 1724 2153 alios
1739 2126 1839 2153 didice-

1046 2169 1106 2201 rim,
1122 2169 1225 2196 caeteris
1250 2169 1432 2204 praeferendus
1451 2178 1519 2197 sum.
1544 2171 1600 2198 Non
1622 2172 1692 2199 enim
1712 2173 1771 2207 quia
1795 2180 1839 2200 me

1045 2215 1193 2249 sapientem
1207 2223 1267 2242 esse
1285 2216 1401 2250 agnovit,
1421 2216 1447 2243 id
1462 2216 1533 2243 Deus
1549 2217 1618 2244 fecit.
1635 2216 1662 2244 Si
1677 2218 1748 2244 enim
1767 2223 1839 2252 post-

1044 2268 1123 2295 quam
1139 2261 1188 2287 ista
1208 2260 1319 2289 dixisset
1336 2261 1437 2294 Daniel,
1460 2261 1544 2296 ipsum
1570 2267 1598 2288 ut
1618 2263 1699 2290 lleum
1719 2262 1838 2290 adoravit

1044 2314 1109 2333 rex:
1123 2306 1185 2341 quid
1199 2308 1220 2334 si
1235 2306 1259 2334 id
1275 2307 1448 2342 proloquutus
1464 2316 1515 2335 non
1536 2308 1643 2336 fuisset?
1662 2309 1712 2336 Sed
1729 2315 1838 2344 propter

1045 2355 1079 2382 te,
1097 2351 1189 2386 inquit.
1212 2351 1251 2379 Tu
1274 2352 1339 2379 mihi
1361 2354 1460 2387 gratias
1482 2354 1580 2381 habere
1600 2361 1652 2381 non
1675 2354 1766 2388 debes,
1789 2355 1836 2382 sed

1043 2404 1092 2431 ego
1104 2397 1149 2424 tibi
1165 2405 1171 2423 :
1185 2401 1213 2424 ut
1228 2397 1298 2424 enim
1313 2402 1340 2424 tu
1352 2397 1524 2433 intelligeres.
1539 2407 1588 2433 ego
1603 2399 1692 2427 didici.
1707 2400 1793 2427 Cerne
1809 2405 1838 2427 ut

1043 2442 1116 2468 illum
1136 2443 1258 2470 conciliet
1281 2443 1347 2475 Deo,
1367 2448 1395 2471 et
1413 2448 1441 2470 ut
1462 2444 1579 2471 futurum
1594 2445 1662 2471 circa
1679 2453 1738 2472 eum
1755 2446 1838 2472 mira-

1043 2488 1140 2521 culum,
1172 2489 1236 2515 item
1260 2496 1380 2516 amorem
1406 2489 1588 2517 vehementem
1610 2498 1672 2525 erga
1691 2499 1768 2522 eum,
1790 2499 1837 2525 per

1043 2534 1259 2569 anticipationem
1284 2536 1338 2562 Deo
1355 2536 1482 2570 assignet.
1506 2536 1556 2569 Qui
1568 2537 1639 2563 cnim
1661 2537 1771 2564 edoctus
1784 2542 1835 2569 est,

1043 2580 1113 2615 quod
1130 2580 1200 2608 Deus
1210 2580 1237 2607 in
1252 2580 1379 2608 honorem
1395 2582 1475 2616 ipsius
1490 2582 1515 2608 id
1530 2583 1592 2617 egit.
1609 2582 1783 2616 proculdubio
1798 2582 1836 2609 illi

1041 2625 1196 2652 conciliatus
1208 2630 1258 2653 est.
1271 2625 1307 2653 Te
1318 2626 1410 2661 magis,
1423 2626 1516 2662 inquit,
1531 2626 1679 2660 honoravit,
1691 2635 1769 2662 quam
1782 2635 1834 2654 me.

1042 2670 1123 2698 Vides
1142 2678 1221 2705 quam
1245 2671 1401 2699 ambitiosus
1419 2680 1473 2699 non
1491 2672 1527 2700 sit
1543 2673 1659 2707 juvenis,
1679 2678 1759 2708 utque
1782 2681 1834 2701 non

1073 2770 1109 2806 (τι)
1116 2769 1266 2806 _ilb0balus~
1275 2771 1395 2806 nimirum.
1403 2802 1409 2806 _
1415 2771 1528 2796 uomeria
1548 2771 1640 2806 labitur
1658 2773 1834 2802 Theodoretus,

1040 2801 1086 2834 qui
1094 2801 1122 2825 ad
1134 2801 1275 2834 Dan4."2,[t6,
1284 2801 1538 2834 tSahuchodonosorem
1547 2803 1731 2834 interpretatur.
1740 2805 1835 2828 [tectius

1037 2832 1068 2867 ad
1078 2832 1164 2866 .lazech.
1230 2832 1253 2867 Ξ)
1263 2833 1460 2867 principcm’l‘yri
1474 2834 1591 2867 agnoscit.
1602 2831 1686 2859 A'llinis
1694 2841 1762 2860 error
1769 2834 1833 2867 apud

1040 2862 1174 2895 Origenem
1185 2864 1227 2889 lib.
1236 2863 1251 2887 4
1263 2862 1295 2888 de
1307 2862 1438 2894 Principiis,
1448 2862 1500 2896 cap:
1513 2865 1537 2889 2.
