2072 3123
196 114 249 142 205

193 177 254 199 ante
267 179 418 199 sermonem
434 173 609 208 aggrediatur,
622 181 699 208 quam
718 182 806 209 regem
817 174 955 204 abduxerit
970 184 985 204 a

194 225 286 251 magna
301 225 380 251 quam
394 218 426 245 de
440 218 497 252 ipsa
507 218 605 246 habere
619 220 749 254 potuisset
762 221 905 256 opinione?
914 223 986 255 Quo-

193 263 271 290 modo
282 262 361 298 igitur
375 263 487 298 gloriam
501 269 641 292 venaretur
661 265 764 298 Daniel,
781 267 825 300 qui
840 267 919 295 etiam
934 268 983 296 da-

195 313 246 334 tam
260 308 384 343 repellit?
397 309 431 336 Et
444 317 499 336 non
516 309 582 337 dixit
595 319 602 337 :
617 311 746 344 Quoniam
759 311 843 340 Deum
861 320 982 347 veneror,

191 355 316 389 quoniam
333 355 368 382 illi
381 355 442 390 plus
453 363 530 391 quam
551 357 640 384 czcteri
654 358 754 391 servio,
774 358 838 385 mihi
856 360 983 388 revelatio

191 401 258 427 facta
273 406 316 428 est
329 409 337 428 :
351 401 409 433 sed,
424 402 459 429 Ut
473 407 501 429 tu
516 402 635 430 disceres
649 403 718 438 quod
734 404 902 432 utilissimum
914 411 981 433 erat.

191 447 257 474 lilud
271 448 354 480 enim,
368 448 447 475 etiam
468 448 525 483 ipso
539 457 591 476 non
605 449 718 482 dicente,
734 450 759 478 in
778 455 895 479 mentem
908 452 983 480 audi-

190 499 275 522 torum
283 495 392 522 veniret.
405 496 449 523 δι.
462 505 472 521 ι
484 496 522 522 Tu
533 503 579 524 rex
589 497 706 530 videbas,
714 502 810 525 etecce
821 498 906 532 imago
916 506 978 532 una,

189 541 275 576 imago
283 541 327 568 illa
337 549 442 577 magna,
452 547 478 569 et
486 543 692 576 aspectus-illius
704 543 824 572 sublimis
832 550 906 573 stans
915 550 976 573 ante

188 587 281 615 faciem
291 592 373 622 tuam.
383 593 410 616 et
420 589 530 617 intuitus
543 590 601 625 ejus
613 590 745 618 terribilis.
754 591 797 619 52.
808 591 895 627 Imago
906 593 980 627 cujus

187 639 266 670 caput
277 643 310 663 ex
329 643 395 663 auro
408 644 493 671 puro;
509 645 605 664 manus
626 637 707 672 ipsius
722 643 749 666 et
767 643 860 673 pectus
876 643 900 666 et
917 639 978 666 bra-

186 680 246 708 chia
260 680 318 716 ejus
331 686 472 716 argentea;
489 687 582 710 venter
595 682 665 710 illius
681 688 707 710 et
719 683 820 711 femora
833 691 901 712 :erea
913 694 918 717 ;
933 685 976 712 55.

187 727 258 754 tibia:
279 727 501 763 ferrem;pcdes,
527 736 588 762 pars
611 729 718 763 quidem
737 729 857 764 quadam
880 729 976 762 ferrea,

185 781 246 807 pars
254 777 342 801 autem
351 774 471 809 quadam
483 778 608 801 testacea.
625 784 634 800 ι
654 774 719 802 Vide
731 775 803 810 quali
819 775 919 803 visione
934 775 976 802 di-

185 823 280 853 gnatus
294 818 374 846 fuerit
394 818 649 847 Nabuchodonosor.
671 820 891 855 Quandoquidem
905 821 976 848 enim

185 864 210 891 io
221 868 313 899 gentes
326 864 458 900 evangelii
471 865 631 900 prmconium
644 866 820 901 spargendum
830 871 897 901 erat,
908 867 977 894 visio

184 910 267 937 inulto
286 915 348 938 ante
362 911 486 946 gentilem
509 912 678 939 traditionem
694 912 811 945 inhibet;
828 917 854 940 ct
868 913 974 940 interra

182 957 274 992 gentili
298 958 431 985 somnium
456 958 576 992 videtur,
600 959 697 992 templo
715 967 825 991 everso,
847 959 975 995 legalibus

183 1002 303 1029 sublatis.
324 1003 512 1030 Verumtamen
536 1012 582 1039 per
599 1004 725 1032 llebrmos
744 1005 900 1040 explicatur.
917 1006 975 1034 Etsi

180 1049 251 1075 enim
264 1049 289 1075 in
304 1050 416 1083 gentiles
431 1049 657 1077 disseminaudum
673 1055 743 1079 esset
753 1051 931 1086 evangelium,
945 1056 974 1079 at

181 1101 228 1128 per
242 1094 368 1122 llebrmos
381 1095 462 1128 viros,
477 1103 572 1130 nempe
582 1097 726 1130 apostolos,
741 1097 765 1124 id
777 1097 893 1125 futurutn
905 1104 972 1126 erat.

181 1139 237 1167 Hoc
250 1144 277 1167 et
295 1140 321 1167 in
347 1139 472 1168 Cornelio
487 1141 605 1176 contigit.
630 1142 786 1170 Prmeedunt
799 1148 901 1178 gentes,
919 1138 971 1171 ﬂon

179 1189 269 1212 autent
295 1192 452 1221 sequuntur.
476 1187 513 1214 lta
533 1193 559 1215 et
580 1188 622 1216 hic
640 1189 780 1224 imaginem
796 1191 896 1226 primus
909 1192 973 1220 vidit

179 1231 434 1265 Nabuchodonosor,
459 1234 578 1261 notitiam
601 1243 664 1263 vero
685 1237 787 1270 primus
807 1237 906 1272 accepit
923 1238 973 1265 Da-

179 1278 242 1305 niel.
259 1279 294 1305 Et
311 1282 340 1306 ut
358 1286 505 1314 cognoscas
525 1281 595 1315 quod
615 1286 642 1309 et
665 1282 743 1317 primi
766 1287 794 1310 et
810 1285 971 1318 posteriores

177 1329 240 1351 sant
253 1324 338 1352 Judmi
355 1334 362 1352 :
377 1326 454 1360 primi
476 1327 572 1362 quippe
591 1327 658 1355 bona
672 1334 838 1364 acceperant,
854 1330 901 1358 sed
922 1339 970 1358 ne-

177 1370 296 1398 sciebant
308 1371 371 1406 qttid
386 1373 560 1407 accepissent,
579 1378 607 1401 ut
622 1382 668 1409 par
687 1376 811 1411 utrinque
832 1377 917 1405 ﬁeret.
932 1377 969 1404 lta

176 1421 203 1443 et
217 1417 269 1444 illic
283 1422 346 1444 ante
359 1417 519 1452 baptismum
533 1419 633 1455 Spiritu
647 1421 746 1455 dignati
760 1427 830 1450 sunt.
845 1423 890 1451 Sic
904 1429 931 1451 et
944 1424 971 1452 in

161 1461 331 1490 ‘Abrahamo
351 1464 435 1498 prima
455 1464 503 1492 fuit
521 1465 564 1493 illa
580 1467 722 1495 multitudo
735 1469 863 1503 gentium,
879 1474 969 1505 poste-

176 1508 231 1535 rior
242 1516 308 1535 vero
322 1509 488 1538 circumcisio
504 1520 510 1538 :
524 1511 572 1539 sed
583 1519 630 1546 per
642 1513 872 1542 circumcisionem
888 1516 968 1543 salus.

177 1554 238 1582 lla-c
250 1555 347 1583 millies
360 1557 496 1591 prophetae
516 1558 615 1586 Judzeis
631 1559 764 1593 dixerunt,
776 1566 803 1588 et
819 1561 869 1589 nisi
887 1563 969 1590 multa

175 1601 245 1636 apud
261 1609 311 1628 vos
323 1606 395 1629 esset
408 1602 527 1637 tarditas,
542 1604 620 1631 etiam
637 1605 680 1632 ubi
695 1611 721 1633 et
734 1607 839 1641 quando
849 1609 970 1642 aperuis-

175 1655 243 1673 sem.
268 1647 414 1682 Postquam
436 1654 526 1676 autem
551 1657 602 1676 non
625 1651 806 1685 attenderunt,
825 1653 920 1680 transit
936 1653 970 1681 ad

175 1699 267 1727 gentes
281 1694 418 1728 deinceps.
432 1694 494 1722 Haec
505 1696 583 1723 verba
598 1696 682 1724 Judaei
696 1698 843 1730 audientes,
856 1699 970 1735 despue-

176 1739 240 1766 baut
259 1748 266 1766 :
287 1739 396 1774 gentilis
412 1747 474 1767 cutn
493 1741 627 1774 audisset,
649 1742 777 1770 adoravit.
799 1744 914 1772 Adverte
937 1752 969 1772 ea

175 1785 254 1812 etiam
267 1793 326 1820 qua:
340 1785 390 1812 sub
409 1785 515 1813 Christo
528 1787 695 1822 contigerunt
707 1788 821 1816 describi
841 1797 888 1823 per
902 1790 969 1824 ligu-

174 1838 228 1857 ras.
243 1830 395 1858 Chananaaa
414 1831 505 1859 adorat
521 1840 527 1858 :
541 1832 625 1860 Judaei
642 1839 743 1865 contra,
767 1835 905 1862 Dominum
919 1835 970 1863 sci-

175 1876 236 1903 licet
247 1877 396 1911 expellunt.
415 1877 454 1905 Ita
469 1882 496 1905 et
507 1877 550 1905 hic
567 1878 650 1906 Judaei
664 1879 805 1907 Jeremiam
825 1881 850 1907 in
866 1881 970 1908 vincula

173 1923 375 1958 eonjecerunt:
404 1923 650 1952 Nabuchodonosor
676 1926 795 1953 adoravit
823 1927 968 1955 Danielem.

175 1969 278 1997 ltursus
303 1970 387 1998 Judmi
410 1971 546 2006 apostolos
565 1972 691 2007 ejiciunt:
712 1972 797 2000 Graeci
822 1978 909 2001 autem
929 1974 970 2001 di-

173 2021 236 2042 cunt
246 2015 302 2043 :Dit'
313 2016 496 2044 descenderunt
507 2018 541 2044 ad
551 2026 596 2045 nos
608 2019 676 2052 (Act.
694 2020 736 2046 Η,
753 2019 806 2054 10).
821 2019 886 2047 Cum
897 2021 968 2048 euitn

174 2062 301 2090 'udicimn
316 2063 374 2090 sine
388 2063 485 2091 affectu
497 2064 590 2097 fertur,
607 2066 786 2100 incorruptum
803 2072 852 2099 est,
869 2075 901 2094 ac
911 2068 967 2094 sitt-

172 2116 277 2136 cerum.
296 2109 376 2136 Vides
392 2114 469 2145 typos
486 2111 645 2138 coruscare?
666 2111 693 2138 lu
711 2111 845 2147 Babylone
858 2121 916 2147 qua:
934 2113 967 2152 at}

173 2155 311 2182 Christum
327 2160 449 2191 spectant
460 2157 612 2189 audiuntur,
629 2163 655 2185 et
670 2158 798 2185 barbarus
810 2159 914 2186 auditor
928 2160 966 2193 fit,

172 2208 197 2229 ut
215 2202 347 2237 intelligas
365 2211 417 2230 non
432 2203 513 2230 modo
529 2204 651 2238 gentiles,
671 2205 716 2232 sed
737 2209 763 2232 et
777 2205 904 2233 barbaros
918 2206 967 2233 ista

171 2256 231 2276 esse
251 2249 401 2281 audituros,
423 2250 649 2285 quemadmodum
672 2251 768 2279 Paulus
788 2252 824 2279 ait
843 2261 849 2279 :
866 2252 967 2279 Debitor

171 2303 226 2320 sum
237 2299 265 2321 ut
277 2295 434 2330 evangelium
449 2295 583 2329 praedicem
597 2295 692 2323 Gra'cis
706 2305 736 2323 ac
750 2297 862 2324 barbaris
877 2297 965 2332 (Rom.

171 2341 197 2367 l.
212 2341 268 2376 Η).
296 2341 329 2368 Et
347 2348 382 2368 ne
402 2341 545 2376 desperes,
574 2350 648 2377 spem
668 2343 783 2370 delineat
801 2351 833 2370 ac
850 2343 964 2378 subjicit.

170 2386 245 2418 Quod
267 2387 339 2414 enim
365 2386 459 2414 aberat
481 2388 720 2422 impedimentum?
744 2389 838 2416 Fastus
859 2391 964 2424 regalis,

171 2433 275 2460 indoles
297 2433 354 2468 ipsa
374 2433 523 2467 barbarica,
542 2434 676 2468 loquentis
697 2435 800 2467 vilitas;
815 2441 872 2462 erat.
895 2436 965 2462 enim

170 2479 308 2513 captivus;
325 2484 391 2506 :ctas
410 2487 416 2505 :
433 2484 492 2507 erat
506 2479 627 2514 juvenis;
649 2480 741 2515 religio
760 2480 855 2508 aliena.
874 2480 966 2516 Neque

171 2532 214 2550 rex
231 2524 299 2550 dixit
313 2533 320 2550 :
338 2523 376 2551 Te
398 2529 440 2550 tua
456 2524 602 2558 praevidere
625 2525 752 2559 oportuit,
774 2525 848 2552 urbis
862 2529 913 2552 tua:
927 2526 967 2552 vi-

169 2570 266 2597 de'ii-ct
278 2570 460 2604 captivitatem
479 2579 486 2597 :
501 2571 544 2597 illa
562 2572 698 2605 ignorasti,
715 2576 741 2598 et
755 2571 810 2598 haec
825 2572 966 2606 praedicis?

168 2615 266 2649 Ingrati
286 2617 359 2643 enim
383 2616 417 2642 ita
440 2616 510 2650 loqui
531 2617 618 2643 solent
641 2625 647 2643 :
668 2616 812 2651 Oportebat
830 2617 965 2646 Christum

169 2661 285 2695 Seipsum
301 2662 456 2688 suscitasse.
471 2660 547 2694 Quod
561 2661 660 2688 dictum
676 2661 724 2688 fuit
738 2662 842 2690 eversio
853 2667 910 2690 erat
923 2670 967 2690 re-

169 2708 211 2741 gni
226 2707 393 2742 Bahyloniei,
409 2713 436 2734 et
449 2709 643 2736 consummatio
664 2709 744 2736 totius
756 2709 837 2737 orbis.
858 2710 892 2737 Et
905 2718 965 2738 cre-

169 2753 234 2780 didit
253 2753 515 2781 Nabuchodonosor.
530 2754 621 2790 Neque
635 2755 716 2788 enim,
738 2756 787 2782 nisi
798 2755 964 2790 credidisset,

169 2800 346 2827 sacriﬁcasset
362 2800 474 2827 Dauieli.
488 2800 579 2828 Credit
593 2792 836 2829 Nabuchodonosor
849 2802 886 2837 (ιθ.
901 2803 963 2838 46);

169 2846 274 2880 quidam
285 2851 440 2873 autemnon
449 2846 566 2874 credunt.
580 2847 691 2883 Propter
705 2847 754 2874 hoc
765 2848 854 2876 multa:
866 2849 962 2881 praedi-

883 117 916 146 lN
938 119 1121 150 DANlELEll.

1779 136 1831 162 Ξίὶὸ

1039 181 1256 212 ctionesﬁebant.
1266 185 1293 212 Si
1304 185 1356 214 illa:
1368 192 1490 215 eventum
1503 197 1555 217 non
1571 190 1729 226 habuerunt,
1747 202 1831 228 neque

1039 227 1080 254 his
1088 228 1177 257 crede.
1185 229 1222 258 Ne
1229 235 1317 258 autem
1328 232 1426 261 diutius
1436 241 1585 263 sermonem
1596 236 1736 265 obscurant:
1751 227 1830 266 facia-

1039 281 1108 307 nms,
1119 282 1167 310 age
1180 284 1240 304 eum
1250 278 1322 306 vobis
1338 279 1552 315 interpretemur.
1562 283 1684 318 Quinque
1699 284 1763 312 vidit
1775 294 1830 312 ma-

1039 320 1127 352 terias,
1142 328 1246 356 aurum,
1261 328 1409 359 argentum,
1423 333 1470 357 tes,
1482 326 1591 360 ferrum,
1608 333 1713 356 testati).
1730 330 1828 358 Deinde

1037 369 1091 392 tota
1101 366 1186 402 imago
1196 371 1299 404 tempus
1309 375 1350 398 est
1360 375 1386 398 et
1396 373 1522 407 temporis
1528 375 1726 409 consequentia.
1740 375 1774 403 Et
1785 384 1828 404 re-

1036 416 1077 439 cte
1086 412 1150 439 dixit
1161 422 1168 440 :
1177 413 1277 450 Imago.
1289 415 1398 452 lmagini
1409 418 1538 453 siquidem
1545 420 1644 448 similes
1655 426 1717 448 sunt
1728 429 1771 449 res
1780 430 1828 449 ηρ·

1036 461 1109 490 strm,
1121 458 1226 493 imagini
1240 461 1400 490 inanimatae.
1411 462 1445 490 Et
1455 463 1613 501 beneimago
1626 473 1659 493 ex
1671 467 1827 495 auro.Sicut

1035 503 1105 530 enim
1118 511 1212 532 aurum
1221 507 1324 535 etiamsi
1335 508 1502 543 splendidum
1518 511 1564 544 sit,
1573 516 1660 539 tamen
1667 520 1682 540 c
1694 517 1762 540 terra
1770 514 1823 540 ori-

1036 553 1076 575 tur
1088 558 1094 576 :
1104 549 1141 577 sic
1148 550 1228 578 etiam
1235 556 1326 580 natura
1339 559 1439 587 nostra,
1447 560 1527 591 atque
1533 565 1575 584 res
1584 557 1715 586 humanm.
1726 560 1826 589 Etvide

1034 601 1060 621 ut
1073 596 1157 629 pulvis
1171 596 1232 629 ﬁat,
1252 599 1323 632 quod
1337 600 1438 627 scilicet
1450 606 1507 628 crat
1521 606 1608 630 antea.
1625 604 1703 639 Atqui
1718 605 1743 632 id
1758 605 1825 640 lapis

1033 649 1175 676 numquam
1199 643 1301 672 fecerit.
1329 645 1475 675 Conterere
1499 649 1605 683 quidem
1634 656 1720 686 potest
1745 652 1821 686 lapis,

1031 688 1205 716 substantiam
1225 698 1287 718 vero
1300 698 1455 722 convertere
1469 702 1522 722 nou
1543 700 1640 730 potest.
1664 697 1720 726 Hoc
1734 703 1821 726 tamen

1030 734 1150 769 contigit.
1173 735 1327 771 Mysterium
1346 740 1547 774 resurrectionis
1562 741 1646 769 vides.
1668 742 1733 770 Cum
1749 745 1820 772 enim

1030 787 1143 815 corpora
1156 787 1245 809 nostra
1261 783 1287 810 in
1302 783 1432 812 elementa
1449 786 1617 814 resolvuntur
1629 809 1635 820 ,
1659 794 1685 815 et
1699 789 1731 816 ad
1752 791 1821 816 anti-

1029 833 1107 860 quam
1131 826 1243 854 redeunt.
1265 833 1403 862 naturam,
1428 835 1524 857 terram
1540 832 1616 864 dico,
1636 837 1698 860 tunc
1713 834 1820 862 advenit

1028 873 1174 906 corruptio.
1193 873 1254 900 llaec
1268 879 1354 902 autent
1369 875 1457 902 outnia
1472 876 1538 911 lapis
1549 877 1637 905 efﬁcit.
1655 878 1744 914 Itaque
1758 888 1818 907 cum

1027 917 1126 945 videris
1139 919 1279 954 imaginem
1293 928 1325 947 ex
1341 921 1452 949 diversis
1468 924 1585 951 materiis
1600 930 1775 959 constantem,
1792 931 1820 954 et

1027 963 1097 991 illius
1111 965 1215 999 quidem
1230 971 1308 1001 caput
1321 967 1497 1002 splendidum,
1515 974 1605 1004 pectus
1615 978 1679 998 vero
1688 972 1816 1006 deterius,

1026 1014 1053 1037 et
1068 1015 1186 1037 ventrem
1208 1011 1390 1047 ignobiliorem
1401 1035 1408 1046 ,
1430 1019 1457 1042 et
1471 1015 1549 1042 tibias
1563 1016 1668 1044 viliores
1681 1038 1687 1049 ,
1705 1017 1817 1045 diversi-

1026 1058 1106 1082 tatem
1122 1055 1190 1083 hanc
1206 1057 1231 1083 in
1243 1057 1300 1084 Solo
1312 1063 1419 1092 aspectu
1434 1060 1509 1086 sitam
1519 1068 1577 1087 esse
1588 1061 1721 1089 existima.
1731 1062 1816 1090 Unius

1025 1101 1121 1135 quippe
1145 1101 1316 1137 ejusdemque
1343 1103 1496 1132 substantia:
1521 1106 1609 1133 omnia
1633 1112 1708 1139 sunt;
1738 1108 1816 1143 idque

1026 1150 1139 1174 testatur
1153 1147 1222 1179 finis,
1237 1148 1281 1183 qui
1297 1148 1322 1176 in
1343 1149 1479 1183 pulverem
1494 1154 1587 1178 cuncta
1603 1151 1732 1178 dissolvit.
1756 1152 1815 1180 Non

1025 1199 1103 1227 parva
1118 1198 1159 1220 est
1171 1194 1221 1221 ista
1235 1194 1412 1229 philosophia.
1437 1195 1563 1223 Animum
1577 1197 1685 1224 adverte
1700 1197 1733 1225 ad
1747 1199 1816 1226 hanc

1024 1238 1228 1274 philosophiam,
1240 1244 1288 1267 cta
1297 1240 1376 1268 rebus
1385 1249 1444 1276 qua:
1456 1246 1516 1269 ante
1527 1242 1618 1270 oculos
1629 1243 1814 1276 obversantur,

1022 1283 1057 1311 ab
1070 1284 1217 1320 lmperante
1231 1285 1365 1313 deducens
1378 1294 1479 1321 regem,
1494 1286 1591 1316 deinde
1603 1288 1756 1324 praefectum
1770 1290 1814 1324 qui

1023 1335 1083 1364 post
1095 1337 1184 1365 regem
1194 1334 1268 1359 estet
1279 1331 1325 1358 acri
1339 1332 1491 1367 respondet,
1508 1332 1571 1360 item
1584 1341 1630 1361 eos
1640 1334 1684 1369 qui
1699 1342 1814 1370 sequun-

1024 1380 1075 1408 tur,
1085 1376 1181 1411 quique
1192 1381 1219 1404 ut
1231 1377 1325 1405 fictiles
1334 1385 1365 1406 ac
1378 1377 1455 1405 ferrei
1470 1384 1701 1412 reprrcsentantur.
1716 1381 1812 1408 Verum

1022 1421 1044 1449 si
1057 1421 1090 1448 ad
1103 1422 1252 1456 sepulcrum
1268 1423 1372 1450 veneris
1383 1444 1390 1455 ,
1406 1423 1510 1450 etiamsi
1524 1424 1673 1452 sexcenties
1688 1425 1724 1452 ibi
1745 1434 1813 1461 quo-

1022 1474 1074 1501 que
1088 1467 1139 1494 vim
1155 1467 1242 1495 facere
1256 1468 1394 1496 videantur
1404 1490 1411 1503 ,
1427 1469 1488 1496 dum
1504 1477 1612 1498 auream
1627 1479 1720 1498 urnam
1735 1473 1813 1500 ador-

1022 1519 1103 1549 nant,
1124 1516 1236 1550 aspicies
1250 1520 1337 1544 tamen
1353 1517 1457 1544 illorum
1470 1517 1590 1545 eamdem
1606 1525 1664 1546 esse
1677 1523 1812 1547 naturam.

1023 1561 1121 1589 lterum
1131 1563 1196 1589 mihi
1206 1562 1345 1590 considera
1356 1563 1464 1591 divitem
1479 1564 1551 1591 illum
1567 1569 1593 1592 et
1603 1565 1718 1592 vinetum
1728 1565 1812 1600 (Pau-

1023 1607 1084 1642 lus);
1095 1609 1156 1636 item
1175 1608 1247 1636 illum
1260 1608 1367 1636 divitem
1381 1613 1408 1637 et
1421 1609 1454 1636 ad
1466 1614 1558 1637 testam
1572 1618 1654 1645 usque
1670 1619 1811 1646 pauperem

1022 1654 1125 1689 (Johns)
1141 1663 1147 1681 :
1162 1659 1240 1689 atque
1265 1656 1388 1683 universa
1411 1655 1546 1691 pulverem
1570 1664 1629 1685 esse
1653 1659 1810 1693 conspicies.

1023 1699 1119 1727 Verum
1130 1700 1250 1727 observa.
1260 1700 1317 1728 Non
1328 1701 1401 1736 prius
1408 1705 1503 1729 cuncta
1518 1703 1601 1737 pulvis
1609 1711 1667 1730 esse
1676 1704 1729 1730 visa
1739 1709 1810 1737 sunt,

1022 1753 1100 1780 quam
1121 1744 1186 1780 lapis
1197 1745 1353 1774 decidisset.
1369 1746 1412 1774 54.
1430 1756 1439 1772 ι
1452 1747 1566 1775 Videbas
1581 1748 1666 1776 donec
1679 1749 1812 1777 abscissus

1021 1796 1062 1818 est
1076 1791 1140 1826 lapis
1151 1791 1183 1818 de
1196 1796 1286 1818 monte
1296 1812 1303 1824 ,
1319 1793 1377 1819 sine
1397 1792 1519 1820 manibus
1532 1801 1539 1819 :
1555 1798 1581 1820 et
1595 1794 1727 1828 percussit
1746 1794 1811 1821 ima-

1021 1837 1120 1872 ginem,
1143 1842 1170 1864 et
1184 1837 1265 1872 pedes
1283 1837 1385 1865 ferreos
1401 1846 1431 1866 ac
1444 1843 1574 1866 testaceos
1590 1848 1596 1865 :
1616 1844 1643 1866 et
1655 1839 1812 1867 comminuit

1021 1891 1068 1911 eos
1080 1883 1105 1910 in
1119 1884 1207 1911 finem.
1221 1884 1263 1911 55.
1276 1884 1350 1911 Tunc
1361 1885 1521 1912 comminuta
1536 1890 1598 1912 sunt
1610 1886 1718 1912 omnino
1733 1890 1809 1919 testa,

1022 1927 1138 1961 ferrum,
1159 1936 1212 1961 aes,
1234 1934 1372 1963 argentum
1386 1950 1393 1963 ,
1408 1937 1501 1956 aurum
1518 1938 1525 1957 :
1540 1935 1567 1957 et
1579 1929 1647 1957 facta
1661 1935 1722 1958 sunt
1735 1932 1809 1966 quasi

1020 1974 1107 2009 pulvis
1123 1974 1157 2001 de
1175 1982 1237 2001 arca
1251 1975 1339 2001 msliva
1356 1984 1362 2002 :
1376 1979 1403 2002 et
1421 1975 1515 2002 extulit
1527 1983 1558 2002 ea
1572 1976 1712 2003 multitudo
1726 1977 1808 2009 venti,

1020 2024 1047 2047 et
1068 2020 1140 2046 luetis
1161 2028 1213 2047 non
1234 2024 1274 2047 est
1296 2020 1418 2048 inventus
1442 2021 1502 2047 illis.
1521 2030 1530 2047 ι
1553 2021 1611 2048 Non
1627 2022 1697 2049 enim
1719 2030 1808 2049 carum

1020 2073 1109 2093 rerum
1129 2070 1223 2093 natura
1236 2066 1340 2100 cognita
1359 2065 1417 2098 fuit,
1438 2066 1522 2094 donec
1537 2067 1575 2094 sol
1588 2067 1698 2101 justitia:
1709 2072 1748 2094 est
1762 2075 1809 2094 ex-

1020 2117 1094 2140 ortus
1110 2122 1116 2140 :
1131 2113 1190 2148 quia
1201 2121 1294 2140 aurum
1308 2120 1360 2140 non
1375 2121 1469 2140 aurum
1482 2117 1532 2140 est.
1559 2113 1624 2141 Vide
1642 2118 1731 2141 autem
1743 2119 1769 2141 ct
1783 2115 1809 2140 in

1020 2157 1069 2185 hac
1080 2159 1134 2193 ipsa
1146 2166 1175 2186 re
1188 2167 1239 2185 non
1248 2159 1510 2193 postcontritioncm,
1526 2158 1573 2186 scd
1584 2160 1714 2186 stantibus
1724 2159 1810 2186 adhuc

1019 2204 1154 2238 omnibus,
1175 2205 1274 2231 nullam
1289 2206 1426 2232 materiam
1440 2205 1492 2232 alia
1511 2212 1570 2232 esse
1585 2206 1807 2240 priestantiorem.

1019 2251 1096 2283 Vide,
1109 2256 1137 2278 et
1150 2256 1268 2285 aspectu,
1284 2256 1311 2279 et
1324 2255 1451 2287 tempore,
1466 2257 1492 2279 et
1505 2252 1630 2287 qualitate
1644 2256 1746 2279 tantum
1762 2252 1809 2279 has

1019 2296 1070 2323 illis
1082 2303 1142 2323 esse
1156 2296 1288 2324 meliores.
1313 2296 1376 2324 Ideo
1388 2297 1459 2324 enim
1470 2297 1539 2324 Deus
1551 2305 1645 2325 aurum
1658 2305 1763 2333 quoque
1775 2298 1809 2325 de

1020 2347 1089 2370 terra
1105 2342 1176 2374 fecit,
1187 2343 1289 2370 utnihil
1300 2351 1424 2378 maguum
1437 2344 1470 2371 de
1484 2344 1531 2372 illo
1544 2344 1705 2380 imaginet-is.
1721 2345 1809 2379 Quare

1018 2394 1106 2416 autem
1120 2397 1228 2423 regnum
1244 2389 1511 2418 Nabuchodonosoris
1521 2395 1599 2418 vocat
1612 2399 1732 2424 aureum,
1745 2392 1797 2418 Per

1018 2443 1106 2462 sarum
1120 2439 1207 2462 autem
1222 2441 1385 2470 argenteum,
1400 2436 1574 2464 Macedonum
1588 2444 1697 2468 :creum,
1711 2437 1807 2464 Roma-

1019 2488 1112 2508 norum
1140 2481 1256 2509 ferreum
1285 2486 1365 2517 atque
1389 2483 1553 2510 testaceum?
1577 2483 1642 2510 Vide
1667 2483 1810 2519 dispositas

1018 2527 1209 2554 convenienter
1223 2528 1356 2554 materias.
1383 2527 1447 2555 Nam
1463 2536 1555 2555 aurum
1576 2529 1680 2557 divitias
1700 2530 1807 2565 quidem

1019 2577 1191 2606 repra-sentat
1206 2581 1212 2599 :
1229 2573 1371 2600 invalidum
1392 2579 1432 2601 est
1452 2579 1557 2607 autem,
1581 2580 1609 2603 et
1632 2575 1664 2602 ad
1687 2575 1807 2603 fraudem

1018 2624 1097 2653 atque
1110 2619 1142 2646 ad
1161 2624 1282 2646 ornatum
1297 2627 1328 2646 ac
1351 2620 1574 2654 magniﬁcentiam
1595 2621 1679 2656 magis
1700 2629 1808 2649 accom-

1019 2664 1165 2691 modatum.
1186 2665 1229 2692 Sic
1246 2669 1273 2692 et
1292 2673 1401 2700 regnum
1417 2665 1591 2701 Babylonium
1606 2667 1710 2693 barbari
1725 2667 1806 2694 illius.

1018 2711 1128 2738 Multum
1140 2718 1221 2746 penes
1241 2711 1326 2746 ipsum
1341 2717 1367 2739 ct
1382 2713 1450 2746 apud
1467 2713 1593 2740 barbaros
1604 2718 1661 2740 erat
1674 2714 1730 2741 auri
1748 2723 1754 2740 :
1771 2714 1806 2740 ibi

1019 2764 1133 2792 namque
1156 2756 1276 2784 feruntur
1299 2766 1359 2785 esse
1389 2759 1504 2786 tnctalla.
1533 2759 1635 2786 Etenim
1661 2767 1675 2786 a
1695 2759 1805 2786 Scribus

1018 2803 1117 2831 divitia:
1130 2811 1231 2838 magna:
1247 2809 1399 2838 portantur,
1418 2805 1464 2832 sed
1484 2805 1597 2832 inutiles.
1617 2806 1700 2839 Caput
1716 2809 1806 2832 autem

1020 2852 1151 2882 occupat,
1173 2849 1233 2884 quia
1247 2857 1356 2885 regnum
1377 2850 1439 2878 illud
1454 2851 1499 2878 fuit
1516 2851 1639 2886 primum.
1666 2850 1805 2877 l’crsarum
