  <div class='ocr_page' id='page_1' title='image "/cluster/home/n/w/nwhite01/storage/ocr_20150623/56/njp.32101077772646/213.png"; bbox 0 0 2049 3133; ppageno 0'>
   <div class='ocr_carea' id='block_1_1' title="bbox 252 125 304 153">
    <p class='ocr_par' dir='ltr' id='par_1_1' title="bbox 252 125 304 153">
     <span class='ocr_line' id='line_1_1' title="bbox 252 125 304 153; baseline -0.019 0"><span class='ocrx_word' id='word_1_1' title='bbox 252 125 304 153; x_wconf 60' lang='lat'><strong>&#39;07</strong></span> 
     </span>
    </p>
   </div>
   <div class='ocr_carea' id='block_1_2' title="bbox 251 183 1040 219">
    <p class='ocr_par' dir='ltr' id='par_1_2' title="bbox 251 183 1040 219">
     <span class='ocr_line' id='line_1_2' title="bbox 251 183 1040 219; baseline 0.005 -9"><span class='ocrx_word' id='word_1_2' title='bbox 251 191 315 212; x_wconf 86' lang='lat' dir='ltr'><strong>vero</strong></span> <span class='ocrx_word' id='word_1_3' title='bbox 335 183 474 219; x_wconf 89' lang='lat' dir='ltr'><strong>imperium</strong></span> <span class='ocrx_word' id='word_1_4' title='bbox 497 190 549 211; x_wconf 93' lang='lat' dir='ltr'><strong>non</strong></span> <span class='ocrx_word' id='word_1_5' title='bbox 563 183 629 211; x_wconf 91' lang='lat' dir='ltr'><strong>adeo</strong></span> <span class='ocrx_word' id='word_1_6' title='bbox 644 185 798 219; x_wconf 84' lang='lat' dir='ltr'><strong>epulentum</strong></span> <span class='ocrx_word' id='word_1_7' title='bbox 824 185 872 213; x_wconf 90' lang='lat' dir='ltr'><strong>l‘uit</strong></span> <span class='ocrx_word' id='word_1_8' title='bbox 886 195 893 212; x_wconf 87' lang='lat'><strong>:</strong></span> <span class='ocrx_word' id='word_1_9' title='bbox 907 186 975 213; x_wconf 88' lang='lat' dir='ltr'><strong>sicut</strong></span> <span class='ocrx_word' id='word_1_10' title='bbox 991 194 1040 214; x_wconf 90' lang='lat' dir='ltr'><strong>nec</strong></span> 
     </span>
    </p>
   </div>
   <div class='ocr_carea' id='block_1_3' title="bbox 250 229 1041 264">
    <p class='ocr_par' dir='ltr' id='par_1_3' title="bbox 250 229 1041 264">
     <span class='ocr_line' id='line_1_3' title="bbox 250 229 1041 264; baseline 0.003 -8"><span class='ocrx_word' id='word_1_11' title='bbox 250 229 423 256; x_wconf 77' lang='lat' dir='ltr'><strong>Macedonum</strong></span> <span class='ocrx_word' id='word_1_12' title='bbox 440 238 447 257; x_wconf 93' lang='lat'>:</span> <span class='ocrx_word' id='word_1_13' title='bbox 469 234 496 257; x_wconf 87' lang='lat' dir='ltr'><strong>at</strong></span> <span class='ocrx_word' id='word_1_14' title='bbox 512 229 689 257; x_wconf 81' lang='lat' dir='ltr'><strong>Romanorum</strong></span> <span class='ocrx_word' id='word_1_15' title='bbox 702 231 792 258; x_wconf 90' lang='lat' dir='ltr'><strong>utilius</strong></span> <span class='ocrx_word' id='word_1_16' title='bbox 804 238 834 258; x_wconf 84' lang='lat' dir='ltr'><strong>ac</strong></span> <span class='ocrx_word' id='word_1_17' title='bbox 847 231 959 264; x_wconf 76' lang='lat' dir='ltr'><strong>fortius;</strong></span> <span class='ocrx_word' id='word_1_18' title='bbox 975 237 1041 260; x_wconf 90' lang='lat' dir='ltr'><strong>tem-</strong></span> 
     </span>
    </p>
   </div>
   <div class='ocr_carea' id='block_1_4' title="bbox 250 275 1039 311">
    <p class='ocr_par' dir='ltr' id='par_1_4' title="bbox 250 275 1039 311">
     <span class='ocr_line' id='line_1_4' title="bbox 250 275 1039 311; baseline 0.004 -9"><span class='ocrx_word' id='word_1_19' title='bbox 250 283 315 311; x_wconf 91' lang='lat' dir='ltr'><strong>pore</strong></span> <span class='ocrx_word' id='word_1_20' title='bbox 327 275 433 310; x_wconf 88' lang='lat' dir='ltr'><strong>quidem</strong></span> <span class='ocrx_word' id='word_1_21' title='bbox 450 276 599 310; x_wconf 88' lang='lat' dir='ltr'><strong>posterius,</strong></span> <span class='ocrx_word' id='word_1_22' title='bbox 624 284 706 311; x_wconf 88' lang='lat' dir='ltr'><strong>quare</strong></span> <span class='ocrx_word' id='word_1_23' title='bbox 724 281 751 304; x_wconf 92' lang='lat' dir='ltr'><strong>et</strong></span> <span class='ocrx_word' id='word_1_24' title='bbox 773 277 868 311; x_wconf 88' lang='lat' dir='ltr'><strong>pedum</strong></span> <span class='ocrx_word' id='word_1_25' title='bbox 884 277 970 305; x_wconf 87' lang='lat' dir='ltr'><strong>locum</strong></span> <span class='ocrx_word' id='word_1_26' title='bbox 991 278 1039 305; x_wconf 92' lang='lat' dir='ltr'><strong>ob-</strong></span> 
     </span>
    </p>
   </div>
   <div class='ocr_carea' id='block_1_5' title="bbox 250 321 1041 357">
    <p class='ocr_par' dir='ltr' id='par_1_5' title="bbox 250 321 1041 357">
     <span class='ocr_line' id='line_1_5' title="bbox 250 321 1041 357; baseline 0.003 -9"><span class='ocrx_word' id='word_1_27' title='bbox 250 321 325 348; x_wconf 90' lang='lat' dir='ltr'><strong>tinet.</strong></span> <span class='ocrx_word' id='word_1_28' title='bbox 353 321 436 348; x_wconf 88' lang='lat' dir='ltr'><strong>Porro</strong></span> <span class='ocrx_word' id='word_1_29' title='bbox 451 325 511 349; x_wconf 82' lang='lat' dir='ltr'><strong>sunt</strong></span> <span class='ocrx_word' id='word_1_30' title='bbox 533 321 610 356; x_wconf 87' lang='lat' dir='ltr'><strong>hujus</strong></span> <span class='ocrx_word' id='word_1_31' title='bbox 632 322 705 357; x_wconf 83' lang='lat' dir='ltr'><strong>regni</strong></span> <span class='ocrx_word' id='word_1_32' title='bbox 728 322 848 357; x_wconf 75' lang='lat' dir='ltr'><strong>quaedam</strong></span> <span class='ocrx_word' id='word_1_33' title='bbox 869 323 988 357; x_wconf 85' lang='lat' dir='ltr'><strong>inﬁrma,</strong></span> <span class='ocrx_word' id='word_1_34' title='bbox 1013 327 1041 350; x_wconf 93' lang='lat' dir='ltr'><strong>et</strong></span> 
     </span>
    </p>
   </div>
   <div class='ocr_carea' id='block_1_6' title="bbox 248 366 1039 402">
    <p class='ocr_par' dir='ltr' id='par_1_6' title="bbox 248 366 1039 402">
     <span class='ocr_line' id='line_1_6' title="bbox 248 366 1039 402; baseline 0.003 -9"><span class='ocrx_word' id='word_1_35' title='bbox 248 366 370 402; x_wconf 69' lang='lat' dir='ltr'><strong>qutedam</strong></span> <span class='ocrx_word' id='word_1_36' title='bbox 390 367 550 394; x_wconf 87' lang='lat' dir='ltr'><strong>robustiora.</strong></span> <span class='ocrx_word' id='word_1_37' title='bbox 572 367 644 395; x_wconf 84' lang='lat' dir='ltr'><strong>Talis</strong></span> <span class='ocrx_word' id='word_1_38' title='bbox 665 372 706 395; x_wconf 88' lang='lat' dir='ltr'><strong>est</strong></span> <span class='ocrx_word' id='word_1_39' title='bbox 730 367 865 395; x_wconf 87' lang='lat' dir='ltr'><strong>hominum</strong></span> <span class='ocrx_word' id='word_1_40' title='bbox 889 373 1039 395; x_wconf 86' lang='lat' dir='ltr'><strong>monstrosa</strong></span> 
     </span>
    </p>
   </div>
   <div class='ocr_carea' id='block_1_7' title="bbox 247 412 1037 449">
    <p class='ocr_par' dir='ltr' id='par_1_7' title="bbox 247 412 1037 449">
     <span class='ocr_line' id='line_1_7' title="bbox 247 412 1037 449; baseline 0.001 -10"><span class='ocrx_word' id='word_1_41' title='bbox 247 412 374 440; x_wconf 81' lang='lat' dir='ltr'><strong>varietas.</strong></span> <span class='ocrx_word' id='word_1_42' title='bbox 397 412 431 440; x_wconf 88' lang='lat' dir='ltr'><strong>Et</strong></span> <span class='ocrx_word' id='word_1_43' title='bbox 446 421 502 440; x_wconf 88' lang='lat' dir='ltr'><strong>cum</strong></span> <span class='ocrx_word' id='word_1_44' title='bbox 514 413 680 448; x_wconf 85' lang='lat' dir='ltr'><strong>multiplicata</strong></span> <span class='ocrx_word' id='word_1_45' title='bbox 694 413 783 448; x_wconf 79' lang='lat' dir='ltr'><strong>fuerit,</strong></span> <span class='ocrx_word' id='word_1_46' title='bbox 803 414 895 449; x_wconf 88' lang='lat' dir='ltr'><strong>inquit,</strong></span> <span class='ocrx_word' id='word_1_47' title='bbox 910 414 1037 448; x_wconf 83' lang='lat' dir='ltr'><strong>iniquitas,</strong></span> 
     </span>
    </p>
   </div>
   <div class='ocr_carea' id='block_1_8' title="bbox 247 458 1038 494">
    <p class='ocr_par' dir='ltr' id='par_1_8' title="bbox 247 458 1038 494">
     <span class='ocr_line' id='line_1_8' title="bbox 247 458 1038 494; baseline 0.001 -9"><span class='ocrx_word' id='word_1_48' title='bbox 247 458 390 494; x_wconf 71' lang='lat' dir='ltr'><strong>refrigescet</strong></span> <span class='ocrx_word' id='word_1_49' title='bbox 405 459 498 486; x_wconf 82' lang='lat' dir='ltr'><strong>caritas</strong></span> <span class='ocrx_word' id='word_1_50' title='bbox 510 458 645 485; x_wconf 86' lang='lat' dir='ltr'><strong>multorum</strong></span> <span class='ocrx_word' id='word_1_51' title='bbox 660 458 766 493; x_wconf 77' lang='lat' dir='ltr'><strong>(Matth.</strong></span> <span class='ocrx_word' id='word_1_52' title='bbox 780 459 825 486; x_wconf 64' lang='grc'><strong>24.</strong></span> <span class='ocrx_word' id='word_1_53' title='bbox 843 458 898 493; x_wconf 74' lang='grc'><strong>12).</strong></span> <span class='ocrx_word' id='word_1_54' title='bbox 923 458 1038 486; x_wconf 86' lang='lat' dir='ltr'><strong>Caritate</strong></span> 
     </span>
    </p>
   </div>
   <div class='ocr_carea' id='block_1_9' title="bbox 247 503 1038 538">
    <p class='ocr_par' dir='ltr' id='par_1_9' title="bbox 247 503 1038 538">
     <span class='ocr_line' id='line_1_9' title="bbox 247 503 1038 538; baseline 0.001 -7"><span class='ocrx_word' id='word_1_55' title='bbox 247 509 335 531; x_wconf 88' lang='lat' dir='ltr'><strong>autem</strong></span> <span class='ocrx_word' id='word_1_56' title='bbox 357 503 534 538; x_wconf 80' lang='lat' dir='ltr'><strong>frigescente,</strong></span> <span class='ocrx_word' id='word_1_57' title='bbox 562 511 672 531; x_wconf 88' lang='lat' dir='ltr'><strong>necesse</strong></span> <span class='ocrx_word' id='word_1_58' title='bbox 689 508 730 531; x_wconf 88' lang='lat' dir='ltr'><strong>est</strong></span> <span class='ocrx_word' id='word_1_59' title='bbox 746 503 898 531; x_wconf 78' lang='lat' dir='ltr'><strong>inimicitias</strong></span> <span class='ocrx_word' id='word_1_60' title='bbox 920 509 947 532; x_wconf 89' lang='lat' dir='ltr'><strong>et</strong></span> <span class='ocrx_word' id='word_1_61' title='bbox 969 504 1038 532; x_wconf 89' lang='lat' dir='ltr'><strong>bella</strong></span> 
     </span>
    </p>
   </div>
   <div class='ocr_carea' id='block_1_10' title="bbox 246 548 1038 584">
    <p class='ocr_par' dir='ltr' id='par_1_10' title="bbox 246 548 1038 584">
     <span class='ocr_line' id='line_1_10' title="bbox 246 548 1038 584; baseline 0 -7"><span class='ocrx_word' id='word_1_62' title='bbox 246 549 332 577; x_wconf 89' lang='lat' dir='ltr'><strong>oriri:</strong></span> <span class='ocrx_word' id='word_1_63' title='bbox 347 556 460 584; x_wconf 89' lang='lat' dir='ltr'><strong>eumque</strong></span> <span class='ocrx_word' id='word_1_64' title='bbox 480 549 648 576; x_wconf 75' lang='lat' dir='ltr'><strong>insidiatores</strong></span> <span class='ocrx_word' id='word_1_65' title='bbox 670 556 701 576; x_wconf 88' lang='lat' dir='ltr'><strong>ac</strong></span> <span class='ocrx_word' id='word_1_66' title='bbox 721 548 811 576; x_wconf 85' lang='lat' dir='ltr'><strong>hostes</strong></span> <span class='ocrx_word' id='word_1_67' title='bbox 830 549 901 582; x_wconf 81' lang='lat' dir='ltr'><strong>sint,</strong></span> <span class='ocrx_word' id='word_1_68' title='bbox 916 549 1038 577; x_wconf 83' lang='lat' dir='ltr'><strong>homines</strong></span> 
     </span>
    </p>
   </div>
   <div class='ocr_carea' id='block_1_11' title="bbox 246 595 1037 631">
    <p class='ocr_par' dir='ltr' id='par_1_11' title="bbox 246 595 1037 631">
     <span class='ocr_line' id='line_1_11' title="bbox 246 595 1037 631; baseline -0.001 -8"><span class='ocrx_word' id='word_1_69' title='bbox 246 602 355 623; x_wconf 89' lang='lat' dir='ltr'><strong>necesse</strong></span> <span class='ocrx_word' id='word_1_70' title='bbox 369 599 410 626; x_wconf 84' lang='lat' dir='ltr'><strong>est</strong></span> <span class='ocrx_word' id='word_1_71' title='bbox 422 595 515 623; x_wconf 89' lang='lat' dir='ltr'><strong>eodem</strong></span> <span class='ocrx_word' id='word_1_72' title='bbox 530 595 610 622; x_wconf 91' lang='lat' dir='ltr'><strong>modo</strong></span> <span class='ocrx_word' id='word_1_73' title='bbox 623 595 692 622; x_wconf 86' lang='lat' dir='ltr'><strong>inter</strong></span> <span class='ocrx_word' id='word_1_74' title='bbox 706 602 736 623; x_wconf 90' lang='lat' dir='ltr'><strong>se</strong></span> <span class='ocrx_word' id='word_1_75' title='bbox 748 595 892 631; x_wconf 76' lang='lat' dir='ltr'><strong>congredi,</strong></span> <span class='ocrx_word' id='word_1_76' title='bbox 907 603 960 630; x_wconf 87' lang='lat' dir='ltr'><strong>quo</strong></span> <span class='ocrx_word' id='word_1_77' title='bbox 970 599 1037 623; x_wconf 88' lang='lat' dir='ltr'><strong>testa</strong></span> 
     </span>
    </p>
   </div>
   <div class='ocr_carea' id='block_1_12' title="bbox 245 640 1038 673">
    <p class='ocr_par' dir='ltr' id='par_1_12' title="bbox 245 640 1038 673">
     <span class='ocr_line' id='line_1_12' title="bbox 245 640 1038 673; baseline -0.001 -5"><span class='ocrx_word' id='word_1_78' title='bbox 245 648 306 668; x_wconf 89' lang='lat' dir='ltr'><strong>cum</strong></span> <span class='ocrx_word' id='word_1_79' title='bbox 321 641 401 668; x_wconf 80' lang='lat' dir='ltr'><strong>ferro.</strong></span> <span class='ocrx_word' id='word_1_80' title='bbox 415 640 487 668; x_wconf 92' lang='lat' dir='ltr'><strong>Sicut</strong></span> <span class='ocrx_word' id='word_1_81' title='bbox 499 641 569 667; x_wconf 89' lang='lat' dir='ltr'><strong>enim</strong></span> <span class='ocrx_word' id='word_1_82' title='bbox 581 640 638 668; x_wconf 68' lang='lat' dir='ltr'><strong>haec</strong></span> <span class='ocrx_word' id='word_1_83' title='bbox 652 645 746 668; x_wconf 86' lang='lat' dir='ltr'><strong>natura</strong></span> <span class='ocrx_word' id='word_1_84' title='bbox 759 640 892 673; x_wconf 73' lang='lat' dir='ltr'><strong>diderunt,</strong></span> <span class='ocrx_word' id='word_1_85' title='bbox 909 648 958 668; x_wconf 91' lang='lat' dir='ltr'><strong>nec</strong></span> <span class='ocrx_word' id='word_1_86' title='bbox 968 641 1038 668; x_wconf 91' lang='lat' dir='ltr'><strong>inter</strong></span> 
     </span>
    </p>
   </div>
   <div class='ocr_carea' id='block_1_13' title="bbox 245 685 1037 721">
    <p class='ocr_par' dir='ltr' id='par_1_13' title="bbox 245 685 1037 721">
     <span class='ocr_line' id='line_1_13' title="bbox 245 685 1037 721; baseline 0 -8"><span class='ocrx_word' id='word_1_87' title='bbox 245 693 274 713; x_wconf 86' lang='lat' dir='ltr'><strong>se</strong></span> <span class='ocrx_word' id='word_1_88' title='bbox 284 685 478 721; x_wconf 79' lang='lat' dir='ltr'><strong>conjungentur</strong></span> <span class='ocrx_word' id='word_1_89' title='bbox 489 693 612 721; x_wconf 81' lang='lat' dir='ltr'><strong>umquam</strong></span> <span class='ocrx_word' id='word_1_90' title='bbox 629 694 635 713; x_wconf 92' lang='lat'><strong>:</strong></span> <span class='ocrx_word' id='word_1_91' title='bbox 651 686 686 713; x_wconf 92' lang='lat' dir='ltr'><strong>ita</strong></span> <span class='ocrx_word' id='word_1_92' title='bbox 697 690 723 714; x_wconf 86' lang='lat' dir='ltr'><strong>et</strong></span> <span class='ocrx_word' id='word_1_93' title='bbox 733 685 787 713; x_wconf 86' lang='lat' dir='ltr'><strong>illa.</strong></span> <span class='ocrx_word' id='word_1_94' title='bbox 797 686 852 714; x_wconf 88' lang='lat' dir='ltr'><strong>Hoc</strong></span> <span class='ocrx_word' id='word_1_95' title='bbox 861 690 888 713; x_wconf 88' lang='lat' dir='ltr'><strong>et</strong></span> <span class='ocrx_word' id='word_1_96' title='bbox 900 686 1037 721; x_wconf 64' lang='lat' dir='ltr'><strong>prophetae</strong></span> 
     </span>
    </p>
   </div>
   <div class='ocr_carea' id='block_1_14' title="bbox 244 731 1034 766">
    <p class='ocr_par' dir='ltr' id='par_1_14' title="bbox 244 731 1034 766">
     <span class='ocr_line' id='line_1_14' title="bbox 244 731 1034 766; baseline 0 -8"><span class='ocrx_word' id='word_1_97' title='bbox 244 735 272 758; x_wconf 90' lang='lat' dir='ltr'><strong>et</strong></span> <span class='ocrx_word' id='word_1_98' title='bbox 284 731 396 766; x_wconf 83' lang='lat' dir='ltr'><strong>apostoli</strong></span> <span class='ocrx_word' id='word_1_99' title='bbox 408 736 541 759; x_wconf 80' lang='lat' dir='ltr'><strong>asserunt.</strong></span> <span class='ocrx_word' id='word_1_100' title='bbox 556 731 643 765; x_wconf 83' lang='lat' dir='ltr'><strong>Quare</strong></span> <span class='ocrx_word' id='word_1_101' title='bbox 655 736 681 759; x_wconf 90' lang='lat' dir='ltr'><strong>et</strong></span> <span class='ocrx_word' id='word_1_102' title='bbox 693 732 887 759; x_wconf 84' lang='lat' dir='ltr'><strong>consummatio</strong></span> <span class='ocrx_word' id='word_1_103' title='bbox 899 732 1034 765; x_wconf 84' lang='lat' dir='ltr'><strong>deinceps.</strong></span> 
     </span>
    </p>
   </div>
   <div class='ocr_carea' id='block_1_15' title="bbox 243 777 1036 814">
    <p class='ocr_par' dir='ltr' id='par_1_15' title="bbox 243 777 1036 814">
     <span class='ocr_line' id='line_1_15' title="bbox 243 777 1036 814; baseline 0.001 -9"><span class='ocrx_word' id='word_1_104' title='bbox 243 777 318 805; x_wconf 83' lang='lat' dir='ltr'><strong>Sicut</strong></span> <span class='ocrx_word' id='word_1_105' title='bbox 332 778 402 806; x_wconf 90' lang='lat' dir='ltr'><strong>enim</strong></span> <span class='ocrx_word' id='word_1_106' title='bbox 425 778 588 813; x_wconf 88' lang='lat' dir='ltr'><strong>temporibus</strong></span> <span class='ocrx_word' id='word_1_107' title='bbox 600 777 674 811; x_wconf 75' lang='lat' dir='ltr'><strong>Noe&#39;,</strong></span> <span class='ocrx_word' id='word_1_108' title='bbox 694 783 833 814; x_wconf 83' lang='lat' dir='ltr'><strong>postquam</strong></span> <span class='ocrx_word' id='word_1_109' title='bbox 847 778 947 805; x_wconf 85' lang='lat' dir='ltr'><strong>malitia</strong></span> <span class='ocrx_word' id='word_1_110' title='bbox 962 778 1036 806; x_wconf 79' lang='lat' dir='ltr'><strong>inva-</strong></span> 
     </span>
    </p>
   </div>
   <div class='ocr_carea' id='block_1_16' title="bbox 244 824 1036 860">
    <p class='ocr_par' dir='ltr' id='par_1_16' title="bbox 244 824 1036 860">
     <span class='ocr_line' id='line_1_16' title="bbox 244 824 1036 860; baseline 0 -8"><span class='ocrx_word' id='word_1_111' title='bbox 244 825 302 857; x_wconf 84' lang='lat' dir='ltr'><strong>luit,</strong></span> <span class='ocrx_word' id='word_1_112' title='bbox 319 824 447 853; x_wconf 89' lang='lat' dir='ltr'><strong>diluvium</strong></span> <span class='ocrx_word' id='word_1_113' title='bbox 459 825 568 860; x_wconf 82' lang='lat' dir='ltr'><strong>contigit</strong></span> <span class='ocrx_word' id='word_1_114' title='bbox 581 834 589 852; x_wconf 83' lang='lat'><strong>:</strong></span> <span class='ocrx_word' id='word_1_115' title='bbox 603 825 639 852; x_wconf 87' lang='lat' dir='ltr'><strong>ita</strong></span> <span class='ocrx_word' id='word_1_116' title='bbox 654 829 681 852; x_wconf 93' lang='lat' dir='ltr'><strong>et</strong></span> <span class='ocrx_word' id='word_1_117' title='bbox 700 832 781 852; x_wconf 89' lang='lat' dir='ltr'><strong>nunc.</strong></span> <span class='ocrx_word' id='word_1_118' title='bbox 807 824 842 852; x_wconf 88' lang='lat' dir='ltr'><strong>Et</strong></span> <span class='ocrx_word' id='word_1_119' title='bbox 854 825 924 852; x_wconf 87' lang='lat' dir='ltr'><strong>sicut</strong></span> <span class='ocrx_word' id='word_1_120' title='bbox 937 832 1036 859; x_wconf 89' lang='lat' dir='ltr'><strong>corpus</strong></span> 
     </span>
    </p>
   </div>
   <div class='ocr_carea' id='block_1_17' title="bbox 243 871 1037 906">
    <p class='ocr_par' dir='ltr' id='par_1_17' title="bbox 243 871 1037 906">
     <span class='ocr_line' id='line_1_17' title="bbox 243 871 1037 906; baseline 0 -8"><span class='ocrx_word' id='word_1_121' title='bbox 243 879 344 906; x_wconf 79' lang='lat' dir='ltr'><strong>:rgrum</strong></span> <span class='ocrx_word' id='word_1_122' title='bbox 356 891 365 904; x_wconf 90' lang='lat'><strong>,</strong></span> <span class='ocrx_word' id='word_1_123' title='bbox 381 879 441 899; x_wconf 93' lang='lat' dir='ltr'><strong>eum</strong></span> <span class='ocrx_word' id='word_1_124' title='bbox 455 871 488 899; x_wconf 82' lang='lat' dir='ltr'><strong>ad</strong></span> <span class='ocrx_word' id='word_1_125' title='bbox 508 871 617 899; x_wconf 74' lang='lat' dir='ltr'><strong>delicias</strong></span> <span class='ocrx_word' id='word_1_126' title='bbox 631 872 749 904; x_wconf 82' lang='lat' dir='ltr'><strong>venerit,</strong></span> <span class='ocrx_word' id='word_1_127' title='bbox 772 876 833 898; x_wconf 87' lang='lat' dir='ltr'><strong>tunc</strong></span> <span class='ocrx_word' id='word_1_128' title='bbox 854 871 941 906; x_wconf 89' lang='lat' dir='ltr'><strong>perit:</strong></span> <span class='ocrx_word' id='word_1_129' title='bbox 956 871 994 898; x_wconf 88' lang='lat' dir='ltr'><strong>sic</strong></span> <span class='ocrx_word' id='word_1_130' title='bbox 1009 875 1037 899; x_wconf 91' lang='lat' dir='ltr'><strong>et</strong></span> 
     </span>
    </p>
   </div>
   <div class='ocr_carea' id='block_1_18' title="bbox 245 917 1034 953">
    <p class='ocr_par' dir='ltr' id='par_1_18' title="bbox 245 917 1034 953">
     <span class='ocr_line' id='line_1_18' title="bbox 245 917 1034 953; baseline -0.001 -8"><span class='ocrx_word' id='word_1_131' title='bbox 245 917 370 946; x_wconf 84' lang='lat' dir='ltr'><strong>mundus.</strong></span> <span class='ocrx_word' id='word_1_132' title='bbox 394 918 422 946; x_wconf 90' lang='lat' dir='ltr'><strong>Si</strong></span> <span class='ocrx_word' id='word_1_133' title='bbox 444 918 514 945; x_wconf 80' lang='lat' dir='ltr'><strong>enirn</strong></span> <span class='ocrx_word' id='word_1_134' title='bbox 527 938 534 951; x_wconf 88' lang='lat'><strong>,</strong></span> <span class='ocrx_word' id='word_1_135' title='bbox 554 917 661 953; x_wconf 85' lang='lat' dir='ltr'><strong>quando</strong></span> <span class='ocrx_word' id='word_1_136' title='bbox 682 917 779 945; x_wconf 83' lang='lat' dir='ltr'><strong>fuerint</strong></span> <span class='ocrx_word' id='word_1_137' title='bbox 793 917 910 952; x_wconf 88' lang='lat' dir='ltr'><strong>quinque</strong></span> <span class='ocrx_word' id='word_1_138' title='bbox 922 918 987 952; x_wconf 86' lang='lat' dir='ltr'><strong>justi</strong></span> <span class='ocrx_word' id='word_1_139' title='bbox 1008 918 1034 944; x_wconf 94' lang='lat' dir='ltr'><strong>in</strong></span> 
     </span>
    </p>
   </div>
   <div class='ocr_carea' id='block_1_19' title="bbox 243 962 1035 998">
    <p class='ocr_par' dir='ltr' id='par_1_19' title="bbox 243 962 1035 998">
     <span class='ocr_line' id='line_1_19' title="bbox 243 962 1035 998; baseline -0.003 -7"><span class='ocrx_word' id='word_1_140' title='bbox 243 964 364 998; x_wconf 83' lang='lat' dir='ltr'><strong>civitate,</strong></span> <span class='ocrx_word' id='word_1_141' title='bbox 382 964 419 993; x_wconf 90' lang='lat' dir='ltr'><strong>illi</strong></span> <span class='ocrx_word' id='word_1_142' title='bbox 441 964 556 998; x_wconf 87' lang='lat' dir='ltr'><strong>parcitur</strong></span> <span class='ocrx_word' id='word_1_143' title='bbox 571 973 577 991; x_wconf 93' lang='lat'><strong>:</strong></span> <span class='ocrx_word' id='word_1_144' title='bbox 592 963 676 990; x_wconf 92' lang='lat' dir='ltr'><strong>multo</strong></span> <span class='ocrx_word' id='word_1_145' title='bbox 688 963 773 998; x_wconf 85' lang='lat' dir='ltr'><strong>magis</strong></span> <span class='ocrx_word' id='word_1_146' title='bbox 783 967 810 990; x_wconf 88' lang='lat' dir='ltr'><strong>et</strong></span> <span class='ocrx_word' id='word_1_147' title='bbox 823 962 922 990; x_wconf 91' lang='lat' dir='ltr'><strong>mundo</strong></span> <span class='ocrx_word' id='word_1_148' title='bbox 932 970 992 989; x_wconf 91' lang='lat' dir='ltr'><strong>cum</strong></span> <span class='ocrx_word' id='word_1_149' title='bbox 1008 962 1035 990; x_wconf 91' lang='lat' dir='ltr'><strong>in</strong></span> 
     </span>
    </p>
   </div>
   <div class='ocr_carea' id='block_1_20' title="bbox 243 1008 1033 1046">
    <p class='ocr_par' dir='ltr' id='par_1_20' title="bbox 243 1008 1033 1046">
     <span class='ocr_line' id='line_1_20' title="bbox 243 1008 1033 1046; baseline -0.003 -9"><span class='ocrx_word' id='word_1_150' title='bbox 243 1017 276 1037; x_wconf 89' lang='lat' dir='ltr'><strong>eo</strong></span> <span class='ocrx_word' id='word_1_151' title='bbox 290 1015 353 1038; x_wconf 89' lang='lat' dir='ltr'><strong>sunt</strong></span> <span class='ocrx_word' id='word_1_152' title='bbox 365 1010 430 1046; x_wconf 87' lang='lat' dir='ltr'><strong>justi</strong></span> <span class='ocrx_word' id='word_1_153' title='bbox 450 1010 596 1039; x_wconf 86' lang='lat' dir='ltr'><strong>secundum</strong></span> <span class='ocrx_word' id='word_1_154' title='bbox 619 1009 826 1044; x_wconf 88' lang='lat' dir='ltr'><strong>proportionem.</strong></span> <span class='ocrx_word' id='word_1_155' title='bbox 851 1009 895 1037; x_wconf 76' lang='lat'><strong>35.</strong></span> <span class='ocrx_word' id='word_1_156' title='bbox 912 1008 944 1035; x_wconf 87' lang='lat' dir='ltr'><strong>Et</strong></span> <span class='ocrx_word' id='word_1_157' title='bbox 957 1008 1033 1043; x_wconf 76' lang='lat' dir='ltr'><strong>lapis,</strong></span> 
     </span>
    </p>
   </div>
   <div class='ocr_carea' id='block_1_21' title="bbox 242 1055 1032 1092">
    <p class='ocr_par' dir='ltr' id='par_1_21' title="bbox 242 1055 1032 1092">
     <span class='ocr_line' id='line_1_21' title="bbox 242 1055 1032 1092; baseline -0.004 -9"><span class='ocrx_word' id='word_1_158' title='bbox 242 1057 285 1088; x_wconf 89' lang='lat' dir='ltr'><strong>qui</strong></span> <span class='ocrx_word' id='word_1_159' title='bbox 299 1056 421 1092; x_wconf 77' lang='lat' dir='ltr'><strong>percussit</strong></span> <span class='ocrx_word' id='word_1_160' title='bbox 433 1056 577 1091; x_wconf 83' lang='lat' dir='ltr'><strong>imaginem,</strong></span> <span class='ocrx_word' id='word_1_161' title='bbox 592 1056 674 1090; x_wconf 77' lang='lat' dir='ltr'><strong>{actus</strong></span> <span class='ocrx_word' id='word_1_162' title='bbox 686 1055 758 1082; x_wconf 75' lang='lat' dir='ltr'><strong>estin</strong></span> <span class='ocrx_word' id='word_1_163' title='bbox 772 1060 881 1081; x_wconf 87' lang='lat' dir='ltr'><strong>montem</strong></span> <span class='ocrx_word' id='word_1_164' title='bbox 896 1062 1015 1089; x_wconf 87' lang='lat' dir='ltr'><strong>magnum</strong></span> <span class='ocrx_word' id='word_1_165' title='bbox 1024 1074 1032 1086; x_wconf 90' lang='lat'><strong>,</strong></span> 
     </span>
    </p>
   </div>
   <div class='ocr_carea' id='block_1_22' title="bbox 243 1100 1034 1136">
    <p class='ocr_par' dir='ltr' id='par_1_22' title="bbox 243 1100 1034 1136">
     <span class='ocr_line' id='line_1_22' title="bbox 243 1100 1034 1136; baseline -0.001 -8"><span class='ocrx_word' id='word_1_166' title='bbox 243 1107 266 1128; x_wconf 83' lang='lat' dir='ltr'><strong>et</strong></span> <span class='ocrx_word' id='word_1_167' title='bbox 279 1101 389 1136; x_wconf 75' lang='lat' dir='ltr'><strong>implevit</strong></span> <span class='ocrx_word' id='word_1_168' title='bbox 404 1102 544 1128; x_wconf 78' lang='lat' dir='ltr'><strong>universam</strong></span> <span class='ocrx_word' id='word_1_169' title='bbox 557 1106 658 1128; x_wconf 85' lang='lat' dir='ltr'><strong>terram.</strong></span> <span class='ocrx_word' id='word_1_170' title='bbox 681 1100 776 1135; x_wconf 85' lang='lat' dir='ltr'><strong>Lapis,</strong></span> <span class='ocrx_word' id='word_1_171' title='bbox 792 1100 887 1135; x_wconf 89' lang='lat' dir='ltr'><strong>inquit,</strong></span> <span class='ocrx_word' id='word_1_172' title='bbox 903 1101 990 1127; x_wconf 86' lang='lat' dir='ltr'><strong>cecidit</strong></span> <span class='ocrx_word' id='word_1_173' title='bbox 1003 1100 1034 1127; x_wconf 86' lang='lat' dir='ltr'><strong>de</strong></span> 
     </span>
    </p>
   </div>
   <div class='ocr_carea' id='block_1_23' title="bbox 243 1146 1034 1182">
    <p class='ocr_par' dir='ltr' id='par_1_23' title="bbox 243 1146 1034 1182">
     <span class='ocr_line' id='line_1_23' title="bbox 243 1146 1034 1182; baseline -0.001 -7"><span class='ocrx_word' id='word_1_174' title='bbox 243 1153 336 1175; x_wconf 84' lang='lat' dir='ltr'><strong>monte.</strong></span> <span class='ocrx_word' id='word_1_175' title='bbox 351 1147 418 1175; x_wconf 85' lang='lat' dir='ltr'><strong>Vide</strong></span> <span class='ocrx_word' id='word_1_176' title='bbox 431 1147 546 1182; x_wconf 87' lang='lat' dir='ltr'><strong>quando.</strong></span> <span class='ocrx_word' id='word_1_177' title='bbox 560 1146 617 1174; x_wconf 87' lang='lat' dir='ltr'><strong>Non</strong></span> <span class='ocrx_word' id='word_1_178' title='bbox 628 1154 688 1174; x_wconf 88' lang='lat' dir='ltr'><strong>cum</strong></span> <span class='ocrx_word' id='word_1_179' title='bbox 699 1146 768 1181; x_wconf 91' lang='lat' dir='ltr'><strong>quod</strong></span> <span class='ocrx_word' id='word_1_180' title='bbox 780 1154 890 1173; x_wconf 88' lang='lat' dir='ltr'><strong>aureum</strong></span> <span class='ocrx_word' id='word_1_181' title='bbox 903 1151 969 1178; x_wconf 86' lang='lat' dir='ltr'><strong>erat,</strong></span> <span class='ocrx_word' id='word_1_182' title='bbox 984 1153 1034 1174; x_wconf 89' lang='lat' dir='ltr'><strong>ne-</strong></span> 
     </span>
    </p>
   </div>
   <div class='ocr_carea' id='block_1_24' title="bbox 243 1191 1032 1230">
    <p class='ocr_par' dir='ltr' id='par_1_24' title="bbox 243 1191 1032 1230">
     <span class='ocr_line' id='line_1_24' title="bbox 243 1191 1032 1230; baseline -0.005 -8"><span class='ocrx_word' id='word_1_183' title='bbox 243 1202 295 1230; x_wconf 88' lang='lat' dir='ltr'><strong>que</strong></span> <span class='ocrx_word' id='word_1_184' title='bbox 308 1201 368 1222; x_wconf 89' lang='lat' dir='ltr'><strong>cum</strong></span> <span class='ocrx_word' id='word_1_185' title='bbox 379 1193 449 1229; x_wconf 92' lang='lat' dir='ltr'><strong>quod</strong></span> <span class='ocrx_word' id='word_1_186' title='bbox 459 1197 613 1228; x_wconf 83' lang='lat' dir='ltr'><strong>argenteum</strong></span> <span class='ocrx_word' id='word_1_187' title='bbox 625 1212 633 1225; x_wconf 92' lang='lat'><strong>,</strong></span> <span class='ocrx_word' id='word_1_188' title='bbox 649 1200 735 1227; x_wconf 87' lang='lat' dir='ltr'><strong>neque</strong></span> <span class='ocrx_word' id='word_1_189' title='bbox 751 1200 810 1220; x_wconf 89' lang='lat' dir='ltr'><strong>cum</strong></span> <span class='ocrx_word' id='word_1_190' title='bbox 826 1191 896 1226; x_wconf 89' lang='lat' dir='ltr'><strong>quod</strong></span> <span class='ocrx_word' id='word_1_191' title='bbox 909 1199 1007 1219; x_wconf 67' lang='lat' dir='ltr'><strong>aereum</strong></span> <span class='ocrx_word' id='word_1_192' title='bbox 1025 1200 1032 1218; x_wconf 90' lang='lat'>:</span> 
     </span>
    </p>
   </div>
   <div class='ocr_carea' id='block_1_25' title="bbox 243 1237 1033 1274">
    <p class='ocr_par' dir='ltr' id='par_1_25' title="bbox 243 1237 1033 1274">
     <span class='ocr_line' id='line_1_25' title="bbox 243 1237 1033 1274; baseline -0.006 -6"><span class='ocrx_word' id='word_1_193' title='bbox 243 1240 291 1268; x_wconf 85' lang='lat' dir='ltr'><strong>sed</strong></span> <span class='ocrx_word' id='word_1_194' title='bbox 306 1247 366 1267; x_wconf 93' lang='lat' dir='ltr'><strong>cum</strong></span> <span class='ocrx_word' id='word_1_195' title='bbox 389 1239 487 1267; x_wconf 82' lang='lat' dir='ltr'><strong>ferrum</strong></span> <span class='ocrx_word' id='word_1_196' title='bbox 513 1239 646 1274; x_wconf 87' lang='lat' dir='ltr'><strong>apparuit,</strong></span> <span class='ocrx_word' id='word_1_197' title='bbox 670 1237 775 1269; x_wconf 81' lang='lat' dir='ltr'><strong>Cecidit,</strong></span> <span class='ocrx_word' id='word_1_198' title='bbox 790 1238 885 1272; x_wconf 88' lang='lat' dir='ltr'><strong>inquit,</strong></span> <span class='ocrx_word' id='word_1_199' title='bbox 898 1237 929 1264; x_wconf 88' lang='lat' dir='ltr'><strong>de</strong></span> <span class='ocrx_word' id='word_1_200' title='bbox 942 1241 1033 1264; x_wconf 87' lang='lat' dir='ltr'><strong>ntonte.</strong></span> 
     </span>
    </p>
   </div>
   <div class='ocr_carea' id='block_1_26' title="bbox 243 1283 1036 1318">
    <p class='ocr_par' dir='ltr' id='par_1_26' title="bbox 243 1283 1036 1318">
     <span class='ocr_line' id='line_1_26' title="bbox 243 1283 1036 1318; baseline -0.006 -3"><span class='ocrx_word' id='word_1_201' title='bbox 243 1287 415 1316; x_wconf 79' lang='lat' dir='ltr'><strong>Altitudincm</strong></span> <span class='ocrx_word' id='word_1_202' title='bbox 429 1286 557 1318; x_wconf 87' lang='lat' dir='ltr'><strong>indicans,</strong></span> <span class='ocrx_word' id='word_1_203' title='bbox 569 1285 608 1312; x_wconf 89' lang='lat' dir='ltr'><strong>De</strong></span> <span class='ocrx_word' id='word_1_204' title='bbox 619 1289 712 1317; x_wconf 86' lang='lat' dir='ltr'><strong>monte,</strong></span> <span class='ocrx_word' id='word_1_205' title='bbox 725 1283 801 1311; x_wconf 88' lang='lat' dir='ltr'><strong>dixit.</strong></span> <span class='ocrx_word' id='word_1_206' title='bbox 809 1283 862 1311; x_wconf 90' lang='lat' dir='ltr'><strong>Sed</strong></span> <span class='ocrx_word' id='word_1_207' title='bbox 875 1291 963 1311; x_wconf 91' lang='lat' dir='ltr'><strong>coram</strong></span> <span class='ocrx_word' id='word_1_208' title='bbox 973 1290 1036 1318; x_wconf 80' lang='lat' dir='ltr'><strong>rege</strong></span> 
     </span>
    </p>
   </div>
   <div class='ocr_carea' id='block_1_27' title="bbox 243 1329 1033 1365">
    <p class='ocr_par' dir='ltr' id='par_1_27' title="bbox 243 1329 1033 1365">
     <span class='ocr_line' id='line_1_27' title="bbox 243 1329 1033 1365; baseline -0.006 -4"><span class='ocrx_word' id='word_1_209' title='bbox 243 1333 359 1361; x_wconf 88' lang='lat' dir='ltr'><strong>ostendit</strong></span> <span class='ocrx_word' id='word_1_210' title='bbox 368 1332 402 1360; x_wconf 90' lang='lat' dir='ltr'><strong>de</strong></span> <span class='ocrx_word' id='word_1_211' title='bbox 409 1333 488 1360; x_wconf 85' lang='lat' dir='ltr'><strong>rebus</strong></span> <span class='ocrx_word' id='word_1_212' title='bbox 499 1331 620 1359; x_wconf 62' lang='lat' dir='ltr'><strong>humanis</strong></span> <span class='ocrx_word' id='word_1_213' title='bbox 629 1331 761 1358; x_wconf 85' lang='lat' dir='ltr'><strong>somnium</strong></span> <span class='ocrx_word' id='word_1_214' title='bbox 772 1337 840 1358; x_wconf 87' lang='lat' dir='ltr'><strong>esse.</strong></span> <span class='ocrx_word' id='word_1_215' title='bbox 853 1329 931 1365; x_wconf 84' lang='lat' dir='ltr'><strong>Lapis</strong></span> <span class='ocrx_word' id='word_1_216' title='bbox 939 1334 1033 1364; x_wconf 85' lang='lat' dir='ltr'><strong>autem,</strong></span> 
     </span>
    </p>
   </div>
   <div class='ocr_carea' id='block_1_28' title="bbox 243 1375 1032 1415">
    <p class='ocr_par' dir='ltr' id='par_1_28' title="bbox 243 1375 1032 1415">
     <span class='ocr_line' id='line_1_28' title="bbox 243 1375 1032 1415; baseline -0.006 -8"><span class='ocrx_word' id='word_1_217' title='bbox 243 1379 329 1415; x_wconf 88' lang='lat' dir='ltr'><strong>inquit</strong></span> <span class='ocrx_word' id='word_1_218' title='bbox 338 1399 344 1411; x_wconf 88' lang='lat'><strong>,</strong></span> <span class='ocrx_word' id='word_1_219' title='bbox 360 1379 449 1405; x_wconf 79' lang='lat' dir='ltr'><strong>cecidit</strong></span> <span class='ocrx_word' id='word_1_220' title='bbox 463 1378 494 1405; x_wconf 86' lang='lat' dir='ltr'><strong>de</strong></span> <span class='ocrx_word' id='word_1_221' title='bbox 507 1382 600 1405; x_wconf 87' lang='lat' dir='ltr'><strong>monte.</strong></span> <span class='ocrx_word' id='word_1_222' title='bbox 620 1376 730 1404; x_wconf 83' lang='lat' dir='ltr'><strong>Arhitrii</strong></span> <span class='ocrx_word' id='word_1_223' title='bbox 742 1375 893 1403; x_wconf 86' lang='lat' dir='ltr'><strong>libertatem</strong></span> <span class='ocrx_word' id='word_1_224' title='bbox 905 1375 1032 1409; x_wconf 82' lang='lat' dir='ltr'><strong>declarat,</strong></span> 
     </span>
    </p>
   </div>
   <div class='ocr_carea' id='block_1_29' title="bbox 243 1420 1035 1460">
    <p class='ocr_par' dir='ltr' id='par_1_29' title="bbox 243 1420 1035 1460">
     <span class='ocr_line' id='line_1_29' title="bbox 243 1420 1035 1460; baseline -0.008 -7"><span class='ocrx_word' id='word_1_225' title='bbox 243 1430 270 1453; x_wconf 89' lang='lat' dir='ltr'><strong>et</strong></span> <span class='ocrx_word' id='word_1_226' title='bbox 281 1424 353 1460; x_wconf 92' lang='lat' dir='ltr'><strong>quod</strong></span> <span class='ocrx_word' id='word_1_227' title='bbox 363 1424 389 1451; x_wconf 89' lang='lat' dir='ltr'><strong>vi</strong></span> <span class='ocrx_word' id='word_1_228' title='bbox 399 1423 509 1451; x_wconf 82' lang='lat' dir='ltr'><strong>adactus</strong></span> <span class='ocrx_word' id='word_1_229' title='bbox 515 1430 568 1450; x_wconf 92' lang='lat' dir='ltr'><strong>non</strong></span> <span class='ocrx_word' id='word_1_230' title='bbox 580 1424 624 1449; x_wconf 87' lang='lat' dir='ltr'><strong>sit.</strong></span> <span class='ocrx_word' id='word_1_231' title='bbox 636 1421 725 1457; x_wconf 86' lang='lat' dir='ltr'><strong>Neque</strong></span> <span class='ocrx_word' id='word_1_232' title='bbox 732 1422 803 1449; x_wconf 90' lang='lat' dir='ltr'><strong>enim</strong></span> <span class='ocrx_word' id='word_1_233' title='bbox 812 1421 887 1454; x_wconf 81' lang='lat' dir='ltr'><strong>dixit,</strong></span> <span class='ocrx_word' id='word_1_234' title='bbox 898 1420 1035 1456; x_wconf 87' lang='lat' dir='ltr'><strong>Projectus</strong></span> 
     </span>
    </p>
   </div>
   <div class='ocr_carea' id='block_1_30' title="bbox 242 1467 1034 1505">
    <p class='ocr_par' dir='ltr' id='par_1_30' title="bbox 242 1467 1034 1505">
     <span class='ocr_line' id='line_1_30' title="bbox 242 1467 1034 1505; baseline -0.006 -6"><span class='ocrx_word' id='word_1_235' title='bbox 242 1475 298 1504; x_wconf 86' lang='lat' dir='ltr'><strong>est;</strong></span> <span class='ocrx_word' id='word_1_236' title='bbox 310 1471 367 1505; x_wconf 88' lang='lat' dir='ltr'><strong>sed,</strong></span> <span class='ocrx_word' id='word_1_237' title='bbox 381 1470 474 1498; x_wconf 81' lang='lat' dir='ltr'><strong>Cecidit</strong></span> <span class='ocrx_word' id='word_1_238' title='bbox 489 1470 520 1497; x_wconf 82' lang='lat' dir='ltr'><strong>de</strong></span> <span class='ocrx_word' id='word_1_239' title='bbox 532 1474 625 1496; x_wconf 87' lang='lat' dir='ltr'><strong>monte.</strong></span> <span class='ocrx_word' id='word_1_240' title='bbox 635 1469 700 1496; x_wconf 80' lang='lat' dir='ltr'><strong>Rem</strong></span> <span class='ocrx_word' id='word_1_241' title='bbox 711 1469 878 1503; x_wconf 79' lang='lat' dir='ltr'><strong>inopinanter</strong></span> <span class='ocrx_word' id='word_1_242' title='bbox 888 1475 919 1495; x_wconf 87' lang='lat' dir='ltr'><strong>ac</strong></span> <span class='ocrx_word' id='word_1_243' title='bbox 928 1467 1034 1495; x_wconf 91' lang='lat' dir='ltr'><strong>nemine</strong></span> 
     </span>
    </p>
   </div>
   <div class='ocr_carea' id='block_1_31' title="bbox 242 1513 1036 1550">
    <p class='ocr_par' dir='ltr' id='par_1_31' title="bbox 242 1513 1036 1550">
     <span class='ocr_line' id='line_1_31' title="bbox 242 1513 1036 1550; baseline -0.008 -5"><span class='ocrx_word' id='word_1_244' title='bbox 242 1518 342 1545; x_wconf 79' lang='lat' dir='ltr'><strong>sciente</strong></span> <span class='ocrx_word' id='word_1_245' title='bbox 350 1516 445 1544; x_wconf 81' lang='lat' dir='ltr'><strong>factam</strong></span> <span class='ocrx_word' id='word_1_246' title='bbox 453 1515 669 1550; x_wconf 77' lang='lat' dir='ltr'><strong>fuissedesignat.</strong></span> <span class='ocrx_word' id='word_1_247' title='bbox 679 1513 712 1541; x_wconf 87' lang='lat' dir='ltr'><strong>Et</strong></span> <span class='ocrx_word' id='word_1_248' title='bbox 720 1514 843 1541; x_wconf 80' lang='lat' dir='ltr'><strong>abscissus</strong></span> <span class='ocrx_word' id='word_1_249' title='bbox 848 1519 884 1541; x_wconf 84' lang='lat' dir='ltr'><strong>est</strong></span> <span class='ocrx_word' id='word_1_250' title='bbox 892 1513 946 1540; x_wconf 77' lang='lat' dir='ltr'><strong>sine</strong></span> <span class='ocrx_word' id='word_1_251' title='bbox 953 1513 1036 1540; x_wconf 82' lang='lat' dir='ltr'><strong>mani-</strong></span> 
     </span>
    </p>
   </div>
   <div class='ocr_carea' id='block_1_32' title="bbox 243 1558 1035 1591">
    <p class='ocr_par' dir='ltr' id='par_1_32' title="bbox 243 1558 1035 1591">
     <span class='ocr_line' id='line_1_32' title="bbox 243 1558 1035 1591; baseline -0.008 0"><span class='ocrx_word' id='word_1_252' title='bbox 243 1564 296 1591; x_wconf 86' lang='lat' dir='ltr'><strong>bus.</strong></span> <span class='ocrx_word' id='word_1_253' title='bbox 306 1562 510 1591; x_wconf 85' lang='lat' dir='ltr'><strong>Gcnerationem</strong></span> <span class='ocrx_word' id='word_1_254' title='bbox 519 1561 663 1589; x_wconf 89' lang='lat' dir='ltr'><strong>secundum</strong></span> <span class='ocrx_word' id='word_1_255' title='bbox 671 1567 777 1588; x_wconf 89' lang='lat' dir='ltr'><strong>carnem</strong></span> <span class='ocrx_word' id='word_1_256' title='bbox 787 1559 881 1586; x_wconf 90' lang='lat' dir='ltr'><strong>innuit.</strong></span> <span class='ocrx_word' id='word_1_257' title='bbox 888 1558 1035 1587; x_wconf 89' lang='lat' dir='ltr'><strong>SoletScri-</strong></span> 
     </span>
    </p>
   </div>
   <div class='ocr_carea' id='block_1_33' title="bbox 243 1604 1033 1645">
    <p class='ocr_par' dir='ltr' id='par_1_33' title="bbox 243 1604 1033 1645">
     <span class='ocr_line' id='line_1_33' title="bbox 243 1604 1033 1645; baseline -0.006 -8"><span class='ocrx_word' id='word_1_258' title='bbox 243 1614 319 1645; x_wconf 87' lang='lat' dir='ltr'><strong>ptura</strong></span> <span class='ocrx_word' id='word_1_259' title='bbox 330 1609 427 1637; x_wconf 88' lang='lat' dir='ltr'><strong>montis</strong></span> <span class='ocrx_word' id='word_1_260' title='bbox 437 1608 544 1636; x_wconf 88' lang='lat' dir='ltr'><strong>nomine</strong></span> <span class='ocrx_word' id='word_1_261' title='bbox 553 1608 632 1635; x_wconf 85' lang='lat' dir='ltr'><strong>etiam</strong></span> <span class='ocrx_word' id='word_1_262' title='bbox 643 1607 768 1634; x_wconf 87' lang='lat' dir='ltr'><strong>mulieres</strong></span> <span class='ocrx_word' id='word_1_263' title='bbox 778 1606 877 1633; x_wconf 89' lang='lat' dir='ltr'><strong>donare</strong></span> <span class='ocrx_word' id='word_1_264' title='bbox 888 1604 1033 1640; x_wconf 86' lang='lat' dir='ltr'><strong>:quemad-</strong></span> 
     </span>
    </p>
   </div>
   <div class='ocr_carea' id='block_1_34' title="bbox 243 1649 1031 1689">
    <p class='ocr_par' dir='ltr' id='par_1_34' title="bbox 243 1649 1031 1689">
     <span class='ocr_line' id='line_1_34' title="bbox 243 1649 1031 1689; baseline -0.008 -6"><span class='ocrx_word' id='word_1_265' title='bbox 243 1656 351 1683; x_wconf 85' lang='lat' dir='ltr'><strong>modum</strong></span> <span class='ocrx_word' id='word_1_266' title='bbox 360 1663 418 1683; x_wconf 89' lang='lat' dir='ltr'><strong>eum</strong></span> <span class='ocrx_word' id='word_1_267' title='bbox 426 1655 506 1682; x_wconf 89' lang='lat' dir='ltr'><strong>dixit:</strong></span> <span class='ocrx_word' id='word_1_268' title='bbox 516 1653 559 1681; x_wconf 79' lang='lat' dir='ltr'><strong>Ea:</strong></span> <span class='ocrx_word' id='word_1_269' title='bbox 567 1655 637 1689; x_wconf 80' lang='lat' dir='ltr'><strong>fovea</strong></span> <span class='ocrx_word' id='word_1_270' title='bbox 644 1652 800 1686; x_wconf 71' lang='lat' dir='ltr'><strong>undeeﬂ&#39;ossi</strong></span> <span class='ocrx_word' id='word_1_271' title='bbox 806 1653 863 1679; x_wconf 82' lang='lat' dir='ltr'><strong>estis</strong></span> <span class='ocrx_word' id='word_1_272' title='bbox 868 1651 891 1687; x_wconf 92' lang='lat' dir='ltr'><strong>(I</strong></span> <span class='ocrx_word' id='word_1_273' title='bbox 895 1651 975 1678; x_wconf 84' lang='lat' dir='ltr'><strong>sai.5l</strong></span> <span class='ocrx_word' id='word_1_274' title='bbox 983 1649 1031 1686; x_wconf 69' lang='grc' dir='ltr'><strong>Α).</strong></span> 
     </span>
    </p>
   </div>
   <div class='ocr_carea' id='block_1_35' title="bbox 243 1696 1033 1736">
    <p class='ocr_par' dir='ltr' id='par_1_35' title="bbox 243 1696 1033 1736">
     <span class='ocr_line' id='line_1_35' title="bbox 243 1696 1033 1736; baseline -0.009 -6"><span class='ocrx_word' id='word_1_275' title='bbox 243 1702 279 1729; x_wconf 84' lang='lat' dir='ltr'><strong>Et</strong></span> <span class='ocrx_word' id='word_1_276' title='bbox 288 1709 360 1736; x_wconf 61' lang='lat' dir='ltr'><strong>saepe</strong></span> <span class='ocrx_word' id='word_1_277' title='bbox 371 1701 493 1729; x_wconf 79' lang='lat' dir='ltr'><strong>Christus</strong></span> <span class='ocrx_word' id='word_1_278' title='bbox 507 1699 602 1735; x_wconf 87' lang='lat' dir='ltr'><strong>lapidis</strong></span> <span class='ocrx_word' id='word_1_279' title='bbox 614 1705 712 1726; x_wconf 89' lang='lat' dir='ltr'><strong>nomen</strong></span> <span class='ocrx_word' id='word_1_280' title='bbox 724 1698 828 1733; x_wconf 88' lang='lat' dir='ltr'><strong>accipit,</strong></span> <span class='ocrx_word' id='word_1_281' title='bbox 836 1702 945 1732; x_wconf 85' lang='lat' dir='ltr'><strong>propter</strong></span> <span class='ocrx_word' id='word_1_282' title='bbox 951 1696 1033 1724; x_wconf 84' lang='lat' dir='ltr'><strong>stabi-</strong></span> 
     </span>
    </p>
   </div>
   <div class='ocr_carea' id='block_1_36' title="bbox 243 1743 1032 1783">
    <p class='ocr_par' dir='ltr' id='par_1_36' title="bbox 243 1743 1032 1783">
     <span class='ocr_line' id='line_1_36' title="bbox 243 1743 1032 1783; baseline -0.01 -6"><span class='ocrx_word' id='word_1_283' title='bbox 243 1750 356 1778; x_wconf 78' lang='lat' dir='ltr'><strong>litatem.</strong></span> <span class='ocrx_word' id='word_1_284' title='bbox 371 1748 455 1783; x_wconf 84' lang='lat' dir='ltr'><strong>Super</strong></span> <span class='ocrx_word' id='word_1_285' title='bbox 464 1755 536 1782; x_wconf 86' lang='lat' dir='ltr'><strong>quem</strong></span> <span class='ocrx_word' id='word_1_286' title='bbox 551 1751 634 1773; x_wconf 83' lang='lat' dir='ltr'><strong>autent</strong></span> <span class='ocrx_word' id='word_1_287' title='bbox 648 1745 774 1778; x_wconf 77' lang='lat' dir='ltr'><strong>ceciderit,</strong></span> <span class='ocrx_word' id='word_1_288' title='bbox 786 1744 935 1771; x_wconf 83' lang='lat' dir='ltr'><strong>comminuet</strong></span> <span class='ocrx_word' id='word_1_289' title='bbox 947 1743 1032 1776; x_wconf 89' lang='lat' dir='ltr'><strong>illum,</strong></span> 
     </span>
    </p>
   </div>
   <div class='ocr_carea' id='block_1_37' title="bbox 243 1787 1032 1829">
    <p class='ocr_par' dir='ltr' id='par_1_37' title="bbox 243 1787 1032 1829">
     <span class='ocr_line' id='line_1_37' title="bbox 243 1787 1032 1829; baseline -0.01 -7"><span class='ocrx_word' id='word_1_290' title='bbox 243 1794 348 1829; x_wconf 85' lang='lat' dir='ltr'><strong>inquit,</strong></span> <span class='ocrx_word' id='word_1_291' title='bbox 363 1794 436 1828; x_wconf 81' lang='lat' dir='ltr'><strong>quasi</strong></span> <span class='ocrx_word' id='word_1_292' title='bbox 451 1793 576 1826; x_wconf 82' lang='lat' dir='ltr'><strong>pulverem</strong></span> <span class='ocrx_word' id='word_1_293' title='bbox 595 1791 626 1818; x_wconf 82' lang='lat' dir='ltr'><strong>de</strong></span> <span class='ocrx_word' id='word_1_294' title='bbox 645 1798 704 1817; x_wconf 85' lang='lat' dir='ltr'><strong>area</strong></span> <span class='ocrx_word' id='word_1_295' title='bbox 723 1790 808 1817; x_wconf 74' lang='lat' dir='ltr'><strong>testim:</strong></span> <span class='ocrx_word' id='word_1_296' title='bbox 829 1788 903 1823; x_wconf 86' lang='lat' dir='ltr'><strong>(Luc.</strong></span> <span class='ocrx_word' id='word_1_297' title='bbox 914 1788 959 1815; x_wconf 73' lang='lat'><strong>20.</strong></span> <span class='ocrx_word' id='word_1_298' title='bbox 975 1787 1032 1822; x_wconf 82' lang='grc'><strong>18).</strong></span> 
     </span>
    </p>
   </div>
   <div class='ocr_carea' id='block_1_38' title="bbox 244 1834 1034 1874">
    <p class='ocr_par' dir='ltr' id='par_1_38' title="bbox 244 1834 1034 1874">
     <span class='ocr_line' id='line_1_38' title="bbox 244 1834 1034 1874; baseline -0.01 -6"><span class='ocrx_word' id='word_1_299' title='bbox 244 1841 293 1868; x_wconf 90' lang='lat' dir='ltr'><strong>llic</strong></span> <span class='ocrx_word' id='word_1_300' title='bbox 306 1840 421 1868; x_wconf 86' lang='lat' dir='ltr'><strong>declarat</strong></span> <span class='ocrx_word' id='word_1_301' title='bbox 436 1847 516 1874; x_wconf 81' lang='lat' dir='ltr'><strong>regna</strong></span> <span class='ocrx_word' id='word_1_302' title='bbox 530 1846 581 1866; x_wconf 89' lang='lat' dir='ltr'><strong>non</strong></span> <span class='ocrx_word' id='word_1_303' title='bbox 595 1845 671 1872; x_wconf 92' lang='lat' dir='ltr'><strong>posse</strong></span> <span class='ocrx_word' id='word_1_304' title='bbox 684 1836 838 1864; x_wconf 86' lang='lat' dir='ltr'><strong>subsistere.</strong></span> <span class='ocrx_word' id='word_1_305' title='bbox 854 1835 887 1862; x_wconf 85' lang='lat' dir='ltr'><strong>Et</strong></span> <span class='ocrx_word' id='word_1_306' title='bbox 900 1834 988 1862; x_wconf 66' lang='lat' dir='ltr'><strong>extulit</strong></span> <span class='ocrx_word' id='word_1_307' title='bbox 1004 1841 1034 1861; x_wconf 85' lang='lat' dir='ltr'><strong>ea</strong></span> 
     </span>
    </p>
   </div>
   <div class='ocr_carea' id='block_1_39' title="bbox 244 1881 1032 1917">
    <p class='ocr_par' dir='ltr' id='par_1_39' title="bbox 244 1881 1032 1917">
     <span class='ocr_line' id='line_1_39' title="bbox 244 1881 1032 1917; baseline -0.008 -4"><span class='ocrx_word' id='word_1_308' title='bbox 244 1886 398 1913; x_wconf 80' lang='lat' dir='ltr'><strong>vehementia</strong></span> <span class='ocrx_word' id='word_1_309' title='bbox 419 1885 500 1917; x_wconf 75' lang='lat' dir='ltr'><strong>uenti,</strong></span> <span class='ocrx_word' id='word_1_310' title='bbox 522 1889 546 1910; x_wconf 84' lang='lat' dir='ltr'><strong>et</strong></span> <span class='ocrx_word' id='word_1_311' title='bbox 570 1885 638 1910; x_wconf 84' lang='lat' dir='ltr'><strong>locus</strong></span> <span class='ocrx_word' id='word_1_312' title='bbox 658 1891 709 1909; x_wconf 81' lang='lat' dir='ltr'><strong>non</strong></span> <span class='ocrx_word' id='word_1_313' title='bbox 731 1887 767 1910; x_wconf 84' lang='lat' dir='ltr'><strong>est</strong></span> <span class='ocrx_word' id='word_1_314' title='bbox 784 1882 898 1908; x_wconf 78' lang='lat' dir='ltr'><strong>iuventus</strong></span> <span class='ocrx_word' id='word_1_315' title='bbox 912 1881 972 1908; x_wconf 81' lang='lat' dir='ltr'><strong>illis.</strong></span> <span class='ocrx_word' id='word_1_316' title='bbox 994 1881 1032 1908; x_wconf 85' lang='lat' dir='ltr'><strong>Ita</strong></span> 
     </span>
    </p>
   </div>
   <div class='ocr_carea' id='block_1_40' title="bbox 243 1926 1032 1967">
    <p class='ocr_par' dir='ltr' id='par_1_40' title="bbox 243 1926 1032 1967">
     <span class='ocr_line' id='line_1_40' title="bbox 243 1926 1032 1967; baseline -0.009 -7"><span class='ocrx_word' id='word_1_317' title='bbox 243 1939 359 1967; x_wconf 81' lang='lat' dir='ltr'><strong>namque</strong></span> <span class='ocrx_word' id='word_1_318' title='bbox 373 1934 527 1959; x_wconf 81' lang='lat' dir='ltr'><strong>evertuntur</strong></span> <span class='ocrx_word' id='word_1_319' title='bbox 539 1937 630 1965; x_wconf 76' lang='lat' dir='ltr'><strong>regna,</strong></span> <span class='ocrx_word' id='word_1_320' title='bbox 642 1928 717 1964; x_wconf 87' lang='lat' dir='ltr'><strong>quasi</strong></span> <span class='ocrx_word' id='word_1_321' title='bbox 728 1927 751 1955; x_wconf 88' lang='lat' dir='ltr'><strong>si</strong></span> <span class='ocrx_word' id='word_1_322' title='bbox 767 1934 908 1962; x_wconf 83' lang='lat' dir='ltr'><strong>numquam</strong></span> <span class='ocrx_word' id='word_1_323' title='bbox 924 1926 1032 1953; x_wconf 82' lang='lat' dir='ltr'><strong>fuerint.</strong></span> 
     </span>
    </p>
   </div>
   <div class='ocr_carea' id='block_1_41' title="bbox 243 1973 1033 2014">
    <p class='ocr_par' dir='ltr' id='par_1_41' title="bbox 243 1973 1033 2014">
     <span class='ocr_line' id='line_1_41' title="bbox 243 1973 1033 2014; baseline -0.009 -8"><span class='ocrx_word' id='word_1_324' title='bbox 243 1978 277 2006; x_wconf 89' lang='lat' dir='ltr'><strong>Et</strong></span> <span class='ocrx_word' id='word_1_325' title='bbox 285 1979 368 2014; x_wconf 77' lang='lat' dir='ltr'><strong>factus</strong></span> <span class='ocrx_word' id='word_1_326' title='bbox 383 1983 418 2004; x_wconf 71' lang='lat' dir='ltr'><strong>est</strong></span> <span class='ocrx_word' id='word_1_327' title='bbox 430 1977 495 2011; x_wconf 80' lang='lat' dir='ltr'><strong>lapis</strong></span> <span class='ocrx_word' id='word_1_328' title='bbox 506 1976 532 2003; x_wconf 82' lang='lat' dir='ltr'><strong>in</strong></span> <span class='ocrx_word' id='word_1_329' title='bbox 546 1981 655 2002; x_wconf 84' lang='lat' dir='ltr'><strong>montem</strong></span> <span class='ocrx_word' id='word_1_330' title='bbox 669 1982 798 2010; x_wconf 85' lang='lat' dir='ltr'><strong>magnum.</strong></span> <span class='ocrx_word' id='word_1_331' title='bbox 813 1973 876 2001; x_wconf 76' lang='lat' dir='ltr'><strong>Vide</strong></span> <span class='ocrx_word' id='word_1_332' title='bbox 885 1978 913 2000; x_wconf 93' lang='lat' dir='ltr'><strong>ut</strong></span> <span class='ocrx_word' id='word_1_333' title='bbox 927 1977 1033 2008; x_wconf 78' lang='lat' dir='ltr'><strong>aposto-</strong></span> 
     </span>
    </p>
   </div>
   <div class='ocr_carea' id='block_1_42' title="bbox 242 2018 1034 2053">
    <p class='ocr_par' dir='ltr' id='par_1_42' title="bbox 242 2018 1034 2053">
     <span class='ocr_line' id='line_1_42' title="bbox 242 2018 1034 2053; baseline -0.01 -1"><span class='ocrx_word' id='word_1_334' title='bbox 242 2025 331 2053; x_wconf 86' lang='lat' dir='ltr'><strong>lorum</strong></span> <span class='ocrx_word' id='word_1_335' title='bbox 347 2024 427 2051; x_wconf 86' lang='lat' dir='ltr'><strong>verba</strong></span> <span class='ocrx_word' id='word_1_336' title='bbox 442 2027 525 2050; x_wconf 89' lang='lat' dir='ltr'><strong>totum</strong></span> <span class='ocrx_word' id='word_1_337' title='bbox 547 2021 640 2049; x_wconf 88' lang='lat' dir='ltr'><strong>orbem</strong></span> <span class='ocrx_word' id='word_1_338' title='bbox 656 2025 786 2047; x_wconf 87' lang='lat' dir='ltr'><strong>terrarum</strong></span> <span class='ocrx_word' id='word_1_339' title='bbox 798 2019 970 2053; x_wconf 85' lang='lat' dir='ltr'><strong>repleveriut.</strong></span> <span class='ocrx_word' id='word_1_340' title='bbox 985 2018 1034 2053; x_wconf 79' lang='lat' dir='ltr'><strong>lgi-</strong></span> 
     </span>
    </p>
   </div>
   <div class='ocr_carea' id='block_1_43' title="bbox 243 2064 1034 2105">
    <p class='ocr_par' dir='ltr' id='par_1_43' title="bbox 243 2064 1034 2105">
     <span class='ocr_line' id='line_1_43' title="bbox 243 2064 1034 2105; baseline -0.011 -7"><span class='ocrx_word' id='word_1_341' title='bbox 243 2074 287 2098; x_wconf 90' lang='lat' dir='ltr'><strong>tur</strong></span> <span class='ocrx_word' id='word_1_342' title='bbox 299 2069 367 2105; x_wconf 88' lang='lat' dir='ltr'><strong>lapis</strong></span> <span class='ocrx_word' id='word_1_343' title='bbox 389 2068 434 2096; x_wconf 89' lang='lat' dir='ltr'><strong>ille</strong></span> <span class='ocrx_word' id='word_1_344' title='bbox 447 2066 587 2102; x_wconf 86' lang='lat' dir='ltr'><strong>aliquando</strong></span> <span class='ocrx_word' id='word_1_345' title='bbox 600 2066 697 2093; x_wconf 92' lang='lat' dir='ltr'><strong>dicitur</strong></span> <span class='ocrx_word' id='word_1_346' title='bbox 712 2072 788 2092; x_wconf 89' lang='lat' dir='ltr'><strong>mons</strong></span> <span class='ocrx_word' id='word_1_347' title='bbox 798 2084 805 2097; x_wconf 88' lang='lat'><strong>,</strong></span> <span class='ocrx_word' id='word_1_348' title='bbox 822 2064 964 2099; x_wconf 89' lang='lat' dir='ltr'><strong>aliquando</strong></span> <span class='ocrx_word' id='word_1_349' title='bbox 987 2071 1034 2090; x_wconf 87' lang='lat' dir='ltr'><strong>au-</strong></span> 
     </span>
    </p>
   </div>
   <div class='ocr_carea' id='block_1_44' title="bbox 243 2110 1034 2149">
    <p class='ocr_par' dir='ltr' id='par_1_44' title="bbox 243 2110 1034 2149">
     <span class='ocr_line' id='line_1_44' title="bbox 243 2110 1034 2149; baseline -0.011 -5"><span class='ocrx_word' id='word_1_350' title='bbox 243 2121 296 2144; x_wconf 85' lang='lat' dir='ltr'><strong>tem</strong></span> <span class='ocrx_word' id='word_1_351' title='bbox 324 2114 474 2149; x_wconf 77' lang='lat' dir='ltr'><strong>augularis,</strong></span> <span class='ocrx_word' id='word_1_352' title='bbox 503 2111 644 2147; x_wconf 89' lang='lat' dir='ltr'><strong>aliquando</strong></span> <span class='ocrx_word' id='word_1_353' title='bbox 668 2117 732 2138; x_wconf 88' lang='lat' dir='ltr'><strong>vero</strong></span> <span class='ocrx_word' id='word_1_354' title='bbox 759 2110 977 2142; x_wconf 83' lang='lat' dir='ltr'><strong>fundamentum,</strong></span> <span class='ocrx_word' id='word_1_355' title='bbox 1005 2113 1034 2136; x_wconf 91' lang='lat' dir='ltr'><strong>ut</strong></span> 
     </span>
    </p>
   </div>
   <div class='ocr_carea' id='block_1_45' title="bbox 241 2153 1033 2192">
    <p class='ocr_par' dir='ltr' id='par_1_45' title="bbox 241 2153 1033 2192">
     <span class='ocr_line' id='line_1_45' title="bbox 241 2153 1033 2192; baseline -0.011 -3"><span class='ocrx_word' id='word_1_356' title='bbox 241 2161 379 2190; x_wconf 84' lang='lat' dir='ltr'><strong>edoccaris</strong></span> <span class='ocrx_word' id='word_1_357' title='bbox 392 2168 452 2186; x_wconf 87' lang='lat' dir='ltr'><strong>eum</strong></span> <span class='ocrx_word' id='word_1_358' title='bbox 465 2159 554 2186; x_wconf 89' lang='lat' dir='ltr'><strong>omnia</strong></span> <span class='ocrx_word' id='word_1_359' title='bbox 568 2157 688 2192; x_wconf 90' lang='lat' dir='ltr'><strong>implere.</strong></span> <span class='ocrx_word' id='word_1_360' title='bbox 702 2155 778 2184; x_wconf 79' lang='lat' dir='ltr'><strong>Mons</strong></span> <span class='ocrx_word' id='word_1_361' title='bbox 791 2155 862 2188; x_wconf 89' lang='lat' dir='ltr'><strong>ideo,</strong></span> <span class='ocrx_word' id='word_1_362' title='bbox 873 2155 933 2190; x_wconf 89' lang='lat' dir='ltr'><strong>quia</strong></span> <span class='ocrx_word' id='word_1_363' title='bbox 945 2153 1033 2181; x_wconf 85' lang='lat' dir='ltr'><strong>omnia</strong></span> 
     </span>
    </p>
   </div>
   <div class='ocr_carea' id='block_1_46' title="bbox 241 2201 1034 2240">
    <p class='ocr_par' dir='ltr' id='par_1_46' title="bbox 241 2201 1034 2240">
     <span class='ocr_line' id='line_1_46' title="bbox 241 2201 1034 2240; baseline -0.013 -5"><span class='ocrx_word' id='word_1_364' title='bbox 241 2207 361 2236; x_wconf 89' lang='lat' dir='ltr'><strong>continet</strong></span> <span class='ocrx_word' id='word_1_365' title='bbox 377 2215 384 2232; x_wconf 92' lang='lat'><strong>:</strong></span> <span class='ocrx_word' id='word_1_366' title='bbox 407 2205 542 2240; x_wconf 77' lang='lat' dir='ltr'><strong>angularis</strong></span> <span class='ocrx_word' id='word_1_367' title='bbox 556 2203 626 2235; x_wconf 85' lang='lat' dir='ltr'><strong>ideo,</strong></span> <span class='ocrx_word' id='word_1_368' title='bbox 640 2203 700 2237; x_wconf 88' lang='lat' dir='ltr'><strong>quia</strong></span> <span class='ocrx_word' id='word_1_369' title='bbox 713 2202 835 2229; x_wconf 84' lang='lat' dir='ltr'><strong>universa</strong></span> <span class='ocrx_word' id='word_1_370' title='bbox 851 2201 877 2228; x_wconf 90' lang='lat' dir='ltr'><strong>iu</strong></span> <span class='ocrx_word' id='word_1_371' title='bbox 894 2201 950 2235; x_wconf 79' lang='lat' dir='ltr'><strong>ipso</strong></span> <span class='ocrx_word' id='word_1_372' title='bbox 970 2208 1034 2227; x_wconf 85' lang='lat' dir='ltr'><strong>cott-</strong></span> 
     </span>
    </p>
   </div>
   <div class='ocr_carea' id='block_1_47' title="bbox 240 2245 1033 2281">
    <p class='ocr_par' dir='ltr' id='par_1_47' title="bbox 240 2245 1033 2281">
     <span class='ocr_line' id='line_1_47' title="bbox 240 2245 1033 2281; baseline -0.011 -1"><span class='ocrx_word' id='word_1_373' title='bbox 240 2254 332 2281; x_wconf 88' lang='lat' dir='ltr'><strong>stitnta</strong></span> <span class='ocrx_word' id='word_1_374' title='bbox 353 2255 424 2279; x_wconf 89' lang='lat' dir='ltr'><strong>sunt.</strong></span> <span class='ocrx_word' id='word_1_375' title='bbox 447 2250 508 2277; x_wconf 88' lang='lat' dir='ltr'><strong>ldeo</strong></span> <span class='ocrx_word' id='word_1_376' title='bbox 526 2249 737 2279; x_wconf 86' lang='lat' dir='ltr'><strong>fundamentum,</strong></span> <span class='ocrx_word' id='word_1_377' title='bbox 749 2251 776 2274; x_wconf 88' lang='lat' dir='ltr'><strong>et</strong></span> <span class='ocrx_word' id='word_1_378' title='bbox 798 2246 858 2273; x_wconf 85' lang='lat' dir='ltr'><strong>vitis</strong></span> <span class='ocrx_word' id='word_1_379' title='bbox 877 2245 964 2274; x_wconf 86' lang='lat' dir='ltr'><strong>radix.</strong></span> <span class='ocrx_word' id='word_1_380' title='bbox 978 2245 1033 2281; x_wconf 79' lang='lat' dir='ltr'><strong>Ego</strong></span> 
     </span>
    </p>
   </div>
   <div class='ocr_carea' id='block_1_48' title="bbox 241 2291 1033 2331">
    <p class='ocr_par' dir='ltr' id='par_1_48' title="bbox 241 2291 1033 2331">
     <span class='ocr_line' id='line_1_48' title="bbox 241 2291 1033 2331; baseline -0.009 -5"><span class='ocrx_word' id='word_1_381' title='bbox 241 2299 312 2326; x_wconf 87' lang='lat' dir='ltr'><strong>enim</strong></span> <span class='ocrx_word' id='word_1_382' title='bbox 325 2305 380 2325; x_wconf 86' lang='lat' dir='ltr'><strong>sum</strong></span> <span class='ocrx_word' id='word_1_383' title='bbox 393 2297 466 2330; x_wconf 78' lang='lat' dir='ltr'><strong>vitis,</strong></span> <span class='ocrx_word' id='word_1_384' title='bbox 480 2304 522 2323; x_wconf 74' lang='lat' dir='ltr'><strong>vos</strong></span> <span class='ocrx_word' id='word_1_385' title='bbox 536 2295 650 2331; x_wconf 82' lang='lat' dir='ltr'><strong>palmites</strong></span> <span class='ocrx_word' id='word_1_386' title='bbox 675 2293 762 2329; x_wconf 78' lang='lat' dir='ltr'><strong>(Joan.</strong></span> <span class='ocrx_word' id='word_1_387' title='bbox 779 2293 823 2320; x_wconf 77' lang='grc'><strong>15.</strong></span> <span class='ocrx_word' id='word_1_388' title='bbox 838 2293 877 2327; x_wconf 83' lang='grc'><strong>5).</strong></span> <span class='ocrx_word' id='word_1_389' title='bbox 890 2292 932 2320; x_wconf 81' lang='lat'><strong>56.</strong></span> <span class='ocrx_word' id='word_1_390' title='bbox 947 2301 956 2318; x_wconf 82' lang='lat'><strong>(</strong></span> <span class='ocrx_word' id='word_1_391' title='bbox 977 2291 1033 2319; x_wconf 90' lang='lat' dir='ltr'><strong>Hoc</strong></span> 
     </span>
    </p>
   </div>
   <div class='ocr_carea' id='block_1_49' title="bbox 240 2338 1032 2377">
    <p class='ocr_par' dir='ltr' id='par_1_49' title="bbox 240 2338 1032 2377">
     <span class='ocr_line' id='line_1_49' title="bbox 240 2338 1032 2377; baseline -0.011 -4"><span class='ocrx_word' id='word_1_392' title='bbox 240 2350 282 2373; x_wconf 89' lang='lat' dir='ltr'><strong>est</strong></span> <span class='ocrx_word' id='word_1_393' title='bbox 293 2345 427 2373; x_wconf 86' lang='lat' dir='ltr'><strong>somnium</strong></span> <span class='ocrx_word' id='word_1_394' title='bbox 437 2364 445 2377; x_wconf 86' lang='lat'><strong>,</strong></span> <span class='ocrx_word' id='word_1_395' title='bbox 459 2353 468 2369; x_wconf 73' lang='grc' dir='ltr'>ι</span> <span class='ocrx_word' id='word_1_396' title='bbox 481 2343 576 2377; x_wconf 85' lang='lat' dir='ltr'><strong>inquit,</strong></span> <span class='ocrx_word' id='word_1_397' title='bbox 587 2350 596 2367; x_wconf 81' lang='grc' dir='ltr'><strong><em>ι</em></strong></span> <span class='ocrx_word' id='word_1_398' title='bbox 611 2345 638 2369; x_wconf 90' lang='lat' dir='ltr'><strong>et</strong></span> <span class='ocrx_word' id='word_1_399' title='bbox 649 2341 707 2376; x_wconf 85' lang='lat' dir='ltr'><strong>ejus</strong></span> <span class='ocrx_word' id='word_1_400' title='bbox 720 2339 899 2374; x_wconf 83' lang='lat' dir='ltr'><strong>conjecturam</strong></span> <span class='ocrx_word' id='word_1_401' title='bbox 914 2338 1032 2365; x_wconf 87' lang='lat' dir='ltr'><strong>dicemus</strong></span> 
     </span>
    </p>
   </div>
   <div class='ocr_carea' id='block_1_50' title="bbox 242 2383 1033 2425">
    <p class='ocr_par' dir='ltr' id='par_1_50' title="bbox 242 2383 1033 2425">
     <span class='ocr_line' id='line_1_50' title="bbox 242 2383 1033 2425; baseline -0.011 -7"><span class='ocrx_word' id='word_1_402' title='bbox 242 2397 334 2418; x_wconf 87' lang='lat' dir='ltr'><strong>coram</strong></span> <span class='ocrx_word' id='word_1_403' title='bbox 348 2396 422 2425; x_wconf 82' lang='lat' dir='ltr'><strong>rege.</strong></span> <span class='ocrx_word' id='word_1_404' title='bbox 437 2389 482 2416; x_wconf 80' lang='lat'><strong>&#39;57.</strong></span> <span class='ocrx_word' id='word_1_405' title='bbox 507 2387 548 2416; x_wconf 86' lang='lat' dir='ltr'><strong>Tu</strong></span> <span class='ocrx_word' id='word_1_406' title='bbox 572 2395 602 2415; x_wconf 87' lang='lat' dir='ltr'><strong>es</strong></span> <span class='ocrx_word' id='word_1_407' title='bbox 615 2394 663 2414; x_wconf 83' lang='lat' dir='ltr'><strong>rex</strong></span> <span class='ocrx_word' id='word_1_408' title='bbox 682 2393 785 2421; x_wconf 79' lang='lat' dir='ltr'><strong>regum.</strong></span> <span class='ocrx_word' id='word_1_409' title='bbox 800 2384 860 2412; x_wconf 87' lang='lat' dir='ltr'><strong>Tibi</strong></span> <span class='ocrx_word' id='word_1_410' title='bbox 885 2384 954 2411; x_wconf 91' lang='lat' dir='ltr'><strong>Deus</strong></span> <span class='ocrx_word' id='word_1_411' title='bbox 973 2383 1033 2410; x_wconf 85' lang='lat' dir='ltr'><strong>ca-li</strong></span> 
     </span>
    </p>
   </div>
   <div class='ocr_carea' id='block_1_51' title="bbox 241 2428 1032 2470">
    <p class='ocr_par' dir='ltr' id='par_1_51' title="bbox 241 2428 1032 2470">
     <span class='ocr_line' id='line_1_51' title="bbox 241 2428 1032 2470; baseline -0.008 -7"><span class='ocrx_word' id='word_1_412' title='bbox 241 2442 354 2470; x_wconf 72' lang='lat' dir='ltr'><strong>regnum</strong></span> <span class='ocrx_word' id='word_1_413' title='bbox 380 2434 449 2462; x_wconf 76' lang='lat' dir='ltr'><strong>forte</strong></span> <span class='ocrx_word' id='word_1_414' title='bbox 467 2438 494 2461; x_wconf 91' lang='lat' dir='ltr'><strong>et</strong></span> <span class='ocrx_word' id='word_1_415' title='bbox 515 2432 629 2468; x_wconf 69' lang='lat' dir='ltr'><strong>validum</strong></span> <span class='ocrx_word' id='word_1_416' title='bbox 658 2435 685 2459; x_wconf 88' lang='lat' dir='ltr'><strong>et</strong></span> <span class='ocrx_word' id='word_1_417' title='bbox 703 2431 862 2458; x_wconf 86' lang='lat' dir='ltr'><strong>honoratum</strong></span> <span class='ocrx_word' id='word_1_418' title='bbox 877 2429 960 2460; x_wconf 83' lang='lat' dir='ltr'><strong>dedit,</strong></span> <span class='ocrx_word' id='word_1_419' title='bbox 987 2428 1032 2457; x_wconf 76' lang='lat'><strong>38.</strong></span> 
     </span>
    </p>
   </div>
   <div class='ocr_carea' id='block_1_52' title="bbox 241 2474 1032 2512">
    <p class='ocr_par' dir='ltr' id='par_1_52' title="bbox 241 2474 1032 2512">
     <span class='ocr_line' id='line_1_52' title="bbox 241 2474 1032 2512; baseline -0.01 -3"><span class='ocrx_word' id='word_1_420' title='bbox 241 2482 271 2509; x_wconf 91' lang='lat' dir='ltr'><strong>in</strong></span> <span class='ocrx_word' id='word_1_421' title='bbox 290 2481 363 2509; x_wconf 79' lang='lat' dir='ltr'><strong>omni</strong></span> <span class='ocrx_word' id='word_1_422' title='bbox 388 2480 457 2512; x_wconf 88' lang='lat' dir='ltr'><strong>loco,</strong></span> <span class='ocrx_word' id='word_1_423' title='bbox 480 2479 523 2507; x_wconf 88' lang='lat' dir='ltr'><strong>ubi</strong></span> <span class='ocrx_word' id='word_1_424' title='bbox 550 2478 671 2506; x_wconf 88' lang='lat' dir='ltr'><strong>habitant</strong></span> <span class='ocrx_word' id='word_1_425' title='bbox 692 2478 737 2504; x_wconf 88' lang='lat' dir='ltr'><strong>lilii</strong></span> <span class='ocrx_word' id='word_1_426' title='bbox 758 2477 918 2503; x_wconf 87' lang='lat' dir='ltr'><strong>hominum:</strong></span> <span class='ocrx_word' id='word_1_427' title='bbox 937 2479 964 2502; x_wconf 89' lang='lat' dir='ltr'><strong>et</strong></span> <span class='ocrx_word' id='word_1_428' title='bbox 985 2474 1032 2502; x_wconf 89' lang='lat' dir='ltr'><strong>be-</strong></span> 
     </span>
    </p>
   </div>
   <div class='ocr_carea' id='block_1_53' title="bbox 242 2522 1035 2561">
    <p class='ocr_par' dir='ltr' id='par_1_53' title="bbox 242 2522 1035 2561">
     <span class='ocr_line' id='line_1_53' title="bbox 242 2522 1035 2561; baseline -0.01 -7"><span class='ocrx_word' id='word_1_429' title='bbox 242 2527 311 2555; x_wconf 87' lang='lat' dir='ltr'><strong>stias</strong></span> <span class='ocrx_word' id='word_1_430' title='bbox 325 2525 392 2561; x_wconf 78' lang='lat' dir='ltr'><strong>agri,</strong></span> <span class='ocrx_word' id='word_1_431' title='bbox 408 2529 435 2553; x_wconf 88' lang='lat' dir='ltr'><strong>et</strong></span> <span class='ocrx_word' id='word_1_432' title='bbox 453 2525 574 2552; x_wconf 89' lang='lat' dir='ltr'><strong>volucres</strong></span> <span class='ocrx_word' id='word_1_433' title='bbox 599 2524 658 2551; x_wconf 61' lang='lat' dir='ltr'><strong>caeli</strong></span> <span class='ocrx_word' id='word_1_434' title='bbox 680 2522 754 2550; x_wconf 88' lang='lat' dir='ltr'><strong>dedit</strong></span> <span class='ocrx_word' id='word_1_435' title='bbox 778 2522 805 2549; x_wconf 93' lang='lat' dir='ltr'><strong>iu</strong></span> <span class='ocrx_word' id='word_1_436' title='bbox 825 2528 905 2548; x_wconf 88' lang='lat' dir='ltr'><strong>manu</strong></span> <span class='ocrx_word' id='word_1_437' title='bbox 930 2525 993 2547; x_wconf 87' lang='lat' dir='ltr'><strong>tua:</strong></span> <span class='ocrx_word' id='word_1_438' title='bbox 1008 2523 1035 2547; x_wconf 86' lang='lat' dir='ltr'><strong>et</strong></span> 
     </span>
    </p>
   </div>
   <div class='ocr_carea' id='block_1_54' title="bbox 243 2566 1036 2602">
    <p class='ocr_par' dir='ltr' id='par_1_54' title="bbox 243 2566 1036 2602">
     <span class='ocr_line' id='line_1_54' title="bbox 243 2566 1036 2602; baseline -0.006 -3"><span class='ocrx_word' id='word_1_439' title='bbox 243 2572 381 2600; x_wconf 86' lang='lat' dir='ltr'><strong>constituit</strong></span> <span class='ocrx_word' id='word_1_440' title='bbox 400 2575 426 2598; x_wconf 89' lang='lat' dir='ltr'><strong>te</strong></span> <span class='ocrx_word' id='word_1_441' title='bbox 445 2570 580 2598; x_wconf 89' lang='lat' dir='ltr'><strong>dominum</strong></span> <span class='ocrx_word' id='word_1_442' title='bbox 601 2569 730 2597; x_wconf 91' lang='lat' dir='ltr'><strong>omnium.</strong></span> <span class='ocrx_word' id='word_1_443' title='bbox 748 2577 758 2594; x_wconf 79' lang='grc' dir='ltr'><strong><em>ι</em></strong></span> <span class='ocrx_word' id='word_1_444' title='bbox 775 2568 918 2602; x_wconf 83' lang='lat' dir='ltr'><strong>Postquam</strong></span> <span class='ocrx_word' id='word_1_445' title='bbox 931 2566 978 2594; x_wconf 90' lang='lat' dir='ltr'><strong>Dei</strong></span> <span class='ocrx_word' id='word_1_446' title='bbox 991 2573 1036 2601; x_wconf 91' lang='lat' dir='ltr'><strong>po-</strong></span> 
     </span>
    </p>
   </div>
   <div class='ocr_carea' id='block_1_55' title="bbox 244 2613 1035 2649">
    <p class='ocr_par' dir='ltr' id='par_1_55' title="bbox 244 2613 1035 2649">
     <span class='ocr_line' id='line_1_55' title="bbox 244 2613 1035 2649; baseline -0.008 -4"><span class='ocrx_word' id='word_1_447' title='bbox 244 2619 354 2645; x_wconf 86' lang='lat' dir='ltr'><strong>tentiam</strong></span> <span class='ocrx_word' id='word_1_448' title='bbox 368 2615 570 2649; x_wconf 89' lang='lat' dir='ltr'><strong>demoustravit,</strong></span> <span class='ocrx_word' id='word_1_449' title='bbox 597 2619 661 2642; x_wconf 89' lang='lat' dir='ltr'><strong>tunc</strong></span> <span class='ocrx_word' id='word_1_450' title='bbox 681 2621 741 2642; x_wconf 89' lang='lat' dir='ltr'><strong>eum</strong></span> <span class='ocrx_word' id='word_1_451' title='bbox 765 2613 859 2641; x_wconf 79' lang='lat' dir='ltr'><strong>ﬁducia</strong></span> <span class='ocrx_word' id='word_1_452' title='bbox 873 2613 1035 2647; x_wconf 69' lang='lat' dir='ltr'><strong>praeconium</strong></span> 
     </span>
    </p>
   </div>
   <div class='ocr_carea' id='block_1_56' title="bbox 244 2658 1036 2696">
    <p class='ocr_par' dir='ltr' id='par_1_56' title="bbox 244 2658 1036 2696">
     <span class='ocr_line' id='line_1_56' title="bbox 244 2658 1036 2696; baseline -0.008 -6"><span class='ocrx_word' id='word_1_453' title='bbox 244 2662 325 2690; x_wconf 87' lang='lat' dir='ltr'><strong>etiam</strong></span> <span class='ocrx_word' id='word_1_454' title='bbox 339 2661 460 2689; x_wconf 84' lang='lat' dir='ltr'><strong>veritatis</strong></span> <span class='ocrx_word' id='word_1_455' title='bbox 474 2660 525 2696; x_wconf 88' lang='lat' dir='ltr'><strong>ipsi</strong></span> <span class='ocrx_word' id='word_1_456' title='bbox 540 2659 675 2695; x_wconf 67' lang='lat' dir='ltr'><strong>praedicat.</strong></span> <span class='ocrx_word' id='word_1_457' title='bbox 689 2659 723 2686; x_wconf 89' lang='lat' dir='ltr'><strong>Et</strong></span> <span class='ocrx_word' id='word_1_458' title='bbox 735 2658 795 2686; x_wconf 87' lang='lat' dir='ltr'><strong>vide</strong></span> <span class='ocrx_word' id='word_1_459' title='bbox 805 2663 902 2693; x_wconf 85' lang='lat' dir='ltr'><strong>quanta</strong></span> <span class='ocrx_word' id='word_1_460' title='bbox 917 2665 978 2685; x_wconf 92' lang='lat' dir='ltr'><strong>cum</strong></span> <span class='ocrx_word' id='word_1_461' title='bbox 996 2664 1036 2684; x_wconf 92' lang='lat' dir='ltr'><strong>as-</strong></span> 
     </span>
    </p>
   </div>
   <div class='ocr_carea' id='block_1_57' title="bbox 245 2703 1035 2742">
    <p class='ocr_par' dir='ltr' id='par_1_57' title="bbox 245 2703 1035 2742">
     <span class='ocr_line' id='line_1_57' title="bbox 245 2703 1035 2742; baseline -0.008 -7"><span class='ocrx_word' id='word_1_462' title='bbox 245 2708 407 2740; x_wconf 80' lang='lat' dir='ltr'><strong>sentatione,</strong></span> <span class='ocrx_word' id='word_1_463' title='bbox 423 2711 575 2742; x_wconf 89' lang='lat' dir='ltr'><strong>quantoque</strong></span> <span class='ocrx_word' id='word_1_464' title='bbox 583 2713 644 2733; x_wconf 91' lang='lat' dir='ltr'><strong>cum</strong></span> <span class='ocrx_word' id='word_1_465' title='bbox 659 2705 760 2732; x_wconf 88' lang='lat' dir='ltr'><strong>honore</strong></span> <span class='ocrx_word' id='word_1_466' title='bbox 773 2711 923 2731; x_wconf 89' lang='lat' dir='ltr'><strong>sermonem</strong></span> <span class='ocrx_word' id='word_1_467' title='bbox 934 2703 1035 2730; x_wconf 90' lang='lat' dir='ltr'><strong>immit-</strong></span> 
     </span>
    </p>
   </div>
   <div class='ocr_carea' id='block_1_58' title="bbox 244 2749 1036 2789">
    <p class='ocr_par' dir='ltr' id='par_1_58' title="bbox 244 2749 1036 2789">
     <span class='ocr_line' id='line_1_58' title="bbox 244 2749 1036 2789; baseline -0.005 -9"><span class='ocrx_word' id='word_1_468' title='bbox 244 2758 284 2781; x_wconf 88' lang='lat' dir='ltr'><strong>tat</strong></span> <span class='ocrx_word' id='word_1_469' title='bbox 299 2753 347 2789; x_wconf 89' lang='lat' dir='ltr'><strong>(a).</strong></span> <span class='ocrx_word' id='word_1_470' title='bbox 364 2762 373 2779; x_wconf 85' lang='grc'><strong>‹</strong></span> <span class='ocrx_word' id='word_1_471' title='bbox 387 2752 427 2780; x_wconf 91' lang='lat' dir='ltr'><strong>Tu</strong></span> <span class='ocrx_word' id='word_1_472' title='bbox 440 2759 479 2785; x_wconf 89' lang='lat' dir='ltr'><strong>es,</strong></span> <span class='ocrx_word' id='word_1_473' title='bbox 495 2761 505 2778; x_wconf 83' lang='grc'><strong>›</strong></span> <span class='ocrx_word' id='word_1_474' title='bbox 516 2751 610 2786; x_wconf 87' lang='lat' dir='ltr'><strong>inquit,</strong></span> <span class='ocrx_word' id='word_1_475' title='bbox 622 2759 632 2776; x_wconf 83' lang='grc'><strong>(</strong></span> <span class='ocrx_word' id='word_1_476' title='bbox 642 2757 690 2778; x_wconf 88' lang='lat' dir='ltr'><strong>rex</strong></span> <span class='ocrx_word' id='word_1_477' title='bbox 706 2757 808 2784; x_wconf 79' lang='lat' dir='ltr'><strong>regum.</strong></span> <span class='ocrx_word' id='word_1_478' title='bbox 825 2749 884 2777; x_wconf 89' lang='lat' dir='ltr'><strong>Tibi</strong></span> <span class='ocrx_word' id='word_1_479' title='bbox 895 2749 964 2776; x_wconf 87' lang='lat' dir='ltr'><strong>Deus</strong></span> <span class='ocrx_word' id='word_1_480' title='bbox 978 2749 1036 2776; x_wconf 69' lang='lat' dir='ltr'><strong>eatli</strong></span> 
     </span>
    </p>
   </div>
   <div class='ocr_carea' id='block_1_59' title="bbox 276 2826 1036 2860">
    <p class='ocr_par' dir='ltr' id='par_1_59' title="bbox 276 2826 1036 2860">
     <span class='ocr_line' id='line_1_59' title="bbox 276 2826 1036 2860; baseline -0.007 -6"><span class='ocrx_word' id='word_1_481' title='bbox 276 2829 312 2859; x_wconf 78' lang='lat' dir='ltr'><strong>(tt)</strong></span> <span class='ocrx_word' id='word_1_482' title='bbox 325 2830 406 2853; x_wconf 82' lang='lat' dir='ltr'><strong>Mirum</strong></span> <span class='ocrx_word' id='word_1_483' title='bbox 417 2832 531 2860; x_wconf 85' lang='lat' dir='ltr'><strong>quantum</strong></span> <span class='ocrx_word' id='word_1_484' title='bbox 545 2827 568 2860; x_wconf 92' lang='lat' dir='ltr'><strong>i_n</strong></span> <span class='ocrx_word' id='word_1_485' title='bbox 580 2827 759 2860; x_wconf 10' lang='lat' dir='ltr'><strong>laudesqregum</strong></span> <span class='ocrx_word' id='word_1_486' title='bbox 769 2826 844 2860; x_wconf 42' lang='lat' dir='ltr'><strong>effusa</strong></span> <span class='ocrx_word' id='word_1_487' title='bbox 856 2826 1036 2860; x_wconf 74' lang='lat' dir='ltr'><strong>sit_antiqttit:1_s.</strong></span> 
     </span>
    </p>
   </div>
   <div class='ocr_carea' id='block_1_60' title="bbox 247 2857 1035 2893">
    <p class='ocr_par' dir='ltr' id='par_1_60' title="bbox 247 2857 1035 2893">
     <span class='ocr_line' id='line_1_60' title="bbox 247 2857 1035 2893; baseline -0.005 -8"><span class='ocrx_word' id='word_1_488' title='bbox 247 2860 263 2884; x_wconf 78' lang='lat' dir='ltr'><strong>a</strong></span> <span class='ocrx_word' id='word_1_489' title='bbox 275 2857 373 2893; x_wconf 48' lang='lat' dir='ltr'><strong>tiaralip.</strong></span> <span class='ocrx_word' id='word_1_490' title='bbox 384 2857 475 2892; x_wconf 65' lang='lat'><strong>36,23,</strong></span> <span class='ocrx_word' id='word_1_491' title='bbox 489 2858 589 2884; x_wconf 74' lang='lat' dir='ltr'><strong>Judilhn:</strong></span> <span class='ocrx_word' id='word_1_492' title='bbox 611 2858 648 2889; x_wconf 83' lang='grc' dir='ltr'><strong>ιι,</strong></span> <span class='ocrx_word' id='word_1_493' title='bbox 667 2858 690 2888; x_wconf 78' lang='lat' dir='ltr'><strong>t5.</strong></span> <span class='ocrx_word' id='word_1_494' title='bbox 703 2857 766 2882; x_wconf 64' lang='lat' dir='ltr'><strong>usui.</strong></span> <span class='ocrx_word' id='word_1_495' title='bbox 781 2857 819 2888; x_wconf 89' lang='lat'><strong>10,</strong></span> <span class='ocrx_word' id='word_1_496' title='bbox 833 2857 854 2882; x_wconf 81' lang='grc' dir='ltr'><strong>ι.</strong></span> <span class='ocrx_word' id='word_1_497' title='bbox 867 2857 993 2883; x_wconf 58' lang='grc' dir='ltr'><strong>Αιεεωιιεδ</strong></span> <span class='ocrx_word' id='word_1_498' title='bbox 1003 2857 1035 2881; x_wconf 83' lang='lat' dir='ltr'><strong>de</strong></span> 
     </span>
    </p>
   </div>
   <div class='ocr_carea' id='block_1_61' title="bbox 623 125 1523 167">
    <p class='ocr_par' dir='ltr' id='par_1_61' title="bbox 623 125 1523 167">
     <span class='ocr_line' id='line_1_61' title="bbox 623 125 1523 167; baseline 0.013 -12"><span class='ocrx_word' id='word_1_499' title='bbox 623 125 652 156; x_wconf 91' lang='lat' dir='ltr'><strong>S.</strong></span> <span class='ocrx_word' id='word_1_500' title='bbox 671 127 810 157; x_wconf 77' lang='lat' dir='ltr'><strong>JOANNIS</strong></span> <span class='ocrx_word' id='word_1_501' title='bbox 828 129 1064 159; x_wconf 75' lang='lat' dir='ltr'><strong>CHRYSOSTOMI</strong></span> <span class='ocrx_word' id='word_1_502' title='bbox 1079 131 1236 161; x_wconf 79' lang='lat' dir='ltr'><strong>ARClllEP.</strong></span> <span class='ocrx_word' id='word_1_503' title='bbox 1257 135 1523 167; x_wconf 75' lang='lat' dir='ltr'><strong>CONSTANTINOP.</strong></span> 
     </span>
    </p>
   </div>
   <div class='ocr_carea' id='block_1_62' title="bbox 1833 146 1886 173">
    <p class='ocr_par' dir='ltr' id='par_1_62' title="bbox 1833 146 1886 173">
     <span class='ocr_line' id='line_1_62' title="bbox 1833 146 1886 173; baseline 0.019 -2"><span class='ocrx_word' id='word_1_504' title='bbox 1833 146 1886 173; x_wconf 68' lang='grc'><strong>2178</strong></span> 
     </span>
    </p>
   </div>
   <div class='ocr_carea' id='block_1_63' title="bbox 1094 189 1884 228">
    <p class='ocr_par' dir='ltr' id='par_1_63' title="bbox 1094 189 1884 228">
     <span class='ocr_line' id='line_1_63' title="bbox 1094 189 1884 228; baseline 0.018 -14"><span class='ocrx_word' id='word_1_505' title='bbox 1094 195 1204 223; x_wconf 80' lang='lat' dir='ltr'><strong>regnum</strong></span> <span class='ocrx_word' id='word_1_506' title='bbox 1227 189 1295 218; x_wconf 77' lang='lat' dir='ltr'><strong>forte</strong></span> <span class='ocrx_word' id='word_1_507' title='bbox 1323 196 1349 219; x_wconf 91' lang='lat' dir='ltr'><strong>ct</strong></span> <span class='ocrx_word' id='word_1_508' title='bbox 1372 193 1486 221; x_wconf 87' lang='lat' dir='ltr'><strong>validum</strong></span> <span class='ocrx_word' id='word_1_509' title='bbox 1513 200 1540 222; x_wconf 86' lang='lat' dir='ltr'><strong>et</strong></span> <span class='ocrx_word' id='word_1_510' title='bbox 1571 196 1728 224; x_wconf 80' lang='lat' dir='ltr'><strong>honoratum</strong></span> <span class='ocrx_word' id='word_1_511' title='bbox 1761 199 1834 227; x_wconf 84' lang='lat' dir='ltr'><strong>dedit</strong></span> <span class='ocrx_word' id='word_1_512' title='bbox 1858 209 1884 228; x_wconf 87' lang='lat' dir='ltr'><strong>In</strong></span> 
     </span>
    </p>
   </div>
   <div class='ocr_carea' id='block_1_64' title="bbox 1092 235 1885 274">
    <p class='ocr_par' dir='ltr' id='par_1_64' title="bbox 1092 235 1885 274">
     <span class='ocr_line' id='line_1_64' title="bbox 1092 235 1885 274; baseline 0.016 -13"><span class='ocrx_word' id='word_1_513' title='bbox 1092 235 1166 262; x_wconf 92' lang='lat' dir='ltr'><strong>omni</strong></span> <span class='ocrx_word' id='word_1_514' title='bbox 1194 236 1272 268; x_wconf 84' lang='lat' dir='ltr'><strong>loco.</strong></span> <span class='ocrx_word' id='word_1_515' title='bbox 1303 237 1346 265; x_wconf 88' lang='lat' dir='ltr'><strong>ubi</strong></span> <span class='ocrx_word' id='word_1_516' title='bbox 1375 239 1494 267; x_wconf 80' lang='lat' dir='ltr'><strong>habitant</strong></span> <span class='ocrx_word' id='word_1_517' title='bbox 1521 241 1568 268; x_wconf 84' lang='lat' dir='ltr'><strong>lllii</strong></span> <span class='ocrx_word' id='word_1_518' title='bbox 1592 243 1728 271; x_wconf 87' lang='lat' dir='ltr'><strong>hominum</strong></span> <span class='ocrx_word' id='word_1_519' title='bbox 1755 254 1762 271; x_wconf 91' lang='lat'><strong><em>:</em></strong></span> <span class='ocrx_word' id='word_1_520' title='bbox 1785 251 1812 273; x_wconf 90' lang='lat' dir='ltr'><strong>et</strong></span> <span class='ocrx_word' id='word_1_521' title='bbox 1839 247 1885 274; x_wconf 87' lang='lat' dir='ltr'><strong>hc-</strong></span> 
     </span>
    </p>
   </div>
   <div class='ocr_carea' id='block_1_65' title="bbox 1091 281 1883 319">
    <p class='ocr_par' dir='ltr' id='par_1_65' title="bbox 1091 281 1883 319">
     <span class='ocr_line' id='line_1_65' title="bbox 1091 281 1883 319; baseline 0.015 -12"><span class='ocrx_word' id='word_1_522' title='bbox 1091 281 1155 308; x_wconf 84' lang='lat' dir='ltr'><strong>stias</strong></span> <span class='ocrx_word' id='word_1_523' title='bbox 1179 283 1245 317; x_wconf 75' lang='lat' dir='ltr'><strong>agri,</strong></span> <span class='ocrx_word' id='word_1_524' title='bbox 1270 287 1297 310; x_wconf 88' lang='lat' dir='ltr'><strong>et</strong></span> <span class='ocrx_word' id='word_1_525' title='bbox 1322 285 1444 314; x_wconf 88' lang='lat' dir='ltr'><strong>volucres</strong></span> <span class='ocrx_word' id='word_1_526' title='bbox 1466 287 1523 314; x_wconf 64' lang='lat' dir='ltr'><strong>casli</strong></span> <span class='ocrx_word' id='word_1_527' title='bbox 1549 288 1621 315; x_wconf 89' lang='lat' dir='ltr'><strong>dedit</strong></span> <span class='ocrx_word' id='word_1_528' title='bbox 1648 290 1673 316; x_wconf 94' lang='lat' dir='ltr'><strong>in</strong></span> <span class='ocrx_word' id='word_1_529' title='bbox 1698 299 1777 317; x_wconf 83' lang='lat' dir='ltr'><strong>manu</strong></span> <span class='ocrx_word' id='word_1_530' title='bbox 1798 296 1853 319; x_wconf 86' lang='lat' dir='ltr'><strong>tua.</strong></span> <span class='ocrx_word' id='word_1_531' title='bbox 1873 302 1883 318; x_wconf 76' lang='grc' dir='ltr'>ι</span> 
     </span>
    </p>
   </div>
   <div class='ocr_carea' id='block_1_66' title="bbox 1091 326 1885 371">
    <p class='ocr_par' dir='ltr' id='par_1_66' title="bbox 1091 326 1885 371">
     <span class='ocr_line' id='line_1_66' title="bbox 1091 326 1885 371; baseline 0.014 -17"><span class='ocrx_word' id='word_1_532' title='bbox 1091 326 1147 354; x_wconf 90' lang='lat' dir='ltr'><strong>Non</strong></span> <span class='ocrx_word' id='word_1_533' title='bbox 1171 329 1234 356; x_wconf 87' lang='lat' dir='ltr'><strong>solis</strong></span> <span class='ocrx_word' id='word_1_534' title='bbox 1250 329 1410 364; x_wconf 86' lang='lat' dir='ltr'><strong>hominibus,</strong></span> <span class='ocrx_word' id='word_1_535' title='bbox 1425 333 1467 367; x_wconf 85' lang='lat' dir='ltr'><strong>qui</strong></span> <span class='ocrx_word' id='word_1_536' title='bbox 1483 333 1600 367; x_wconf 84' lang='lat' dir='ltr'><strong>ejusdem</strong></span> <span class='ocrx_word' id='word_1_537' title='bbox 1616 340 1700 362; x_wconf 89' lang='lat' dir='ltr'><strong>tecum</strong></span> <span class='ocrx_word' id='word_1_538' title='bbox 1726 338 1832 371; x_wconf 80' lang='lat' dir='ltr'><strong>generis</strong></span> <span class='ocrx_word' id='word_1_539' title='bbox 1853 346 1885 365; x_wconf 81' lang='lat' dir='ltr'><strong>ac</strong></span> 
     </span>
    </p>
   </div>
   <div class='ocr_carea' id='block_1_67' title="bbox 1091 376 1883 417">
    <p class='ocr_par' dir='ltr' id='par_1_67' title="bbox 1091 376 1883 417">
     <span class='ocr_line' id='line_1_67' title="bbox 1091 376 1883 417; baseline 0.014 -19"><span class='ocrx_word' id='word_1_540' title='bbox 1091 378 1191 400; x_wconf 54' lang='lat' dir='ltr'><strong>natura</strong></span> <span class='ocrx_word' id='word_1_541' title='bbox 1204 379 1276 408; x_wconf 83' lang='lat' dir='ltr'><strong>sunt,</strong></span> <span class='ocrx_word' id='word_1_542' title='bbox 1290 376 1338 403; x_wconf 87' lang='lat' dir='ltr'><strong>sed</strong></span> <span class='ocrx_word' id='word_1_543' title='bbox 1349 377 1426 404; x_wconf 89' lang='lat' dir='ltr'><strong>etiam</strong></span> <span class='ocrx_word' id='word_1_544' title='bbox 1439 378 1553 411; x_wconf 88' lang='lat' dir='ltr'><strong>deserto,</strong></span> <span class='ocrx_word' id='word_1_545' title='bbox 1568 385 1595 406; x_wconf 91' lang='lat' dir='ltr'><strong>ct</strong></span> <span class='ocrx_word' id='word_1_546' title='bbox 1609 380 1650 413; x_wconf 93' lang='lat' dir='ltr'><strong>iis,</strong></span> <span class='ocrx_word' id='word_1_547' title='bbox 1660 381 1704 415; x_wconf 90' lang='lat' dir='ltr'><strong>qui</strong></span> <span class='ocrx_word' id='word_1_548' title='bbox 1712 389 1790 416; x_wconf 89' lang='lat' dir='ltr'><strong>supra</strong></span> <span class='ocrx_word' id='word_1_549' title='bbox 1804 388 1883 417; x_wconf 81' lang='lat' dir='ltr'><strong>caput</strong></span> 
     </span>
    </p>
   </div>
   <div class='ocr_carea' id='block_1_68' title="bbox 1090 418 1882 458">
    <p class='ocr_par' dir='ltr' id='par_1_68' title="bbox 1090 418 1882 458">
     <span class='ocr_line' id='line_1_68' title="bbox 1090 418 1882 458; baseline 0.014 -14"><span class='ocrx_word' id='word_1_550' title='bbox 1090 423 1168 450; x_wconf 82' lang='lat' dir='ltr'><strong>sunt,</strong></span> <span class='ocrx_word' id='word_1_551' title='bbox 1183 418 1306 454; x_wconf 87' lang='lat' dir='ltr'><strong>imperas.</strong></span> <span class='ocrx_word' id='word_1_552' title='bbox 1324 422 1420 456; x_wconf 84' lang='lat' dir='ltr'><strong>Aspice</strong></span> <span class='ocrx_word' id='word_1_553' title='bbox 1439 424 1572 458; x_wconf 88' lang='lat' dir='ltr'><strong>quomodo</strong></span> <span class='ocrx_word' id='word_1_554' title='bbox 1590 426 1737 453; x_wconf 90' lang='lat' dir='ltr'><strong>ostenderit</strong></span> <span class='ocrx_word' id='word_1_555' title='bbox 1757 427 1820 454; x_wconf 89' lang='lat' dir='ltr'><strong>illud</strong></span> <span class='ocrx_word' id='word_1_556' title='bbox 1836 428 1882 456; x_wconf 73' lang='lat' dir='ltr'><strong>[rei</strong></span> 
     </span>
    </p>
   </div>
   <div class='ocr_carea' id='block_1_69' title="bbox 1090 463 1881 502">
    <p class='ocr_par' dir='ltr' id='par_1_69' title="bbox 1090 463 1881 502">
     <span class='ocr_line' id='line_1_69' title="bbox 1090 463 1881 502; baseline 0.013 -13"><span class='ocrx_word' id='word_1_557' title='bbox 1090 463 1199 495; x_wconf 90' lang='lat' dir='ltr'><strong>donum,</strong></span> <span class='ocrx_word' id='word_1_558' title='bbox 1217 465 1285 499; x_wconf 89' lang='lat' dir='ltr'><strong>quod</strong></span> <span class='ocrx_word' id='word_1_559' title='bbox 1298 466 1324 493; x_wconf 91' lang='lat' dir='ltr'><strong>in</strong></span> <span class='ocrx_word' id='word_1_560' title='bbox 1338 468 1466 502; x_wconf 91' lang='lat' dir='ltr'><strong>principio</strong></span> <span class='ocrx_word' id='word_1_561' title='bbox 1480 468 1576 496; x_wconf 74' lang='lat' dir='ltr'><strong>factum</strong></span> <span class='ocrx_word' id='word_1_562' title='bbox 1590 475 1649 497; x_wconf 81' lang='lat' dir='ltr'><strong>est:</strong></span> <span class='ocrx_word' id='word_1_563' title='bbox 1671 470 1705 497; x_wconf 87' lang='lat' dir='ltr'><strong>Et</strong></span> <span class='ocrx_word' id='word_1_564' title='bbox 1716 472 1881 500; x_wconf 83' lang='lat' dir='ltr'><strong>dominamini</strong></span> 
     </span>
    </p>
   </div>
   <div class='ocr_carea' id='block_1_70' title="bbox 1089 509 1880 552">
    <p class='ocr_par' dir='ltr' id='par_1_70' title="bbox 1089 509 1880 552">
     <span class='ocr_line' id='line_1_70' title="bbox 1089 509 1880 552; baseline 0.014 -18"><span class='ocrx_word' id='word_1_565' title='bbox 1089 509 1198 542; x_wconf 79' lang='lat' dir='ltr'><strong>piscibus</strong></span> <span class='ocrx_word' id='word_1_566' title='bbox 1209 511 1295 544; x_wconf 82' lang='lat' dir='ltr'><strong>maris,</strong></span> <span class='ocrx_word' id='word_1_567' title='bbox 1308 517 1332 538; x_wconf 87' lang='lat' dir='ltr'><strong>et</strong></span> <span class='ocrx_word' id='word_1_568' title='bbox 1350 513 1491 541; x_wconf 71' lang='lat' dir='ltr'><strong>volatilibus</strong></span> <span class='ocrx_word' id='word_1_569' title='bbox 1502 514 1557 541; x_wconf 71' lang='lat' dir='ltr'><strong>cwli</strong></span> <span class='ocrx_word' id='word_1_570' title='bbox 1568 514 1576 550; x_wconf 96' lang='lat'>(</span> <span class='ocrx_word' id='word_1_571' title='bbox 1586 514 1649 542; x_wconf 78' lang='lat' dir='ltr'><strong>Gen.</strong></span> <span class='ocrx_word' id='word_1_572' title='bbox 1666 516 1692 543; x_wconf 80' lang='grc'><strong>1.</strong></span> <span class='ocrx_word' id='word_1_573' title='bbox 1707 517 1761 552; x_wconf 76' lang='grc'><strong>28)</strong></span> <span class='ocrx_word' id='word_1_574' title='bbox 1773 526 1780 549; x_wconf 86' lang='grc'>;</span> <span class='ocrx_word' id='word_1_575' title='bbox 1797 523 1824 544; x_wconf 92' lang='lat' dir='ltr'><strong>ut</strong></span> <span class='ocrx_word' id='word_1_576' title='bbox 1838 518 1880 545; x_wconf 87' lang='lat' dir='ltr'><strong>di-</strong></span> 
     </span>
    </p>
   </div>
   <div class='ocr_carea' id='block_1_71' title="bbox 1089 555 1880 596">
    <p class='ocr_par' dir='ltr' id='par_1_71' title="bbox 1089 555 1880 596">
     <span class='ocr_line' id='line_1_71' title="bbox 1089 555 1880 596; baseline 0.013 -15"><span class='ocrx_word' id='word_1_577' title='bbox 1089 561 1148 581; x_wconf 87' lang='lat' dir='ltr'><strong>scas</strong></span> <span class='ocrx_word' id='word_1_578' title='bbox 1162 555 1246 583; x_wconf 91' lang='lat' dir='ltr'><strong>Deum</strong></span> <span class='ocrx_word' id='word_1_579' title='bbox 1265 557 1414 586; x_wconf 89' lang='lat' dir='ltr'><strong>solitudinis</strong></span> <span class='ocrx_word' id='word_1_580' title='bbox 1431 559 1510 587; x_wconf 80' lang='lat' dir='ltr'><strong>etiam</strong></span> <span class='ocrx_word' id='word_1_581' title='bbox 1524 567 1584 588; x_wconf 87' lang='lat' dir='ltr'><strong>esse</strong></span> <span class='ocrx_word' id='word_1_582' title='bbox 1598 561 1778 596; x_wconf 86' lang='lat' dir='ltr'><strong>conditorem,</strong></span> <span class='ocrx_word' id='word_1_583' title='bbox 1792 568 1819 590; x_wconf 86' lang='lat' dir='ltr'><strong>ct</strong></span> <span class='ocrx_word' id='word_1_584' title='bbox 1839 564 1880 591; x_wconf 82' lang='lat' dir='ltr'><strong>fe-</strong></span> 
     </span>
    </p>
   </div>
   <div class='ocr_carea' id='block_1_72' title="bbox 1088 603 1878 637">
    <p class='ocr_par' dir='ltr' id='par_1_72' title="bbox 1088 603 1878 637">
     <span class='ocr_line' id='line_1_72' title="bbox 1088 603 1878 637; baseline 0.014 -11"><span class='ocrx_word' id='word_1_585' title='bbox 1088 607 1177 627; x_wconf 90' lang='lat' dir='ltr'><strong>rarum</strong></span> <span class='ocrx_word' id='word_1_586' title='bbox 1199 609 1305 637; x_wconf 88' lang='lat' dir='ltr'><strong>quoque</strong></span> <span class='ocrx_word' id='word_1_587' title='bbox 1327 603 1470 637; x_wconf 79' lang='lat' dir='ltr'><strong>factorem;</strong></span> <span class='ocrx_word' id='word_1_588' title='bbox 1499 613 1551 632; x_wconf 88' lang='lat' dir='ltr'><strong>non</strong></span> <span class='ocrx_word' id='word_1_589' title='bbox 1571 611 1660 634; x_wconf 88' lang='lat' dir='ltr'><strong>autem</strong></span> <span class='ocrx_word' id='word_1_590' title='bbox 1680 613 1878 637; x_wconf 83' lang='lat' dir='ltr'><strong>mansuctorum</strong></span> 
     </span>
    </p>
   </div>
   <div class='ocr_carea' id='block_1_73' title="bbox 1087 645 1880 685">
    <p class='ocr_par' dir='ltr' id='par_1_73' title="bbox 1087 645 1880 685">
     <span class='ocr_line' id='line_1_73' title="bbox 1087 645 1880 685; baseline 0.013 -14"><span class='ocrx_word' id='word_1_591' title='bbox 1087 645 1259 674; x_wconf 82' lang='lat' dir='ltr'><strong>animantium</strong></span> <span class='ocrx_word' id='word_1_592' title='bbox 1281 647 1428 676; x_wconf 81' lang='lat' dir='ltr'><strong>dumtaxat.</strong></span> <span class='ocrx_word' id='word_1_593' title='bbox 1451 649 1486 677; x_wconf 87' lang='lat' dir='ltr'><strong>Et</strong></span> <span class='ocrx_word' id='word_1_594' title='bbox 1503 651 1529 677; x_wconf 88' lang='lat' dir='ltr'><strong>in</strong></span> <span class='ocrx_word' id='word_1_595' title='bbox 1542 652 1611 678; x_wconf 77' lang='lat' dir='ltr'><strong>omni</strong></span> <span class='ocrx_word' id='word_1_596' title='bbox 1624 651 1694 685; x_wconf 84' lang='lat' dir='ltr'><strong>loco,</strong></span> <span class='ocrx_word' id='word_1_597' title='bbox 1709 653 1751 680; x_wconf 88' lang='lat' dir='ltr'><strong>ubi</strong></span> <span class='ocrx_word' id='word_1_598' title='bbox 1766 655 1880 681; x_wconf 82' lang='lat' dir='ltr'><strong>habitant</strong></span> 
     </span>
    </p>
   </div>
   <div class='ocr_carea' id='block_1_74' title="bbox 1087 691 1878 730">
    <p class='ocr_par' dir='ltr' id='par_1_74' title="bbox 1087 691 1878 730">
     <span class='ocr_line' id='line_1_74' title="bbox 1087 691 1878 730; baseline 0.013 -13"><span class='ocrx_word' id='word_1_599' title='bbox 1087 691 1135 725; x_wconf 83' lang='lat' dir='ltr'><strong>ﬁlii</strong></span> <span class='ocrx_word' id='word_1_600' title='bbox 1148 691 1287 726; x_wconf 76' lang='lat' dir='ltr'><strong>hominum,</strong></span> <span class='ocrx_word' id='word_1_601' title='bbox 1308 694 1352 720; x_wconf 86' lang='lat' dir='ltr'><strong>tibi</strong></span> <span class='ocrx_word' id='word_1_602' title='bbox 1367 703 1472 730; x_wconf 82' lang='lat' dir='ltr'><strong>regnum</strong></span> <span class='ocrx_word' id='word_1_603' title='bbox 1485 696 1552 723; x_wconf 84' lang='lat' dir='ltr'><strong>dedit</strong></span> <span class='ocrx_word' id='word_1_604' title='bbox 1576 696 1644 724; x_wconf 82' lang='lat' dir='ltr'><strong>Deus</strong></span> <span class='ocrx_word' id='word_1_605' title='bbox 1658 699 1724 725; x_wconf 69' lang='lat' dir='ltr'><strong>caeli.</strong></span> <span class='ocrx_word' id='word_1_606' title='bbox 1737 699 1793 726; x_wconf 87' lang='lat' dir='ltr'><strong>Non</strong></span> <span class='ocrx_word' id='word_1_607' title='bbox 1819 708 1878 727; x_wconf 84' lang='lat' dir='ltr'><strong>am-</strong></span> 
     </span>
    </p>
   </div>
   <div class='ocr_carea' id='block_1_75' title="bbox 1087 736 1878 780">
    <p class='ocr_par' dir='ltr' id='par_1_75' title="bbox 1087 736 1878 780">
     <span class='ocr_line' id='line_1_75' title="bbox 1087 736 1878 780; baseline 0.011 -17"><span class='ocrx_word' id='word_1_608' title='bbox 1087 736 1157 770; x_wconf 85' lang='lat' dir='ltr'><strong>plius</strong></span> <span class='ocrx_word' id='word_1_609' title='bbox 1169 736 1232 765; x_wconf 86' lang='lat' dir='ltr'><strong>dicit</strong></span> <span class='ocrx_word' id='word_1_610' title='bbox 1247 747 1253 765; x_wconf 91' lang='lat'>:</span> <span class='ocrx_word' id='word_1_611' title='bbox 1269 738 1316 766; x_wconf 79' lang='lat' dir='ltr'><strong>Est</strong></span> <span class='ocrx_word' id='word_1_612' title='bbox 1327 739 1394 766; x_wconf 81' lang='lat' dir='ltr'><strong>Deus</strong></span> <span class='ocrx_word' id='word_1_613' title='bbox 1407 741 1432 767; x_wconf 87' lang='lat' dir='ltr'><strong>iu</strong></span> <span class='ocrx_word' id='word_1_614' title='bbox 1443 741 1513 768; x_wconf 63' lang='lat' dir='ltr'><strong>caelo.</strong></span> <span class='ocrx_word' id='word_1_615' title='bbox 1525 741 1590 769; x_wconf 86' lang='lat' dir='ltr'><strong>Vide</strong></span> <span class='ocrx_word' id='word_1_616' title='bbox 1599 747 1628 770; x_wconf 88' lang='lat' dir='ltr'><strong>ut</strong></span> <span class='ocrx_word' id='word_1_617' title='bbox 1645 744 1769 778; x_wconf 80' lang='lat' dir='ltr'><strong>paulatim</strong></span> <span class='ocrx_word' id='word_1_618' title='bbox 1782 744 1878 780; x_wconf 75' lang='lat' dir='ltr'><strong>dogma</strong></span> 
     </span>
    </p>
   </div>
   <div class='ocr_carea' id='block_1_76' title="bbox 1087 781 1877 820">
    <p class='ocr_par' dir='ltr' id='par_1_76' title="bbox 1087 781 1877 820">
     <span class='ocr_line' id='line_1_76' title="bbox 1087 781 1877 820; baseline 0.013 -12"><span class='ocrx_word' id='word_1_619' title='bbox 1087 781 1203 810; x_wconf 85' lang='lat' dir='ltr'><strong>inducat.</strong></span> <span class='ocrx_word' id='word_1_620' title='bbox 1217 783 1336 811; x_wconf 88' lang='lat' dir='ltr'><strong>Primum</strong></span> <span class='ocrx_word' id='word_1_621' title='bbox 1348 785 1416 813; x_wconf 88' lang='lat' dir='ltr'><strong>dixit</strong></span> <span class='ocrx_word' id='word_1_622' title='bbox 1431 796 1437 813; x_wconf 89' lang='lat'>:</span> <span class='ocrx_word' id='word_1_623' title='bbox 1452 786 1508 814; x_wconf 93' lang='lat' dir='ltr'><strong>lllie</strong></span> <span class='ocrx_word' id='word_1_624' title='bbox 1521 787 1637 820; x_wconf 86' lang='lat' dir='ltr'><strong>habitat;</strong></span> <span class='ocrx_word' id='word_1_625' title='bbox 1654 796 1687 816; x_wconf 90' lang='lat' dir='ltr'><strong>ne</strong></span> <span class='ocrx_word' id='word_1_626' title='bbox 1697 790 1767 817; x_wconf 88' lang='lat' dir='ltr'><strong>circa</strong></span> <span class='ocrx_word' id='word_1_627' title='bbox 1779 795 1877 818; x_wconf 85' lang='lat' dir='ltr'><strong>terram</strong></span> 
     </span>
    </p>
   </div>
   <div class='ocr_carea' id='block_1_77' title="bbox 1087 828 1877 869">
    <p class='ocr_par' dir='ltr' id='par_1_77' title="bbox 1087 828 1877 869">
     <span class='ocr_line' id='line_1_77' title="bbox 1087 828 1877 869; baseline 0.011 -14"><span class='ocrx_word' id='word_1_628' title='bbox 1087 828 1171 856; x_wconf 88' lang='lat' dir='ltr'><strong>Deum</strong></span> <span class='ocrx_word' id='word_1_629' title='bbox 1185 831 1285 857; x_wconf 84' lang='lat' dir='ltr'><strong>versari</strong></span> <span class='ocrx_word' id='word_1_630' title='bbox 1300 831 1496 866; x_wconf 74' lang='lat' dir='ltr'><strong>imaginaretur.</strong></span> <span class='ocrx_word' id='word_1_631' title='bbox 1513 835 1546 860; x_wconf 85' lang='lat' dir='ltr'><strong>At</strong></span> <span class='ocrx_word' id='word_1_632' title='bbox 1562 839 1698 869; x_wconf 86' lang='lat' dir='ltr'><strong>postquam</strong></span> <span class='ocrx_word' id='word_1_633' title='bbox 1714 835 1778 862; x_wconf 93' lang='lat' dir='ltr'><strong>illud</strong></span> <span class='ocrx_word' id='word_1_634' title='bbox 1795 836 1877 864; x_wconf 85' lang='lat' dir='ltr'><strong>docu-</strong></span> 
     </span>
    </p>
   </div>
   <div class='ocr_carea' id='block_1_78' title="bbox 1088 878 1878 916">
    <p class='ocr_par' dir='ltr' id='par_1_78' title="bbox 1088 878 1878 916">
     <span class='ocr_line' id='line_1_78' title="bbox 1088 878 1878 916; baseline 0.011 -16"><span class='ocrx_word' id='word_1_635' title='bbox 1088 878 1206 901; x_wconf 88' lang='lat' dir='ltr'><strong>mentum</strong></span> <span class='ocrx_word' id='word_1_636' title='bbox 1230 883 1276 903; x_wconf 89' lang='lat' dir='ltr'><strong>rex</strong></span> <span class='ocrx_word' id='word_1_637' title='bbox 1287 878 1399 911; x_wconf 88' lang='lat' dir='ltr'><strong>aecepit,</strong></span> <span class='ocrx_word' id='word_1_638' title='bbox 1410 885 1501 905; x_wconf 79' lang='lat' dir='ltr'><strong>rursus</strong></span> <span class='ocrx_word' id='word_1_639' title='bbox 1511 886 1571 905; x_wconf 89' lang='lat' dir='ltr'><strong>cum</strong></span> <span class='ocrx_word' id='word_1_640' title='bbox 1583 879 1699 912; x_wconf 89' lang='lat' dir='ltr'><strong>abducit,</strong></span> <span class='ocrx_word' id='word_1_641' title='bbox 1709 881 1878 916; x_wconf 85' lang='lat' dir='ltr'><strong>ostenditque</strong></span> 
     </span>
    </p>
   </div>
   <div class='ocr_carea' id='block_1_79' title="bbox 1086 919 1878 958">
    <p class='ocr_par' dir='ltr' id='par_1_79' title="bbox 1086 919 1878 958">
     <span class='ocr_line' id='line_1_79' title="bbox 1086 919 1878 958; baseline 0.01 -13"><span class='ocrx_word' id='word_1_642' title='bbox 1086 919 1169 946; x_wconf 84' lang='lat' dir='ltr'><strong>Deum</strong></span> <span class='ocrx_word' id='word_1_643' title='bbox 1182 921 1239 947; x_wconf 65' lang='lat' dir='ltr'><strong>czcli</strong></span> <span class='ocrx_word' id='word_1_644' title='bbox 1252 928 1357 957; x_wconf 87' lang='lat' dir='ltr'><strong>quoque</strong></span> <span class='ocrx_word' id='word_1_645' title='bbox 1371 930 1429 950; x_wconf 87' lang='lat' dir='ltr'><strong>esse</strong></span> <span class='ocrx_word' id='word_1_646' title='bbox 1443 923 1571 958; x_wconf 78' lang='lat' dir='ltr'><strong>opiﬁcem.</strong></span> <span class='ocrx_word' id='word_1_647' title='bbox 1588 932 1619 951; x_wconf 89' lang='lat' dir='ltr'><strong>ac</strong></span> <span class='ocrx_word' id='word_1_648' title='bbox 1633 925 1771 952; x_wconf 88' lang='lat' dir='ltr'><strong>Dominum</strong></span> <span class='ocrx_word' id='word_1_649' title='bbox 1787 931 1814 953; x_wconf 78' lang='lat' dir='ltr'><strong>et</strong></span> <span class='ocrx_word' id='word_1_650' title='bbox 1825 927 1878 954; x_wconf 80' lang='lat' dir='ltr'><strong>Do~</strong></span> 
     </span>
    </p>
   </div>
   <div class='ocr_carea' id='block_1_80' title="bbox 1086 964 1877 1004">
    <p class='ocr_par' dir='ltr' id='par_1_80' title="bbox 1086 964 1877 1004">
     <span class='ocr_line' id='line_1_80' title="bbox 1086 964 1877 1004; baseline 0.01 -14"><span class='ocrx_word' id='word_1_651' title='bbox 1086 964 1243 992; x_wconf 82' lang='lat' dir='ltr'><strong>minatorem</strong></span> <span class='ocrx_word' id='word_1_652' title='bbox 1260 974 1266 992; x_wconf 91' lang='lat'><strong>:</strong></span> <span class='ocrx_word' id='word_1_653' title='bbox 1281 974 1333 993; x_wconf 84' lang='lat' dir='ltr'><strong>non</strong></span> <span class='ocrx_word' id='word_1_654' title='bbox 1349 971 1435 995; x_wconf 82' lang='lat' dir='ltr'><strong>tamen</strong></span> <span class='ocrx_word' id='word_1_655' title='bbox 1450 968 1476 995; x_wconf 88' lang='lat' dir='ltr'><strong>iu</strong></span> <span class='ocrx_word' id='word_1_656' title='bbox 1490 976 1522 995; x_wconf 90' lang='lat' dir='ltr'><strong>eo</strong></span> <span class='ocrx_word' id='word_1_657' title='bbox 1536 973 1671 1004; x_wconf 88' lang='lat' dir='ltr'><strong>tamquam</strong></span> <span class='ocrx_word' id='word_1_658' title='bbox 1682 971 1709 996; x_wconf 91' lang='lat' dir='ltr'><strong>in</strong></span> <span class='ocrx_word' id='word_1_659' title='bbox 1720 970 1778 997; x_wconf 89' lang='lat' dir='ltr'><strong>loco</strong></span> <span class='ocrx_word' id='word_1_660' title='bbox 1789 972 1859 998; x_wconf 89' lang='lat' dir='ltr'><strong>conti</strong></span> <span class='ocrx_word' id='word_1_661' title='bbox 1869 986 1877 991; x_wconf 94' lang='lat'><strong><em>-</em></strong></span> 
     </span>
    </p>
   </div>
   <div class='ocr_carea' id='block_1_81' title="bbox 1087 1011 1876 1049">
    <p class='ocr_par' dir='ltr' id='par_1_81' title="bbox 1087 1011 1876 1049">
     <span class='ocr_line' id='line_1_81' title="bbox 1087 1011 1876 1049; baseline 0.01 -12"><span class='ocrx_word' id='word_1_662' title='bbox 1087 1011 1156 1044; x_wconf 89' lang='lat' dir='ltr'><strong>neri,</strong></span> <span class='ocrx_word' id='word_1_663' title='bbox 1171 1011 1217 1039; x_wconf 89' lang='lat' dir='ltr'><strong>sed</strong></span> <span class='ocrx_word' id='word_1_664' title='bbox 1232 1012 1328 1039; x_wconf 67' lang='lat' dir='ltr'><strong>caelum</strong></span> <span class='ocrx_word' id='word_1_665' title='bbox 1343 1013 1426 1048; x_wconf 87' lang='lat' dir='ltr'><strong>ipsius</strong></span> <span class='ocrx_word' id='word_1_666' title='bbox 1441 1021 1500 1041; x_wconf 88' lang='lat' dir='ltr'><strong>esse</strong></span> <span class='ocrx_word' id='word_1_667' title='bbox 1513 1022 1589 1049; x_wconf 83' lang='lat' dir='ltr'><strong>opus.</strong></span> <span class='ocrx_word' id='word_1_668' title='bbox 1599 1015 1664 1042; x_wconf 85' lang='lat' dir='ltr'><strong>Nam</strong></span> <span class='ocrx_word' id='word_1_669' title='bbox 1677 1016 1698 1042; x_wconf 90' lang='lat' dir='ltr'><strong>si</strong></span> <span class='ocrx_word' id='word_1_670' title='bbox 1714 1017 1770 1043; x_wconf 63' lang='lat' dir='ltr'><strong>eznli</strong></span> <span class='ocrx_word' id='word_1_671' title='bbox 1785 1017 1876 1044; x_wconf 51' lang='lat' dir='ltr'><strong>Domi-</strong></span> 
     </span>
    </p>
   </div>
   <div class='ocr_carea' id='block_1_82' title="bbox 1086 1059 1877 1097">
    <p class='ocr_par' dir='ltr' id='par_1_82' title="bbox 1086 1059 1877 1097">
     <span class='ocr_line' id='line_1_82' title="bbox 1086 1059 1877 1097; baseline 0.008 -13"><span class='ocrx_word' id='word_1_672' title='bbox 1086 1064 1138 1085; x_wconf 89' lang='lat' dir='ltr'><strong>nus</strong></span> <span class='ocrx_word' id='word_1_673' title='bbox 1158 1063 1216 1091; x_wconf 88' lang='lat' dir='ltr'><strong>est,</strong></span> <span class='ocrx_word' id='word_1_674' title='bbox 1239 1062 1338 1086; x_wconf 87' lang='lat' dir='ltr'><strong>terram</strong></span> <span class='ocrx_word' id='word_1_675' title='bbox 1362 1059 1407 1086; x_wconf 85' lang='lat' dir='ltr'><strong>tibi</strong></span> <span class='ocrx_word' id='word_1_676' title='bbox 1422 1059 1486 1087; x_wconf 85' lang='lat' dir='ltr'><strong>dare</strong></span> <span class='ocrx_word' id='word_1_677' title='bbox 1506 1065 1603 1095; x_wconf 85' lang='lat' dir='ltr'><strong>potest.</strong></span> <span class='ocrx_word' id='word_1_678' title='bbox 1627 1061 1684 1096; x_wconf 84' lang='lat' dir='ltr'><strong>Ipse</strong></span> <span class='ocrx_word' id='word_1_679' title='bbox 1699 1062 1748 1089; x_wconf 90' lang='lat' dir='ltr'><strong>sibi</strong></span> <span class='ocrx_word' id='word_1_680' title='bbox 1763 1063 1877 1097; x_wconf 72' lang='grc' dir='ltr'><strong>ςιωμςίι</strong></span> 
     </span>
    </p>
   </div>
   <div class='ocr_carea' id='block_1_83' title="bbox 1085 1104 1875 1141">
    <p class='ocr_par' dir='ltr' id='par_1_83' title="bbox 1085 1104 1875 1141">
     <span class='ocr_line' id='line_1_83' title="bbox 1085 1104 1875 1141; baseline 0.006 -10"><span class='ocrx_word' id='word_1_681' title='bbox 1085 1104 1190 1136; x_wconf 59' lang='lat' dir='ltr'><strong>calum,</strong></span> <span class='ocrx_word' id='word_1_682' title='bbox 1203 1109 1229 1132; x_wconf 90' lang='lat' dir='ltr'><strong>et</strong></span> <span class='ocrx_word' id='word_1_683' title='bbox 1244 1105 1290 1132; x_wconf 88' lang='lat' dir='ltr'><strong>tibi</strong></span> <span class='ocrx_word' id='word_1_684' title='bbox 1303 1109 1401 1133; x_wconf 84' lang='lat' dir='ltr'><strong>terram</strong></span> <span class='ocrx_word' id='word_1_685' title='bbox 1415 1106 1522 1141; x_wconf 79' lang='lat' dir='ltr'><strong>largitus</strong></span> <span class='ocrx_word' id='word_1_686' title='bbox 1533 1111 1582 1134; x_wconf 84' lang='lat' dir='ltr'><strong>est.</strong></span> <span class='ocrx_word' id='word_1_687' title='bbox 1595 1107 1669 1140; x_wconf 88' lang='lat' dir='ltr'><strong>Quod</strong></span> <span class='ocrx_word' id='word_1_688' title='bbox 1681 1108 1750 1135; x_wconf 89' lang='lat' dir='ltr'><strong>enim</strong></span> <span class='ocrx_word' id='word_1_689' title='bbox 1762 1107 1815 1135; x_wconf 73' lang='lat' dir='ltr'><strong>illic</strong></span> <span class='ocrx_word' id='word_1_690' title='bbox 1823 1113 1875 1141; x_wconf 87' lang='lat' dir='ltr'><strong>est,</strong></span> 
     </span>
    </p>
   </div>
   <div class='ocr_carea' id='block_1_84' title="bbox 1085 1149 1877 1191">
    <p class='ocr_par' dir='ltr' id='par_1_84' title="bbox 1085 1149 1877 1191">
     <span class='ocr_line' id='line_1_84' title="bbox 1085 1149 1877 1191; baseline 0.006 -14"><span class='ocrx_word' id='word_1_691' title='bbox 1085 1149 1112 1177; x_wconf 90' lang='lat' dir='ltr'><strong>id</strong></span> <span class='ocrx_word' id='word_1_692' title='bbox 1123 1152 1150 1177; x_wconf 76' lang='grc' dir='ltr'><strong>ια</strong></span> <span class='ocrx_word' id='word_1_693' title='bbox 1165 1157 1195 1191; x_wconf 81' lang='lat' dir='ltr'><strong>es</strong></span> <span class='ocrx_word' id='word_1_694' title='bbox 1205 1151 1230 1178; x_wconf 94' lang='lat' dir='ltr'><strong>in</strong></span> <span class='ocrx_word' id='word_1_695' title='bbox 1244 1155 1331 1185; x_wconf 86' lang='lat' dir='ltr'><strong>terra;</strong></span> <span class='ocrx_word' id='word_1_696' title='bbox 1350 1152 1475 1179; x_wconf 84' lang='lat' dir='ltr'><strong>omnibus</strong></span> <span class='ocrx_word' id='word_1_697' title='bbox 1487 1160 1583 1187; x_wconf 88' lang='lat' dir='ltr'><strong>nempe</strong></span> <span class='ocrx_word' id='word_1_698' title='bbox 1600 1154 1730 1188; x_wconf 84' lang='lat' dir='ltr'><strong>superior,</strong></span> <span class='ocrx_word' id='word_1_699' title='bbox 1752 1155 1877 1182; x_wconf 86' lang='lat' dir='ltr'><strong>omnibus</strong></span> 
     </span>
    </p>
   </div>
   <div class='ocr_carea' id='block_1_85' title="bbox 1085 1195 1878 1234">
    <p class='ocr_par' dir='ltr' id='par_1_85' title="bbox 1085 1195 1878 1234">
     <span class='ocr_line' id='line_1_85' title="bbox 1085 1195 1878 1234; baseline 0.005 -12"><span class='ocrx_word' id='word_1_700' title='bbox 1085 1195 1230 1230; x_wconf 85' lang='lat' dir='ltr'><strong>imperans,</strong></span> <span class='ocrx_word' id='word_1_701' title='bbox 1242 1197 1359 1224; x_wconf 91' lang='lat' dir='ltr'><strong>omnium</strong></span> <span class='ocrx_word' id='word_1_702' title='bbox 1374 1202 1461 1232; x_wconf 92' lang='lat' dir='ltr'><strong>caput.</strong></span> <span class='ocrx_word' id='word_1_703' title='bbox 1474 1197 1532 1225; x_wconf 86' lang='lat' dir='ltr'><strong>Tibi</strong></span> <span class='ocrx_word' id='word_1_704' title='bbox 1546 1206 1638 1225; x_wconf 91' lang='lat' dir='ltr'><strong>corum</strong></span> <span class='ocrx_word' id='word_1_705' title='bbox 1650 1207 1707 1233; x_wconf 76' lang='lat' dir='ltr'><strong>qua:</strong></span> <span class='ocrx_word' id='word_1_706' title='bbox 1722 1205 1783 1226; x_wconf 87' lang='lat' dir='ltr'><strong>sunt</strong></span> <span class='ocrx_word' id='word_1_707' title='bbox 1795 1207 1878 1234; x_wconf 83' lang='lat' dir='ltr'><strong>super</strong></span> 
     </span>
    </p>
   </div>
   <div class='ocr_carea' id='block_1_86' title="bbox 1085 1242 1878 1279">
    <p class='ocr_par' dir='ltr' id='par_1_86' title="bbox 1085 1242 1878 1279">
     <span class='ocr_line' id='line_1_86' title="bbox 1085 1242 1878 1279; baseline 0.005 -11"><span class='ocrx_word' id='word_1_708' title='bbox 1085 1245 1186 1269; x_wconf 81' lang='lat' dir='ltr'><strong>terram</strong></span> <span class='ocrx_word' id='word_1_709' title='bbox 1196 1242 1254 1277; x_wconf 91' lang='lat' dir='ltr'><strong>plus</strong></span> <span class='ocrx_word' id='word_1_710' title='bbox 1262 1250 1341 1278; x_wconf 88' lang='lat' dir='ltr'><strong>quam</strong></span> <span class='ocrx_word' id='word_1_711' title='bbox 1351 1243 1456 1271; x_wconf 67' lang='lat' dir='ltr'><strong>caeteris</strong></span> <span class='ocrx_word' id='word_1_712' title='bbox 1464 1244 1606 1277; x_wconf 87' lang='lat' dir='ltr'><strong>concessit,</strong></span> <span class='ocrx_word' id='word_1_713' title='bbox 1618 1252 1677 1271; x_wconf 87' lang='lat' dir='ltr'><strong>cum</strong></span> <span class='ocrx_word' id='word_1_714' title='bbox 1689 1250 1714 1272; x_wconf 90' lang='lat' dir='ltr'><strong>Ie</strong></span> <span class='ocrx_word' id='word_1_715' title='bbox 1727 1251 1804 1279; x_wconf 82' lang='lat' dir='ltr'><strong>caput</strong></span> <span class='ocrx_word' id='word_1_716' title='bbox 1812 1253 1878 1272; x_wconf 82' lang='lat' dir='ltr'><strong>cott-</strong></span> 
     </span>
    </p>
   </div>
   <div class='ocr_carea' id='block_1_87' title="bbox 1084 1289 1877 1325">
    <p class='ocr_par' dir='ltr' id='par_1_87' title="bbox 1084 1289 1877 1325">
     <span class='ocr_line' id='line_1_87' title="bbox 1084 1289 1877 1325; baseline 0.004 -10"><span class='ocrx_word' id='word_1_717' title='bbox 1084 1289 1210 1322; x_wconf 85' lang='lat' dir='ltr'><strong>stituerit,</strong></span> <span class='ocrx_word' id='word_1_718' title='bbox 1220 1294 1245 1316; x_wconf 90' lang='lat' dir='ltr'><strong>et</strong></span> <span class='ocrx_word' id='word_1_719' title='bbox 1256 1297 1364 1325; x_wconf 77' lang='lat' dir='ltr'><strong>regnum</strong></span> <span class='ocrx_word' id='word_1_720' title='bbox 1378 1294 1452 1317; x_wconf 88' lang='lat' dir='ltr'><strong>tuum</strong></span> <span class='ocrx_word' id='word_1_721' title='bbox 1463 1298 1572 1318; x_wconf 86' lang='lat' dir='ltr'><strong>aureum</strong></span> <span class='ocrx_word' id='word_1_722' title='bbox 1581 1298 1612 1317; x_wconf 84' lang='lat' dir='ltr'><strong>ex</strong></span> <span class='ocrx_word' id='word_1_723' title='bbox 1623 1298 1688 1318; x_wconf 85' lang='lat' dir='ltr'><strong>auro</strong></span> <span class='ocrx_word' id='word_1_724' title='bbox 1696 1299 1760 1325; x_wconf 85' lang='lat' dir='ltr'><strong>puro</strong></span> <span class='ocrx_word' id='word_1_725' title='bbox 1770 1291 1877 1318; x_wconf 80' lang='lat' dir='ltr'><strong>fecerit.</strong></span> 
     </span>
    </p>
   </div>
   <div class='ocr_carea' id='block_1_88' title="bbox 1089 1333 1875 1370">
    <p class='ocr_par' dir='ltr' id='par_1_88' title="bbox 1089 1333 1875 1370">
     <span class='ocr_line' id='line_1_88' title="bbox 1089 1333 1875 1370; baseline 0.005 -10"><span class='ocrx_word' id='word_1_726' title='bbox 1089 1342 1098 1359; x_wconf 75' lang='grc' dir='ltr'><strong>ε</strong></span> <span class='ocrx_word' id='word_1_727' title='bbox 1115 1333 1154 1361; x_wconf 91' lang='lat' dir='ltr'><strong>Tu</strong></span> <span class='ocrx_word' id='word_1_728' title='bbox 1168 1341 1196 1361; x_wconf 90' lang='lat' dir='ltr'><strong>es</strong></span> <span class='ocrx_word' id='word_1_729' title='bbox 1218 1338 1298 1369; x_wconf 89' lang='lat' dir='ltr'><strong>caput</strong></span> <span class='ocrx_word' id='word_1_730' title='bbox 1313 1342 1434 1362; x_wconf 87' lang='lat' dir='ltr'><strong>aureum.</strong></span> <span class='ocrx_word' id='word_1_731' title='bbox 1445 1335 1488 1362; x_wconf 79' lang='lat'><strong>59.</strong></span> <span class='ocrx_word' id='word_1_732' title='bbox 1513 1335 1546 1362; x_wconf 89' lang='lat' dir='ltr'><strong>Et</strong></span> <span class='ocrx_word' id='word_1_733' title='bbox 1559 1340 1618 1370; x_wconf 90' lang='lat' dir='ltr'><strong>post</strong></span> <span class='ocrx_word' id='word_1_734' title='bbox 1638 1340 1663 1363; x_wconf 88' lang='lat' dir='ltr'><strong>te</strong></span> <span class='ocrx_word' id='word_1_735' title='bbox 1684 1341 1808 1370; x_wconf 78' lang='lat' dir='ltr'><strong>exsurget</strong></span> <span class='ocrx_word' id='word_1_736' title='bbox 1830 1344 1875 1364; x_wconf 90' lang='lat' dir='ltr'><strong>rc-</strong></span> 
     </span>
    </p>
   </div>
   <div class='ocr_carea' id='block_1_89' title="bbox 1085 1379 1876 1416">
    <p class='ocr_par' dir='ltr' id='par_1_89' title="bbox 1085 1379 1876 1416">
     <span class='ocr_line' id='line_1_89' title="bbox 1085 1379 1876 1416; baseline 0.004 -11"><span class='ocrx_word' id='word_1_737' title='bbox 1085 1386 1167 1413; x_wconf 79' lang='lat' dir='ltr'><strong>gnum</strong></span> <span class='ocrx_word' id='word_1_738' title='bbox 1186 1379 1257 1406; x_wconf 89' lang='lat' dir='ltr'><strong>aliud</strong></span> <span class='ocrx_word' id='word_1_739' title='bbox 1272 1380 1360 1407; x_wconf 88' lang='lat' dir='ltr'><strong>minus</strong></span> <span class='ocrx_word' id='word_1_740' title='bbox 1373 1385 1428 1412; x_wconf 86' lang='lat' dir='ltr'><strong>tuo,</strong></span> <span class='ocrx_word' id='word_1_741' title='bbox 1445 1380 1523 1415; x_wconf 84' lang='lat' dir='ltr'><strong>idque</strong></span> <span class='ocrx_word' id='word_1_742' title='bbox 1534 1386 1690 1415; x_wconf 80' lang='lat' dir='ltr'><strong>argenteum</strong></span> <span class='ocrx_word' id='word_1_743' title='bbox 1703 1390 1709 1407; x_wconf 93' lang='lat'>:</span> <span class='ocrx_word' id='word_1_744' title='bbox 1723 1386 1750 1408; x_wconf 89' lang='lat' dir='ltr'><strong>et</strong></span> <span class='ocrx_word' id='word_1_745' title='bbox 1763 1389 1876 1416; x_wconf 78' lang='lat' dir='ltr'><strong>regnum</strong></span> 
     </span>
    </p>
   </div>
   <div class='ocr_carea' id='block_1_90' title="bbox 1086 1424 1877 1460">
    <p class='ocr_par' dir='ltr' id='par_1_90' title="bbox 1086 1424 1877 1460">
     <span class='ocr_line' id='line_1_90' title="bbox 1086 1424 1877 1460; baseline 0.004 -9"><span class='ocrx_word' id='word_1_746' title='bbox 1086 1424 1203 1458; x_wconf 88' lang='lat' dir='ltr'><strong>tertium,</strong></span> <span class='ocrx_word' id='word_1_747' title='bbox 1231 1424 1301 1460; x_wconf 85' lang='lat' dir='ltr'><strong>quod</strong></span> <span class='ocrx_word' id='word_1_748' title='bbox 1325 1430 1365 1452; x_wconf 89' lang='lat' dir='ltr'><strong>est</strong></span> <span class='ocrx_word' id='word_1_749' title='bbox 1384 1433 1435 1459; x_wconf 61' lang='lat' dir='ltr'><strong>aes,</strong></span> <span class='ocrx_word' id='word_1_750' title='bbox 1459 1425 1529 1460; x_wconf 89' lang='lat' dir='ltr'><strong>quod</strong></span> <span class='ocrx_word' id='word_1_751' title='bbox 1556 1425 1733 1453; x_wconf 88' lang='lat' dir='ltr'><strong>dominabitur</strong></span> <span class='ocrx_word' id='word_1_752' title='bbox 1746 1426 1877 1454; x_wconf 73' lang='lat' dir='ltr'><strong>universa:</strong></span> 
     </span>
    </p>
   </div>
   <div class='ocr_carea' id='block_1_91' title="bbox 1085 1469 1878 1506">
    <p class='ocr_par' dir='ltr' id='par_1_91' title="bbox 1085 1469 1878 1506">
     <span class='ocr_line' id='line_1_91' title="bbox 1085 1469 1878 1506; baseline 0.003 -10"><span class='ocrx_word' id='word_1_753' title='bbox 1085 1473 1171 1497; x_wconf 64' lang='lat' dir='ltr'><strong>terrm.</strong></span> <span class='ocrx_word' id='word_1_754' title='bbox 1188 1479 1198 1496; x_wconf 70' lang='grc' dir='ltr'><strong><em>ι</em></strong></span> <span class='ocrx_word' id='word_1_755' title='bbox 1213 1469 1279 1497; x_wconf 88' lang='lat' dir='ltr'><strong>Tale</strong></span> <span class='ocrx_word' id='word_1_756' title='bbox 1291 1470 1363 1498; x_wconf 88' lang='lat' dir='ltr'><strong>enim</strong></span> <span class='ocrx_word' id='word_1_757' title='bbox 1376 1470 1548 1498; x_wconf 81' lang='lat' dir='ltr'><strong>Macedonum</strong></span> <span class='ocrx_word' id='word_1_758' title='bbox 1561 1478 1671 1506; x_wconf 79' lang='lat' dir='ltr'><strong>regnum</strong></span> <span class='ocrx_word' id='word_1_759' title='bbox 1683 1471 1740 1498; x_wconf 83' lang='lat' dir='ltr'><strong>l&#39;uit.</strong></span> <span class='ocrx_word' id='word_1_760' title='bbox 1754 1471 1796 1498; x_wconf 68' lang='lat'><strong>40.</strong></span> <span class='ocrx_word' id='word_1_761' title='bbox 1812 1481 1821 1497; x_wconf 89' lang='grc'><em>‹</em></span> <span class='ocrx_word' id='word_1_762' title='bbox 1843 1472 1878 1498; x_wconf 84' lang='lat' dir='ltr'><strong>Et</strong></span> 
     </span>
    </p>
   </div>
   <div class='ocr_carea' id='block_1_92' title="bbox 1084 1517 1875 1552">
    <p class='ocr_par' dir='ltr' id='par_1_92' title="bbox 1084 1517 1875 1552">
     <span class='ocr_line' id='line_1_92' title="bbox 1084 1517 1875 1552; baseline 0.003 -9"><span class='ocrx_word' id='word_1_763' title='bbox 1084 1523 1196 1551; x_wconf 80' lang='lat' dir='ltr'><strong>regnum</strong></span> <span class='ocrx_word' id='word_1_764' title='bbox 1218 1521 1342 1551; x_wconf 83' lang='lat' dir='ltr'><strong>quartum</strong></span> <span class='ocrx_word' id='word_1_765' title='bbox 1367 1517 1437 1552; x_wconf 90' lang='lat' dir='ltr'><strong>quod</strong></span> <span class='ocrx_word' id='word_1_766' title='bbox 1463 1521 1504 1544; x_wconf 90' lang='lat' dir='ltr'><strong>est</strong></span> <span class='ocrx_word' id='word_1_767' title='bbox 1525 1517 1640 1544; x_wconf 89' lang='lat' dir='ltr'><strong>validum</strong></span> <span class='ocrx_word' id='word_1_768' title='bbox 1658 1518 1735 1545; x_wconf 86' lang='lat' dir='ltr'><strong>sicuti</strong></span> <span class='ocrx_word' id='word_1_769' title='bbox 1763 1517 1875 1545; x_wconf 82' lang='lat' dir='ltr'><strong>ferrum.</strong></span> 
     </span>
    </p>
   </div>
   <div class='ocr_carea' id='block_1_93' title="bbox 1084 1561 1877 1597">
    <p class='ocr_par' dir='ltr' id='par_1_93' title="bbox 1084 1561 1877 1597">
     <span class='ocr_line' id='line_1_93' title="bbox 1084 1561 1877 1597; baseline -0.001 -8"><span class='ocrx_word' id='word_1_770' title='bbox 1084 1561 1151 1589; x_wconf 83' lang='lat' dir='ltr'><strong>Nam</strong></span> <span class='ocrx_word' id='word_1_771' title='bbox 1179 1562 1401 1597; x_wconf 87' lang='lat' dir='ltr'><strong>quemadmodum</strong></span> <span class='ocrx_word' id='word_1_772' title='bbox 1424 1561 1526 1589; x_wconf 79' lang='lat' dir='ltr'><strong>ferrum</strong></span> <span class='ocrx_word' id='word_1_773' title='bbox 1552 1562 1708 1589; x_wconf 90' lang='lat' dir='ltr'><strong>comminuit</strong></span> <span class='ocrx_word' id='word_1_774' title='bbox 1728 1569 1760 1589; x_wconf 90' lang='lat' dir='ltr'><strong>ac</strong></span> <span class='ocrx_word' id='word_1_775' title='bbox 1784 1562 1877 1589; x_wconf 88' lang='lat' dir='ltr'><strong>domat</strong></span> 
     </span>
    </p>
   </div>
   <div class='ocr_carea' id='block_1_94' title="bbox 1085 1606 1877 1641">
    <p class='ocr_par' dir='ltr' id='par_1_94' title="bbox 1085 1606 1877 1641">
     <span class='ocr_line' id='line_1_94' title="bbox 1085 1606 1877 1641; baseline -0.001 -7"><span class='ocrx_word' id='word_1_776' title='bbox 1085 1607 1187 1641; x_wconf 86' lang='lat' dir='ltr'><strong>omnia,</strong></span> <span class='ocrx_word' id='word_1_777' title='bbox 1207 1607 1246 1634; x_wconf 86' lang='lat' dir='ltr'><strong>sic</strong></span> <span class='ocrx_word' id='word_1_778' title='bbox 1261 1608 1351 1634; x_wconf 84' lang='lat' dir='ltr'><strong>omnia</strong></span> <span class='ocrx_word' id='word_1_779' title='bbox 1363 1607 1526 1635; x_wconf 88' lang='lat' dir='ltr'><strong>comminuet</strong></span> <span class='ocrx_word' id='word_1_780' title='bbox 1538 1614 1568 1634; x_wconf 90' lang='lat' dir='ltr'><strong>ac</strong></span> <span class='ocrx_word' id='word_1_781' title='bbox 1582 1607 1709 1635; x_wconf 83' lang='lat' dir='ltr'><strong>domabit.</strong></span> <span class='ocrx_word' id='word_1_782' title='bbox 1727 1615 1737 1632; x_wconf 72' lang='grc' dir='ltr'><strong><em>ι</em></strong></span> <span class='ocrx_word' id='word_1_783' title='bbox 1751 1606 1784 1633; x_wconf 84' lang='grc' dir='ltr'><strong>Ει</strong></span> <span class='ocrx_word' id='word_1_784' title='bbox 1796 1615 1877 1641; x_wconf 86' lang='lat' dir='ltr'><strong>quar-</strong></span> 
     </span>
    </p>
   </div>
   <div class='ocr_carea' id='block_1_95' title="bbox 1085 1652 1875 1689">
    <p class='ocr_par' dir='ltr' id='par_1_95' title="bbox 1085 1652 1875 1689">
     <span class='ocr_line' id='line_1_95' title="bbox 1085 1652 1875 1689; baseline -0.001 -9"><span class='ocrx_word' id='word_1_785' title='bbox 1085 1658 1155 1687; x_wconf 78' lang='lat' dir='ltr'><strong>tum,</strong></span> <span class='ocrx_word' id='word_1_786' title='bbox 1177 1653 1280 1689; x_wconf 90' lang='lat' dir='ltr'><strong>inquit,</strong></span> <span class='ocrx_word' id='word_1_787' title='bbox 1300 1653 1327 1681; x_wconf 93' lang='lat' dir='ltr'><strong>id</strong></span> <span class='ocrx_word' id='word_1_788' title='bbox 1353 1657 1414 1687; x_wconf 88' lang='lat' dir='ltr'><strong>est,</strong></span> <span class='ocrx_word' id='word_1_789' title='bbox 1434 1653 1624 1681; x_wconf 75' lang='lat' dir='ltr'><strong>Romanorum.</strong></span> <span class='ocrx_word' id='word_1_790' title='bbox 1651 1652 1761 1680; x_wconf 85' lang='lat' dir='ltr'><strong>Nomina</strong></span> <span class='ocrx_word' id='word_1_791' title='bbox 1783 1656 1875 1679; x_wconf 87' lang='lat' dir='ltr'><strong>autem</strong></span> 
     </span>
    </p>
   </div>
   <div class='ocr_carea' id='block_1_96' title="bbox 1084 1697 1876 1733">
    <p class='ocr_par' dir='ltr' id='par_1_96' title="bbox 1084 1697 1876 1733">
     <span class='ocr_line' id='line_1_96' title="bbox 1084 1697 1876 1733; baseline -0.003 -7"><span class='ocrx_word' id='word_1_792' title='bbox 1084 1706 1138 1726; x_wconf 91' lang='lat' dir='ltr'><strong>non</strong></span> <span class='ocrx_word' id='word_1_793' title='bbox 1161 1698 1273 1733; x_wconf 84' lang='lat' dir='ltr'><strong>profert.</strong></span> <span class='ocrx_word' id='word_1_794' title='bbox 1297 1699 1384 1732; x_wconf 86' lang='lat' dir='ltr'><strong>Quare</strong></span> <span class='ocrx_word' id='word_1_795' title='bbox 1403 1699 1519 1733; x_wconf 87' lang='lat' dir='ltr'><strong>apertius</strong></span> <span class='ocrx_word' id='word_1_796' title='bbox 1535 1706 1588 1725; x_wconf 91' lang='lat' dir='ltr'><strong>non</strong></span> <span class='ocrx_word' id='word_1_797' title='bbox 1606 1703 1647 1725; x_wconf 88' lang='lat' dir='ltr'><strong>est</strong></span> <span class='ocrx_word' id='word_1_798' title='bbox 1669 1698 1810 1733; x_wconf 85' lang='lat' dir='ltr'><strong>loquutus?</strong></span> <span class='ocrx_word' id='word_1_799' title='bbox 1836 1697 1876 1725; x_wconf 80' lang='lat' dir='ltr'><strong>Ne</strong></span> 
     </span>
    </p>
   </div>
   <div class='ocr_carea' id='block_1_97' title="bbox 1084 1743 1878 1778">
    <p class='ocr_par' dir='ltr' id='par_1_97' title="bbox 1084 1743 1878 1778">
     <span class='ocr_line' id='line_1_97' title="bbox 1084 1743 1878 1778; baseline -0.003 -7"><span class='ocrx_word' id='word_1_800' title='bbox 1084 1744 1161 1771; x_wconf 88' lang='lat' dir='ltr'><strong>multi</strong></span> <span class='ocrx_word' id='word_1_801' title='bbox 1174 1751 1265 1771; x_wconf 87' lang='lat' dir='ltr'><strong>sacros</strong></span> <span class='ocrx_word' id='word_1_802' title='bbox 1273 1744 1354 1772; x_wconf 88' lang='lat' dir='ltr'><strong>libros</strong></span> <span class='ocrx_word' id='word_1_803' title='bbox 1362 1744 1502 1771; x_wconf 86' lang='lat' dir='ltr'><strong>abolerint.</strong></span> <span class='ocrx_word' id='word_1_804' title='bbox 1517 1744 1562 1771; x_wconf 76' lang='grc'><strong>41.</strong></span> <span class='ocrx_word' id='word_1_805' title='bbox 1580 1753 1589 1769; x_wconf 77' lang='grc' dir='ltr'>ι</span> <span class='ocrx_word' id='word_1_806' title='bbox 1605 1744 1707 1778; x_wconf 86' lang='lat' dir='ltr'><strong>thuia</strong></span> <span class='ocrx_word' id='word_1_807' title='bbox 1725 1743 1812 1770; x_wconf 88' lang='lat' dir='ltr'><strong>vidisti</strong></span> <span class='ocrx_word' id='word_1_808' title='bbox 1829 1750 1878 1778; x_wconf 88' lang='lat' dir='ltr'><strong>pe-</strong></span> 
     </span>
    </p>
   </div>
   <div class='ocr_carea' id='block_1_98' title="bbox 1084 1789 1875 1824">
    <p class='ocr_par' dir='ltr' id='par_1_98' title="bbox 1084 1789 1875 1824">
     <span class='ocr_line' id='line_1_98' title="bbox 1084 1789 1875 1824; baseline -0.001 -7"><span class='ocrx_word' id='word_1_809' title='bbox 1084 1789 1140 1822; x_wconf 84' lang='lat' dir='ltr'><strong>des,</strong></span> <span class='ocrx_word' id='word_1_810' title='bbox 1163 1793 1190 1816; x_wconf 89' lang='lat' dir='ltr'><strong>et</strong></span> <span class='ocrx_word' id='word_1_811' title='bbox 1208 1789 1313 1824; x_wconf 80' lang='lat' dir='ltr'><strong>digitos,</strong></span> <span class='ocrx_word' id='word_1_812' title='bbox 1327 1794 1429 1824; x_wconf 87' lang='lat' dir='ltr'><strong>partem</strong></span> <span class='ocrx_word' id='word_1_813' title='bbox 1452 1789 1556 1824; x_wconf 79' lang='lat' dir='ltr'><strong>quidem</strong></span> <span class='ocrx_word' id='word_1_814' title='bbox 1568 1789 1707 1823; x_wconf 89' lang='lat' dir='ltr'><strong>quamdam</strong></span> <span class='ocrx_word' id='word_1_815' title='bbox 1720 1794 1875 1822; x_wconf 69' lang='lat' dir='ltr'><strong>testam-am,</strong></span> 
     </span>
    </p>
   </div>
   <div class='ocr_carea' id='block_1_99' title="bbox 1084 1835 1875 1870">
    <p class='ocr_par' dir='ltr' id='par_1_99' title="bbox 1084 1835 1875 1870">
     <span class='ocr_line' id='line_1_99' title="bbox 1084 1835 1875 1870; baseline -0.003 -7"><span class='ocrx_word' id='word_1_816' title='bbox 1084 1841 1186 1870; x_wconf 86' lang='lat' dir='ltr'><strong>partem</strong></span> <span class='ocrx_word' id='word_1_817' title='bbox 1204 1843 1268 1863; x_wconf 86' lang='lat' dir='ltr'><strong>vero</strong></span> <span class='ocrx_word' id='word_1_818' title='bbox 1283 1836 1395 1870; x_wconf 89' lang='lat' dir='ltr'><strong>aliquam</strong></span> <span class='ocrx_word' id='word_1_819' title='bbox 1415 1835 1539 1867; x_wconf 87' lang='lat' dir='ltr'><strong>ferream,</strong></span> <span class='ocrx_word' id='word_1_820' title='bbox 1558 1843 1667 1870; x_wconf 78' lang='lat' dir='ltr'><strong>regnum</strong></span> <span class='ocrx_word' id='word_1_821' title='bbox 1680 1835 1794 1862; x_wconf 85' lang='lat' dir='ltr'><strong>divisum</strong></span> <span class='ocrx_word' id='word_1_822' title='bbox 1810 1835 1875 1867; x_wconf 80' lang='lat' dir='ltr'><strong>erit,</strong></span> 
     </span>
    </p>
   </div>
   <div class='ocr_carea' id='block_1_100' title="bbox 1083 1879 1875 1914">
    <p class='ocr_par' dir='ltr' id='par_1_100' title="bbox 1083 1879 1875 1914">
     <span class='ocr_line' id='line_1_100' title="bbox 1083 1879 1875 1914; baseline -0.003 -6"><span class='ocrx_word' id='word_1_823' title='bbox 1083 1885 1111 1909; x_wconf 89' lang='lat' dir='ltr'><strong>et</strong></span> <span class='ocrx_word' id='word_1_824' title='bbox 1125 1889 1139 1907; x_wconf 85' lang='lat' dir='ltr'><strong>a</strong></span> <span class='ocrx_word' id='word_1_825' title='bbox 1163 1881 1254 1908; x_wconf 89' lang='lat' dir='ltr'><strong>radice</strong></span> <span class='ocrx_word' id='word_1_826' title='bbox 1280 1881 1364 1908; x_wconf 82' lang='lat' dir='ltr'><strong>ferrea</strong></span> <span class='ocrx_word' id='word_1_827' title='bbox 1381 1882 1433 1908; x_wconf 91' lang='lat' dir='ltr'><strong>erit</strong></span> <span class='ocrx_word' id='word_1_828' title='bbox 1451 1881 1477 1908; x_wconf 93' lang='lat' dir='ltr'><strong>iu</strong></span> <span class='ocrx_word' id='word_1_829' title='bbox 1502 1887 1545 1913; x_wconf 86' lang='lat' dir='ltr'><strong>eo,</strong></span> <span class='ocrx_word' id='word_1_830' title='bbox 1561 1879 1782 1914; x_wconf 86' lang='lat' dir='ltr'><strong>quemadmodum</strong></span> <span class='ocrx_word' id='word_1_831' title='bbox 1804 1879 1875 1907; x_wconf 82' lang='lat' dir='ltr'><strong>vidi-</strong></span> 
     </span>
    </p>
   </div>
   <div class='ocr_carea' id='block_1_101' title="bbox 1084 1925 1875 1960">
    <p class='ocr_par' dir='ltr' id='par_1_101' title="bbox 1084 1925 1875 1960">
     <span class='ocr_line' id='line_1_101' title="bbox 1084 1925 1875 1960; baseline -0.004 -5"><span class='ocrx_word' id='word_1_832' title='bbox 1084 1928 1118 1955; x_wconf 88' lang='lat' dir='ltr'><strong>sti</strong></span> <span class='ocrx_word' id='word_1_833' title='bbox 1145 1927 1246 1955; x_wconf 87' lang='lat' dir='ltr'><strong>l&#39;errum</strong></span> <span class='ocrx_word' id='word_1_834' title='bbox 1267 1927 1410 1954; x_wconf 78' lang='lat' dir='ltr'><strong>admistum</strong></span> <span class='ocrx_word' id='word_1_835' title='bbox 1423 1931 1497 1954; x_wconf 71' lang='lat' dir='ltr'><strong>testa:</strong></span> <span class='ocrx_word' id='word_1_836' title='bbox 1512 1927 1599 1953; x_wconf 61' lang='lat' dir='ltr'><strong>Iuleae.</strong></span> <span class='ocrx_word' id='word_1_837' title='bbox 1622 1926 1666 1953; x_wconf 72' lang='grc'><strong>42.</strong></span> <span class='ocrx_word' id='word_1_838' title='bbox 1692 1925 1726 1952; x_wconf 88' lang='lat' dir='ltr'><strong>Et</strong></span> <span class='ocrx_word' id='word_1_839' title='bbox 1738 1925 1812 1960; x_wconf 74' lang='lat' dir='ltr'><strong>digiti</strong></span> <span class='ocrx_word' id='word_1_840' title='bbox 1831 1933 1875 1960; x_wconf 87' lang='lat' dir='ltr'><strong>pe-</strong></span> 
     </span>
    </p>
   </div>
   <div class='ocr_carea' id='block_1_102' title="bbox 1084 1971 1875 2008">
    <p class='ocr_par' dir='ltr' id='par_1_102' title="bbox 1084 1971 1875 2008">
     <span class='ocr_line' id='line_1_102' title="bbox 1084 1971 1875 2008; baseline -0.005 -8"><span class='ocrx_word' id='word_1_841' title='bbox 1084 1973 1157 2007; x_wconf 90' lang='lat' dir='ltr'><strong>dum,</strong></span> <span class='ocrx_word' id='word_1_842' title='bbox 1179 1981 1240 2008; x_wconf 90' lang='lat' dir='ltr'><strong>pars</strong></span> <span class='ocrx_word' id='word_1_843' title='bbox 1253 1973 1359 2007; x_wconf 83' lang='lat' dir='ltr'><strong>quidem</strong></span> <span class='ocrx_word' id='word_1_844' title='bbox 1384 1973 1469 2007; x_wconf 89' lang='lat' dir='ltr'><strong>aliqua</strong></span> <span class='ocrx_word' id='word_1_845' title='bbox 1499 1971 1594 2004; x_wconf 81' lang='lat' dir='ltr'><strong>ferrea,</strong></span> <span class='ocrx_word' id='word_1_846' title='bbox 1614 1978 1676 2005; x_wconf 89' lang='lat' dir='ltr'><strong>pars</strong></span> <span class='ocrx_word' id='word_1_847' title='bbox 1695 1976 1784 1998; x_wconf 88' lang='lat' dir='ltr'><strong>autem</strong></span> <span class='ocrx_word' id='word_1_848' title='bbox 1800 1977 1875 2006; x_wconf 74' lang='lat' dir='ltr'><strong>qua:—</strong></span> 
     </span>
    </p>
   </div>
   <div class='ocr_carea' id='block_1_103' title="bbox 1083 2013 1873 2053">
    <p class='ocr_par' dir='ltr' id='par_1_103' title="bbox 1083 2013 1873 2053">
     <span class='ocr_line' id='line_1_103' title="bbox 1083 2013 1873 2053; baseline -0.006 -8"><span class='ocrx_word' id='word_1_849' title='bbox 1083 2018 1145 2046; x_wconf 83' lang='lat' dir='ltr'><strong>dam</strong></span> <span class='ocrx_word' id='word_1_850' title='bbox 1164 2022 1247 2045; x_wconf 86' lang='lat' dir='ltr'><strong>testea</strong></span> <span class='ocrx_word' id='word_1_851' title='bbox 1264 2026 1271 2044; x_wconf 82' lang='lat'><strong>:</strong></span> <span class='ocrx_word' id='word_1_852' title='bbox 1294 2023 1358 2051; x_wconf 87' lang='lat' dir='ltr'><strong>pars</strong></span> <span class='ocrx_word' id='word_1_853' title='bbox 1375 2017 1450 2053; x_wconf 75' lang='lat' dir='ltr'><strong>regni</strong></span> <span class='ocrx_word' id='word_1_854' title='bbox 1467 2017 1518 2044; x_wconf 88' lang='lat' dir='ltr'><strong>erit</strong></span> <span class='ocrx_word' id='word_1_855' title='bbox 1532 2016 1618 2048; x_wconf 84' lang='lat' dir='ltr'><strong>fortis,</strong></span> <span class='ocrx_word' id='word_1_856' title='bbox 1632 2020 1659 2042; x_wconf 86' lang='lat' dir='ltr'><strong>et</strong></span> <span class='ocrx_word' id='word_1_857' title='bbox 1674 2018 1707 2045; x_wconf 87' lang='lat' dir='ltr'><strong>ab</strong></span> <span class='ocrx_word' id='word_1_858' title='bbox 1724 2023 1755 2043; x_wconf 84' lang='lat' dir='ltr'><strong>ea</strong></span> <span class='ocrx_word' id='word_1_859' title='bbox 1772 2013 1873 2049; x_wconf 87' lang='lat' dir='ltr'><strong>aliquid</strong></span> 
     </span>
    </p>
   </div>
   <div class='ocr_carea' id='block_1_104' title="bbox 1084 2060 1876 2097">
    <p class='ocr_par' dir='ltr' id='par_1_104' title="bbox 1084 2060 1876 2097">
     <span class='ocr_line' id='line_1_104' title="bbox 1084 2060 1876 2097; baseline -0.005 -6"><span class='ocrx_word' id='word_1_860' title='bbox 1084 2065 1135 2091; x_wconf 90' lang='lat' dir='ltr'><strong>erit</strong></span> <span class='ocrx_word' id='word_1_861' title='bbox 1164 2062 1317 2090; x_wconf 88' lang='lat' dir='ltr'><strong>contritum.</strong></span> <span class='ocrx_word' id='word_1_862' title='bbox 1346 2062 1390 2089; x_wconf 74' lang='grc'><strong>6⁸5.</strong></span> <span class='ocrx_word' id='word_1_863' title='bbox 1415 2062 1448 2089; x_wconf 82' lang='grc' dir='ltr'><strong>Ει</strong></span> <span class='ocrx_word' id='word_1_864' title='bbox 1468 2062 1528 2097; x_wconf 82' lang='lat' dir='ltr'><strong>quia</strong></span> <span class='ocrx_word' id='word_1_865' title='bbox 1554 2061 1645 2088; x_wconf 87' lang='lat' dir='ltr'><strong>vidisti</strong></span> <span class='ocrx_word' id='word_1_866' title='bbox 1664 2061 1763 2088; x_wconf 83' lang='lat' dir='ltr'><strong>ferrum</strong></span> <span class='ocrx_word' id='word_1_867' title='bbox 1789 2060 1876 2087; x_wconf 89' lang='lat' dir='ltr'><strong>admi-</strong></span> 
     </span>
    </p>
   </div>
   <div class='ocr_carea' id='block_1_105' title="bbox 1084 2106 1873 2140">
    <p class='ocr_par' dir='ltr' id='par_1_105' title="bbox 1084 2106 1873 2140">
     <span class='ocr_line' id='line_1_105' title="bbox 1084 2106 1873 2140; baseline -0.005 -4"><span class='ocrx_word' id='word_1_868' title='bbox 1084 2114 1155 2136; x_wconf 88' lang='lat' dir='ltr'><strong>stum</strong></span> <span class='ocrx_word' id='word_1_869' title='bbox 1174 2112 1248 2135; x_wconf 72' lang='lat' dir='ltr'><strong>testa:</strong></span> <span class='ocrx_word' id='word_1_870' title='bbox 1273 2108 1368 2140; x_wconf 54' lang='lat' dir='ltr'><strong>luteas;</strong></span> <span class='ocrx_word' id='word_1_871' title='bbox 1392 2107 1634 2135; x_wconf 84' lang='lat' dir='ltr'><strong>commiseebuutur</strong></span> <span class='ocrx_word' id='word_1_872' title='bbox 1656 2107 1682 2133; x_wconf 92' lang='lat' dir='ltr'><strong>in</strong></span> <span class='ocrx_word' id='word_1_873' title='bbox 1702 2106 1805 2134; x_wconf 83' lang='lat' dir='ltr'><strong>semine</strong></span> <span class='ocrx_word' id='word_1_874' title='bbox 1823 2106 1873 2132; x_wconf 87' lang='lat' dir='ltr'><strong>ho-</strong></span> 
     </span>
    </p>
   </div>
   <div class='ocr_carea' id='block_1_106' title="bbox 1085 2151 1875 2186">
    <p class='ocr_par' dir='ltr' id='par_1_106' title="bbox 1085 2151 1875 2186">
     <span class='ocr_line' id='line_1_106' title="bbox 1085 2151 1875 2186; baseline -0.004 -5"><span class='ocrx_word' id='word_1_875' title='bbox 1085 2154 1186 2181; x_wconf 92' lang='lat' dir='ltr'><strong>minum</strong></span> <span class='ocrx_word' id='word_1_876' title='bbox 1207 2162 1213 2180; x_wconf 92' lang='lat'>:</span> <span class='ocrx_word' id='word_1_877' title='bbox 1241 2158 1269 2180; x_wconf 89' lang='lat' dir='ltr'><strong>et</strong></span> <span class='ocrx_word' id='word_1_878' title='bbox 1304 2161 1356 2180; x_wconf 92' lang='lat' dir='ltr'><strong>non</strong></span> <span class='ocrx_word' id='word_1_879' title='bbox 1381 2153 1572 2186; x_wconf 79' lang='lat' dir='ltr'><strong>adhaerebunt,</strong></span> <span class='ocrx_word' id='word_1_880' title='bbox 1597 2153 1666 2179; x_wconf 88' lang='lat' dir='ltr'><strong>sicut</strong></span> <span class='ocrx_word' id='word_1_881' title='bbox 1691 2151 1791 2178; x_wconf 85' lang='lat' dir='ltr'><strong>ferrum</strong></span> <span class='ocrx_word' id='word_1_882' title='bbox 1821 2159 1875 2178; x_wconf 80' lang='lat' dir='ltr'><strong>nun</strong></span> 
     </span>
    </p>
   </div>
   <div class='ocr_carea' id='block_1_107' title="bbox 1086 2192 1875 2234">
    <p class='ocr_par' dir='ltr' id='par_1_107' title="bbox 1086 2192 1875 2234">
     <span class='ocr_line' id='line_1_107' title="bbox 1086 2192 1875 2234; baseline -0.004 -8"><span class='ocrx_word' id='word_1_883' title='bbox 1086 2199 1248 2227; x_wconf 85' lang='lat' dir='ltr'><strong>iuuniscetur</strong></span> <span class='ocrx_word' id='word_1_884' title='bbox 1266 2206 1325 2225; x_wconf 91' lang='lat' dir='ltr'><strong>cum</strong></span> <span class='ocrx_word' id='word_1_885' title='bbox 1348 2202 1424 2225; x_wconf 87' lang='lat' dir='ltr'><strong>testa.</strong></span> <span class='ocrx_word' id='word_1_886' title='bbox 1439 2207 1447 2224; x_wconf 83' lang='lat' dir='ltr'><strong>I</strong></span> <span class='ocrx_word' id='word_1_887' title='bbox 1474 2198 1584 2234; x_wconf 83' lang='lat' dir='ltr'><strong>Quando</strong></span> <span class='ocrx_word' id='word_1_888' title='bbox 1597 2197 1658 2225; x_wconf 90' lang='lat' dir='ltr'><strong>idin</strong></span> <span class='ocrx_word' id='word_1_889' title='bbox 1670 2192 1797 2224; x_wconf 81' lang='lat' dir='ltr'><strong>Romanis</strong></span> <span class='ocrx_word' id='word_1_890' title='bbox 1809 2204 1875 2223; x_wconf 89' lang='lat' dir='ltr'><strong>con-</strong></span> 
     </span>
    </p>
   </div>
   <div class='ocr_carea' id='block_1_108' title="bbox 1085 2241 1876 2280">
    <p class='ocr_par' dir='ltr' id='par_1_108' title="bbox 1085 2241 1876 2280">
     <span class='ocr_line' id='line_1_108' title="bbox 1085 2241 1876 2280; baseline -0.005 -8"><span class='ocrx_word' id='word_1_891' title='bbox 1085 2245 1161 2280; x_wconf 80' lang='lat' dir='ltr'><strong>tigit?</strong></span> <span class='ocrx_word' id='word_1_892' title='bbox 1175 2243 1256 2272; x_wconf 77' lang='lat' dir='ltr'><strong>Vides</strong></span> <span class='ocrx_word' id='word_1_893' title='bbox 1271 2243 1328 2271; x_wconf 76' lang='lat' dir='ltr'><strong>haee</strong></span> <span class='ocrx_word' id='word_1_894' title='bbox 1341 2252 1422 2280; x_wconf 79' lang='lat' dir='ltr'><strong>regna</strong></span> <span class='ocrx_word' id='word_1_895' title='bbox 1433 2243 1495 2271; x_wconf 85' lang='lat' dir='ltr'><strong>talia</strong></span> <span class='ocrx_word' id='word_1_896' title='bbox 1509 2242 1610 2271; x_wconf 78' lang='lat' dir='ltr'><strong>fuisse?</strong></span> <span class='ocrx_word' id='word_1_897' title='bbox 1620 2241 1676 2269; x_wconf 80' lang='lat' dir='ltr'><strong>Nec</strong></span> <span class='ocrx_word' id='word_1_898' title='bbox 1690 2242 1715 2270; x_wconf 89' lang='lat' dir='ltr'><strong>iu</strong></span> <span class='ocrx_word' id='word_1_899' title='bbox 1728 2242 1762 2270; x_wconf 91' lang='lat' dir='ltr'><strong>iis</strong></span> <span class='ocrx_word' id='word_1_900' title='bbox 1780 2248 1876 2269; x_wconf 89' lang='lat' dir='ltr'><strong>omnes</strong></span> 
     </span>
    </p>
   </div>
   <div class='ocr_carea' id='block_1_109' title="bbox 1084 2297 1876 2333">
    <p class='ocr_par' dir='ltr' id='par_1_109' title="bbox 1084 2297 1876 2333">
     <span class='ocr_line' id='line_1_109' title="bbox 1084 2297 1876 2333; baseline -0.009 -5"><span class='ocrx_word' id='word_1_901' title='bbox 1084 2302 1188 2333; x_wconf 82' lang='lat' dir='ltr'><strong>Xerxe:</strong></span> <span class='ocrx_word' id='word_1_902' title='bbox 1202 2306 1277 2333; x_wconf 55' lang='lat' dir='ltr'><strong>ausus</strong></span> <span class='ocrx_word' id='word_1_903' title='bbox 1287 2299 1313 2326; x_wconf 79' lang='lat' dir='ltr'><strong>in</strong></span> <span class='ocrx_word' id='word_1_904' title='bbox 1324 2299 1429 2333; x_wconf 76' lang='lat' dir='ltr'><strong>epistolis</strong></span> <span class='ocrx_word' id='word_1_905' title='bbox 1443 2298 1562 2333; x_wconf 78' lang='lat' dir='ltr'><strong>scribere,</strong></span> <span class='ocrx_word' id='word_1_906' title='bbox 1576 2304 1601 2324; x_wconf 85' lang='lat' dir='ltr'><strong>se</strong></span> <span class='ocrx_word' id='word_1_907' title='bbox 1615 2304 1666 2323; x_wconf 81' lang='lat' dir='ltr'><strong>esse</strong></span> <span class='ocrx_word' id='word_1_908' title='bbox 1677 2298 1783 2333; x_wconf 67' lang='lat' dir='ltr'><strong>omium</strong></span> <span class='ocrx_word' id='word_1_909' title='bbox 1799 2297 1876 2322; x_wconf 74' lang='lat' dir='ltr'><strong>hann-</strong></span> 
     </span>
    </p>
   </div>
   <div class='ocr_carea' id='block_1_110' title="bbox 1084 2328 1877 2363">
    <p class='ocr_par' dir='ltr' id='par_1_110' title="bbox 1084 2328 1877 2363">
     <span class='ocr_line' id='line_1_110' title="bbox 1084 2328 1877 2363; baseline -0.009 -5"><span class='ocrx_word' id='word_1_910' title='bbox 1084 2340 1142 2358; x_wconf 87' lang='lat' dir='ltr'><strong>mmt</strong></span> <span class='ocrx_word' id='word_1_911' title='bbox 1158 2331 1291 2362; x_wconf 83' lang='lat' dir='ltr'><strong>dominum,</strong></span> <span class='ocrx_word' id='word_1_912' title='bbox 1310 2328 1404 2363; x_wconf 73' lang='lat' dir='ltr'><strong>ab&#39;ortu</strong></span> <span class='ocrx_word' id='word_1_913' title='bbox 1416 2336 1489 2362; x_wconf 72' lang='lat' dir='ltr'><strong>usque</strong></span> <span class='ocrx_word' id='word_1_914' title='bbox 1508 2330 1540 2354; x_wconf 85' lang='lat' dir='ltr'><strong>ad</strong></span> <span class='ocrx_word' id='word_1_915' title='bbox 1562 2335 1679 2363; x_wconf 53' lang='lat' dir='ltr'><strong>occasum</strong></span> <span class='ocrx_word' id='word_1_916' title='bbox 1693 2328 1758 2353; x_wconf 75' lang='lat' dir='ltr'><strong>satis.</strong></span> <span class='ocrx_word' id='word_1_917' title='bbox 1771 2333 1877 2362; x_wconf 70' lang='lat' dir='ltr'><strong>Joannes</strong></span> 
     </span>
    </p>
   </div>
   <div class='ocr_carea' id='block_1_111' title="bbox 1084 2359 1877 2393">
    <p class='ocr_par' dir='ltr' id='par_1_111' title="bbox 1084 2359 1877 2393">
     <span class='ocr_line' id='line_1_111' title="bbox 1084 2359 1877 2393; baseline -0.009 -4"><span class='ocrx_word' id='word_1_918' title='bbox 1084 2367 1191 2393; x_wconf 80' lang='lat' dir='ltr'><strong>Tzetzes,</strong></span> <span class='ocrx_word' id='word_1_919' title='bbox 1201 2359 1308 2389; x_wconf 83' lang='lat' dir='ltr'><strong>Cbiliade</strong></span> <span class='ocrx_word' id='word_1_920' title='bbox 1319 2362 1390 2393; x_wconf 81' lang='lat' dir='ltr'><strong>tertia</strong></span> <span class='ocrx_word' id='word_1_921' title='bbox 1406 2368 1412 2385; x_wconf 91' lang='lat'>:</span> <span class='ocrx_word' id='word_1_922' title='bbox 1428 2359 1478 2385; x_wconf 74' lang='lat' dir='ltr'><strong>Rea:</strong></span> <span class='ocrx_word' id='word_1_923' title='bbox 1492 2360 1641 2393; x_wconf 68' lang='lat' dir='ltr'><strong>Assyriortun</strong></span> <span class='ocrx_word' id='word_1_924' title='bbox 1652 2359 1693 2384; x_wconf 86' lang='lat' dir='ltr'><strong>ille</strong></span> <span class='ocrx_word' id='word_1_925' title='bbox 1704 2359 1825 2393; x_wconf 70' lang='lat' dir='ltr'><strong>Sesostris,</strong></span> <span class='ocrx_word' id='word_1_926' title='bbox 1836 2362 1877 2393; x_wconf 79' lang='lat' dir='ltr'><strong>aut</strong></span> 
     </span>
    </p>
   </div>
   <div class='ocr_carea' id='block_1_112' title="bbox 1084 2389 1878 2425">
    <p class='ocr_par' dir='ltr' id='par_1_112' title="bbox 1084 2389 1878 2425">
     <span class='ocr_line' id='line_1_112' title="bbox 1084 2389 1878 2425; baseline -0.006 -6"><span class='ocrx_word' id='word_1_927' title='bbox 1084 2389 1195 2424; x_wconf 61' lang='lat' dir='ltr'><strong>Semosis&#39;,</strong></span> <span class='ocrx_word' id='word_1_928' title='bbox 1214 2394 1289 2425; x_wconf 64' lang='lat' dir='ltr'><strong>juxta</strong></span> <span class='ocrx_word' id='word_1_929' title='bbox 1312 2392 1452 2425; x_wconf 74' lang='lat' dir='ltr'><strong>Diodorum,</strong></span> <span class='ocrx_word' id='word_1_930' title='bbox 1476 2389 1628 2425; x_wconf 74' lang='lat' dir='ltr'><strong>Assyriorum</strong></span> <span class='ocrx_word' id='word_1_931' title='bbox 1650 2389 1789 2425; x_wconf 64' lang='lat' dir='ltr'><strong>&quot;teneretur,</strong></span> <span class='ocrx_word' id='word_1_932' title='bbox 1813 2389 1878 2425; x_wconf 67' lang='lat' dir='ltr'><strong>pruni</strong></span> 
     </span>
    </p>
   </div>
   <div class='ocr_carea' id='block_1_113' title="bbox 1085 2419 1876 2456">
    <p class='ocr_par' dir='ltr' id='par_1_113' title="bbox 1085 2419 1876 2456">
     <span class='ocr_line' id='line_1_113' title="bbox 1085 2419 1876 2456; baseline -0.009 -6"><span class='ocrx_word' id='word_1_933' title='bbox 1085 2419 1161 2450; x_wconf 61' lang='lat' dir='ltr'><strong>terrai</strong></span> <span class='ocrx_word' id='word_1_934' title='bbox 1169 2419 1307 2456; x_wconf 56' lang='lat' dir='ltr'><strong>impleratit,</strong></span> <span class='ocrx_word' id='word_1_935' title='bbox 1314 2422 1399 2448; x_wconf 85' lang='lat' dir='ltr'><strong>currui</strong></span> <span class='ocrx_word' id='word_1_936' title='bbox 1409 2419 1452 2447; x_wconf 66' lang='lat' dir='ltr'><strong>suo</strong></span> <span class='ocrx_word' id='word_1_937' title='bbox 1461 2419 1529 2456; x_wconf 60' lang='lat' dir='ltr'><strong>reges</strong></span> <span class='ocrx_word' id='word_1_938' title='bbox 1540 2420 1691 2456; x_wconf 58' lang='lat' dir='ltr'><strong>subjungcns,</strong></span> <span class='ocrx_word' id='word_1_939' title='bbox 1698 2419 1723 2445; x_wconf 69' lang='lat' dir='ltr'><strong>et</strong></span> <span class='ocrx_word' id='word_1_940' title='bbox 1731 2420 1761 2444; x_wconf 83' lang='lat' dir='ltr'><strong>ab</strong></span> <span class='ocrx_word' id='word_1_941' title='bbox 1770 2419 1830 2455; x_wconf 73' lang='lat' dir='ltr'><strong>ipsis</strong></span> <span class='ocrx_word' id='word_1_942' title='bbox 1842 2426 1876 2456; x_wconf 53' lang='grc' dir='ltr'><strong>ξιι-</strong></span> 
     </span>
    </p>
   </div>
   <div class='ocr_carea' id='block_1_114' title="bbox 1085 2451 1879 2486">
    <p class='ocr_par' dir='ltr' id='par_1_114' title="bbox 1085 2451 1879 2486">
     <span class='ocr_line' id='line_1_114' title="bbox 1085 2451 1879 2486; baseline -0.01 -5"><span class='ocrx_word' id='word_1_943' title='bbox 1085 2460 1145 2486; x_wconf 82' lang='lat' dir='ltr'><strong>ctus,</strong></span> <span class='ocrx_word' id='word_1_944' title='bbox 1157 2451 1240 2481; x_wconf 69' lang='lat' dir='ltr'><strong>eodem</strong></span> <span class='ocrx_word' id='word_1_945' title='bbox 1251 2451 1322 2486; x_wconf 76' lang='lat' dir='ltr'><strong>modo</strong></span> <span class='ocrx_word' id='word_1_946' title='bbox 1333 2460 1381 2486; x_wconf 75' lang='lat' dir='ltr'><strong>quo</strong></span> <span class='ocrx_word' id='word_1_947' title='bbox 1392 2452 1475 2478; x_wconf 71' lang='lat' dir='ltr'><strong>ueteri</strong></span> <span class='ocrx_word' id='word_1_948' title='bbox 1482 2452 1514 2486; x_wconf 69' lang='lat' dir='ltr'><strong>ab</strong></span> <span class='ocrx_word' id='word_1_949' title='bbox 1526 2452 1592 2483; x_wconf 78' lang='lat' dir='ltr'><strong>equis</strong></span> <span class='ocrx_word' id='word_1_950' title='bbox 1603 2451 1729 2486; x_wconf 48' lang='lat' dir='ltr'><strong>vehuntur.</strong></span> <span class='ocrx_word' id='word_1_951' title='bbox 1746 2457 1764 2486; x_wconf 52' lang='grc' dir='ltr'><em>τι</em></span> <span class='ocrx_word' id='word_1_952' title='bbox 1777 2451 1827 2485; x_wconf 57' lang='lat' dir='ltr'><strong>suis</strong></span> <span class='ocrx_word' id='word_1_953' title='bbox 1839 2454 1879 2475; x_wconf 75' lang='lat' dir='ltr'><strong>m-</strong></span> 
     </span>
    </p>
   </div>
   <div class='ocr_carea' id='block_1_115' title="bbox 1085 2481 1879 2516">
    <p class='ocr_par' dir='ltr' id='par_1_115' title="bbox 1085 2481 1879 2516">
     <span class='ocr_line' id='line_1_115' title="bbox 1085 2481 1879 2516; baseline -0.008 -4"><span class='ocrx_word' id='word_1_954' title='bbox 1085 2481 1183 2512; x_wconf 76' lang='lat' dir='ltr'><strong>tetaneis</strong></span> <span class='ocrx_word' id='word_1_955' title='bbox 1194 2485 1279 2511; x_wconf 81' lang='lat' dir='ltr'><strong>mundi</strong></span> <span class='ocrx_word' id='word_1_956' title='bbox 1290 2481 1408 2514; x_wconf 70' lang='lat' dir='ltr'><strong>dominus,</strong></span> <span class='ocrx_word' id='word_1_957' title='bbox 1427 2488 1455 2516; x_wconf 15' lang='lat' dir='ltr'><strong>et,</strong></span> <span class='ocrx_word' id='word_1_958' title='bbox 1469 2484 1529 2516; x_wconf 73' lang='lat' dir='ltr'><strong>deus</strong></span> <span class='ocrx_word' id='word_1_959' title='bbox 1547 2481 1726 2516; x_wconf 66' lang='lat' dir='ltr'><strong>appellabatur.</strong></span> <span class='ocrx_word' id='word_1_960' title='bbox 1738 2481 1879 2516; x_wconf 54' lang='lat' dir='ltr'><strong>Ammiaqu</strong></span> 
     </span>
    </p>
   </div>
   <div class='ocr_carea' id='block_1_116' title="bbox 1085 2511 1881 2545">
    <p class='ocr_par' dir='ltr' id='par_1_116' title="bbox 1085 2511 1881 2545">
     <span class='ocr_line' id='line_1_116' title="bbox 1085 2511 1881 2545; baseline -0.009 -3"><span class='ocrx_word' id='word_1_961' title='bbox 1085 2511 1235 2542; x_wconf 61' lang='lat' dir='ltr'><strong>Marcellinus</strong></span> <span class='ocrx_word' id='word_1_962' title='bbox 1245 2515 1288 2540; x_wconf 86' lang='lat' dir='ltr'><strong>lib.</strong></span> <span class='ocrx_word' id='word_1_963' title='bbox 1301 2515 1332 2540; x_wconf 72' lang='grc'><strong>45</strong></span> <span class='ocrx_word' id='word_1_964' title='bbox 1345 2523 1350 2540; x_wconf 89' lang='grc'>;</span> <span class='ocrx_word' id='word_1_965' title='bbox 1364 2511 1413 2545; x_wconf 79' lang='lat' dir='ltr'><strong>Quo</strong></span> <span class='ocrx_word' id='word_1_966' title='bbox 1428 2513 1469 2539; x_wconf 83' lang='lat' dir='ltr'><strong>ille</strong></span> <span class='ocrx_word' id='word_1_967' title='bbox 1481 2511 1637 2545; x_wconf 70' lang='lat' dir='ltr'><strong>Constantius</strong></span> <span class='ocrx_word' id='word_1_968' title='bbox 1648 2512 1730 2545; x_wconf 74' lang='lat' dir='ltr'><strong>studio</strong></span> <span class='ocrx_word' id='word_1_969' title='bbox 1747 2511 1881 2545; x_wconf 79' lang='lat' dir='ltr'><strong>blanditia-</strong></span> 
     </span>
    </p>
   </div>
   <div class='ocr_carea' id='block_1_117' title="bbox 1085 2542 1881 2579">
    <p class='ocr_par' dir='ltr' id='par_1_117' title="bbox 1085 2542 1881 2579">
     <span class='ocr_line' id='line_1_117' title="bbox 1085 2542 1881 2579; baseline -0.009 -6"><span class='ocrx_word' id='word_1_970' title='bbox 1085 2555 1141 2573; x_wconf 86' lang='lat' dir='ltr'><strong>rum</strong></span> <span class='ocrx_word' id='word_1_971' title='bbox 1152 2546 1269 2579; x_wconf 64' lang='lat' dir='ltr'><strong>exquisito</strong></span> <span class='ocrx_word' id='word_1_972' title='bbox 1279 2542 1394 2575; x_wconf 67' lang='lat' dir='ltr'><strong>sublatus,</strong></span> <span class='ocrx_word' id='word_1_973' title='bbox 1402 2545 1577 2579; x_wconf 65' lang='lat' dir='ltr'><strong>immunemque</strong></span> <span class='ocrx_word' id='word_1_974' title='bbox 1585 2542 1708 2579; x_wconf 14' lang='lat' dir='ltr'><strong>scideinde</strong></span> <span class='ocrx_word' id='word_1_975' title='bbox 1716 2543 1768 2573; x_wconf 83' lang='lat' dir='ltr'><strong>fore</strong></span> <span class='ocrx_word' id='word_1_976' title='bbox 1774 2543 1806 2579; x_wconf 66' lang='lat' dir='ltr'><strong>ut)</strong></span> <span class='ocrx_word' id='word_1_977' title='bbox 1814 2549 1881 2579; x_wconf 67' lang='lat' dir='ltr'><strong>omni</strong></span> 
     </span>
    </p>
   </div>
   <div class='ocr_carea' id='block_1_118' title="bbox 1086 2573 1882 2608">
    <p class='ocr_par' dir='ltr' id='par_1_118' title="bbox 1086 2573 1882 2608">
     <span class='ocr_line' id='line_1_118' title="bbox 1086 2573 1882 2608; baseline -0.008 -4"><span class='ocrx_word' id='word_1_978' title='bbox 1086 2573 1236 2604; x_wconf 63' lang='lat' dir='ltr'><strong>mortalitatis</strong></span> <span class='ocrx_word' id='word_1_979' title='bbox 1258 2573 1408 2608; x_wconf 73' lang='lat' dir='ltr'><strong>incommoda</strong></span> <span class='ocrx_word' id='word_1_980' title='bbox 1428 2573 1543 2607; x_wconf 53' lang='lat' dir='ltr'><strong>ﬁdenter‘</strong></span> <span class='ocrx_word' id='word_1_981' title='bbox 1555 2573 1854 2608; x_wconf 25' lang='lat' dir='ltr'><strong>existumemuconfestim</strong></span> <span class='ocrx_word' id='word_1_982' title='bbox 1866 2581 1882 2598; x_wconf 81' lang='grc' dir='ltr'><strong>ιι</strong></span> 
     </span>
    </p>
   </div>
   <div class='ocr_carea' id='block_1_119' title="bbox 1084 2607 1882 2640">
    <p class='ocr_par' dir='ltr' id='par_1_119' title="bbox 1084 2607 1882 2640">
     <span class='ocr_line' id='line_1_119' title="bbox 1084 2607 1882 2640; baseline -0.008 -6"><span class='ocrx_word' id='word_1_983' title='bbox 1084 2608 1315 2640; x_wconf 21' lang='grc' dir='ltr'><strong>ὶιιδιὶιίαγάιτιίηαυίι</strong></span> <span class='ocrx_word' id='word_1_984' title='bbox 1326 2608 1360 2633; x_wconf 86' lang='lat' dir='ltr'><strong>ita</strong></span> <span class='ocrx_word' id='word_1_985' title='bbox 1371 2607 1566 2640; x_wconf 64' lang='lat' dir='ltr'><strong>intemperanter,</strong></span> <span class='ocrx_word' id='word_1_986' title='bbox 1588 2608 1613 2629; x_wconf 78' lang='lat' dir='ltr'><strong>ut</strong></span> <span class='ocrx_word' id='word_1_987' title='bbox 1631 2607 1788 2640; x_wconf 46' lang='lat' dir='ltr'><strong>teteru&#39;itat&#39;vn</strong></span> <span class='ocrx_word' id='word_1_988' title='bbox 1802 2610 1882 2638; x_wconf 54' lang='lat' dir='ltr'><strong>manu</strong></span> 
     </span>
    </p>
   </div>
   <div class='ocr_carea' id='block_1_120' title="bbox 1086 2635 1881 2672">
    <p class='ocr_par' dir='ltr' id='par_1_120' title="bbox 1086 2635 1881 2672">
     <span class='ocr_line' id='line_1_120' title="bbox 1086 2635 1881 2672; baseline -0.011 -6"><span class='ocrx_word' id='word_1_989' title='bbox 1086 2635 1221 2672; x_wconf 17' lang='lat' dir='ltr'><strong>aliquoties,</strong></span> <span class='ocrx_word' id='word_1_990' title='bbox 1234 2638 1368 2672; x_wconf 78' lang='lat' dir='ltr'><strong>subsereret</strong></span> <span class='ocrx_word' id='word_1_991' title='bbox 1382 2638 1435 2672; x_wconf 72' lang='lat' dir='ltr'><strong>ipse</strong></span> <span class='ocrx_word' id='word_1_992' title='bbox 1445 2635 1583 2672; x_wconf 44' lang='lat' dir='ltr'><strong>&#39;dictandoh</strong></span> <span class='ocrx_word' id='word_1_993' title='bbox 1597 2635 1881 2672; x_wconf 57' lang='lat' dir='ltr'><strong>scribendoqueprppiia</strong></span> 
     </span>
    </p>
   </div>
   <div class='ocr_carea' id='block_1_121' title="bbox 1086 2666 1881 2698">
    <p class='ocr_par' dir='ltr' id='par_1_121' title="bbox 1086 2666 1881 2698">
     <span class='ocr_line' id='line_1_121' title="bbox 1086 2666 1881 2698; baseline -0.01 -2"><span class='ocrx_word' id='word_1_994' title='bbox 1086 2666 1160 2696; x_wconf 71' lang='lat' dir='ltr'><strong>manu</strong></span> <span class='ocrx_word' id='word_1_995' title='bbox 1170 2670 1234 2695; x_wconf 80' lang='lat' dir='ltr'><strong>orbis</strong></span> <span class='ocrx_word' id='word_1_996' title='bbox 1252 2669 1322 2695; x_wconf 83' lang='lat' dir='ltr'><strong>totius</strong></span> <span class='ocrx_word' id='word_1_997' title='bbox 1333 2676 1358 2694; x_wconf 82' lang='lat' dir='ltr'><strong>se</strong></span> <span class='ocrx_word' id='word_1_998' title='bbox 1370 2666 1493 2693; x_wconf 79' lang='lat' dir='ltr'><strong>dominum</strong></span> <span class='ocrx_word' id='word_1_999' title='bbox 1504 2666 1646 2698; x_wconf 78' lang='lat' dir='ltr'><strong>appellaret.</strong></span> <span class='ocrx_word' id='word_1_1000' title='bbox 1666 2667 1706 2689; x_wconf 85' lang='lat' dir='ltr'><strong>His</strong></span> <span class='ocrx_word' id='word_1_1001' title='bbox 1717 2669 1743 2690; x_wconf 88' lang='lat' dir='ltr'><strong>et</strong></span> <span class='ocrx_word' id='word_1_1002' title='bbox 1761 2666 1881 2689; x_wconf 81' lang='lat' dir='ltr'><strong>similibus</strong></span> 
     </span>
    </p>
   </div>
   <div class='ocr_carea' id='block_1_122' title="bbox 1087 2697 1880 2734">
    <p class='ocr_par' dir='ltr' id='par_1_122' title="bbox 1087 2697 1880 2734">
     <span class='ocr_line' id='line_1_122' title="bbox 1087 2697 1880 2734; baseline -0.011 -7"><span class='ocrx_word' id='word_1_1003' title='bbox 1087 2702 1159 2734; x_wconf 82' lang='lat' dir='ltr'><strong>plena</strong></span> <span class='ocrx_word' id='word_1_1004' title='bbox 1170 2705 1227 2726; x_wconf 89' lang='lat' dir='ltr'><strong>sunt</strong></span> <span class='ocrx_word' id='word_1_1005' title='bbox 1246 2704 1359 2734; x_wconf 80' lang='lat' dir='ltr'><strong>veterum</strong></span> <span class='ocrx_word' id='word_1_1006' title='bbox 1372 2700 1469 2734; x_wconf 80' lang='lat' dir='ltr'><strong>scripta.</strong></span> <span class='ocrx_word' id='word_1_1007' title='bbox 1484 2697 1628 2734; x_wconf 44' lang='lat' dir='ltr'><strong>[prstititqu</strong></span> <span class='ocrx_word' id='word_1_1008' title='bbox 1645 2700 1751 2734; x_wconf 58' lang='lat' dir='ltr'><strong>patrtun</strong></span> <span class='ocrx_word' id='word_1_1009' title='bbox 1763 2697 1880 2734; x_wconf 61' lang='lat' dir='ltr'><strong>memor-ia</strong></span> 
     </span>
    </p>
   </div>
   <div class='ocr_carea' id='block_1_123' title="bbox 1087 2727 1881 2762">
    <p class='ocr_par' dir='ltr' id='par_1_123' title="bbox 1087 2727 1881 2762">
     <span class='ocr_line' id='line_1_123' title="bbox 1087 2727 1881 2762; baseline -0.01 -5"><span class='ocrx_word' id='word_1_1010' title='bbox 1087 2727 1218 2762; x_wconf 75' lang='lat' dir='ltr'><strong>itonnemo,</strong></span> <span class='ocrx_word' id='word_1_1011' title='bbox 1228 2732 1267 2756; x_wconf 89' lang='lat' dir='ltr'><strong>cui</strong></span> <span class='ocrx_word' id='word_1_1012' title='bbox 1279 2732 1333 2755; x_wconf 84' lang='lat' dir='ltr'><strong>vaui</strong></span> <span class='ocrx_word' id='word_1_1013' title='bbox 1344 2730 1406 2762; x_wconf 80' lang='lat' dir='ltr'><strong>tituli</strong></span> <span class='ocrx_word' id='word_1_1014' title='bbox 1417 2727 1464 2762; x_wconf 77' lang='lat' dir='ltr'><strong>non</strong></span> <span class='ocrx_word' id='word_1_1015' title='bbox 1480 2727 1753 2762; x_wconf 71' lang='lat' dir='ltr'><strong>displicuerunt._pmitli</strong></span> <span class='ocrx_word' id='word_1_1016' title='bbox 1775 2733 1824 2762; x_wconf 75' lang='lat' dir='ltr'><strong>non</strong></span> <span class='ocrx_word' id='word_1_1017' title='bbox 1836 2727 1881 2762; x_wconf 77' lang='lat' dir='ltr'><strong>tle-</strong></span> 
     </span>
    </p>
   </div>
   <div class='ocr_carea' id='block_1_124' title="bbox 1087 2757 1880 2792">
    <p class='ocr_par' dir='ltr' id='par_1_124' title="bbox 1087 2757 1880 2792">
     <span class='ocr_line' id='line_1_124' title="bbox 1087 2757 1880 2792; baseline -0.01 -4"><span class='ocrx_word' id='word_1_1018' title='bbox 1087 2765 1131 2788; x_wconf 85' lang='lat' dir='ltr'><strong>bet</strong></span> <span class='ocrx_word' id='word_1_1019' title='bbox 1143 2757 1320 2788; x_wconf 48' lang='lat' dir='ltr'><strong>locus&#39;salviani</strong></span> <span class='ocrx_word' id='word_1_1020' title='bbox 1332 2761 1436 2792; x_wconf 69' lang='lat' dir='ltr'><strong>episcopi</strong></span> <span class='ocrx_word' id='word_1_1021' title='bbox 1454 2757 1606 2792; x_wconf 77' lang='lat' dir='ltr'><strong>Massiliensis</strong></span> <span class='ocrx_word' id='word_1_1022' title='bbox 1620 2757 1703 2792; x_wconf 58' lang='lat' dir='ltr'><strong>indit).</strong></span> <span class='ocrx_word' id='word_1_1023' title='bbox 1724 2758 1733 2781; x_wconf 86' lang='lat' dir='ltr'><strong>l</strong></span> <span class='ocrx_word' id='word_1_1024' title='bbox 1756 2757 1786 2780; x_wconf 80' lang='lat' dir='ltr'><strong>ad</strong></span> <span class='ocrx_word' id='word_1_1025' title='bbox 1799 2758 1880 2792; x_wconf 49' lang='lat' dir='ltr'><strong>Eccle-</strong></span> 
     </span>
    </p>
   </div>
   <div class='ocr_carea' id='block_1_125' title="bbox 1088 2788 1881 2824">
    <p class='ocr_par' dir='ltr' id='par_1_125' title="bbox 1088 2788 1881 2824">
     <span class='ocr_line' id='line_1_125' title="bbox 1088 2788 1881 2824; baseline -0.01 -6"><span class='ocrx_word' id='word_1_1026' title='bbox 1088 2795 1147 2818; x_wconf 83' lang='lat' dir='ltr'><strong>siam</strong></span> <span class='ocrx_word' id='word_1_1027' title='bbox 1160 2792 1302 2818; x_wconf 84' lang='lat' dir='ltr'><strong>Catholicam</strong></span> <span class='ocrx_word' id='word_1_1028' title='bbox 1311 2799 1317 2823; x_wconf 86' lang='lat'><strong>;</strong></span> <span class='ocrx_word' id='word_1_1029' title='bbox 1326 2788 1357 2816; x_wconf 80' lang='lat' dir='ltr'><strong>de</strong></span> <span class='ocrx_word' id='word_1_1030' title='bbox 1370 2788 1457 2816; x_wconf 70' lang='lat' dir='ltr'><strong>eodem</strong></span> <span class='ocrx_word' id='word_1_1031' title='bbox 1468 2791 1558 2824; x_wconf 73' lang='lat' dir='ltr'><strong>quippe</strong></span> <span class='ocrx_word' id='word_1_1032' title='bbox 1568 2788 1798 2813; x_wconf 67' lang='lat' dir='ltr'><strong>Nalmchodonosoro</strong></span> <span class='ocrx_word' id='word_1_1033' title='bbox 1807 2788 1881 2818; x_wconf 82' lang='lat' dir='ltr'><strong>loqui-</strong></span> 
     </span>
    </p>
   </div>
   <div class='ocr_carea' id='block_1_126' title="bbox 1089 2823 1881 2855">
    <p class='ocr_par' dir='ltr' id='par_1_126' title="bbox 1089 2823 1881 2855">
     <span class='ocr_line' id='line_1_126' title="bbox 1089 2823 1881 2855; baseline -0.009 -6"><span class='ocrx_word' id='word_1_1034' title='bbox 1089 2830 1128 2849; x_wconf 89' lang='lat' dir='ltr'><strong>tur</strong></span> <span class='ocrx_word' id='word_1_1035' title='bbox 1141 2832 1146 2849; x_wconf 89' lang='lat'>:</span> <span class='ocrx_word' id='word_1_1036' title='bbox 1161 2829 1241 2849; x_wconf 75' lang='lat' dir='ltr'><strong>sermo</strong></span> <span class='ocrx_word' id='word_1_1037' title='bbox 1252 2827 1303 2848; x_wconf 78' lang='lat' dir='ltr'><strong>erat</strong></span> <span class='ocrx_word' id='word_1_1038' title='bbox 1319 2829 1381 2855; x_wconf 75' lang='lat' dir='ltr'><strong>cum</strong></span> <span class='ocrx_word' id='word_1_1039' title='bbox 1392 2829 1457 2854; x_wconf 71' lang='lat' dir='ltr'><strong>rege,</strong></span> <span class='ocrx_word' id='word_1_1040' title='bbox 1470 2825 1492 2845; x_wconf 86' lang='lat' dir='ltr'><strong>et</strong></span> <span class='ocrx_word' id='word_1_1041' title='bbox 1505 2823 1602 2855; x_wconf 67' lang='lat' dir='ltr'><strong>(partem</strong></span> <span class='ocrx_word' id='word_1_1042' title='bbox 1613 2826 1668 2853; x_wconf 60' lang='lat' dir='ltr'><strong>cum</strong></span> <span class='ocrx_word' id='word_1_1043' title='bbox 1685 2825 1740 2850; x_wconf 79' lang='lat' dir='ltr'><strong>rege</strong></span> <span class='ocrx_word' id='word_1_1044' title='bbox 1752 2824 1800 2843; x_wconf 81' lang='lat' dir='ltr'><strong>non</strong></span> <span class='ocrx_word' id='word_1_1045' title='bbox 1812 2825 1881 2843; x_wconf 71' lang='lat' dir='ltr'><strong>nutu</strong></span> 
     </span>
    </p>
   </div>
   <div class='ocr_carea' id='block_1_127' title="bbox 1092 2850 1638 2887">
    <p class='ocr_par' dir='ltr' id='par_1_127' title="bbox 1092 2850 1638 2887">
     <span class='ocr_line' id='line_1_127' title="bbox 1092 2850 1638 2887; baseline -0.011 -6"><span class='ocrx_word' id='word_1_1046' title='bbox 1092 2855 1167 2887; x_wconf 78' lang='lat' dir='ltr'><strong>urbis,</strong></span> <span class='ocrx_word' id='word_1_1047' title='bbox 1175 2855 1226 2886; x_wconf 76' lang='lat' dir='ltr'><strong>sed,</strong></span> <span class='ocrx_word' id='word_1_1048' title='bbox 1239 2857 1264 2880; x_wconf 81' lang='lat' dir='ltr'><strong>ut</strong></span> <span class='ocrx_word' id='word_1_1049' title='bbox 1276 2858 1330 2880; x_wconf 81' lang='lat' dir='ltr'><strong>tunc</strong></span> <span class='ocrx_word' id='word_1_1050' title='bbox 1341 2850 1476 2885; x_wconf 58' lang='lat' dir='ltr'><strong>videbitur,</strong></span> <span class='ocrx_word' id='word_1_1051' title='bbox 1485 2850 1555 2878; x_wconf 73' lang='lat' dir='ltr'><strong>totius</strong></span> <span class='ocrx_word' id='word_1_1052' title='bbox 1566 2850 1638 2876; x_wconf 80' lang='lat' dir='ltr'><strong>orbis.</strong></span> 
     </span>
    </p>
   </div>
  </div>
