2072 3123
191 138 242 166 9.09

191 195 323 230 originem
337 194 447 222 duxisse
466 201 499 221 ex
522 200 621 228 genere
646 193 737 228 regio;
761 191 889 226 plurimos
903 190 982 218 etiam

190 242 272 269 fuisse
282 241 412 269 inﬁdeles.
424 241 468 268 Η.
483 249 493 266 ι
508 239 542 267 Ει
553 241 579 266 in
593 239 685 266 diebus
705 245 797 273 regum
809 237 913 264 illorum
923 243 982 262 sus-

190 287 280 315 citabit
301 287 370 314 Deus
389 287 447 313 c:eli
464 293 582 320 regnum,
610 284 680 320 quod
701 285 726 310 in
748 283 844 311 szccula
861 290 913 308 non
925 289 983 308 cor-

191 337 327 367 rumpetur
343 341 349 358 :
367 337 393 359 et
418 339 527 366 regnum
549 331 605 366 ejus
629 330 725 366 populo
740 330 816 357 alteri
837 336 888 355 non
903 327 984 354 relin-

192 384 288 414 quetur
300 387 307 404 :
321 378 486 408 comminuet
511 381 537 404 et
551 376 687 403 ventilabit
705 375 825 402 universa
841 382 920 409 regna
937 382 944 400 :
959 378 985 400 et

193 426 280 460 ipsum
295 427 420 458 exsurget
434 423 460 450 in
479 423 586 450 smeula.
605 432 613 448 ι
630 422 761 451 Adducito
780 421 845 448 mihi
868 421 919 447 huc
936 420 984 447 .lu-

191 471 274 498 dteos.
287 469 356 504 Quid
364 469 397 497 de
410 469 460 496 hac
468 468 604 504 prophetia
613 467 707 495 dicturi
717 467 793 494 sunt?
809 467 900 502 Neque
914 467 985 493 enim

191 516 311 551 profecto
321 515 355 543 de
363 515 478 542 humano
491 523 573 550 regno
591 514 648 542 hmo
662 514 700 541 fas
714 519 754 541 est
767 514 866 547 dicere,
883 513 985 540 scilicet

191 570 302 598 regnum
315 561 447 589 infinitum
461 562 536 589 fore:
552 561 599 589 sed
613 565 717 595 oportet
730 561 846 595 aliquem
861 567 920 587 esse
930 580 937 593 ,
949 559 983 587 do

191 616 245 644 quo
266 609 323 636 hzre
337 608 406 635 dicta
420 611 491 635 sunt.
505 607 582 641 Quod
603 608 624 634 si
638 607 736 634 dixcris
747 627 754 640 ,
769 606 802 634 de
818 607 894 633 Patre
920 614 982 640 pro-

192 655 244 682 lata
267 654 364 687 fuisse,
378 658 404 681 at
418 654 480 681 audi
501 654 562 688 quid
578 654 681 681 dicatur
699 662 705 680 :
720 653 753 680 Ιιι
780 652 865 679 diebus
898 660 984 686 regum

193 701 294 728 illorum
309 709 318 727 :
333 700 512 727 Romanorum
525 699 656 727 videlicet.
668 699 742 733 Quod
755 699 776 726 si
791 699 879 726 dicant
892 707 897 725 :
912 698 984 731 Quo-

193 746 273 774 modo
294 753 387 773 aurum
400 749 539 772 conterere
552 745 651 779 potuit,
666 752 760 779 nempe
772 752 881 779 regnum
898 743 984 778 Baby—

193 792 323 819 loniorum
335 811 342 824 ,
358 791 427 826 quod
440 791 494 825 jam
506 790 569 817 olim
580 794 637 817 erat
650 789 836 817 destructum?
851 788 985 823 quomodo

194 839 274 865 etiam
299 841 454 872 argentum,
485 836 611 863 nimirum
634 843 744 870 regnum
771 834 930 862 Persarum?
958 839 984 860 ct

194 882 328 919 quomodo
339 890 376 909 res
384 902 392 916 ,
403 882 503 909 scilicet
516 889 625 916 regnum
636 880 826 907 Macedonum?
843 880 900 906 hmc
913 879 984 905 enim

195 929 329 964 quondam
341 929 444 956 fuerant
458 933 485 955 et
498 928 577 954 linem
591 931 760 962 acceperant.
778 926 874 952 \‘erum
890 933 923 952 ne
937 925 984 951 mi-

194 975 280 1008 reris,
308 974 457 1002 carissime.
486 973 514 1000 Si
540 973 610 1000 enim
638 973 734 999 Paulus
759 979 840 999 ausus
866 979 918 998 non
945 976 986 997 est

195 1025 286 1056 aperte
296 1020 384 1055 loqui;
401 1019 448 1047 sed
467 1019 503 1046 ait
519 1028 525 1046 :
547 1019 631 1045 Donec
643 1019 686 1053 qui
702 1022 765 1044 tenet
781 1017 811 1043 de
825 1017 906 1043 medio
920 1017 963 1050 ﬁat
977 1024 985 1043 .-

195 1067 280 1094 ruulto
294 1066 377 1102 magis
391 1065 529 1101 propheta.
550 1065 676 1098 Quaenam
691 1065 761 1091 enim
773 1085 780 1096 ,
804 1071 895 1098 qumso
905 1084 912 1096 ,
929 1063 982 1090 uti-

196 1112 257 1139 litas
271 1119 307 1139 ex
320 1115 411 1146 aperta
433 1110 589 1145 loquutione
602 1114 658 1137 orta
673 1109 783 1136 fuisset?
798 1108 824 1136 Si
839 1112 927 1135 autem
943 1107 984 1134 di-

195 1157 292 1191 xerint,
302 1157 361 1190 Quo
374 1161 451 1192 pacto
458 1156 626 1184 contrivith
637 1163 668 1182 ac
678 1155 795 1182 ferrum?
807 1154 864 1181 huic
874 1153 985 1188 qumstio

195 1203 248 1231 erit
261 1202 422 1230 communis.
448 1202 553 1230 Etenim
574 1201 608 1228 de
632 1200 695 1235 ipsis
709 1200 819 1234 perinde
841 1204 984 1234 qumretur,

196 1248 330 1284 quomodo
337 1248 392 1283 jam
399 1247 529 1275 exstincta
542 1254 623 1281 regna
637 1244 848 1278 destruat?Quia
861 1245 985 1271 nimirum

197 1295 311 1322 destruit
321 1294 372 1321 alia
387 1301 469 1328 regna
480 1314 487 1326 ,
502 1293 529 1320 in
541 1293 636 1327 quibus
649 1292 706 1319 haec
719 1292 898 1319 continentur.
914 1290 986 1318 Alio-

197 1341 260 1375 quin
271 1343 359 1367 autent
375 1339 400 1366 id
415 1339 530 1366 latenter
545 1338 715 1372 operabatur,
729 1344 790 1364 cum
814 1337 894 1363 etiam
908 1340 986 1363 antea

196 1388 268 1414 Deus
281 1390 368 1418 esset,
382 1385 430 1414 scd
446 1385 562 1412 nondum
577 1385 637 1411 ideo
654 1384 742 1416 risus,
766 1387 794 1410 ut
808 1390 855 1409 vos
866 1383 925 1417 jure
937 1382 985 1409 dua

198 1432 327 1460 bitaretis.
339 1431 415 1464 Quod
431 1431 523 1465 siquis
534 1430 646 1457 voluerit
658 1428 774 1456 etiamin
787 1427 909 1462 prtesenli
922 1432 987 1454 teni-

197 1485 262 1513 pore
291 1477 412 1512 accipere
440 1476 607 1511 prophetiam
622 1496 630 1508 ,
653 1482 819 1510 nequaquam
843 1473 985 1500 aberravit.

197 1523 332 1559 Siquidem
355 1530 427 1550 nunc
451 1530 556 1558 quoque
581 1522 704 1549 contrivit
717 1528 814 1556 regna,
837 1519 987 1554 superbiam

198 1571 371 1598 Macedonum
385 1571 423 1607 (et
436 1568 628 1605 Romanorum)
653 1568 810 1603 potentiam.
836 1567 901 1594 Curti
916 1566 987 1593 enim

198 1617 297 1645 videris
323 1620 453 1652 martyres
477 1615 510 1643 ad
525 1615 571 1642 Dei
597 1613 751 1642 mandatum
776 1611 938 1647 implendum
962 1611 989 1638 id

199 1663 345 1696 facientes,
368 1662 422 1690 imo
435 1667 463 1690 et
475 1667 589 1689 mortem
618 1660 801 1688 sustinentes:
825 1658 925 1686 videbis
944 1665 990 1685 re-

199 1717 280 1745 gnum
303 1709 391 1741 illius,
414 1713 442 1736 et
463 1707 598 1743 quomodo
622 1711 719 1734 terram
743 1705 896 1740 repleverit.
914 1703 990 1732 Nosti

199 1755 363 1790 prophetias.
377 1754 404 1782 Si
419 1762 479 1790 quat
491 1753 524 1781 ab
538 1753 589 1780 illis
604 1752 728 1788 pratdicta
744 1751 849 1778 fuerant
863 1758 915 1778 non
928 1757 991 1778 eve-

199 1806 310 1834 nerunt,
325 1809 374 1829 nec
397 1795 619 1828 cons-ummationi
646 1798 736 1826 crede.
762 1798 862 1825 Deinde
877 1797 968 1832 adjicit
983 1807 989 1824 :

200 1847 246 1875 45.
265 1855 275 1872 ι
292 1846 367 1874 Sicut
380 1845 470 1873 vidisti
480 1845 514 1873 de
528 1850 617 1872 monte
629 1844 778 1872 abscissum
793 1851 852 1871 esse
875 1843 989 1878 lapidem

200 1893 259 1920 sine
285 1892 425 1925 manibus,
443 1892 488 1926 qui
501 1890 658 1918 comminuit
673 1894 786 1921 testam,
802 1888 901 1915 ferrum
912 1908 919 1921 ,
934 1895 971 1915 res
981 1908 990 1921 ,

201 1942 355 1972 argentum,
369 1944 463 1964 aurum
476 1956 484 1970 ,
497 1936 568 1964 Deus
584 1935 709 1963 indicavit
725 1935 780 1969 regi
795 1942 855 1969 qua:
869 1937 992 1968 oporteat

201 1983 259 2011 ﬁeri
276 1987 337 2018 post
349 1982 416 2010 haec.
431 1982 464 2010 Et
474 1990 566 2010 verum
578 1986 618 2008 est
631 1981 763 2008 somnium
773 2001 779 2012 ,
791 1985 819 2007 et
831 1979 916 2007 ﬁdelis
928 1987 993 2006 con-

198 2030 302 2066 jectura
315 2029 382 2064 ejus.
407 2028 473 2056 Vide
485 2028 618 2064 quomodo
637 2027 717 2054 ﬁdem
738 2027 858 2054 adstruat
880 2026 912 2053 iis
933 2033 992 2060 quae

201 2074 315 2102 dixerat.
331 2074 373 2102 Ex
393 2073 474 2101 rebus
492 2073 640 2101 manifestis
654 2073 768 2100 obscura
791 2071 903 2106 probat,
916 2070 992 2105 quasi

201 2121 306 2149 diceret
331 2130 338 2148 :
355 2119 467 2148 Narravi
488 2120 640 2152 somnium,
669 2117 879 2153 interpretationi
900 2116 992 2144 crede.

201 2166 271 2200 Quid
282 2165 362 2201 igitur
373 2165 437 2193 rex?
448 2165 492 2192 ιθ.
510 2164 596 2198 Tunc,
611 2165 712 2199 inquit,
725 2171 770 2191 rea;
786 2161 992 2189 Nabuchodono-

201 2220 244 2239 sor
264 2212 352 2239 cecidit
367 2211 393 2238 in
407 2211 498 2247 faciem
516 2218 601 2243 suam,
614 2214 636 2236 et
656 2209 786 2236 Danielcm
808 2208 946 2235 adoravit:
969 2210 992 2233 et

202 2265 298 2285 manna
309 2262 384 2293 atque
396 2257 489 2284 bonum
506 2256 608 2284 odorem
632 2255 695 2282 dixit
705 2259 731 2281 ut
753 2255 857 2281 libarent
880 2253 912 2280 ei.
927 2252 992 2280 Tam

202 2304 257 2331 cito
270 2303 374 2331 Danieli
384 2303 516 2330 creditum
532 2307 582 2330 est.
596 2302 635 2329 Ae
648 2301 743 2328 merito
759 2300 884 2335 pnecepit
898 2305 994 2326 manna

203 2354 230 2377 et
241 2349 341 2377 bonum
353 2348 463 2376 odorem
480 2348 557 2376 libari
567 2348 604 2376 ei.
616 2347 697 2375 Vides
716 2347 860 2374 maximum
879 2345 995 2372 miracu-

205 2395 271 2422 lum.
288 2394 369 2422 Vides
380 2398 409 2422 ut
423 2401 481 2422 mos
496 2394 532 2421 sit
552 2393 695 2429 gentilibus
709 2400 740 2420 ex
757 2391 908 2419 hominibus
930 2390 995 2418 deos

205 2441 302 2468 facere.
328 2440 418 2476 Itaque
433 2439 540 2475 quando
560 2439 698 2466 dixerint:
727 2437 803 2466 Unde
826 2435 994 2464 idololatria?

206 2486 364 2522 principium
379 2486 450 2513 illius
465 2485 548 2512 disce.
563 2485 606 2513 Sic
619 2484 754 2520 apostolos
768 2490 874 2518 quoque
896 2490 927 2509 ex
944 2481 995 2508 ho-

206 2532 322 2559 minibus
334 2531 400 2559 deos
419 2531 550 2559 faciebant
564 2531 631 2566 (Act.
646 2531 689 2557 Μ.
703 2530 748 2557 il.
768 2533 790 2556 et
800 2528 844 2556 28.
857 2526 954 2565 6).'Sic
969 2530 996 2555 et

205 2577 327 2605 diabolus
344 2577 378 2604 ab
389 2577 464 2604 initio
475 2577 638 2612 impietatem
653 2575 822 2603 introducere
840 2573 995 2607 contendit,

205 2624 298 2652 dicens
310 2633 317 2650 :
330 2622 411 2651 Erilis
423 2623 487 2650 sicut
507 2623 542 2649 dii
555 2622 631 2658 (Gen.
652 2622 678 2650 5.
691 2622 728 2656 5).
749 2621 783 2648 Et
795 2620 919 2655 quoniam
934 2623 997 2646 tunc

207 2677 260 2703 non
273 2669 374 2701 valuit,
390 2673 450 2704 post
467 2668 512 2695 illa
528 2668 555 2695 id
569 2671 654 2695 tentat
664 2688 671 2701 ,
685 2667 783 2701 ubique
795 2666 920 2692 obnitens
933 2663 997 2691 deo-

208 2723 266 2743 rum
277 2714 474 2743 multitudinem
488 2713 668 2740 iutrodueere.
682 2713 726 2739 47.
740 2711 774 2738 Et
787 2711 940 2746 respondens
952 2717 998 2736 rex

208 2762 272 2788 dixit
284 2760 388 2788 Danieli
399 2768 408 2787 :
421 2759 454 2786 1η
465 2759 567 2786 veritate
579 2759 636 2785 noui
646 2758 712 2794 quod
726 2758 793 2784 Deus
804 2761 882 2784 vester
895 2757 948 2791 ipse
961 2760 998 2783 est

208 2805 278 2833 Deus
298 2806 395 2837 uiuens,
417 2809 440 2831 et
454 2804 576 2831 Dominus
586 2812 682 2839 regum.
703 2803 760 2830 Hoc
774 2803 832 2830 solo
852 2801 974 2829 inductus
989 2821 995 2832 ,

207 2852 296 2879 statim
313 2850 429 2879 credidit
448 2857 493 2878 rex
509 2858 515 2876 :
530 2849 613 2878 Judazi
627 2856 704 2880 vero.
729 2856 789 2876 cum
810 2847 891 2875 millia
906 2846 996 2882 hujus-

877 132 909 160 I‘N
930 129 1113 160 DANIELEM.

1775 131 1828 160 210

1038 188 1108 215 modi
1120 187 1259 220 audirent,
1269 195 1320 215 non
1331 187 1596 216 altetidebaitt.\’idcs
1606 197 1656 224 qua
1666 191 1767 218 ratione
1780 191 1826 217 tibi

1036 233 1159 261 ostendat
1182 234 1299 269 gentium
1320 239 1423 269 gratum
1447 235 1584 262 animum?
1607 235 1827 271 Quandoquidem

1037 281 1107 307 cnim
1119 279 1340 315 aderatdeincn-ps
1351 285 1464 315 tempus,
1477 282 1502 308 in
1512 290 1563 316 quo
1572 282 1712 316 oportebat
1721 282 1753 309 ad
1761 290 1827 317 gen-

1038 327 1096 353 tiles
1110 326 1324 360 prtedieationem
1336 327 1465 362 evangelii
1477 328 1610 363 exportari
1622 349 1629 360 ,
1641 328 1789 363 anticipaus
1800 336 1827 356 se

1037 377 1146 400 excusat
1155 381 1201 407 per
1210 373 1314 400 illorum
1326 374 1517 408 progenitores,
1531 374 1701 409 ostenditque
1712 383 1762 401 non
1777 374 1829 401 fru-

1038 422 1092 445 stra
1102 425 1151 445 nec
1160 422 1260 445 temere
1273 418 1384 453 gentiles
1397 418 1495 446 Judazis
1507 427 1520 444 a
1529 427 1558 446 se
1568 418 1649 446 fuisse
1660 419 1826 454 praeposiuns.

1341 485 1452 514 CAPUT
1472 486 1516 513 Ill.

1076 552 1101 579 Ι.
1120 561 1129 578 ‹
1148 551 1225 578 Anno
1237 551 1341 578 decimo
1353 557 1446 579 octavo
1461 551 1499 588 (a)
1520 552 1768 580 Nabuchodonosor
1783 561 1828 580 rex

1040 597 1103 625 fecit
1126 598 1266 633 imaginem
1282 605 1389 624 auream
1409 607 1416 625 :
1444 598 1556 625 altitudo
1589 599 1647 633 ejus
1677 599 1828 625 cubitorum

1038 644 1173 679 sexaginta
1185 665 1192 676 ,
1211 648 1237 671 et
1260 643 1373 671 latitudo
1393 644 1450 679 ejus
1469 644 1618 672 cubitorum
1638 652 1685 672 sex
1706 654 1712 671 :
1733 649 1759 671 et
1778 650 1831 672 sta-

1040 690 1089 718 tuit
1108 698 1166 717 eam
1187 690 1213 717 in
1232 697 1326 725 campo
1348 691 1432 717 Deera
1458 691 1484 717 in
1511 691 1646 725 provincia
1674 691 1818 726 Babylonis

1037 735 1064 761 ἓ.
1096 736 1129 763 Ει
1154 735 1400 763 Nabuchodonosor
1419 737 1490 763 misit
1520 741 1709 771 congregatum
1735 744 1828 763 omnes

1038 785 1192 814 summates,
1204 785 1229 807 et
1243 785 1379 815 prmtores,
1397 781 1537 816 prresides,
1554 781 1635 809 duces
1650 786 1676 809 et
1689 786 1826 817 tyrannos.

1037 831 1063 853 et
1079 826 1104 852 iu
1129 825 1306 860 potestatibus
1328 826 1506 858 constitutos,
1527 830 1553 853 et
1572 834 1664 854 omnes
1690 827 1826 862 regionum

1039 871 1217 906 magistratus,
1233 875 1262 898 ut
1284 871 1405 899 venirent
1418 872 1450 899 ad
1470 871 1664 899 dedicationem
1685 873 1826 906 imaginiS,

1039 926 1118 952 quam
1133 922 1262 945 statuerat
1274 917 1520 945 Nabuchodonosor
1531 925 1587 945 rex.
1607 927 1615 944 ι
1632 918 1727 953 Aspice
1741 918 1832 952 splen-

1041 964 1147 991 dentem
1164 971 1254 991 rerum
1269 965 1409 991 veritatem
1422 973 1427 989 :
1447 967 1473 991 et
1487 968 1560 991 certe
1571 971 1648 998 quem
1662 971 1714 990 non
1729 963 1834 998 puduis-

1037 1014 1078 1036 set
1093 1009 1219 1044 ﬁagitium
1234 1009 1304 1044 regis
1317 1009 1469 1036 revelasse?
1483 1008 1550 1042 Quid
1565 1008 1650 1035 dicis?
1663 1008 1708 1035 ille
1725 1009 1768 1043 qui
1785 1008 1831 1035 ad-

1037 1055 1135 1088 oravit,
1152 1055 1196 1090 qui
1210 1062 1306 1083 manna
1319 1055 1426 1087 libavit,
1441 1055 1485 1089 qui
1506 1055 1587 1082 Deum
1603 1055 1670 1082 adeo
1681 1054 1831 1087 honoravit,

1037 1101 1080 1135 qui
1094 1100 1239 1127 admiratus
1251 1105 1307 1133 est,
1322 1104 1349 1127 et
1362 1107 1441 1135 supra
1454 1099 1563 1127 modum
1576 1099 1724 1134 obstupuit,
1738 1100 1830 1132 illene,

1038 1154 1087 1173 nec
1100 1146 1179 1181 longo
1193 1150 1312 1180 tempore
1332 1145 1423 1180 elapso
1433 1166 1439 1177 ,
1461 1145 1549 1172 statim
1564 1144 1597 1172 ad
1612 1145 1725 1179 priorem
1740 1153 1831 1172 rever-

1038 1193 1102 1220 titur
1122 1192 1263 1220 errorem?
1277 1191 1391 1219 Pulchre
1410 1199 1483 1219 sane.
1501 1191 1558 1219 Non
1579 1191 1650 1219 enim
1671 1199 1731 1218 eum
1751 1191 1834 1226 signis

1038 1238 1268 1273 obstupefecistis:
1283 1245 1343 1265 nam
1358 1237 1422 1264 nihil
1435 1237 1530 1264 horum
1543 1237 1832 1272 eogitaruntjuvenes;

1038 1289 1065 1311 at
1084 1292 1164 1311 unum
1184 1283 1352 1311 solummodo
1370 1288 1563 1318 respexerunt,
1586 1283 1720 1318 quomodo
1735 1283 1833 1310 verita-

1039 1334 1091 1357 tem
1103 1329 1199 1357 nudam
1211 1329 1384 1365 deponerent.
1396 1329 1539 1363 Postquam
1550 1328 1620 1356 enim
1633 1327 1675 1355 ille
1686 1329 1778 1355 urbem
1791 1336 1834 1355 ce-

1039 1381 1116 1411 perat
1135 1376 1218 1410 (tune
1232 1375 1329 1410 quippe
1343 1374 1535 1410 .lcrosolymam
1553 1374 1729 1409 expugnavit,
1745 1379 1772 1400 ct
1791 1374 1833 1400 illa

1039 1422 1136 1457 potitus
1157 1422 1236 1457 est),
1251 1422 1335 1449 erexit
1357 1421 1517 1456 imaginem,
1540 1420 1607 1447 forte
1633 1420 1657 1447 in
1683 1419 1834 1454 superbiam

1039 1469 1133 1495 elatus.
1145 1467 1257 1502 Quidam
1268 1467 1369 1498 dicunt,
1381 1466 1452 1502 quod
1460 1466 1581 1501 imaginis
1590 1466 1660 1493 illius
1670 1465 1834 1497 recordatus,

1040 1521 1099 1548 qua:
1113 1513 1163 1548 ipsi
1179 1513 1205 1540 in
1221 1513 1320 1540 somnis
1339 1516 1445 1539 ostensa
1459 1512 1545 1539 fuerat
1558 1520 1565 1538 :
1579 1511 1623 1538 alii
1638 1516 1726 1538 autem
1742 1511 1833 1542 aiunt,

1039 1558 1110 1594 quod
1121 1559 1236 1593 scipsum
1251 1558 1276 1585 in
1290 1557 1355 1585 deos
1370 1557 1470 1585 referre
1480 1557 1582 1584 volens.
1601 1557 1705 1584 Etenim
1720 1555 1770 1583 hoe
1785 1555 1834 1582 de-

1041 1605 1138 1633 siderio
1154 1605 1311 1632 tenebantur
1325 1604 1442 1639 antiqui,
1459 1607 1488 1631 ut
1507 1603 1543 1630 dii
1561 1606 1751 1634 censerentur,
1768 1602 1836 1629 sicut

1040 1650 1171 1678 diabolus.
1188 1650 1221 1677 Et
1235 1649 1296 1677 vide
1322 1650 1431 1677 exitum.
1448 1649 1513 1676 Cum
1529 1649 1662 1676 omisisset
1681 1647 1792 1682 jubere,
1808 1653 1836 1674 ut

1041 1698 1129 1732 ipsum
1143 1696 1298 1728 adorarent,
1313 1695 1399 1723 ell‘ecit
1414 1701 1442 1723 ut
1456 1695 1542 1730 imago
1555 1702 1602 1722 sua
1617 1694 1771 1721 adoraretur
1781 1715 1788 1726 ,
1803 1700 1835 1720 ex

1042 1743 1124 1770 multa
1137 1749 1225 1769 rerum
1241 1740 1400 1769 abundantia
1421 1740 1445 1768 id
1461 1740 1593 1768 conﬁcere
1615 1740 1707 1767 volens
1717 1760 1724 1771 ,
1740 1743 1766 1766 et
1781 1746 1837 1766 ma-

1041 1787 1179 1824 gnitudine
1194 1791 1272 1821 atque
1285 1786 1406 1820 corporis
1420 1786 1489 1813 mole
1502 1785 1612 1820 cupiens
1625 1784 1772 1820 percellere
1785 1805 1791 1816 ,
1803 1791 1834 1810 ac

1042 1843 1134 1864 rursus
1144 1842 1158 1862 a
1171 1835 1241 1862 loco.
1254 1833 1288 1860 In
1299 1834 1353 1860 loco
1366 1832 1461 1865 Deera,
1478 1832 1572 1867 inquit.
1586 1831 1701 1866 Campus
1716 1834 1774 1857 erat
1785 1829 1836 1856 for-

1043 1887 1114 1910 tasse
1126 1881 1243 1908 acclivis.
1261 1879 1303 1907 l2.
1320 1889 1329 1905 ι
1347 1879 1413 1907 Sunt
1424 1877 1473 1905 viri
1484 1877 1568 1905 Judaei
1578 1899 1584 1909 ,
1597 1883 1663 1912 quos
1676 1874 1836 1903 constituisti

1043 1937 1123 1964 super
1143 1935 1224 1963 opera
1245 1926 1398 1962 Babylonis,
1413 1924 1573 1957 Sedrachus,
1589 1922 1732 1954 Misachus,
1749 1921 1837 1948 Abde-

1044 1982 1121 2010 nago.
1135 1973 1191 2001 Viri
1205 1973 1243 2000 illi
1264 1980 1315 1999 non
1329 1971 1486 1999 obedierunt
1499 1990 1506 2003 ,
1522 1977 1569 1997 rex
1581 1990 1588 2003 ,
1608 1969 1715 2003 decreto
1730 1972 1775 1994 tuo
1787 1988 1794 2000 ,
1810 1971 1837 1994 et

1044 2021 1109 2048 deos
1121 2023 1181 2047 tuos
1194 2018 1349 2046 non-colunt
1363 2037 1369 2048 ,
1383 2021 1410 2044 et
1424 2015 1565 2050 imaginem
1577 2021 1683 2041 auream
1696 2021 1773 2048 quam
1788 2016 1837 2038 sta-

1045 2066 1115 2093 tuisti
1131 2073 1183 2092 non
1195 2064 1316 2091 adorant.
1333 2063 1376 2090 15.
1399 2062 1473 2088 Tunc
1494 2059 1737 2087 Nabuchodonosor
1752 2058 1778 2084 in
1798 2057 1838 2083 fu-

1044 2119 1106 2139 rore
1116 2115 1143 2138 et
1155 2111 1193 2137 ira
1204 2109 1280 2142 dixit,
1293 2112 1322 2135 ut
1332 2107 1494 2135 adducerent
1505 2104 1679 2136 Sedrachum,
1692 2102 1838 2129 Slisachum

1045 2162 1071 2184 et
1084 2156 1301 2191 Abdenagonem.
1316 2163 1325 2179 ι
1349 2151 1488 2187 Quomodo
1503 2151 1545 2178 hic
1560 2158 1612 2177 non
1632 2152 1768 2183 comparet
1783 2147 1836 2174 Da-

1046 2203 1113 2230 niel?
1127 2202 1190 2230 Mihi
1209 2200 1314 2228 videtur
1324 2220 1331 2232 ,
1347 2197 1486 2226 Chaldaeos
1506 2200 1655 2223 metuentes
1670 2202 1723 2221 non
1750 2194 1838 2228 ipsum

1045 2249 1233 2280 denuntiasse,
1254 2246 1296 2273 vel
1319 2251 1408 2280 regem
1430 2242 1578 2270 reverentia
1599 2240 1740 2268 adductum
1764 2238 1839 2265 illum

1047 2302 1098 2322 non
1118 2293 1254 2328 coegisse,
1276 2299 1309 2318 ne
1328 2289 1496 2317 manifestum
1516 2287 1625 2314 haberet
1644 2288 1838 2312 accusatorem.

1046 2339 1157 2373 Quidam
1172 2327 1234 2366 vero
1247 2337 1353 2368 dicunt,
1365 2335 1426 2369 quia
1438 2333 1581 2360 vocabatur
1591 2330 1712 2358 Baltazar
1723 2329 1732 2364 (
1744 2327 1776 2364 ὁ)
1790 2339 1796 2356 :
1812 2328 1837 2355 id

1047 2391 1136 2412 autem
1152 2391 1247 2411 nomen
1269 2387 1325 2410 erat
1340 2381 1402 2408 idoli
1417 2379 1487 2414 quod
1502 2377 1571 2413 apud
1588 2375 1747 2412 Babylonios
1765 2374 1840 2401 colc-

1047 2433 1133 2459 batur.
1150 2431 1219 2458 Deus
1232 2428 1311 2463 igitur
1324 2425 1439 2462 providit
1451 2428 1480 2452 ut
1494 2424 1519 2451 in
1534 2423 1668 2450 fornacem
1682 2428 1736 2448 non
1749 2419 1838 2447 mitte-

1048 2482 1130 2510 retur,
1142 2484 1176 2504 ne
1187 2475 1288 2503 scilicet
1299 2474 1394 2505 virtus,
1405 2479 1456 2507 qua
1468 2469 1614 2505 periculum
1626 2468 1756 2495 vitaturus
1770 2470 1838 2496 erat,

1048 2525 1072 2552 ei
1085 2522 1185 2552 nomini
1195 2520 1400 2549 adscriberetur.
1413 2517 1482 2552 Quid
1495 2516 1573 2552 igitur
1587 2519 1641 2542 tres
1652 2512 1745 2549 pueri?
1759 2511 1839 2540 Maxi-

1082 2598 1196 2634 (ajAnno
1205 2603 1254 2632 quo
1266 2598 1334 2633 capta
1344 2597 1383 2619 est
1392 2594 1571 2629 Hierosolyma.
1579 2591 1667 2617 incidit
1677 2590 1744 2616 enim
1756 2598 1835 2629 erpu-

1067 2633 1133 2654 natto
1144 2628 1211 2653 urbis
1221 2635 1246 2652 in
1255 2626 1498 2651 Nabuchodonosorts
1508 2624 1546 2652 18,
1558 2627 1584 2648 et
1598 2623 1627 2654 1-9
1640 2630 1645 2646 :
1658 2623 1673 2646 4
1687 2623 1747 2654 ιίεξκν
1758 2623 1798 2651 2ο,
1809 2622 1834 2651 8,

1067 2639 1133 2654 naut)
1145 2639 1211 2653 unus
1222 2639 1246 2652 tu
1256 2639 1498 2651 t‘auutuuuuuuauua
1512 2639 1546 2652 ιυ,
1558 2639 1584 2648 ει.
1598 2639 1626 2647 λυ
1640 2642 1645 2646 .
1658 2639 1673 2646 -κ
1687 2639 1737 2653 ..κιο
1759 2639 1798 2651 κν,
1809 2639 1834 2651 ιι,

1067 2667 1143 2685 erem.
1156 2659 1196 2687 5‘2,
1209 2659 1246 2687 12,
1259 2658 1297 2681 29.
1309 2656 1395 2687 Neque
1408 2655 1544 2688 audiendus
1561 2653 1668 2688 Grotius,
1681 2652 1724 2688 qui
1739 2653 1833 2688 Jerem.

1051 2682 1339 2720 ξιξ-,νὲὶνεόηὶέεηάυω
1355 2682 1411 2720 esse
1424 2692 1486 2711 anno
1503 2685 1536 2720 i9.
1547 2682 1834 2720 suspicaturi‘Josephps

1051 2713 1096 2747 lib:
1107 2713 1120 2744 ί
1130 2713 1212 2745 contra
1226 2713 1344 2749 Kpionem
1355 2724 1361 2741 ξ
1372 2718 1502 2749 Γέγραπται
1509 2716 1556 2749 γὰρ
1562 2716 1585 2739 ἐν
1591 2713 1671 2749 aerei;
1679 2713 1834 2749 LSci'rptiti‘t's)

1052 2745 1093 2778 is;
1104 2745 1340 2782 Ναϐουχοδοῦόσορρς
1354 2745 1551 2782 operienda):er
1565 2750 1607 2782 τῇς
1624 2745 1696 2782 αιξτεῷ
1706 2745 1836 2782 ἱρασιξςίαξ

1105 2774 1152 2806 ’18;
1158 2774 1213 2813 παᾘ
1223 2782 1279 2811 ἡμῖν
1291 2774 1347 2804 {adv
1355 2780 1478 2813 ἠρήμρξσε,
1489 2778 1529 2813 xii
1534 2774 1566 2813 ἦν
1577 2774 1664 2813 ditari;
1677 2774 1836 2813 ξπὶίῖῃ-ἑπτά

1055 2807 1086 2846 (ι.
1100 2807 1275 2846 ἐῆδῃμῄδξονῖπ)
1284 2819 1289 2824 ·
1303 2807 1408 2846 deorsum-
1452 2807 1724 2846 tﬁz'lfppooﬁetgtleéac‘,

1086 2832 1404 2876 (6ῖῖἐῖἥῖἰί’[ἱὸέιεεῖἰὶῥῖιὶίῦ
1416 2832 1500 2866 [siadd
1512 2832 1645 2865 re'iusi'otae
1658 2837 1701 2862 lib.
1710 2832 1732 2865 t',
1742 2841 1782 2866 ep.
1795 2832 1832 2857 ιο.
