  <div class='ocr_page' id='page_1' title='image "/cluster/home/n/w/nwhite01/storage/ocr_20150623/56/njp.32101077772646/217.png"; bbox 0 0 2049 3133; ppageno 0'>
   <div class='ocr_carea' id='block_1_1' title="bbox 252 151 1500 182">
    <p class='ocr_par' dir='ltr' id='par_1_1' title="bbox 252 151 1500 182">
     <span class='ocr_line' id='line_1_1' title="bbox 252 151 1500 182; baseline 0.002 -3"><span class='ocrx_word' id='word_1_1' title='bbox 252 151 300 179; x_wconf 71' lang='lat' dir='ltr'><strong>2H</strong></span> <span class='ocrx_word' id='word_1_2' title='bbox 591 153 618 181; x_wconf 90' lang='lat' dir='ltr'><strong>S.</strong></span> <span class='ocrx_word' id='word_1_3' title='bbox 640 153 778 181; x_wconf 78' lang='lat' dir='ltr'><strong>JOANNIS</strong></span> <span class='ocrx_word' id='word_1_4' title='bbox 797 151 1036 180; x_wconf 70' lang='lat' dir='ltr'><strong>CllliYSOSTOMl</strong></span> <span class='ocrx_word' id='word_1_5' title='bbox 1056 152 1213 180; x_wconf 70' lang='lat' dir='ltr'><strong>ARCHIEP.</strong></span> <span class='ocrx_word' id='word_1_6' title='bbox 1235 153 1500 182; x_wconf 70' lang='lat' dir='ltr'><strong>CONSTANTINOP.</strong></span> 
     </span>
    </p>
   </div>
   <div class='ocr_carea' id='block_1_2' title="bbox 251 212 1043 248">
    <p class='ocr_par' dir='ltr' id='par_1_2' title="bbox 251 212 1043 248">
     <span class='ocr_line' id='line_1_2' title="bbox 251 212 1043 248; baseline 0.001 -9"><span class='ocrx_word' id='word_1_7' title='bbox 251 221 293 240; x_wconf 82' lang='lat' dir='ltr'><strong>nte</strong></span> <span class='ocrx_word' id='word_1_8' title='bbox 307 212 429 247; x_wconf 88' lang='lat' dir='ltr'><strong>equident</strong></span> <span class='ocrx_word' id='word_1_9' title='bbox 445 213 494 248; x_wconf 89' lang='lat' dir='ltr'><strong>ipsi</strong></span> <span class='ocrx_word' id='word_1_10' title='bbox 509 221 614 248; x_wconf 82' lang='lat' dir='ltr'><strong>quoque</strong></span> <span class='ocrx_word' id='word_1_11' title='bbox 629 222 686 241; x_wconf 90' lang='lat' dir='ltr'><strong>rem</strong></span> <span class='ocrx_word' id='word_1_12' title='bbox 705 213 866 241; x_wconf 89' lang='lat' dir='ltr'><strong>confutaturi</strong></span> <span class='ocrx_word' id='word_1_13' title='bbox 880 217 965 240; x_wconf 88' lang='lat' dir='ltr'><strong>erant.</strong></span> <span class='ocrx_word' id='word_1_14' title='bbox 982 213 1043 240; x_wconf 65' lang='lat' dir='ltr'><strong>Cte-</strong></span> 
     </span>
    </p>
   </div>
   <div class='ocr_carea' id='block_1_3' title="bbox 250 257 1045 294">
    <p class='ocr_par' dir='ltr' id='par_1_3' title="bbox 250 257 1045 294">
     <span class='ocr_line' id='line_1_3' title="bbox 250 257 1045 294; baseline 0.004 -11"><span class='ocrx_word' id='word_1_15' title='bbox 250 262 335 284; x_wconf 80' lang='lat' dir='ltr'><strong>tcrum</strong></span> <span class='ocrx_word' id='word_1_16' title='bbox 359 257 385 285; x_wconf 88' lang='lat' dir='ltr'><strong>itt</strong></span> <span class='ocrx_word' id='word_1_17' title='bbox 412 258 455 286; x_wconf 90' lang='lat' dir='ltr'><strong>illa</strong></span> <span class='ocrx_word' id='word_1_18' title='bbox 481 259 652 293; x_wconf 59' lang='lat' dir='ltr'><strong>pratdictione</strong></span> <span class='ocrx_word' id='word_1_19' title='bbox 668 259 798 294; x_wconf 71' lang='lat' dir='ltr'><strong>superiori</strong></span> <span class='ocrx_word' id='word_1_20' title='bbox 817 259 950 294; x_wconf 89' lang='lat' dir='ltr'><strong>quontodo</strong></span> <span class='ocrx_word' id='word_1_21' title='bbox 977 259 1045 286; x_wconf 88' lang='lat' dir='ltr'><strong>Deus</strong></span> 
     </span>
    </p>
   </div>
   <div class='ocr_carea' id='block_1_4' title="bbox 251 305 1043 340">
    <p class='ocr_par' dir='ltr' id='par_1_4' title="bbox 251 305 1043 340">
     <span class='ocr_line' id='line_1_4' title="bbox 251 305 1043 340; baseline 0.004 -9"><span class='ocrx_word' id='word_1_22' title='bbox 251 305 320 332; x_wconf 72' lang='lat' dir='ltr'><strong>idem</strong></span> <span class='ocrx_word' id='word_1_23' title='bbox 336 313 388 332; x_wconf 93' lang='lat' dir='ltr'><strong>non</strong></span> <span class='ocrx_word' id='word_1_24' title='bbox 403 305 554 340; x_wconf 85' lang='lat' dir='ltr'><strong>disposuit?</strong></span> <span class='ocrx_word' id='word_1_25' title='bbox 578 307 795 334; x_wconf 88' lang='lat' dir='ltr'><strong>Criminabantur</strong></span> <span class='ocrx_word' id='word_1_26' title='bbox 819 307 879 334; x_wconf 92' lang='lat' dir='ltr'><strong>illos</strong></span> <span class='ocrx_word' id='word_1_27' title='bbox 905 307 1043 334; x_wconf 67' lang='lat' dir='ltr'><strong>Chaldaei:</strong></span> 
     </span>
    </p>
   </div>
   <div class='ocr_carea' id='block_1_5' title="bbox 250 351 1044 388">
    <p class='ocr_par' dir='ltr' id='par_1_5' title="bbox 250 351 1044 388">
     <span class='ocr_line' id='line_1_5' title="bbox 250 351 1044 388; baseline 0.006 -12"><span class='ocrx_word' id='word_1_28' title='bbox 250 351 392 385; x_wconf 84' lang='lat' dir='ltr'><strong>plurimum</strong></span> <span class='ocrx_word' id='word_1_29' title='bbox 407 352 478 378; x_wconf 89' lang='lat' dir='ltr'><strong>enim</strong></span> <span class='ocrx_word' id='word_1_30' title='bbox 502 356 590 386; x_wconf 88' lang='lat' dir='ltr'><strong>potest</strong></span> <span class='ocrx_word' id='word_1_31' title='bbox 608 352 716 380; x_wconf 80' lang='lat' dir='ltr'><strong>invidia.</strong></span> <span class='ocrx_word' id='word_1_32' title='bbox 741 353 823 380; x_wconf 77' lang='lat' dir='ltr'><strong>Ferre</strong></span> <span class='ocrx_word' id='word_1_33' title='bbox 846 361 897 380; x_wconf 91' lang='lat' dir='ltr'><strong>non</strong></span> <span class='ocrx_word' id='word_1_34' title='bbox 922 359 1044 388; x_wconf 88' lang='lat' dir='ltr'><strong>poterant</strong></span> 
     </span>
    </p>
   </div>
   <div class='ocr_carea' id='block_1_6' title="bbox 248 396 1042 432">
    <p class='ocr_par' dir='ltr' id='par_1_6' title="bbox 248 396 1042 432">
     <span class='ocr_line' id='line_1_6' title="bbox 248 396 1042 432; baseline 0.006 -10"><span class='ocrx_word' id='word_1_35' title='bbox 248 396 370 430; x_wconf 72' lang='lat' dir='ltr'><strong>captivos</strong></span> <span class='ocrx_word' id='word_1_36' title='bbox 384 397 447 432; x_wconf 85' lang='lat' dir='ltr'><strong>ipsis</strong></span> <span class='ocrx_word' id='word_1_37' title='bbox 460 398 622 432; x_wconf 88' lang='lat' dir='ltr'><strong>imperantes</strong></span> <span class='ocrx_word' id='word_1_38' title='bbox 635 399 764 432; x_wconf 90' lang='lat' dir='ltr'><strong>aspicere.</strong></span> <span class='ocrx_word' id='word_1_39' title='bbox 776 399 828 426; x_wconf 95' lang='lat' dir='ltr'><strong>Sed</strong></span> <span class='ocrx_word' id='word_1_40' title='bbox 844 399 913 427; x_wconf 82' lang='lat' dir='ltr'><strong>vide.</strong></span> <span class='ocrx_word' id='word_1_41' title='bbox 929 400 1001 427; x_wconf 87' lang='lat' dir='ltr'><strong>Sicut</strong></span> <span class='ocrx_word' id='word_1_42' title='bbox 1017 401 1042 427; x_wconf 93' lang='lat' dir='ltr'><strong>in</strong></span> 
     </span>
    </p>
   </div>
   <div class='ocr_carea' id='block_1_7' title="bbox 251 441 1039 476">
    <p class='ocr_par' dir='ltr' id='par_1_7' title="bbox 251 441 1039 476">
     <span class='ocr_line' id='line_1_7' title="bbox 251 441 1039 476; baseline 0.006 -9"><span class='ocrx_word' id='word_1_43' title='bbox 251 441 358 468; x_wconf 88' lang='lat' dir='ltr'><strong>Dattielc</strong></span> <span class='ocrx_word' id='word_1_44' title='bbox 368 463 376 475; x_wconf 96' lang='lat'><strong>,</strong></span> <span class='ocrx_word' id='word_1_45' title='bbox 398 443 470 476; x_wconf 89' lang='lat' dir='ltr'><strong>prius</strong></span> <span class='ocrx_word' id='word_1_46' title='bbox 484 442 633 470; x_wconf 85' lang='lat' dir='ltr'><strong>didicerunt</strong></span> <span class='ocrx_word' id='word_1_47' title='bbox 654 444 723 471; x_wconf 91' lang='lat' dir='ltr'><strong>illius</strong></span> <span class='ocrx_word' id='word_1_48' title='bbox 738 452 826 472; x_wconf 91' lang='lat' dir='ltr'><strong>utores</strong></span> <span class='ocrx_word' id='word_1_49' title='bbox 839 452 870 472; x_wconf 87' lang='lat' dir='ltr'><strong>ac</strong></span> <span class='ocrx_word' id='word_1_50' title='bbox 890 451 1039 473; x_wconf 86' lang='lat' dir='ltr'><strong>mansuetu-</strong></span> 
     </span>
    </p>
   </div>
   <div class='ocr_carea' id='block_1_8' title="bbox 248 487 1042 523">
    <p class='ocr_par' dir='ltr' id='par_1_8' title="bbox 248 487 1042 523">
     <span class='ocr_line' id='line_1_8' title="bbox 248 487 1042 523; baseline 0.008 -11"><span class='ocrx_word' id='word_1_51' title='bbox 248 487 337 514; x_wconf 86' lang='lat' dir='ltr'><strong>dinem</strong></span> <span class='ocrx_word' id='word_1_52' title='bbox 348 507 355 520; x_wconf 93' lang='lat'><strong>,</strong></span> <span class='ocrx_word' id='word_1_53' title='bbox 371 492 397 514; x_wconf 90' lang='lat' dir='ltr'><strong>et</strong></span> <span class='ocrx_word' id='word_1_54' title='bbox 412 492 476 515; x_wconf 92' lang='lat' dir='ltr'><strong>tunc</strong></span> <span class='ocrx_word' id='word_1_55' title='bbox 495 489 570 523; x_wconf 83' lang='lat' dir='ltr'><strong>signa</strong></span> <span class='ocrx_word' id='word_1_56' title='bbox 583 488 724 518; x_wconf 83' lang='lat' dir='ltr'><strong>viderunt:</strong></span> <span class='ocrx_word' id='word_1_57' title='bbox 739 491 774 517; x_wconf 90' lang='lat' dir='ltr'><strong>ila</strong></span> <span class='ocrx_word' id='word_1_58' title='bbox 788 490 867 518; x_wconf 88' lang='lat' dir='ltr'><strong>etiam</strong></span> <span class='ocrx_word' id='word_1_59' title='bbox 884 491 926 518; x_wconf 92' lang='lat' dir='ltr'><strong>hic</strong></span> <span class='ocrx_word' id='word_1_60' title='bbox 946 491 971 518; x_wconf 93' lang='lat' dir='ltr'><strong>itt</strong></span> <span class='ocrx_word' id='word_1_61' title='bbox 985 499 1042 518; x_wconf 92' lang='lat' dir='ltr'><strong>tne-</strong></span> 
     </span>
    </p>
   </div>
   <div class='ocr_carea' id='block_1_9' title="bbox 247 531 1042 572">
    <p class='ocr_par' dir='ltr' id='par_1_9' title="bbox 247 531 1042 572">
     <span class='ocr_line' id='line_1_9' title="bbox 247 531 1042 572; baseline 0.008 -14"><span class='ocrx_word' id='word_1_62' title='bbox 247 531 319 558; x_wconf 89' lang='lat' dir='ltr'><strong>diutn</strong></span> <span class='ocrx_word' id='word_1_63' title='bbox 342 531 475 560; x_wconf 92' lang='lat' dir='ltr'><strong>ducuntur</strong></span> <span class='ocrx_word' id='word_1_64' title='bbox 487 535 576 568; x_wconf 87' lang='lat' dir='ltr'><strong>pueri,</strong></span> <span class='ocrx_word' id='word_1_65' title='bbox 590 539 617 561; x_wconf 86' lang='lat' dir='ltr'><strong>et</strong></span> <span class='ocrx_word' id='word_1_66' title='bbox 632 535 744 569; x_wconf 87' lang='lat' dir='ltr'><strong>primum</strong></span> <span class='ocrx_word' id='word_1_67' title='bbox 763 543 857 564; x_wconf 88' lang='lat' dir='ltr'><strong>eorum</strong></span> <span class='ocrx_word' id='word_1_68' title='bbox 878 537 1042 572; x_wconf 91' lang='lat' dir='ltr'><strong>propositum</strong></span> 
     </span>
    </p>
   </div>
   <div class='ocr_carea' id='block_1_10' title="bbox 247 576 1040 615">
    <p class='ocr_par' dir='ltr' id='par_1_10' title="bbox 247 576 1040 615">
     <span class='ocr_line' id='line_1_10' title="bbox 247 576 1040 615; baseline 0.01 -14"><span class='ocrx_word' id='word_1_69' title='bbox 247 576 390 604; x_wconf 81' lang='lat' dir='ltr'><strong>denudavit</strong></span> <span class='ocrx_word' id='word_1_70' title='bbox 405 578 473 605; x_wconf 88' lang='lat' dir='ltr'><strong>Detts</strong></span> <span class='ocrx_word' id='word_1_71' title='bbox 489 587 496 605; x_wconf 90' lang='lat'>:</span> <span class='ocrx_word' id='word_1_72' title='bbox 512 583 538 605; x_wconf 90' lang='lat' dir='ltr'><strong>et</strong></span> <span class='ocrx_word' id='word_1_73' title='bbox 552 579 590 606; x_wconf 88' lang='lat' dir='ltr'><strong>illi</strong></span> <span class='ocrx_word' id='word_1_74' title='bbox 606 579 641 606; x_wconf 89' lang='lat' dir='ltr'><strong>ita</strong></span> <span class='ocrx_word' id='word_1_75' title='bbox 657 581 795 615; x_wconf 62' lang='lat' dir='ltr'><strong>pratparati</strong></span> <span class='ocrx_word' id='word_1_76' title='bbox 812 589 864 608; x_wconf 90' lang='lat' dir='ltr'><strong>tton</strong></span> <span class='ocrx_word' id='word_1_77' title='bbox 881 581 907 608; x_wconf 94' lang='lat' dir='ltr'><strong>in</strong></span> <span class='ocrx_word' id='word_1_78' title='bbox 924 582 1040 609; x_wconf 87' lang='lat' dir='ltr'><strong>ntcdiuttt</strong></span> 
     </span>
    </p>
   </div>
   <div class='ocr_carea' id='block_1_11' title="bbox 248 622 1042 661">
    <p class='ocr_par' dir='ltr' id='par_1_11' title="bbox 248 622 1042 661">
     <span class='ocr_line' id='line_1_11' title="bbox 248 622 1042 661; baseline 0.01 -14"><span class='ocrx_word' id='word_1_79' title='bbox 248 622 406 650; x_wconf 67' lang='lat' dir='ltr'><strong>insilierunt.</strong></span> <span class='ocrx_word' id='word_1_80' title='bbox 422 623 500 650; x_wconf 87' lang='lat' dir='ltr'><strong>Scitis</strong></span> <span class='ocrx_word' id='word_1_81' title='bbox 516 629 603 652; x_wconf 89' lang='lat' dir='ltr'><strong>autem</strong></span> <span class='ocrx_word' id='word_1_82' title='bbox 618 625 769 658; x_wconf 86' lang='lat' dir='ltr'><strong>hominem,</strong></span> <span class='ocrx_word' id='word_1_83' title='bbox 784 627 828 661; x_wconf 87' lang='lat' dir='ltr'><strong>qui</strong></span> <span class='ocrx_word' id='word_1_84' title='bbox 843 629 965 660; x_wconf 69' lang='lat' dir='ltr'><strong>prmscnti</strong></span> <span class='ocrx_word' id='word_1_85' title='bbox 981 628 1042 655; x_wconf 70' lang='lat' dir='ltr'><strong>vita:</strong></span> 
     </span>
    </p>
   </div>
   <div class='ocr_carea' id='block_1_12' title="bbox 247 669 1040 707">
    <p class='ocr_par' dir='ltr' id='par_1_12' title="bbox 247 669 1040 707">
     <span class='ocr_line' id='line_1_12' title="bbox 247 669 1040 707; baseline 0.011 -13"><span class='ocrx_word' id='word_1_86' title='bbox 247 669 425 703; x_wconf 88' lang='lat' dir='ltr'><strong>renuntiavit,</strong></span> <span class='ocrx_word' id='word_1_87' title='bbox 441 671 538 705; x_wconf 89' lang='lat' dir='ltr'><strong>quique</strong></span> <span class='ocrx_word' id='word_1_88' title='bbox 559 671 636 699; x_wconf 83' lang='lat' dir='ltr'><strong>facile</strong></span> <span class='ocrx_word' id='word_1_89' title='bbox 652 678 764 700; x_wconf 90' lang='lat' dir='ltr'><strong>mortem</strong></span> <span class='ocrx_word' id='word_1_90' title='bbox 779 674 907 707; x_wconf 87' lang='lat' dir='ltr'><strong>sustinet,</strong></span> <span class='ocrx_word' id='word_1_91' title='bbox 924 682 975 702; x_wconf 88' lang='lat' dir='ltr'><strong>non</strong></span> <span class='ocrx_word' id='word_1_92' title='bbox 991 675 1040 703; x_wconf 83' lang='lat' dir='ltr'><strong>de-</strong></span> 
     </span>
    </p>
   </div>
   <div class='ocr_carea' id='block_1_13' title="bbox 247 716 1041 756">
    <p class='ocr_par' dir='ltr' id='par_1_13' title="bbox 247 716 1041 756">
     <span class='ocr_line' id='line_1_13' title="bbox 247 716 1041 756; baseline 0.011 -16"><span class='ocrx_word' id='word_1_93' title='bbox 247 718 419 743; x_wconf 65' lang='lat' dir='ltr'><strong>trec-laturum</strong></span> <span class='ocrx_word' id='word_1_94' title='bbox 440 716 571 751; x_wconf 81' lang='lat' dir='ltr'><strong>quidlibet</strong></span> <span class='ocrx_word' id='word_1_95' title='bbox 588 718 703 751; x_wconf 88' lang='lat' dir='ltr'><strong>audere,</strong></span> <span class='ocrx_word' id='word_1_96' title='bbox 726 719 804 746; x_wconf 88' lang='lat' dir='ltr'><strong>etiattt</strong></span> <span class='ocrx_word' id='word_1_97' title='bbox 821 727 913 747; x_wconf 87' lang='lat' dir='ltr'><strong>eorum</strong></span> <span class='ocrx_word' id='word_1_98' title='bbox 929 729 987 756; x_wconf 77' lang='lat' dir='ltr'><strong>qua:</strong></span> <span class='ocrx_word' id='word_1_99' title='bbox 1003 726 1041 749; x_wconf 88' lang='lat' dir='ltr'><strong>te-</strong></span> 
     </span>
    </p>
   </div>
   <div class='ocr_carea' id='block_1_14' title="bbox 247 762 1041 798">
    <p class='ocr_par' dir='ltr' id='par_1_14' title="bbox 247 762 1041 798">
     <span class='ocr_line' id='line_1_14' title="bbox 247 762 1041 798; baseline 0.013 -12"><span class='ocrx_word' id='word_1_100' title='bbox 247 762 359 788; x_wconf 89' lang='lat' dir='ltr'><strong>tneraria</strong></span> <span class='ocrx_word' id='word_1_101' title='bbox 370 769 430 790; x_wconf 76' lang='lat' dir='ltr'><strong>esse</strong></span> <span class='ocrx_word' id='word_1_102' title='bbox 441 763 573 790; x_wconf 87' lang='lat' dir='ltr'><strong>videntur.</strong></span> <span class='ocrx_word' id='word_1_103' title='bbox 585 765 708 792; x_wconf 83' lang='lat' dir='ltr'><strong>Attamen</strong></span> <span class='ocrx_word' id='word_1_104' title='bbox 720 765 762 792; x_wconf 90' lang='lat' dir='ltr'><strong>isti</strong></span> <span class='ocrx_word' id='word_1_105' title='bbox 773 786 780 798; x_wconf 89' lang='lat'><strong>,</strong></span> <span class='ocrx_word' id='word_1_106' title='bbox 793 767 842 793; x_wconf 88' lang='lat' dir='ltr'><strong>etsi</strong></span> <span class='ocrx_word' id='word_1_107' title='bbox 854 772 966 794; x_wconf 91' lang='lat' dir='ltr'><strong>tnortem</strong></span> <span class='ocrx_word' id='word_1_108' title='bbox 977 776 1041 796; x_wconf 89' lang='lat' dir='ltr'><strong>con-</strong></span> 
     </span>
    </p>
   </div>
   <div class='ocr_carea' id='block_1_15' title="bbox 247 810 1041 844">
    <p class='ocr_par' dir='ltr' id='par_1_15' title="bbox 247 810 1041 844">
     <span class='ocr_line' id='line_1_15' title="bbox 247 810 1041 844; baseline 0.01 -10"><span class='ocrx_word' id='word_1_109' title='bbox 247 811 414 841; x_wconf 72' lang='lat' dir='ltr'><strong>temnerent,</strong></span> <span class='ocrx_word' id='word_1_110' title='bbox 430 810 561 837; x_wconf 85' lang='lat' dir='ltr'><strong>mansueti</strong></span> <span class='ocrx_word' id='word_1_111' title='bbox 577 815 671 844; x_wconf 86' lang='lat' dir='ltr'><strong>erant;</strong></span> <span class='ocrx_word' id='word_1_112' title='bbox 687 819 736 838; x_wconf 89' lang='lat' dir='ltr'><strong>nec</strong></span> <span class='ocrx_word' id='word_1_113' title='bbox 751 812 810 839; x_wconf 89' lang='lat' dir='ltr'><strong>illos</strong></span> <span class='ocrx_word' id='word_1_114' title='bbox 824 813 956 841; x_wconf 91' lang='lat' dir='ltr'><strong>ullatenus</strong></span> <span class='ocrx_word' id='word_1_115' title='bbox 972 814 1041 842; x_wconf 73' lang='lat' dir='ltr'><strong>lzcsit</strong></span> 
     </span>
    </p>
   </div>
   <div class='ocr_carea' id='block_1_16' title="bbox 247 852 1040 894">
    <p class='ocr_par' dir='ltr' id='par_1_16' title="bbox 247 852 1040 894">
     <span class='ocr_line' id='line_1_16' title="bbox 247 852 1040 894; baseline 0.01 -15"><span class='ocrx_word' id='word_1_116' title='bbox 247 852 390 887; x_wconf 77' lang='lat' dir='ltr'><strong>fortitudo,</strong></span> <span class='ocrx_word' id='word_1_117' title='bbox 405 863 454 882; x_wconf 88' lang='lat' dir='ltr'><strong>nee</strong></span> <span class='ocrx_word' id='word_1_118' title='bbox 467 855 493 882; x_wconf 89' lang='lat' dir='ltr'><strong>itt</strong></span> <span class='ocrx_word' id='word_1_119' title='bbox 512 855 648 883; x_wconf 86' lang='lat' dir='ltr'><strong>audaciam</strong></span> <span class='ocrx_word' id='word_1_120' title='bbox 668 857 796 890; x_wconf 76' lang='lat' dir='ltr'><strong>adduxit;</strong></span> <span class='ocrx_word' id='word_1_121' title='bbox 813 867 898 894; x_wconf 87' lang='lat' dir='ltr'><strong>neqtte</strong></span> <span class='ocrx_word' id='word_1_122' title='bbox 914 860 939 886; x_wconf 91' lang='lat' dir='ltr'><strong>id</strong></span> <span class='ocrx_word' id='word_1_123' title='bbox 956 861 1040 888; x_wconf 84' lang='lat' dir='ltr'><strong>anthi-</strong></span> 
     </span>
    </p>
   </div>
   <div class='ocr_carea' id='block_1_17' title="bbox 246 899 1037 940">
    <p class='ocr_par' dir='ltr' id='par_1_17' title="bbox 246 899 1037 940">
     <span class='ocr_line' id='line_1_17' title="bbox 246 899 1037 940; baseline 0.011 -16"><span class='ocrx_word' id='word_1_124' title='bbox 246 899 317 926; x_wconf 87' lang='lat' dir='ltr'><strong>tione</strong></span> <span class='ocrx_word' id='word_1_125' title='bbox 339 900 479 928; x_wconf 85' lang='lat' dir='ltr'><strong>faciebant.</strong></span> <span class='ocrx_word' id='word_1_126' title='bbox 497 901 543 929; x_wconf 75' lang='grc'><strong>25.</strong></span> <span class='ocrx_word' id='word_1_127' title='bbox 568 911 577 928; x_wconf 79' lang='grc' dir='ltr'>ι</span> <span class='ocrx_word' id='word_1_128' title='bbox 602 902 635 929; x_wconf 82' lang='lat' dir='ltr'><strong>Et</strong></span> <span class='ocrx_word' id='word_1_129' title='bbox 655 903 704 930; x_wconf 89' lang='lat' dir='ltr'><strong>viri</strong></span> <span class='ocrx_word' id='word_1_130' title='bbox 724 904 760 930; x_wconf 91' lang='lat' dir='ltr'><strong>illi</strong></span> <span class='ocrx_word' id='word_1_131' title='bbox 781 909 853 937; x_wconf 86' lang='lat' dir='ltr'><strong>tres,</strong></span> <span class='ocrx_word' id='word_1_132' title='bbox 870 905 1037 940; x_wconf 84' lang='lat' dir='ltr'><strong>Sedrachus,</strong></span> 
     </span>
    </p>
   </div>
   <div class='ocr_carea' id='block_1_18' title="bbox 246 943 1039 982">
    <p class='ocr_par' dir='ltr' id='par_1_18' title="bbox 246 943 1039 982">
     <span class='ocr_line' id='line_1_18' title="bbox 246 943 1039 982; baseline 0.01 -12"><span class='ocrx_word' id='word_1_133' title='bbox 246 943 379 972; x_wconf 73' lang='lat' dir='ltr'><strong>Misachus</strong></span> <span class='ocrx_word' id='word_1_134' title='bbox 409 951 436 973; x_wconf 91' lang='lat' dir='ltr'><strong>et</strong></span> <span class='ocrx_word' id='word_1_135' title='bbox 448 946 592 982; x_wconf 83' lang='lat' dir='ltr'><strong>Ahdenago</strong></span> <span class='ocrx_word' id='word_1_136' title='bbox 603 967 610 979; x_wconf 93' lang='lat'><strong>,</strong></span> <span class='ocrx_word' id='word_1_137' title='bbox 624 948 777 976; x_wconf 88' lang='lat' dir='ltr'><strong>ceciderunt</strong></span> <span class='ocrx_word' id='word_1_138' title='bbox 790 950 814 976; x_wconf 94' lang='lat' dir='ltr'><strong>in</strong></span> <span class='ocrx_word' id='word_1_139' title='bbox 829 949 942 977; x_wconf 86' lang='lat' dir='ltr'><strong>mediam</strong></span> <span class='ocrx_word' id='word_1_140' title='bbox 956 951 1039 978; x_wconf 88' lang='lat' dir='ltr'><strong>forna-</strong></span> 
     </span>
    </p>
   </div>
   <div class='ocr_carea' id='block_1_19' title="bbox 244 990 1038 1028">
    <p class='ocr_par' dir='ltr' id='par_1_19' title="bbox 244 990 1038 1028">
     <span class='ocr_line' id='line_1_19' title="bbox 244 990 1038 1028; baseline 0.013 -12"><span class='ocrx_word' id='word_1_141' title='bbox 244 997 302 1016; x_wconf 88' lang='lat' dir='ltr'><strong>cem</strong></span> <span class='ocrx_word' id='word_1_142' title='bbox 319 990 385 1025; x_wconf 80' lang='lat' dir='ltr'><strong>ignis</strong></span> <span class='ocrx_word' id='word_1_143' title='bbox 403 992 556 1027; x_wconf 82' lang='lat' dir='ltr'><strong>ardentem,</strong></span> <span class='ocrx_word' id='word_1_144' title='bbox 573 994 655 1028; x_wconf 78' lang='lat' dir='ltr'><strong>ligati.</strong></span> <span class='ocrx_word' id='word_1_145' title='bbox 675 995 720 1023; x_wconf 60' lang='lat' dir='ltr'><strong>Si.</strong></span> <span class='ocrx_word' id='word_1_146' title='bbox 745 996 777 1023; x_wconf 86' lang='lat' dir='ltr'><strong>Et</strong></span> <span class='ocrx_word' id='word_1_147' title='bbox 795 996 998 1025; x_wconf 79' lang='lat' dir='ltr'><strong>deambulabam</strong></span> <span class='ocrx_word' id='word_1_148' title='bbox 1012 999 1038 1026; x_wconf 92' lang='lat' dir='ltr'><strong>in</strong></span> 
     </span>
    </p>
   </div>
   <div class='ocr_carea' id='block_1_20' title="bbox 245 1035 1038 1075">
    <p class='ocr_par' dir='ltr' id='par_1_20' title="bbox 245 1035 1038 1075">
     <span class='ocr_line' id='line_1_20' title="bbox 245 1035 1038 1075; baseline 0.015 -15"><span class='ocrx_word' id='word_1_149' title='bbox 245 1035 333 1062; x_wconf 87' lang='lat' dir='ltr'><strong>medio</strong></span> <span class='ocrx_word' id='word_1_150' title='bbox 359 1036 487 1070; x_wconf 63' lang='lat' dir='ltr'><strong>ﬂatnmm,</strong></span> <span class='ocrx_word' id='word_1_151' title='bbox 513 1039 652 1067; x_wconf 89' lang='lat' dir='ltr'><strong>laudantes</strong></span> <span class='ocrx_word' id='word_1_152' title='bbox 676 1041 777 1075; x_wconf 90' lang='lat' dir='ltr'><strong>Deuttt,</strong></span> <span class='ocrx_word' id='word_1_153' title='bbox 799 1047 826 1070; x_wconf 90' lang='lat' dir='ltr'><strong>et</strong></span> <span class='ocrx_word' id='word_1_154' title='bbox 848 1042 1038 1072; x_wconf 88' lang='lat' dir='ltr'><strong>benedicetttes</strong></span> 
     </span>
    </p>
   </div>
   <div class='ocr_carea' id='block_1_21' title="bbox 245 1079 1038 1122">
    <p class='ocr_par' dir='ltr' id='par_1_21' title="bbox 245 1079 1038 1122">
     <span class='ocr_line' id='line_1_21' title="bbox 245 1079 1038 1122; baseline 0.014 -16"><span class='ocrx_word' id='word_1_155' title='bbox 245 1079 395 1108; x_wconf 84' lang='lat' dir='ltr'><strong>Dominum.</strong></span> <span class='ocrx_word' id='word_1_156' title='bbox 413 1082 477 1110; x_wconf 86' lang='lat' dir='ltr'><strong>Vide</strong></span> <span class='ocrx_word' id='word_1_157' title='bbox 492 1092 579 1112; x_wconf 89' lang='lat' dir='ltr'><strong>nonne</strong></span> <span class='ocrx_word' id='word_1_158' title='bbox 593 1086 721 1113; x_wconf 84' lang='lat' dir='ltr'><strong>mirabilis</strong></span> <span class='ocrx_word' id='word_1_159' title='bbox 735 1094 767 1114; x_wconf 88' lang='lat' dir='ltr'><strong>ac</strong></span> <span class='ocrx_word' id='word_1_160' title='bbox 780 1087 912 1122; x_wconf 85' lang='lat' dir='ltr'><strong>inopinata</strong></span> <span class='ocrx_word' id='word_1_161' title='bbox 927 1094 967 1116; x_wconf 90' lang='lat' dir='ltr'><strong>est</strong></span> <span class='ocrx_word' id='word_1_162' title='bbox 980 1090 1038 1118; x_wconf 72' lang='lat' dir='ltr'><strong>hmc</strong></span> 
     </span>
    </p>
   </div>
   <div class='ocr_carea' id='block_1_22' title="bbox 244 1127 1036 1170">
    <p class='ocr_par' dir='ltr' id='par_1_22' title="bbox 244 1127 1036 1170">
     <span class='ocr_line' id='line_1_22' title="bbox 244 1127 1036 1170; baseline 0.015 -19"><span class='ocrx_word' id='word_1_163' title='bbox 244 1132 286 1152; x_wconf 90' lang='lat' dir='ltr'><strong>res</strong></span> <span class='ocrx_word' id='word_1_164' title='bbox 295 1146 302 1159; x_wconf 94' lang='lat'><strong>,</strong></span> <span class='ocrx_word' id='word_1_165' title='bbox 316 1127 451 1155; x_wconf 89' lang='lat' dir='ltr'><strong>ambulare</strong></span> <span class='ocrx_word' id='word_1_166' title='bbox 464 1129 542 1156; x_wconf 86' lang='lat' dir='ltr'><strong>simul</strong></span> <span class='ocrx_word' id='word_1_167' title='bbox 553 1137 584 1157; x_wconf 86' lang='lat' dir='ltr'><strong>ac</strong></span> <span class='ocrx_word' id='word_1_168' title='bbox 595 1130 713 1164; x_wconf 87' lang='lat' dir='ltr'><strong>laudare,</strong></span> <span class='ocrx_word' id='word_1_169' title='bbox 726 1133 801 1166; x_wconf 91' lang='lat' dir='ltr'><strong>quasi</strong></span> <span class='ocrx_word' id='word_1_170' title='bbox 815 1139 904 1161; x_wconf 77' lang='lat' dir='ltr'><strong>essent</strong></span> <span class='ocrx_word' id='word_1_171' title='bbox 915 1135 940 1161; x_wconf 94' lang='lat' dir='ltr'><strong>in</strong></span> <span class='ocrx_word' id='word_1_172' title='bbox 952 1142 1036 1170; x_wconf 88' lang='lat' dir='ltr'><strong>aqua-</strong></span> 
     </span>
    </p>
   </div>
   <div class='ocr_carea' id='block_1_23' title="bbox 244 1172 1037 1216">
    <p class='ocr_par' dir='ltr' id='par_1_23' title="bbox 244 1172 1037 1216">
     <span class='ocr_line' id='line_1_23' title="bbox 244 1172 1037 1216; baseline 0.014 -19"><span class='ocrx_word' id='word_1_173' title='bbox 244 1178 301 1198; x_wconf 91' lang='lat' dir='ltr'><strong>rum</strong></span> <span class='ocrx_word' id='word_1_174' title='bbox 317 1172 441 1200; x_wconf 80' lang='lat' dir='ltr'><strong>lavacro?</strong></span> <span class='ocrx_word' id='word_1_175' title='bbox 461 1174 624 1211; x_wconf 79' lang='lat' dir='ltr'><strong>Quamquam</strong></span> <span class='ocrx_word' id='word_1_176' title='bbox 640 1177 704 1204; x_wconf 89' lang='lat' dir='ltr'><strong>nihil</strong></span> <span class='ocrx_word' id='word_1_177' title='bbox 723 1178 758 1205; x_wconf 89' lang='lat' dir='ltr'><strong>ibi</strong></span> <span class='ocrx_word' id='word_1_178' title='bbox 777 1184 834 1206; x_wconf 86' lang='lat' dir='ltr'><strong>erat</strong></span> <span class='ocrx_word' id='word_1_179' title='bbox 845 1199 853 1212; x_wconf 86' lang='lat'><strong>,</strong></span> <span class='ocrx_word' id='word_1_180' title='bbox 868 1180 937 1214; x_wconf 87' lang='lat' dir='ltr'><strong>quod</strong></span> <span class='ocrx_word' id='word_1_181' title='bbox 953 1181 1037 1216; x_wconf 89' lang='lat' dir='ltr'><strong>impe-</strong></span> 
     </span>
    </p>
   </div>
   <div class='ocr_carea' id='block_1_24' title="bbox 245 1216 1036 1261">
    <p class='ocr_par' dir='ltr' id='par_1_24' title="bbox 245 1216 1036 1261">
     <span class='ocr_line' id='line_1_24' title="bbox 245 1216 1036 1261; baseline 0.014 -18"><span class='ocrx_word' id='word_1_182' title='bbox 245 1216 314 1244; x_wconf 92' lang='lat' dir='ltr'><strong>diret</strong></span> <span class='ocrx_word' id='word_1_183' title='bbox 327 1227 334 1245; x_wconf 92' lang='lat'><strong>:</strong></span> <span class='ocrx_word' id='word_1_184' title='bbox 356 1219 569 1255; x_wconf 85' lang='lat' dir='ltr'><strong>quandoquidem</strong></span> <span class='ocrx_word' id='word_1_185' title='bbox 586 1222 656 1250; x_wconf 89' lang='lat' dir='ltr'><strong>Deus</strong></span> <span class='ocrx_word' id='word_1_186' title='bbox 671 1223 800 1252; x_wconf 89' lang='lat' dir='ltr'><strong>voluerat.</strong></span> <span class='ocrx_word' id='word_1_187' title='bbox 816 1225 879 1253; x_wconf 86' lang='lat' dir='ltr'><strong>Tale</strong></span> <span class='ocrx_word' id='word_1_188' title='bbox 893 1227 956 1261; x_wconf 88' lang='lat' dir='ltr'><strong>quid</strong></span> <span class='ocrx_word' id='word_1_189' title='bbox 971 1227 1036 1255; x_wconf 87' lang='lat' dir='ltr'><strong>mihi</strong></span> 
     </span>
    </p>
   </div>
   <div class='ocr_carea' id='block_1_25' title="bbox 243 1263 1036 1308">
    <p class='ocr_par' dir='ltr' id='par_1_25' title="bbox 243 1263 1036 1308">
     <span class='ocr_line' id='line_1_25' title="bbox 243 1263 1036 1308; baseline 0.014 -19"><span class='ocrx_word' id='word_1_190' title='bbox 243 1263 348 1291; x_wconf 88' lang='lat' dir='ltr'><strong>videtur</strong></span> <span class='ocrx_word' id='word_1_191' title='bbox 369 1264 453 1293; x_wconf 88' lang='lat' dir='ltr'><strong>fuisse</strong></span> <span class='ocrx_word' id='word_1_192' title='bbox 466 1271 493 1293; x_wconf 89' lang='lat' dir='ltr'><strong>et</strong></span> <span class='ocrx_word' id='word_1_193' title='bbox 506 1267 550 1294; x_wconf 91' lang='lat' dir='ltr'><strong>ille</strong></span> <span class='ocrx_word' id='word_1_194' title='bbox 571 1268 639 1303; x_wconf 85' lang='lat' dir='ltr'><strong>ignis</strong></span> <span class='ocrx_word' id='word_1_195' title='bbox 650 1290 656 1302; x_wconf 89' lang='lat'><strong>,</strong></span> <span class='ocrx_word' id='word_1_196' title='bbox 675 1278 727 1304; x_wconf 89' lang='lat' dir='ltr'><strong>quo</strong></span> <span class='ocrx_word' id='word_1_197' title='bbox 740 1271 870 1298; x_wconf 73' lang='lat' dir='ltr'><strong>combusti</strong></span> <span class='ocrx_word' id='word_1_198' title='bbox 882 1265 946 1299; x_wconf 52' lang='lat' dir='ltr'><strong>&#39;sttnt</strong></span> <span class='ocrx_word' id='word_1_199' title='bbox 959 1273 975 1299; x_wconf 93' lang='lat' dir='ltr'><strong>ii</strong></span> <span class='ocrx_word' id='word_1_200' title='bbox 991 1273 1036 1308; x_wconf 91' lang='lat' dir='ltr'><strong>qui</strong></span> 
     </span>
    </p>
   </div>
   <div class='ocr_carea' id='block_1_26' title="bbox 243 1309 1034 1353">
    <p class='ocr_par' dir='ltr' id='par_1_26' title="bbox 243 1309 1034 1353">
     <span class='ocr_line' id='line_1_26' title="bbox 243 1309 1034 1353; baseline 0.013 -17"><span class='ocrx_word' id='word_1_201' title='bbox 243 1313 316 1336; x_wconf 84' lang='lat' dir='ltr'><strong>extra</strong></span> <span class='ocrx_word' id='word_1_202' title='bbox 331 1309 465 1338; x_wconf 81' lang='lat' dir='ltr'><strong>fornacem</strong></span> <span class='ocrx_word' id='word_1_203' title='bbox 480 1318 555 1340; x_wconf 89' lang='lat' dir='ltr'><strong>erant</strong></span> <span class='ocrx_word' id='word_1_204' title='bbox 569 1322 575 1340; x_wconf 90' lang='lat'><strong>:</strong></span> <span class='ocrx_word' id='word_1_205' title='bbox 589 1320 616 1341; x_wconf 90' lang='lat' dir='ltr'><strong>et</strong></span> <span class='ocrx_word' id='word_1_206' title='bbox 629 1313 673 1342; x_wconf 90' lang='lat' dir='ltr'><strong>hic</strong></span> <span class='ocrx_word' id='word_1_207' title='bbox 686 1315 754 1350; x_wconf 88' lang='lat' dir='ltr'><strong>ignis</strong></span> <span class='ocrx_word' id='word_1_208' title='bbox 767 1321 840 1350; x_wconf 85' lang='lat' dir='ltr'><strong>erat,</strong></span> <span class='ocrx_word' id='word_1_209' title='bbox 852 1321 878 1344; x_wconf 90' lang='lat' dir='ltr'><strong>et</strong></span> <span class='ocrx_word' id='word_1_210' title='bbox 893 1317 937 1345; x_wconf 89' lang='lat' dir='ltr'><strong>ille</strong></span> <span class='ocrx_word' id='word_1_211' title='bbox 949 1317 1034 1353; x_wconf 80' lang='lat' dir='ltr'><strong>ignis;</strong></span> 
     </span>
    </p>
   </div>
   <div class='ocr_carea' id='block_1_27' title="bbox 242 1354 1035 1396">
    <p class='ocr_par' dir='ltr' id='par_1_27' title="bbox 242 1354 1035 1396">
     <span class='ocr_line' id='line_1_27' title="bbox 242 1354 1035 1396; baseline 0.016 -16"><span class='ocrx_word' id='word_1_212' title='bbox 242 1359 268 1381; x_wconf 91' lang='lat' dir='ltr'><strong>et</strong></span> <span class='ocrx_word' id='word_1_213' title='bbox 282 1354 339 1383; x_wconf 63' lang='lat' dir='ltr'><strong>haec</strong></span> <span class='ocrx_word' id='word_1_214' title='bbox 361 1364 472 1393; x_wconf 89' lang='lat' dir='ltr'><strong>corpora</strong></span> <span class='ocrx_word' id='word_1_215' title='bbox 484 1378 492 1392; x_wconf 89' lang='lat'><strong>,</strong></span> <span class='ocrx_word' id='word_1_216' title='bbox 515 1364 542 1386; x_wconf 88' lang='lat' dir='ltr'><strong>et</strong></span> <span class='ocrx_word' id='word_1_217' title='bbox 556 1360 599 1387; x_wconf 88' lang='lat' dir='ltr'><strong>illa</strong></span> <span class='ocrx_word' id='word_1_218' title='bbox 612 1368 723 1396; x_wconf 89' lang='lat' dir='ltr'><strong>corpora</strong></span> <span class='ocrx_word' id='word_1_219' title='bbox 737 1370 744 1394; x_wconf 84' lang='lat'>;</span> <span class='ocrx_word' id='word_1_220' title='bbox 760 1367 787 1390; x_wconf 91' lang='lat' dir='ltr'><strong>et</strong></span> <span class='ocrx_word' id='word_1_221' title='bbox 802 1367 888 1391; x_wconf 89' lang='lat' dir='ltr'><strong>tamen</strong></span> <span class='ocrx_word' id='word_1_222' title='bbox 907 1364 964 1392; x_wconf 75' lang='lat' dir='ltr'><strong>[nec</strong></span> <span class='ocrx_word' id='word_1_223' title='bbox 977 1366 1035 1393; x_wconf 85' lang='lat' dir='ltr'><strong>atti-</strong></span> 
     </span>
    </p>
   </div>
   <div class='ocr_carea' id='block_1_28' title="bbox 241 1400 1034 1443">
    <p class='ocr_par' dir='ltr' id='par_1_28' title="bbox 241 1400 1034 1443">
     <span class='ocr_line' id='line_1_28' title="bbox 241 1400 1034 1443; baseline 0.018 -17"><span class='ocrx_word' id='word_1_224' title='bbox 241 1400 295 1435; x_wconf 91' lang='lat' dir='ltr'><strong>git,</strong></span> <span class='ocrx_word' id='word_1_225' title='bbox 310 1401 360 1429; x_wconf 89' lang='lat' dir='ltr'><strong>illis</strong></span> <span class='ocrx_word' id='word_1_226' title='bbox 371 1410 434 1431; x_wconf 89' lang='lat' dir='ltr'><strong>vero</strong></span> <span class='ocrx_word' id='word_1_227' title='bbox 445 1404 580 1433; x_wconf 87' lang='lat' dir='ltr'><strong>abstinuit.</strong></span> <span class='ocrx_word' id='word_1_228' title='bbox 595 1407 674 1435; x_wconf 84' lang='lat' dir='ltr'><strong>Vides</strong></span> <span class='ocrx_word' id='word_1_229' title='bbox 686 1414 813 1443; x_wconf 89' lang='lat' dir='ltr'><strong>quatttuut</strong></span> <span class='ocrx_word' id='word_1_230' title='bbox 827 1410 861 1437; x_wconf 90' lang='lat' dir='ltr'><strong>sit</strong></span> <span class='ocrx_word' id='word_1_231' title='bbox 874 1410 974 1439; x_wconf 89' lang='lat' dir='ltr'><strong>bonum</strong></span> <span class='ocrx_word' id='word_1_232' title='bbox 987 1420 1034 1440; x_wconf 92' lang='lat' dir='ltr'><strong>vo—</strong></span> 
     </span>
    </p>
   </div>
   <div class='ocr_carea' id='block_1_29' title="bbox 241 1446 1032 1486">
    <p class='ocr_par' dir='ltr' id='par_1_29' title="bbox 241 1446 1032 1486">
     <span class='ocr_line' id='line_1_29' title="bbox 241 1446 1032 1486; baseline 0.016 -13"><span class='ocrx_word' id='word_1_233' title='bbox 241 1446 329 1475; x_wconf 87' lang='lat' dir='ltr'><strong>luntas</strong></span> <span class='ocrx_word' id='word_1_234' title='bbox 343 1450 459 1484; x_wconf 88' lang='lat' dir='ltr'><strong>optima?</strong></span> <span class='ocrx_word' id='word_1_235' title='bbox 474 1451 619 1480; x_wconf 91' lang='lat' dir='ltr'><strong>admiratus</strong></span> <span class='ocrx_word' id='word_1_236' title='bbox 633 1462 663 1482; x_wconf 88' lang='lat' dir='ltr'><strong>es</strong></span> <span class='ocrx_word' id='word_1_237' title='bbox 677 1462 769 1483; x_wconf 88' lang='lat' dir='ltr'><strong>eorunt</strong></span> <span class='ocrx_word' id='word_1_238' title='bbox 785 1457 968 1485; x_wconf 83' lang='lat' dir='ltr'><strong>voluntatem?</strong></span> <span class='ocrx_word' id='word_1_239' title='bbox 983 1459 1032 1486; x_wconf 70' lang='lat' dir='ltr'><strong>bli-</strong></span> 
     </span>
    </p>
   </div>
   <div class='ocr_carea' id='block_1_30' title="bbox 240 1494 1034 1538">
    <p class='ocr_par' dir='ltr' id='par_1_30' title="bbox 240 1494 1034 1538">
     <span class='ocr_line' id='line_1_30' title="bbox 240 1494 1034 1538; baseline 0.015 -18"><span class='ocrx_word' id='word_1_240' title='bbox 240 1500 301 1521; x_wconf 84' lang='lat' dir='ltr'><strong>rare</strong></span> <span class='ocrx_word' id='word_1_241' title='bbox 312 1494 416 1523; x_wconf 86' lang='lat' dir='ltr'><strong>Domini</strong></span> <span class='ocrx_word' id='word_1_242' title='bbox 430 1496 655 1533; x_wconf 82' lang='lat' dir='ltr'><strong>benevolentiam,</strong></span> <span class='ocrx_word' id='word_1_243' title='bbox 668 1505 694 1528; x_wconf 90' lang='lat' dir='ltr'><strong>et</strong></span> <span class='ocrx_word' id='word_1_244' title='bbox 707 1501 834 1530; x_wconf 80' lang='lat' dir='ltr'><strong>honorent</strong></span> <span class='ocrx_word' id='word_1_245' title='bbox 846 1511 925 1538; x_wconf 86' lang='lat' dir='ltr'><strong>quem</strong></span> <span class='ocrx_word' id='word_1_246' title='bbox 937 1505 962 1531; x_wconf 87' lang='lat' dir='ltr'><strong>itt</strong></span> <span class='ocrx_word' id='word_1_247' title='bbox 975 1505 1034 1533; x_wconf 87' lang='lat' dir='ltr'><strong>illos</strong></span> 
     </span>
    </p>
   </div>
   <div class='ocr_carea' id='block_1_31' title="bbox 239 1539 1033 1586">
    <p class='ocr_par' dir='ltr' id='par_1_31' title="bbox 239 1539 1033 1586">
     <span class='ocr_line' id='line_1_31' title="bbox 239 1539 1033 1586; baseline 0.016 -20"><span class='ocrx_word' id='word_1_248' title='bbox 239 1539 368 1569; x_wconf 80' lang='lat' dir='ltr'><strong>exhibuit.</strong></span> <span class='ocrx_word' id='word_1_249' title='bbox 382 1541 558 1578; x_wconf 77' lang='lat' dir='ltr'><strong>Glori/icantes</strong></span> <span class='ocrx_word' id='word_1_250' title='bbox 573 1554 613 1573; x_wconf 79' lang='lat' dir='ltr'><strong>me</strong></span> <span class='ocrx_word' id='word_1_251' title='bbox 623 1546 770 1582; x_wconf 82' lang='lat' dir='ltr'><strong>glori/icabo</strong></span> <span class='ocrx_word' id='word_1_252' title='bbox 798 1549 840 1585; x_wconf 81' lang='grc' dir='ltr'><strong>(Ι.</strong></span> <span class='ocrx_word' id='word_1_253' title='bbox 856 1549 920 1586; x_wconf 79' lang='lat' dir='ltr'><strong>Reg.</strong></span> <span class='ocrx_word' id='word_1_254' title='bbox 931 1551 958 1578; x_wconf 70' lang='lat'><strong>2.</strong></span> <span class='ocrx_word' id='word_1_255' title='bbox 974 1551 1033 1586; x_wconf 71' lang='grc' dir='ltr'><strong>ΞΟ),</strong></span> 
     </span>
    </p>
   </div>
   <div class='ocr_carea' id='block_1_32' title="bbox 239 1586 1032 1631">
    <p class='ocr_par' dir='ltr' id='par_1_32' title="bbox 239 1586 1032 1631">
     <span class='ocr_line' id='line_1_32' title="bbox 239 1586 1032 1631; baseline 0.016 -18"><span class='ocrx_word' id='word_1_256' title='bbox 239 1586 333 1621; x_wconf 87' lang='lat' dir='ltr'><strong>inquit.</strong></span> <span class='ocrx_word' id='word_1_257' title='bbox 348 1588 463 1618; x_wconf 86' lang='lat' dir='ltr'><strong>Steterat</strong></span> <span class='ocrx_word' id='word_1_258' title='bbox 484 1592 634 1620; x_wconf 89' lang='lat' dir='ltr'><strong>universum</strong></span> <span class='ocrx_word' id='word_1_259' title='bbox 651 1593 793 1622; x_wconf 85' lang='lat' dir='ltr'><strong>theatrum.</strong></span> <span class='ocrx_word' id='word_1_260' title='bbox 810 1595 895 1631; x_wconf 87' lang='lat' dir='ltr'><strong>Supra</strong></span> <span class='ocrx_word' id='word_1_261' title='bbox 911 1602 1032 1626; x_wconf 87' lang='lat' dir='ltr'><strong>naturam</strong></span> 
     </span>
    </p>
   </div>
   <div class='ocr_carea' id='block_1_33' title="bbox 237 1632 1033 1677">
    <p class='ocr_par' dir='ltr' id='par_1_33' title="bbox 237 1632 1033 1677">
     <span class='ocr_line' id='line_1_33' title="bbox 237 1632 1033 1677; baseline 0.016 -18"><span class='ocrx_word' id='word_1_262' title='bbox 237 1632 339 1668; x_wconf 87' lang='lat' dir='ltr'><strong>ioquuti</strong></span> <span class='ocrx_word' id='word_1_263' title='bbox 352 1639 431 1668; x_wconf 85' lang='lat' dir='ltr'><strong>sunt;</strong></span> <span class='ocrx_word' id='word_1_264' title='bbox 447 1644 526 1671; x_wconf 87' lang='lat' dir='ltr'><strong>supra</strong></span> <span class='ocrx_word' id='word_1_265' title='bbox 542 1642 664 1666; x_wconf 88' lang='lat' dir='ltr'><strong>ttatttram</strong></span> <span class='ocrx_word' id='word_1_266' title='bbox 678 1640 738 1668; x_wconf 88' lang='lat' dir='ltr'><strong>illos</strong></span> <span class='ocrx_word' id='word_1_267' title='bbox 753 1641 875 1670; x_wconf 88' lang='lat' dir='ltr'><strong>honorat.</strong></span> <span class='ocrx_word' id='word_1_268' title='bbox 893 1643 990 1677; x_wconf 82' lang='lat' dir='ltr'><strong>Aspice</strong></span> <span class='ocrx_word' id='word_1_269' title='bbox 1004 1649 1033 1672; x_wconf 89' lang='lat' dir='ltr'><strong>ut</strong></span> 
     </span>
    </p>
   </div>
   <div class='ocr_carea' id='block_1_34' title="bbox 237 1677 1031 1722">
    <p class='ocr_par' dir='ltr' id='par_1_34' title="bbox 237 1677 1031 1722">
     <span class='ocr_line' id='line_1_34' title="bbox 237 1677 1031 1722; baseline 0.015 -17"><span class='ocrx_word' id='word_1_270' title='bbox 237 1677 327 1707; x_wconf 72' lang='lat' dir='ltr'><strong>{amuli</strong></span> <span class='ocrx_word' id='word_1_271' title='bbox 340 1681 432 1709; x_wconf 78' lang='lat' dir='ltr'><strong>cadent</strong></span> <span class='ocrx_word' id='word_1_272' title='bbox 447 1690 506 1718; x_wconf 79' lang='lat' dir='ltr'><strong>quae</strong></span> <span class='ocrx_word' id='word_1_273' title='bbox 519 1683 647 1713; x_wconf 91' lang='lat' dir='ltr'><strong>Dominus</strong></span> <span class='ocrx_word' id='word_1_274' title='bbox 661 1686 773 1720; x_wconf 86' lang='lat' dir='ltr'><strong>possint.</strong></span> <span class='ocrx_word' id='word_1_275' title='bbox 789 1687 857 1721; x_wconf 88' lang='lat' dir='ltr'><strong>Quid</strong></span> <span class='ocrx_word' id='word_1_276' title='bbox 874 1689 978 1717; x_wconf 86' lang='lat' dir='ltr'><strong>miraris</strong></span> <span class='ocrx_word' id='word_1_277' title='bbox 988 1710 995 1722; x_wconf 88' lang='lat'><strong>,</strong></span> <span class='ocrx_word' id='word_1_278' title='bbox 1009 1691 1031 1718; x_wconf 92' lang='lat' dir='ltr'><strong>si</strong></span> 
     </span>
    </p>
   </div>
   <div class='ocr_carea' id='block_1_35' title="bbox 236 1726 1031 1764">
    <p class='ocr_par' dir='ltr' id='par_1_35' title="bbox 236 1726 1031 1764">
     <span class='ocr_line' id='line_1_35' title="bbox 236 1726 1031 1764; baseline 0.018 -14"><span class='ocrx_word' id='word_1_279' title='bbox 236 1731 327 1760; x_wconf 81' lang='lat' dir='ltr'><strong>regem</strong></span> <span class='ocrx_word' id='word_1_280' title='bbox 341 1726 479 1755; x_wconf 86' lang='lat' dir='ltr'><strong>derideant</strong></span> <span class='ocrx_word' id='word_1_281' title='bbox 491 1750 498 1763; x_wconf 92' lang='lat'><strong>,</strong></span> <span class='ocrx_word' id='word_1_282' title='bbox 512 1737 572 1757; x_wconf 91' lang='lat' dir='ltr'><strong>cum</strong></span> <span class='ocrx_word' id='word_1_283' title='bbox 586 1731 647 1758; x_wconf 90' lang='lat' dir='ltr'><strong>illos</strong></span> <span class='ocrx_word' id='word_1_284' title='bbox 667 1731 799 1760; x_wconf 87' lang='lat' dir='ltr'><strong>elementa</strong></span> <span class='ocrx_word' id='word_1_285' title='bbox 813 1740 987 1763; x_wconf 84' lang='lat' dir='ltr'><strong>revereautur</strong></span> <span class='ocrx_word' id='word_1_286' title='bbox 999 1744 1031 1764; x_wconf 91' lang='lat' dir='ltr'><strong>ac</strong></span> 
     </span>
    </p>
   </div>
   <div class='ocr_carea' id='block_1_36' title="bbox 236 1772 1043 1816">
    <p class='ocr_par' dir='ltr' id='par_1_36' title="bbox 236 1772 1043 1816">
     <span class='ocr_line' id='line_1_36' title="bbox 236 1772 1043 1816; baseline 0.016 -19"><span class='ocrx_word' id='word_1_287' title='bbox 236 1772 391 1805; x_wconf 82' lang='lat' dir='ltr'><strong>suspiciant.</strong></span> <span class='ocrx_word' id='word_1_288' title='bbox 403 1773 529 1803; x_wconf 74' lang='lat' dir='ltr'><strong>Cominus</strong></span> <span class='ocrx_word' id='word_1_289' title='bbox 542 1775 628 1804; x_wconf 88' lang='lat' dir='ltr'><strong>factus</strong></span> <span class='ocrx_word' id='word_1_290' title='bbox 649 1783 690 1805; x_wconf 89' lang='lat' dir='ltr'><strong>est</strong></span> <span class='ocrx_word' id='word_1_291' title='bbox 702 1777 821 1806; x_wconf 85' lang='lat' dir='ltr'><strong>Ecclesia</strong></span> <span class='ocrx_word' id='word_1_292' title='bbox 837 1779 875 1815; x_wconf 90' lang='lat' dir='ltr'><strong>(a)</strong></span> <span class='ocrx_word' id='word_1_293' title='bbox 890 1789 897 1807; x_wconf 90' lang='lat'><strong>:</strong></span> <span class='ocrx_word' id='word_1_294' title='bbox 912 1781 961 1816; x_wconf 87' lang='lat' dir='ltr'><strong>ipsi</strong></span> 
     </span>
    </p>
   </div>
   <div class='ocr_carea' id='block_1_37' title="bbox 237 1814 1029 1860">
    <p class='ocr_par' dir='ltr' id='par_1_37' title="bbox 237 1814 1029 1860">
     <span class='ocr_line' id='line_1_37' title="bbox 237 1814 1029 1860; baseline 0.018 -19"><span class='ocrx_word' id='word_1_295' title='bbox 237 1814 265 1842; x_wconf 91' lang='lat' dir='ltr'><strong>lo</strong></span> <span class='ocrx_word' id='word_1_296' title='bbox 279 1821 337 1843; x_wconf 88' lang='lat' dir='ltr'><strong>erat</strong></span> <span class='ocrx_word' id='word_1_297' title='bbox 350 1818 454 1845; x_wconf 88' lang='lat' dir='ltr'><strong>similis.</strong></span> <span class='ocrx_word' id='word_1_298' title='bbox 469 1819 517 1847; x_wconf 87' lang='lat' dir='ltr'><strong>Hic</strong></span> <span class='ocrx_word' id='word_1_299' title='bbox 528 1820 583 1855; x_wconf 86' lang='lat' dir='ltr'><strong>jam</strong></span> <span class='ocrx_word' id='word_1_300' title='bbox 598 1822 805 1858; x_wconf 88' lang='lat' dir='ltr'><strong>incorruptionis</strong></span> <span class='ocrx_word' id='word_1_301' title='bbox 817 1814 1029 1860; x_wconf 65' lang='lat' dir='ltr'><strong>esperimentum</strong></span> 
     </span>
    </p>
   </div>
   <div class='ocr_carea' id='block_1_38' title="bbox 236 1863 1030 1906">
    <p class='ocr_par' dir='ltr' id='par_1_38' title="bbox 236 1863 1030 1906">
     <span class='ocr_line' id='line_1_38' title="bbox 236 1863 1030 1906; baseline 0.018 -20"><span class='ocrx_word' id='word_1_302' title='bbox 236 1866 375 1895; x_wconf 84' lang='lat' dir='ltr'><strong>ceperunt.</strong></span> <span class='ocrx_word' id='word_1_303' title='bbox 399 1863 618 1900; x_wconf 84' lang='lat' dir='ltr'><strong>Quandoquidem</strong></span> <span class='ocrx_word' id='word_1_304' title='bbox 634 1872 662 1895; x_wconf 91' lang='lat' dir='ltr'><strong>et</strong></span> <span class='ocrx_word' id='word_1_305' title='bbox 675 1868 708 1895; x_wconf 86' lang='lat' dir='ltr'><strong>ab</strong></span> <span class='ocrx_word' id='word_1_306' title='bbox 722 1869 798 1897; x_wconf 91' lang='lat' dir='ltr'><strong>initio</strong></span> <span class='ocrx_word' id='word_1_307' title='bbox 812 1877 924 1906; x_wconf 89' lang='lat' dir='ltr'><strong>corpora</strong></span> <span class='ocrx_word' id='word_1_308' title='bbox 940 1877 1030 1900; x_wconf 89' lang='lat' dir='ltr'><strong>nostra</strong></span> 
     </span>
    </p>
   </div>
   <div class='ocr_carea' id='block_1_39' title="bbox 236 1906 1027 1953">
    <p class='ocr_par' dir='ltr' id='par_1_39' title="bbox 236 1906 1027 1953">
     <span class='ocr_line' id='line_1_39' title="bbox 236 1906 1027 1953; baseline 0.018 -21"><span class='ocrx_word' id='word_1_309' title='bbox 236 1906 371 1940; x_wconf 85' lang='lat' dir='ltr'><strong>passibilia</strong></span> <span class='ocrx_word' id='word_1_310' title='bbox 382 1914 518 1943; x_wconf 87' lang='lat' dir='ltr'><strong>peccatum</strong></span> <span class='ocrx_word' id='word_1_311' title='bbox 532 1911 609 1939; x_wconf 91' lang='lat' dir='ltr'><strong>fecit:</strong></span> <span class='ocrx_word' id='word_1_312' title='bbox 625 1921 684 1940; x_wconf 89' lang='lat' dir='ltr'><strong>cuttt</strong></span> <span class='ocrx_word' id='word_1_313' title='bbox 698 1914 777 1949; x_wconf 80' lang='lat' dir='ltr'><strong>igitur</strong></span> <span class='ocrx_word' id='word_1_314' title='bbox 787 1916 858 1950; x_wconf 88' lang='lat' dir='ltr'><strong>justa</strong></span> <span class='ocrx_word' id='word_1_315' title='bbox 872 1923 1027 1953; x_wconf 89' lang='lat' dir='ltr'><strong>operantur,</strong></span> 
     </span>
    </p>
   </div>
   <div class='ocr_carea' id='block_1_40' title="bbox 236 1951 1028 1998">
    <p class='ocr_par' dir='ltr' id='par_1_40' title="bbox 236 1951 1028 1998">
     <span class='ocr_line' id='line_1_40' title="bbox 236 1951 1028 1998; baseline 0.019 -21"><span class='ocrx_word' id='word_1_316' title='bbox 236 1951 332 1998; x_wconf 72' lang='lat' dir='ltr'><strong>iterum</strong></span> <span class='ocrx_word' id='word_1_317' title='bbox 346 1952 515 1988; x_wconf 87' lang='lat' dir='ltr'><strong>impassibilia</strong></span> <span class='ocrx_word' id='word_1_318' title='bbox 527 1955 601 1984; x_wconf 85' lang='lat' dir='ltr'><strong>ﬁunt.</strong></span> <span class='ocrx_word' id='word_1_319' title='bbox 614 1958 645 1985; x_wconf 87' lang='lat' dir='ltr'><strong>Et</strong></span> <span class='ocrx_word' id='word_1_320' title='bbox 655 1960 858 1996; x_wconf 78' lang='lat' dir='ltr'><strong>deambulabam,</strong></span> <span class='ocrx_word' id='word_1_321' title='bbox 869 1951 963 1998; x_wconf 85' lang='lat' dir='ltr'><strong>inquit.</strong></span> <span class='ocrx_word' id='word_1_322' title='bbox 976 1951 1028 1992; x_wconf 86' lang='lat' dir='ltr'><strong>Sed</strong></span> 
     </span>
    </p>
   </div>
   <div class='ocr_carea' id='block_1_41' title="bbox 236 1995 1027 2044">
    <p class='ocr_par' dir='ltr' id='par_1_41' title="bbox 236 1995 1027 2044">
     <span class='ocr_line' id='line_1_41' title="bbox 236 1995 1027 2044; baseline 0.019 -22"><span class='ocrx_word' id='word_1_323' title='bbox 236 1995 373 2025; x_wconf 86' lang='lat' dir='ltr'><strong>videamus</strong></span> <span class='ocrx_word' id='word_1_324' title='bbox 383 1998 445 2033; x_wconf 91' lang='lat' dir='ltr'><strong>qttid</strong></span> <span class='ocrx_word' id='word_1_325' title='bbox 457 1999 614 2036; x_wconf 87' lang='lat' dir='ltr'><strong>loquantur;</strong></span> <span class='ocrx_word' id='word_1_326' title='bbox 629 2004 767 2032; x_wconf 87' lang='lat' dir='ltr'><strong>audiamus</strong></span> <span class='ocrx_word' id='word_1_327' title='bbox 782 2014 873 2034; x_wconf 87' lang='lat' dir='ltr'><strong>vocem</strong></span> <span class='ocrx_word' id='word_1_328' title='bbox 889 2010 1027 2044; x_wconf 80' lang='lat' dir='ltr'><strong>mysticam</strong></span> 
     </span>
    </p>
   </div>
   <div class='ocr_carea' id='block_1_42' title="bbox 235 2043 1026 2083">
    <p class='ocr_par' dir='ltr' id='par_1_42' title="bbox 235 2043 1026 2083">
     <span class='ocr_line' id='line_1_42' title="bbox 235 2043 1026 2083; baseline 0.018 -14"><span class='ocrx_word' id='word_1_329' title='bbox 235 2050 295 2070; x_wconf 92' lang='lat' dir='ltr'><strong>eum</strong></span> <span class='ocrx_word' id='word_1_330' title='bbox 310 2043 399 2078; x_wconf 85' lang='lat' dir='ltr'><strong>quiete</strong></span> <span class='ocrx_word' id='word_1_331' title='bbox 415 2046 506 2073; x_wconf 89' lang='lat' dir='ltr'><strong>multa.</strong></span> <span class='ocrx_word' id='word_1_332' title='bbox 523 2047 617 2076; x_wconf 88' lang='lat' dir='ltr'><strong>Vidisti</strong></span> <span class='ocrx_word' id='word_1_333' title='bbox 628 2057 719 2078; x_wconf 90' lang='lat' dir='ltr'><strong>vocem</strong></span> <span class='ocrx_word' id='word_1_334' title='bbox 735 2043 949 2082; x_wconf 21' lang='lat' dir='ltr'><strong>inordinatantret</strong></span> <span class='ocrx_word' id='word_1_335' title='bbox 962 2063 1026 2083; x_wconf 75' lang='lat' dir='ltr'><strong>cou~</strong></span> 
     </span>
    </p>
   </div>
   <div class='ocr_carea' id='block_1_43' title="bbox 234 2087 1026 2129">
    <p class='ocr_par' dir='ltr' id='par_1_43' title="bbox 234 2087 1026 2129">
     <span class='ocr_line' id='line_1_43' title="bbox 234 2087 1026 2129; baseline 0.019 -15"><span class='ocrx_word' id='word_1_336' title='bbox 234 2087 319 2115; x_wconf 88' lang='lat' dir='ltr'><strong>fusam</strong></span> <span class='ocrx_word' id='word_1_337' title='bbox 334 2090 469 2118; x_wconf 58' lang='lat' dir='ltr'><strong>sambucas</strong></span> <span class='ocrx_word' id='word_1_338' title='bbox 483 2097 511 2119; x_wconf 87' lang='lat' dir='ltr'><strong>et</strong></span> <span class='ocrx_word' id='word_1_339' title='bbox 523 2094 656 2128; x_wconf 87' lang='lat' dir='ltr'><strong>psalterii,</strong></span> <span class='ocrx_word' id='word_1_340' title='bbox 673 2100 700 2123; x_wconf 90' lang='lat' dir='ltr'><strong>et</strong></span> <span class='ocrx_word' id='word_1_341' title='bbox 711 2098 839 2125; x_wconf 64' lang='lat' dir='ltr'><strong>musice?</strong></span> <span class='ocrx_word' id='word_1_342' title='bbox 853 2099 920 2127; x_wconf 84' lang='lat' dir='ltr'><strong>Audi</strong></span> <span class='ocrx_word' id='word_1_343' title='bbox 933 2108 1026 2129; x_wconf 76' lang='lat' dir='ltr'><strong>vocent</strong></span> 
     </span>
    </p>
   </div>
   <div class='ocr_carea' id='block_1_44' title="bbox 233 2133 1025 2176">
    <p class='ocr_par' dir='ltr' id='par_1_44' title="bbox 233 2133 1025 2176">
     <span class='ocr_line' id='line_1_44' title="bbox 233 2133 1025 2176; baseline 0.02 -16"><span class='ocrx_word' id='word_1_344' title='bbox 233 2133 267 2161; x_wconf 90' lang='lat' dir='ltr'><strong>ab</strong></span> <span class='ocrx_word' id='word_1_345' title='bbox 280 2134 339 2169; x_wconf 90' lang='lat' dir='ltr'><strong>igne</strong></span> <span class='ocrx_word' id='word_1_346' title='bbox 352 2137 487 2165; x_wconf 89' lang='lat' dir='ltr'><strong>emissam.</strong></span> <span class='ocrx_word' id='word_1_347' title='bbox 502 2139 596 2168; x_wconf 87' lang='lat' dir='ltr'><strong>Nonne</strong></span> <span class='ocrx_word' id='word_1_348' title='bbox 609 2142 706 2170; x_wconf 88' lang='lat' dir='ltr'><strong>tnirum</strong></span> <span class='ocrx_word' id='word_1_349' title='bbox 722 2144 769 2171; x_wconf 89' lang='lat' dir='ltr'><strong>tibi</strong></span> <span class='ocrx_word' id='word_1_350' title='bbox 784 2145 922 2174; x_wconf 86' lang='lat' dir='ltr'><strong>videbatur</strong></span> <span class='ocrx_word' id='word_1_351' title='bbox 933 2156 1025 2176; x_wconf 78' lang='lat' dir='ltr'><strong>Vneem</strong></span> 
     </span>
    </p>
   </div>
   <div class='ocr_carea' id='block_1_45' title="bbox 232 2180 1023 2222">
    <p class='ocr_par' dir='ltr' id='par_1_45' title="bbox 232 2180 1023 2222">
     <span class='ocr_line' id='line_1_45' title="bbox 232 2180 1023 2222; baseline 0.019 -15"><span class='ocrx_word' id='word_1_352' title='bbox 232 2180 279 2208; x_wconf 90' lang='lat' dir='ltr'><strong>Dei</strong></span> <span class='ocrx_word' id='word_1_353' title='bbox 295 2181 328 2209; x_wconf 89' lang='lat' dir='ltr'><strong>ab</strong></span> <span class='ocrx_word' id='word_1_354' title='bbox 344 2182 404 2218; x_wconf 86' lang='lat' dir='ltr'><strong>igne</strong></span> <span class='ocrx_word' id='word_1_355' title='bbox 418 2184 480 2212; x_wconf 84' lang='lat' dir='ltr'><strong>edi?</strong></span> <span class='ocrx_word' id='word_1_356' title='bbox 496 2186 564 2214; x_wconf 87' lang='lat' dir='ltr'><strong>Ecce</strong></span> <span class='ocrx_word' id='word_1_357' title='bbox 578 2188 657 2215; x_wconf 87' lang='lat' dir='ltr'><strong>etiam</strong></span> <span class='ocrx_word' id='word_1_358' title='bbox 673 2191 757 2218; x_wconf 88' lang='lat' dir='ltr'><strong>servis</strong></span> <span class='ocrx_word' id='word_1_359' title='bbox 772 2192 826 2219; x_wconf 91' lang='lat' dir='ltr'><strong>suis</strong></span> <span class='ocrx_word' id='word_1_360' title='bbox 841 2192 893 2221; x_wconf 92' lang='lat' dir='ltr'><strong>hoc</strong></span> <span class='ocrx_word' id='word_1_361' title='bbox 906 2194 1023 2222; x_wconf 80' lang='lat' dir='ltr'><strong>donavit.</strong></span> 
     </span>
    </p>
   </div>
   <div class='ocr_carea' id='block_1_46' title="bbox 232 2226 1025 2270">
    <p class='ocr_par' dir='ltr' id='par_1_46' title="bbox 232 2226 1025 2270">
     <span class='ocr_line' id='line_1_46' title="bbox 232 2226 1025 2270; baseline 0.02 -17"><span class='ocrx_word' id='word_1_362' title='bbox 232 2226 298 2260; x_wconf 86' lang='lat' dir='ltr'><strong>Quis</strong></span> <span class='ocrx_word' id='word_1_363' title='bbox 309 2235 357 2256; x_wconf 87' lang='lat' dir='ltr'><strong>aer</strong></span> <span class='ocrx_word' id='word_1_364' title='bbox 371 2237 512 2264; x_wconf 90' lang='lat' dir='ltr'><strong>percussus</strong></span> <span class='ocrx_word' id='word_1_365' title='bbox 532 2240 624 2261; x_wconf 88' lang='lat' dir='ltr'><strong>vocem</strong></span> <span class='ocrx_word' id='word_1_366' title='bbox 644 2242 702 2262; x_wconf 89' lang='lat' dir='ltr'><strong>eam</strong></span> <span class='ocrx_word' id='word_1_367' title='bbox 723 2236 872 2266; x_wconf 80' lang='lat' dir='ltr'><strong>efficiebat?</strong></span> <span class='ocrx_word' id='word_1_368' title='bbox 890 2239 984 2268; x_wconf 86' lang='lat' dir='ltr'><strong>Nonne</strong></span> <span class='ocrx_word' id='word_1_369' title='bbox 999 2242 1025 2270; x_wconf 91' lang='lat' dir='ltr'><strong>id</strong></span> 
     </span>
    </p>
   </div>
   <div class='ocr_carea' id='block_1_47' title="bbox 231 2277 1024 2322">
    <p class='ocr_par' dir='ltr' id='par_1_47' title="bbox 231 2277 1024 2322">
     <span class='ocr_line' id='line_1_47' title="bbox 231 2277 1024 2322; baseline 0.019 -23"><span class='ocrx_word' id='word_1_370' title='bbox 231 2280 340 2308; x_wconf 76' lang='lat' dir='ltr'><strong>semper</strong></span> <span class='ocrx_word' id='word_1_371' title='bbox 351 2282 397 2302; x_wconf 90' lang='lat' dir='ltr'><strong>cos</strong></span> <span class='ocrx_word' id='word_1_372' title='bbox 409 2277 455 2311; x_wconf 87' lang='lat' dir='ltr'><strong>qui</strong></span> <span class='ocrx_word' id='word_1_373' title='bbox 468 2278 642 2307; x_wconf 87' lang='lat' dir='ltr'><strong>combureudi</strong></span> <span class='ocrx_word' id='word_1_374' title='bbox 658 2286 720 2308; x_wconf 87' lang='lat' dir='ltr'><strong>suttt</strong></span> <span class='ocrx_word' id='word_1_375' title='bbox 740 2283 884 2312; x_wconf 89' lang='lat' dir='ltr'><strong>adntonent</strong></span> <span class='ocrx_word' id='word_1_376' title='bbox 894 2306 901 2318; x_wconf 90' lang='lat'><strong>,</strong></span> <span class='ocrx_word' id='word_1_377' title='bbox 919 2292 946 2312; x_wconf 93' lang='lat' dir='ltr'><strong>ut</strong></span> <span class='ocrx_word' id='word_1_378' title='bbox 960 2295 1024 2322; x_wconf 89' lang='lat' dir='ltr'><strong>ape-</strong></span> 
     </span>
    </p>
   </div>
   <div class='ocr_carea' id='block_1_48' title="bbox 229 2318 1024 2366">
    <p class='ocr_par' dir='ltr' id='par_1_48' title="bbox 229 2318 1024 2366">
     <span class='ocr_line' id='line_1_48' title="bbox 229 2318 1024 2366; baseline 0.018 -20"><span class='ocrx_word' id='word_1_379' title='bbox 229 2318 301 2346; x_wconf 82' lang='lat' dir='ltr'><strong>riant</strong></span> <span class='ocrx_word' id='word_1_380' title='bbox 324 2327 389 2353; x_wconf 87' lang='lat' dir='ltr'><strong>ora,</strong></span> <span class='ocrx_word' id='word_1_381' title='bbox 419 2323 490 2357; x_wconf 90' lang='lat' dir='ltr'><strong>quod</strong></span> <span class='ocrx_word' id='word_1_382' title='bbox 515 2325 555 2352; x_wconf 87' lang='lat' dir='ltr'><strong>sic</strong></span> <span class='ocrx_word' id='word_1_383' title='bbox 569 2333 603 2353; x_wconf 88' lang='lat' dir='ltr'><strong>ne</strong></span> <span class='ocrx_word' id='word_1_384' title='bbox 627 2327 733 2361; x_wconf 88' lang='lat' dir='ltr'><strong>paulum</strong></span> <span class='ocrx_word' id='word_1_385' title='bbox 756 2329 861 2364; x_wconf 87' lang='lat' dir='ltr'><strong>quidem</strong></span> <span class='ocrx_word' id='word_1_386' title='bbox 876 2333 962 2366; x_wconf 85' lang='lat' dir='ltr'><strong>possit</strong></span> <span class='ocrx_word' id='word_1_387' title='bbox 978 2318 1024 2361; x_wconf 44' lang='lat' dir='ltr'><strong>&#39;vis</strong></span> 
     </span>
    </p>
   </div>
   <div class='ocr_carea' id='block_1_49' title="bbox 230 2365 1022 2407">
    <p class='ocr_par' dir='ltr' id='par_1_49' title="bbox 230 2365 1022 2407">
     <span class='ocr_line' id='line_1_49' title="bbox 230 2365 1022 2407; baseline 0.021 -17"><span class='ocrx_word' id='word_1_388' title='bbox 230 2365 356 2400; x_wconf 86' lang='lat' dir='ltr'><strong>deinceps</strong></span> <span class='ocrx_word' id='word_1_389' title='bbox 375 2367 401 2394; x_wconf 92' lang='lat' dir='ltr'><strong>in</strong></span> <span class='ocrx_word' id='word_1_390' title='bbox 429 2376 542 2404; x_wconf 89' lang='lat' dir='ltr'><strong>corpore</strong></span> <span class='ocrx_word' id='word_1_391' title='bbox 562 2375 760 2406; x_wconf 79' lang='lat' dir='ltr'><strong>permanere‘?</strong></span> <span class='ocrx_word' id='word_1_392' title='bbox 776 2376 840 2404; x_wconf 91' lang='lat' dir='ltr'><strong>Vide</strong></span> <span class='ocrx_word' id='word_1_393' title='bbox 863 2365 1022 2407; x_wconf 71' lang='lat' dir='ltr'><strong>concentum</strong></span> 
     </span>
    </p>
   </div>
   <div class='ocr_carea' id='block_1_50' title="bbox 230 2410 1021 2453">
    <p class='ocr_par' dir='ltr' id='par_1_50' title="bbox 230 2410 1021 2453">
     <span class='ocr_line' id='line_1_50' title="bbox 230 2410 1021 2453; baseline 0.023 -18"><span class='ocrx_word' id='word_1_394' title='bbox 230 2410 479 2445; x_wconf 71' lang='lat' dir='ltr'><strong>musicum,ontnes</strong></span> <span class='ocrx_word' id='word_1_395' title='bbox 498 2416 622 2445; x_wconf 90' lang='lat' dir='ltr'><strong>nimirum</strong></span> <span class='ocrx_word' id='word_1_396' title='bbox 642 2420 716 2453; x_wconf 90' lang='lat' dir='ltr'><strong>quasi</strong></span> <span class='ocrx_word' id='word_1_397' title='bbox 739 2428 771 2448; x_wconf 76' lang='lat' dir='ltr'><strong>ex</strong></span> <span class='ocrx_word' id='word_1_398' title='bbox 793 2430 845 2449; x_wconf 88' lang='lat' dir='ltr'><strong>uno</strong></span> <span class='ocrx_word' id='word_1_399' title='bbox 867 2431 914 2452; x_wconf 90' lang='lat' dir='ltr'><strong>ore</strong></span> <span class='ocrx_word' id='word_1_400' title='bbox 940 2425 1021 2453; x_wconf 91' lang='lat' dir='ltr'><strong>Deuttt</strong></span> 
     </span>
    </p>
   </div>
   <div class='ocr_carea' id='block_1_51' title="bbox 229 2453 1022 2506">
    <p class='ocr_par' dir='ltr' id='par_1_51' title="bbox 229 2453 1022 2506">
     <span class='ocr_line' id='line_1_51' title="bbox 229 2453 1022 2506; baseline 0.021 -25"><span class='ocrx_word' id='word_1_401' title='bbox 229 2453 379 2484; x_wconf 63' lang='lat' dir='ltr'><strong>laudantes.</strong></span> <span class='ocrx_word' id='word_1_402' title='bbox 393 2457 437 2487; x_wconf 74' lang='lat'><strong>25.</strong></span> <span class='ocrx_word' id='word_1_403' title='bbox 454 2459 488 2486; x_wconf 78' lang='lat' dir='ltr'><strong>Et</strong></span> <span class='ocrx_word' id='word_1_404' title='bbox 499 2466 570 2489; x_wconf 76' lang='lat' dir='ltr'><strong>stans</strong></span> <span class='ocrx_word' id='word_1_405' title='bbox 585 2463 690 2491; x_wconf 76' lang='lat' dir='ltr'><strong>Azan&#39;as</strong></span> <span class='ocrx_word' id='word_1_406' title='bbox 704 2467 783 2493; x_wconf 83' lang='lat' dir='ltr'><strong>oravit</strong></span> <span class='ocrx_word' id='word_1_407' title='bbox 796 2467 831 2494; x_wconf 79' lang='lat' dir='ltr'><strong>sic</strong></span> <span class='ocrx_word' id='word_1_408' title='bbox 847 2476 856 2495; x_wconf 88' lang='lat'><strong><em>:</em></strong></span> <span class='ocrx_word' id='word_1_409' title='bbox 870 2474 893 2496; x_wconf 81' lang='lat' dir='ltr'><strong>et</strong></span> <span class='ocrx_word' id='word_1_410' title='bbox 907 2472 1022 2506; x_wconf 72' lang='lat' dir='ltr'><strong>aperiens</strong></span> 
     </span>
    </p>
   </div>
   <div class='ocr_carea' id='block_1_52' title="bbox 229 2502 1021 2544">
    <p class='ocr_par' dir='ltr' id='par_1_52' title="bbox 229 2502 1021 2544">
     <span class='ocr_line' id='line_1_52' title="bbox 229 2502 1021 2544; baseline 0.025 -19"><span class='ocrx_word' id='word_1_411' title='bbox 229 2507 257 2526; x_wconf 86' lang='lat' dir='ltr'><strong>os</strong></span> <span class='ocrx_word' id='word_1_412' title='bbox 270 2509 345 2528; x_wconf 81' lang='lat' dir='ltr'><strong>suum</strong></span> <span class='ocrx_word' id='word_1_413' title='bbox 357 2502 383 2529; x_wconf 81' lang='lat' dir='ltr'><strong>in</strong></span> <span class='ocrx_word' id='word_1_414' title='bbox 396 2504 478 2532; x_wconf 78' lang='lat' dir='ltr'><strong>medio</strong></span> <span class='ocrx_word' id='word_1_415' title='bbox 491 2506 557 2542; x_wconf 78' lang='lat' dir='ltr'><strong>ignis</strong></span> <span class='ocrx_word' id='word_1_416' title='bbox 570 2508 645 2536; x_wconf 75' lang='lat' dir='ltr'><strong>dixit.</strong></span> <span class='ocrx_word' id='word_1_417' title='bbox 660 2509 692 2538; x_wconf 91' lang='lat' dir='ltr'><strong>Ut</strong></span> <span class='ocrx_word' id='word_1_418' title='bbox 706 2518 758 2538; x_wconf 89' lang='lat' dir='ltr'><strong>non</strong></span> <span class='ocrx_word' id='word_1_419' title='bbox 774 2513 911 2542; x_wconf 81' lang='lat' dir='ltr'><strong>existimes</strong></span> <span class='ocrx_word' id='word_1_420' title='bbox 923 2502 972 2543; x_wconf 80' lang='lat' dir='ltr'><strong>eos</strong></span> <span class='ocrx_word' id='word_1_421' title='bbox 988 2516 1021 2544; x_wconf 91' lang='lat' dir='ltr'><strong>de</strong></span> 
     </span>
    </p>
   </div>
   <div class='ocr_carea' id='block_1_53' title="bbox 230 2548 1019 2595">
    <p class='ocr_par' dir='ltr' id='par_1_53' title="bbox 230 2548 1019 2595">
     <span class='ocr_line' id='line_1_53' title="bbox 230 2548 1019 2595; baseline 0.022 -23"><span class='ocrx_word' id='word_1_422' title='bbox 230 2548 406 2580; x_wconf 66' lang='lat' dir='ltr'><strong>prtesentibus</strong></span> <span class='ocrx_word' id='word_1_423' title='bbox 420 2550 499 2578; x_wconf 90' lang='lat' dir='ltr'><strong>rebus</strong></span> <span class='ocrx_word' id='word_1_424' title='bbox 513 2553 613 2587; x_wconf 84' lang='lat' dir='ltr'><strong>gratias</strong></span> <span class='ocrx_word' id='word_1_425' title='bbox 625 2562 714 2589; x_wconf 84' lang='lat' dir='ltr'><strong>agere,</strong></span> <span class='ocrx_word' id='word_1_426' title='bbox 733 2557 794 2585; x_wconf 90' lang='lat' dir='ltr'><strong>ideo</strong></span> <span class='ocrx_word' id='word_1_427' title='bbox 807 2558 841 2586; x_wconf 89' lang='lat' dir='ltr'><strong>de</strong></span> <span class='ocrx_word' id='word_1_428' title='bbox 855 2561 1019 2595; x_wconf 79' lang='lat' dir='ltr'><strong>captivitate,</strong></span> 
     </span>
    </p>
   </div>
   <div class='ocr_carea' id='block_1_54' title="bbox 228 2593 1020 2638">
    <p class='ocr_par' dir='ltr' id='par_1_54' title="bbox 228 2593 1020 2638">
     <span class='ocr_line' id='line_1_54' title="bbox 228 2593 1020 2638; baseline 0.021 -20"><span class='ocrx_word' id='word_1_429' title='bbox 228 2596 256 2619; x_wconf 85' lang='lat' dir='ltr'><strong>et</strong></span> <span class='ocrx_word' id='word_1_430' title='bbox 275 2593 406 2622; x_wconf 86' lang='lat' dir='ltr'><strong>molestiis</strong></span> <span class='ocrx_word' id='word_1_431' title='bbox 424 2596 457 2624; x_wconf 91' lang='lat' dir='ltr'><strong>iis</strong></span> <span class='ocrx_word' id='word_1_432' title='bbox 476 2605 536 2632; x_wconf 72' lang='lat' dir='ltr'><strong>qua:</strong></span> <span class='ocrx_word' id='word_1_433' title='bbox 555 2599 620 2633; x_wconf 85' lang='lat' dir='ltr'><strong>ipsis</strong></span> <span class='ocrx_word' id='word_1_434' title='bbox 638 2603 817 2638; x_wconf 83' lang='lat' dir='ltr'><strong>contigerant,</strong></span> <span class='ocrx_word' id='word_1_435' title='bbox 840 2593 924 2633; x_wconf 86' lang='lat' dir='ltr'><strong>Deum</strong></span> <span class='ocrx_word' id='word_1_436' title='bbox 949 2593 1020 2636; x_wconf 78' lang='lat' dir='ltr'><strong>invo-</strong></span> 
     </span>
    </p>
   </div>
   <div class='ocr_carea' id='block_1_55' title="bbox 259 2671 1018 2711">
    <p class='ocr_par' dir='ltr' id='par_1_55' title="bbox 259 2671 1018 2711">
     <span class='ocr_line' id='line_1_55' title="bbox 259 2671 1018 2711; baseline 0.022 -17"><span class='ocrx_word' id='word_1_437' title='bbox 259 2671 407 2711; x_wconf 50' lang='lat' dir='ltr'><strong>:fenttinps</strong></span> <span class='ocrx_word' id='word_1_438' title='bbox 418 2673 486 2711; x_wconf 78' lang='lat' dir='ltr'><strong>l_ocus</strong></span> <span class='ocrx_word' id='word_1_439' title='bbox 500 2676 524 2711; x_wconf 90' lang='lat' dir='ltr'><strong>i_n</strong></span> <span class='ocrx_word' id='word_1_440' title='bbox 540 2679 658 2711; x_wconf 63' lang='lat' dir='ltr'><strong>Patjmnesi</strong></span> <span class='ocrx_word' id='word_1_441' title='bbox 678 2680 753 2710; x_wconf 85' lang='lat' dir='ltr'><strong>prima</strong></span> <span class='ocrx_word' id='word_1_442' title='bbox 772 2681 800 2706; x_wconf 88' lang='lat' dir='ltr'><strong>ad</strong></span> <span class='ocrx_word' id='word_1_443' title='bbox 815 2682 965 2709; x_wconf 82' lang='lat' dir='ltr'><strong>Theodorum</strong></span> <span class='ocrx_word' id='word_1_444' title='bbox 983 2685 1018 2710; x_wconf 87' lang='lat' dir='ltr'><strong>la-</strong></span> 
     </span>
    </p>
   </div>
   <div class='ocr_carea' id='block_1_56' title="bbox 226 2705 1017 2746">
    <p class='ocr_par' dir='ltr' id='par_1_56' title="bbox 226 2705 1017 2746">
     <span class='ocr_line' id='line_1_56' title="bbox 226 2705 1017 2746; baseline 0.02 -21"><span class='ocrx_word' id='word_1_445' title='bbox 226 2707 365 2746; x_wconf 54' lang='lat' dir='ltr'><strong>p;</strong></span> <span class='ocrx_word' id='word_1_446' title='bbox 377 2705 519 2746; x_wconf 33' lang='lat' dir='ltr'><strong>{iLTRmolt</strong></span> <span class='ocrx_word' id='word_1_447' title='bbox 523 2714 535 2746; x_wconf 19' lang='lat'><strong>7:7</strong></span> <span class='ocrx_word' id='word_1_448' title='bbox 540 2708 625 2746; x_wconf 61' lang='lat' dir='ltr'><strong>sciunt</strong></span> <span class='ocrx_word' id='word_1_449' title='bbox 635 2705 715 2735; x_wconf 69' lang='lat' dir='ltr'><strong>(nitent</strong></span> <span class='ocrx_word' id='word_1_450' title='bbox 725 2718 814 2746; x_wconf 69' lang='lat' dir='ltr'><strong>omnes.</strong></span> <span class='ocrx_word' id='word_1_451' title='bbox 821 2705 1017 2746; x_wconf 43' lang='lat' dir='ltr'><strong>adhic-iniit,</strong></span> 
     </span>
    </p>
   </div>
   <div class='ocr_carea' id='block_1_57' title="bbox 226 2732 1018 2773">
    <p class='ocr_par' dir='ltr' id='par_1_57' title="bbox 226 2732 1018 2773">
     <span class='ocr_line' id='line_1_57' title="bbox 226 2732 1018 2773; baseline 0.021 -18"><span class='ocrx_word' id='word_1_452' title='bbox 226 2732 365 2773; x_wconf 46' lang='lat' dir='ltr'><strong>{ampliata</strong></span> <span class='ocrx_word' id='word_1_453' title='bbox 377 2732 586 2773; x_wconf 69' lang='lat' dir='ltr'><strong>comburebantur.</strong></span> <span class='ocrx_word' id='word_1_454' title='bbox 592 2770 596 2773; x_wconf 87' lang='lat'><strong>_</strong></span> <span class='ocrx_word' id='word_1_455' title='bbox 603 2732 642 2765; x_wconf 73' lang='lat' dir='ltr'><strong>eos</strong></span> 
     </span>
    </p>
   </div>
   <div class='ocr_carea' id='block_1_58' title="bbox 224 2762 1017 2806">
    <p class='ocr_par' dir='ltr' id='par_1_58' title="bbox 224 2762 1017 2806">
     <span class='ocr_line' id='line_1_58' title="bbox 224 2762 1017 2806; baseline 0.021 -20"><span class='ocrx_word' id='word_1_456' title='bbox 430 2762 643 2806; x_wconf 60' lang='lat' dir='ltr'><strong>ptrttlLspet&#39;stilti-iu</strong></span> <span class='ocrx_word' id='word_1_457' title='bbox 975 2762 1017 2803; x_wconf 45' lang='lat' dir='ltr'><strong>[tl-:-</strong></span> 
     </span>
    </p>
   </div>
   <div class='ocr_carea' id='block_1_59' title="bbox 224 2799 1016 2849">
    <p class='ocr_par' dir='ltr' id='par_1_59' title="bbox 224 2799 1016 2849">
     <span class='ocr_line' id='line_1_59' title="bbox 224 2799 1016 2849; baseline 0.023 -32"><span class='ocrx_word' id='word_1_458' title='bbox 224 2799 383 2849; x_wconf 45' lang='lat' dir='ltr'><strong>yzrgoutmgat</strong></span> <span class='ocrx_word' id='word_1_459' title='bbox 396 2802 420 2822; x_wconf 83' lang='lat' dir='ltr'><strong>ut</strong></span> <span class='ocrx_word' id='word_1_460' title='bbox 432 2805 458 2823; x_wconf 80' lang='lat' dir='ltr'><strong>os</strong></span> <span class='ocrx_word' id='word_1_461' title='bbox 469 2799 589 2831; x_wconf 82' lang='lat' dir='ltr'><strong>aperiunt,</strong></span> <span class='ocrx_word' id='word_1_462' title='bbox 609 2801 690 2827; x_wconf 82' lang='lat' dir='ltr'><strong>statim</strong></span> <span class='ocrx_word' id='word_1_463' title='bbox 708 2804 813 2830; x_wconf 78' lang='lat' dir='ltr'><strong>(tltilltttttt</strong></span> <span class='ocrx_word' id='word_1_464' title='bbox 824 2813 837 2831; x_wconf 80' lang='grc' dir='ltr'>ε</span> <span class='ocrx_word' id='word_1_465' title='bbox 849 2799 1016 2839; x_wconf 42' lang='lat' dir='ltr'><strong>uitabit-7di-</strong></span> 
     </span>
    </p>
   </div>
   <div class='ocr_carea' id='block_1_60' title="bbox 255 2855 927 2896">
    <p class='ocr_par' dir='ltr' id='par_1_60' title="bbox 255 2855 927 2896">
     <span class='ocr_line' id='line_1_60' title="bbox 255 2855 927 2896; baseline 0.022 -17"><span class='ocrx_word' id='word_1_466' title='bbox 255 2855 291 2887; x_wconf 77' lang='grc' dir='ltr'><strong>(ιι)</strong></span> <span class='ocrx_word' id='word_1_467' title='bbox 308 2858 368 2888; x_wconf 79' lang='lat' dir='ltr'><strong>Quia</strong></span> <span class='ocrx_word' id='word_1_468' title='bbox 376 2858 482 2886; x_wconf 79' lang='lat' dir='ltr'><strong>Ecclesia</strong></span> <span class='ocrx_word' id='word_1_469' title='bbox 493 2864 536 2893; x_wconf 81' lang='lat' dir='ltr'><strong>est,</strong></span> <span class='ocrx_word' id='word_1_470' title='bbox 550 2862 591 2888; x_wconf 82' lang='lat' dir='ltr'><strong>ubi</strong></span> <span class='ocrx_word' id='word_1_471' title='bbox 599 2865 656 2895; x_wconf 68' lang='lat' dir='ltr'><strong>tres,</strong></span> <span class='ocrx_word' id='word_1_472' title='bbox 670 2865 746 2896; x_wconf 82' lang='lat' dir='ltr'><strong>inquit</strong></span> <span class='ocrx_word' id='word_1_473' title='bbox 757 2867 927 2894; x_wconf 76' lang='lat' dir='ltr'><strong>&#39;t‘crtullianus.</strong></span> 
     </span>
    </p>
   </div>
   <div class='ocr_carea' id='block_1_61' title="bbox 1838 158 1891 185">
    <p class='ocr_par' dir='ltr' id='par_1_61' title="bbox 1838 158 1891 185">
     <span class='ocr_line' id='line_1_61' title="bbox 1838 158 1891 185; baseline 0 0"><span class='ocrx_word' id='word_1_474' title='bbox 1838 158 1891 185; x_wconf 60' lang='lat' dir='ltr'><strong>2Q?</strong></span> 
     </span>
    </p>
   </div>
   <div class='ocr_carea' id='block_1_62' title="bbox 1101 212 1892 251">
    <p class='ocr_par' dir='ltr' id='par_1_62' title="bbox 1101 212 1892 251">
     <span class='ocr_line' id='line_1_62' title="bbox 1101 212 1892 251; baseline 0.008 -13"><span class='ocrx_word' id='word_1_475' title='bbox 1101 217 1171 239; x_wconf 90' lang='lat' dir='ltr'><strong>cant.</strong></span> <span class='ocrx_word' id='word_1_476' title='bbox 1189 212 1252 240; x_wconf 81' lang='lat' dir='ltr'><strong>Vide</strong></span> <span class='ocrx_word' id='word_1_477' title='bbox 1267 218 1296 240; x_wconf 92' lang='lat' dir='ltr'><strong>ut</strong></span> <span class='ocrx_word' id='word_1_478' title='bbox 1310 214 1445 249; x_wconf 86' lang='lat' dir='ltr'><strong>incipiant.</strong></span> <span class='ocrx_word' id='word_1_479' title='bbox 1463 214 1508 242; x_wconf 50' lang='lat'><strong>26.</strong></span> <span class='ocrx_word' id='word_1_480' title='bbox 1526 224 1535 240; x_wconf 77' lang='grc' dir='ltr'>ι</span> <span class='ocrx_word' id='word_1_481' title='bbox 1553 215 1711 243; x_wconf 79' lang='lat' dir='ltr'><strong>Benedictus</strong></span> <span class='ocrx_word' id='word_1_482' title='bbox 1726 224 1765 251; x_wconf 65' lang='lat' dir='ltr'><strong>es,</strong></span> <span class='ocrx_word' id='word_1_483' title='bbox 1780 217 1892 244; x_wconf 86' lang='lat' dir='ltr'><strong>Domine</strong></span> 
     </span>
    </p>
   </div>
   <div class='ocr_carea' id='block_1_63' title="bbox 1101 258 1891 296">
    <p class='ocr_par' dir='ltr' id='par_1_63' title="bbox 1101 258 1891 296">
     <span class='ocr_line' id='line_1_63' title="bbox 1101 258 1891 296; baseline 0.006 -12"><span class='ocrx_word' id='word_1_484' title='bbox 1101 258 1168 285; x_wconf 86' lang='lat' dir='ltr'><strong>Deus</strong></span> <span class='ocrx_word' id='word_1_485' title='bbox 1189 264 1291 293; x_wconf 85' lang='lat' dir='ltr'><strong>patrum</strong></span> <span class='ocrx_word' id='word_1_486' title='bbox 1312 265 1474 291; x_wconf 77' lang='lat' dir='ltr'><strong>nostrorum.</strong></span> <span class='ocrx_word' id='word_1_487' title='bbox 1491 265 1518 288; x_wconf 88' lang='lat' dir='ltr'><strong>et</strong></span> <span class='ocrx_word' id='word_1_488' title='bbox 1532 260 1662 288; x_wconf 86' lang='lat' dir='ltr'><strong>laudabile</strong></span> <span class='ocrx_word' id='word_1_489' title='bbox 1675 266 1701 288; x_wconf 91' lang='lat' dir='ltr'><strong>et</strong></span> <span class='ocrx_word' id='word_1_490' title='bbox 1714 261 1891 296; x_wconf 76' lang='lat' dir='ltr'><strong>glorificatur&quot;</strong></span> 
     </span>
    </p>
   </div>
   <div class='ocr_carea' id='block_1_64' title="bbox 1098 306 1890 342">
    <p class='ocr_par' dir='ltr' id='par_1_64' title="bbox 1098 306 1890 342">
     <span class='ocr_line' id='line_1_64' title="bbox 1098 306 1890 342; baseline 0.006 -11"><span class='ocrx_word' id='word_1_491' title='bbox 1098 312 1194 332; x_wconf 90' lang='lat' dir='ltr'><strong>nomen</strong></span> <span class='ocrx_word' id='word_1_492' title='bbox 1211 310 1284 332; x_wconf 90' lang='lat' dir='ltr'><strong>tuuttt</strong></span> <span class='ocrx_word' id='word_1_493' title='bbox 1297 306 1322 333; x_wconf 93' lang='lat' dir='ltr'><strong>itt</strong></span> <span class='ocrx_word' id='word_1_494' title='bbox 1338 307 1446 333; x_wconf 63' lang='lat' dir='ltr'><strong>sarcula.</strong></span> <span class='ocrx_word' id='word_1_495' title='bbox 1463 307 1508 334; x_wconf 67' lang='lat'><strong>49.</strong></span> <span class='ocrx_word' id='word_1_496' title='bbox 1533 308 1650 342; x_wconf 78' lang='lat' dir='ltr'><strong>Angelus</strong></span> <span class='ocrx_word' id='word_1_497' title='bbox 1671 313 1761 335; x_wconf 87' lang='lat' dir='ltr'><strong>autem</strong></span> <span class='ocrx_word' id='word_1_498' title='bbox 1786 309 1890 336; x_wconf 90' lang='lat' dir='ltr'><strong>Dotttini</strong></span> 
     </span>
    </p>
   </div>
   <div class='ocr_carea' id='block_1_65' title="bbox 1097 350 1893 388">
    <p class='ocr_par' dir='ltr' id='par_1_65' title="bbox 1097 350 1893 388">
     <span class='ocr_line' id='line_1_65' title="bbox 1097 350 1893 388; baseline 0.005 -10"><span class='ocrx_word' id='word_1_499' title='bbox 1097 350 1235 378; x_wconf 81' lang='lat' dir='ltr'><strong>descendit</strong></span> <span class='ocrx_word' id='word_1_500' title='bbox 1254 359 1314 379; x_wconf 89' lang='lat' dir='ltr'><strong>cum</strong></span> <span class='ocrx_word' id='word_1_501' title='bbox 1334 353 1426 379; x_wconf 74' lang='lat' dir='ltr'><strong>Azaria</strong></span> <span class='ocrx_word' id='word_1_502' title='bbox 1442 358 1469 380; x_wconf 91' lang='lat' dir='ltr'><strong>et</strong></span> <span class='ocrx_word' id='word_1_503' title='bbox 1484 353 1563 380; x_wconf 81' lang='lat' dir='ltr'><strong>Sociis</strong></span> <span class='ocrx_word' id='word_1_504' title='bbox 1580 353 1638 388; x_wconf 85' lang='lat' dir='ltr'><strong>ejus</strong></span> <span class='ocrx_word' id='word_1_505' title='bbox 1653 354 1678 380; x_wconf 93' lang='lat' dir='ltr'><strong>in</strong></span> <span class='ocrx_word' id='word_1_506' title='bbox 1695 354 1830 382; x_wconf 79' lang='lat' dir='ltr'><strong>fornacem</strong></span> <span class='ocrx_word' id='word_1_507' title='bbox 1845 364 1850 381; x_wconf 89' lang='lat'>:</span> <span class='ocrx_word' id='word_1_508' title='bbox 1865 360 1893 382; x_wconf 84' lang='lat' dir='ltr'><strong>et</strong></span> 
     </span>
    </p>
   </div>
   <div class='ocr_carea' id='block_1_66' title="bbox 1097 396 1890 432">
    <p class='ocr_par' dir='ltr' id='par_1_66' title="bbox 1097 396 1890 432">
     <span class='ocr_line' id='line_1_66' title="bbox 1097 396 1890 432; baseline 0.006 -10"><span class='ocrx_word' id='word_1_509' title='bbox 1097 396 1214 422; x_wconf 57' lang='lat' dir='ltr'><strong>excussit</strong></span> <span class='ocrx_word' id='word_1_510' title='bbox 1228 396 1360 423; x_wconf 80' lang='lat' dir='ltr'><strong>ﬂammant</strong></span> <span class='ocrx_word' id='word_1_511' title='bbox 1375 397 1442 432; x_wconf 80' lang='lat' dir='ltr'><strong>ignis</strong></span> <span class='ocrx_word' id='word_1_512' title='bbox 1464 397 1497 424; x_wconf 90' lang='lat' dir='ltr'><strong>de</strong></span> <span class='ocrx_word' id='word_1_513' title='bbox 1513 397 1631 430; x_wconf 87' lang='lat' dir='ltr'><strong>fornace,</strong></span> <span class='ocrx_word' id='word_1_514' title='bbox 1653 398 1695 426; x_wconf 83' lang='grc'><strong>50.</strong></span> <span class='ocrx_word' id='word_1_515' title='bbox 1714 403 1741 426; x_wconf 85' lang='lat' dir='ltr'><strong>et</strong></span> <span class='ocrx_word' id='word_1_516' title='bbox 1756 399 1818 426; x_wconf 73' lang='lat' dir='ltr'><strong>fecit</strong></span> <span class='ocrx_word' id='word_1_517' title='bbox 1834 408 1890 427; x_wconf 90' lang='lat' dir='ltr'><strong>me-</strong></span> 
     </span>
    </p>
   </div>
   <div class='ocr_carea' id='block_1_67' title="bbox 1096 441 1892 478">
    <p class='ocr_par' dir='ltr' id='par_1_67' title="bbox 1096 441 1892 478">
     <span class='ocr_line' id='line_1_67' title="bbox 1096 441 1892 478; baseline 0.005 -10"><span class='ocrx_word' id='word_1_518' title='bbox 1096 441 1168 468; x_wconf 92' lang='lat' dir='ltr'><strong>dium</strong></span> <span class='ocrx_word' id='word_1_519' title='bbox 1190 441 1315 475; x_wconf 90' lang='lat' dir='ltr'><strong>fornacis,</strong></span> <span class='ocrx_word' id='word_1_520' title='bbox 1340 443 1417 478; x_wconf 90' lang='lat' dir='ltr'><strong>quasi</strong></span> <span class='ocrx_word' id='word_1_521' title='bbox 1443 448 1553 470; x_wconf 88' lang='lat' dir='ltr'><strong>ventum</strong></span> <span class='ocrx_word' id='word_1_522' title='bbox 1578 443 1647 471; x_wconf 82' lang='lat' dir='ltr'><strong>roris</strong></span> <span class='ocrx_word' id='word_1_523' title='bbox 1671 445 1841 477; x_wconf 80' lang='lat' dir='ltr'><strong>sibilantem;</strong></span> <span class='ocrx_word' id='word_1_524' title='bbox 1865 451 1892 472; x_wconf 89' lang='lat' dir='ltr'><strong>et</strong></span> 
     </span>
    </p>
   </div>
   <div class='ocr_carea' id='block_1_68' title="bbox 1096 487 1889 523">
    <p class='ocr_par' dir='ltr' id='par_1_68' title="bbox 1096 487 1889 523">
     <span class='ocr_line' id='line_1_68' title="bbox 1096 487 1889 523; baseline 0.001 -10"><span class='ocrx_word' id='word_1_525' title='bbox 1096 493 1148 514; x_wconf 90' lang='lat' dir='ltr'><strong>non</strong></span> <span class='ocrx_word' id='word_1_526' title='bbox 1162 487 1245 522; x_wconf 80' lang='lat' dir='ltr'><strong>tetigit</strong></span> <span class='ocrx_word' id='word_1_527' title='bbox 1263 494 1309 514; x_wconf 80' lang='lat' dir='ltr'><strong>eos</strong></span> <span class='ocrx_word' id='word_1_528' title='bbox 1326 487 1436 515; x_wconf 91' lang='lat' dir='ltr'><strong>omnino</strong></span> <span class='ocrx_word' id='word_1_529' title='bbox 1454 488 1533 523; x_wconf 82' lang='lat' dir='ltr'><strong>ignis,</strong></span> <span class='ocrx_word' id='word_1_530' title='bbox 1548 493 1574 516; x_wconf 91' lang='lat' dir='ltr'><strong>et</strong></span> <span class='ocrx_word' id='word_1_531' title='bbox 1588 497 1640 516; x_wconf 89' lang='lat' dir='ltr'><strong>non</strong></span> <span class='ocrx_word' id='word_1_532' title='bbox 1652 490 1818 516; x_wconf 76' lang='lat' dir='ltr'><strong>contristavit</strong></span> <span class='ocrx_word' id='word_1_533' title='bbox 1833 498 1889 522; x_wconf 67' lang='grc' dir='ltr'><strong>ρος,</strong></span> 
     </span>
    </p>
   </div>
   <div class='ocr_carea' id='block_1_69' title="bbox 1095 533 1891 564">
    <p class='ocr_par' dir='ltr' id='par_1_69' title="bbox 1095 533 1891 564">
     <span class='ocr_line' id='line_1_69' title="bbox 1095 533 1891 564; baseline 0.006 -5"><span class='ocrx_word' id='word_1_534' title='bbox 1095 537 1123 560; x_wconf 87' lang='lat' dir='ltr'><strong>et</strong></span> <span class='ocrx_word' id='word_1_535' title='bbox 1136 533 1285 560; x_wconf 88' lang='lat' dir='ltr'><strong>tnolestiattt</strong></span> <span class='ocrx_word' id='word_1_536' title='bbox 1305 541 1357 561; x_wconf 91' lang='lat' dir='ltr'><strong>non</strong></span> <span class='ocrx_word' id='word_1_537' title='bbox 1374 534 1473 562; x_wconf 91' lang='lat' dir='ltr'><strong>intulit.</strong></span> <span class='ocrx_word' id='word_1_538' title='bbox 1490 544 1500 561; x_wconf 72' lang='grc' dir='ltr'>ι</span> <span class='ocrx_word' id='word_1_539' title='bbox 1525 534 1562 562; x_wconf 90' lang='lat' dir='ltr'><strong>ita</strong></span> <span class='ocrx_word' id='word_1_540' title='bbox 1577 543 1630 562; x_wconf 93' lang='lat' dir='ltr'><strong>non</strong></span> <span class='ocrx_word' id='word_1_541' title='bbox 1646 535 1754 562; x_wconf 87' lang='lat' dir='ltr'><strong>fortuito</strong></span> <span class='ocrx_word' id='word_1_542' title='bbox 1778 536 1825 563; x_wconf 89' lang='lat' dir='ltr'><strong>ista</strong></span> <span class='ocrx_word' id='word_1_543' title='bbox 1848 536 1891 564; x_wconf 87' lang='lat' dir='ltr'><strong>tie-</strong></span> 
     </span>
    </p>
   </div>
   <div class='ocr_carea' id='block_1_70' title="bbox 1095 579 1891 613">
    <p class='ocr_par' dir='ltr' id='par_1_70' title="bbox 1095 579 1891 613">
     <span class='ocr_line' id='line_1_70' title="bbox 1095 579 1891 613; baseline 0.004 -7"><span class='ocrx_word' id='word_1_544' title='bbox 1095 579 1170 606; x_wconf 90' lang='lat' dir='ltr'><strong>bant.</strong></span> <span class='ocrx_word' id='word_1_545' title='bbox 1187 579 1221 606; x_wconf 85' lang='lat' dir='ltr'><strong>Et</strong></span> <span class='ocrx_word' id='word_1_546' title='bbox 1234 588 1286 608; x_wconf 92' lang='lat' dir='ltr'><strong>non</strong></span> <span class='ocrx_word' id='word_1_547' title='bbox 1304 580 1390 608; x_wconf 86' lang='lat' dir='ltr'><strong>solum</strong></span> <span class='ocrx_word' id='word_1_548' title='bbox 1405 588 1458 608; x_wconf 90' lang='lat' dir='ltr'><strong>non</strong></span> <span class='ocrx_word' id='word_1_549' title='bbox 1474 586 1537 608; x_wconf 89' lang='lat' dir='ltr'><strong>sunt</strong></span> <span class='ocrx_word' id='word_1_550' title='bbox 1550 581 1700 613; x_wconf 86' lang='lat' dir='ltr'><strong>combusti;</strong></span> <span class='ocrx_word' id='word_1_551' title='bbox 1718 581 1764 608; x_wconf 92' lang='lat' dir='ltr'><strong>sed</strong></span> <span class='ocrx_word' id='word_1_552' title='bbox 1779 590 1827 609; x_wconf 84' lang='lat' dir='ltr'><strong>nec</strong></span> <span class='ocrx_word' id='word_1_553' title='bbox 1840 582 1891 610; x_wconf 87' lang='lat' dir='ltr'><strong>illis</strong></span> 
     </span>
    </p>
   </div>
   <div class='ocr_carea' id='block_1_71' title="bbox 1094 626 1887 661">
    <p class='ocr_par' dir='ltr' id='par_1_71' title="bbox 1094 626 1887 661">
     <span class='ocr_line' id='line_1_71' title="bbox 1094 626 1887 661; baseline 0.004 -9"><span class='ocrx_word' id='word_1_554' title='bbox 1094 626 1243 653; x_wconf 81' lang='lat' dir='ltr'><strong>molestiam</strong></span> <span class='ocrx_word' id='word_1_555' title='bbox 1263 626 1383 654; x_wconf 80' lang='lat' dir='ltr'><strong>exhibuit</strong></span> <span class='ocrx_word' id='word_1_556' title='bbox 1404 627 1483 661; x_wconf 82' lang='lat' dir='ltr'><strong>ignis,</strong></span> <span class='ocrx_word' id='word_1_557' title='bbox 1505 634 1554 654; x_wconf 81' lang='lat' dir='ltr'><strong>nec</strong></span> <span class='ocrx_word' id='word_1_558' title='bbox 1568 627 1609 654; x_wconf 91' lang='lat' dir='ltr'><strong>vel</strong></span> <span class='ocrx_word' id='word_1_559' title='bbox 1623 627 1764 654; x_wconf 88' lang='lat' dir='ltr'><strong>ntittimtttu</strong></span> <span class='ocrx_word' id='word_1_560' title='bbox 1787 628 1887 661; x_wconf 84' lang='lat' dir='ltr'><strong>nocuit,</strong></span> 
     </span>
    </p>
   </div>
   <div class='ocr_carea' id='block_1_72' title="bbox 1094 672 1890 708">
    <p class='ocr_par' dir='ltr' id='par_1_72' title="bbox 1094 672 1890 708">
     <span class='ocr_line' id='line_1_72' title="bbox 1094 672 1890 708; baseline 0.003 -10"><span class='ocrx_word' id='word_1_561' title='bbox 1094 679 1182 706; x_wconf 88' lang='lat' dir='ltr'><strong>neque</strong></span> <span class='ocrx_word' id='word_1_562' title='bbox 1204 672 1319 699; x_wconf 75' lang='lat' dir='ltr'><strong>calorem</strong></span> <span class='ocrx_word' id='word_1_563' title='bbox 1335 677 1491 700; x_wconf 89' lang='lat' dir='ltr'><strong>senserunt.</strong></span> <span class='ocrx_word' id='word_1_564' title='bbox 1516 673 1549 700; x_wconf 88' lang='lat' dir='ltr'><strong>Et</strong></span> <span class='ocrx_word' id='word_1_565' title='bbox 1572 678 1715 708; x_wconf 86' lang='lat' dir='ltr'><strong>eapropter</strong></span> <span class='ocrx_word' id='word_1_566' title='bbox 1736 673 1804 700; x_wconf 82' lang='lat' dir='ltr'><strong>adeo</strong></span> <span class='ocrx_word' id='word_1_567' title='bbox 1829 681 1890 701; x_wconf 82' lang='lat' dir='ltr'><strong>sese</strong></span> 
     </span>
    </p>
   </div>
   <div class='ocr_carea' id='block_1_73' title="bbox 1094 716 1890 754">
    <p class='ocr_par' dir='ltr' id='par_1_73' title="bbox 1094 716 1890 754">
     <span class='ocr_line' id='line_1_73' title="bbox 1094 716 1890 754; baseline 0 -9"><span class='ocrx_word' id='word_1_568' title='bbox 1094 716 1226 745; x_wconf 76' lang='lat' dir='ltr'><strong>extulerat</strong></span> <span class='ocrx_word' id='word_1_569' title='bbox 1239 717 1357 751; x_wconf 77' lang='lat' dir='ltr'><strong>ﬂamma,</strong></span> <span class='ocrx_word' id='word_1_570' title='bbox 1371 723 1399 745; x_wconf 90' lang='lat' dir='ltr'><strong>ut</strong></span> <span class='ocrx_word' id='word_1_571' title='bbox 1416 723 1442 746; x_wconf 91' lang='lat' dir='ltr'><strong>et</strong></span> <span class='ocrx_word' id='word_1_572' title='bbox 1455 718 1489 746; x_wconf 88' lang='lat' dir='ltr'><strong>ah</strong></span> <span class='ocrx_word' id='word_1_573' title='bbox 1509 719 1541 746; x_wconf 93' lang='lat' dir='ltr'><strong>iis</strong></span> <span class='ocrx_word' id='word_1_574' title='bbox 1555 719 1599 754; x_wconf 94' lang='lat' dir='ltr'><strong>qui</strong></span> <span class='ocrx_word' id='word_1_575' title='bbox 1621 718 1684 746; x_wconf 88' lang='lat' dir='ltr'><strong>foris</strong></span> <span class='ocrx_word' id='word_1_576' title='bbox 1705 724 1782 746; x_wconf 90' lang='lat' dir='ltr'><strong>erant</strong></span> <span class='ocrx_word' id='word_1_577' title='bbox 1797 727 1890 746; x_wconf 83' lang='lat' dir='ltr'><strong>eerne-</strong></span> 
     </span>
    </p>
   </div>
   <div class='ocr_carea' id='block_1_74' title="bbox 1093 763 1888 791">
    <p class='ocr_par' dir='ltr' id='par_1_74' title="bbox 1093 763 1888 791">
     <span class='ocr_line' id='line_1_74' title="bbox 1093 763 1888 791; baseline 0.003 -2"><span class='ocrx_word' id='word_1_578' title='bbox 1093 767 1176 790; x_wconf 90' lang='lat' dir='ltr'><strong>retur.</strong></span> <span class='ocrx_word' id='word_1_579' title='bbox 1202 763 1235 790; x_wconf 90' lang='lat' dir='ltr'><strong>Et</strong></span> <span class='ocrx_word' id='word_1_580' title='bbox 1254 770 1317 791; x_wconf 88' lang='lat' dir='ltr'><strong>vero</strong></span> <span class='ocrx_word' id='word_1_581' title='bbox 1332 764 1441 791; x_wconf 84' lang='lat' dir='ltr'><strong>materia</strong></span> <span class='ocrx_word' id='word_1_582' title='bbox 1454 763 1575 791; x_wconf 89' lang='lat' dir='ltr'><strong>imntissa</strong></span> <span class='ocrx_word' id='word_1_583' title='bbox 1590 763 1739 791; x_wconf 81' lang='lat' dir='ltr'><strong>sufficiebat</strong></span> <span class='ocrx_word' id='word_1_584' title='bbox 1761 763 1792 790; x_wconf 83' lang='lat' dir='ltr'><strong>ad</strong></span> <span class='ocrx_word' id='word_1_585' title='bbox 1810 765 1888 791; x_wconf 57' lang='lat' dir='ltr'><strong>tidem</strong></span> 
     </span>
    </p>
   </div>
   <div class='ocr_carea' id='block_1_75' title="bbox 1092 808 1890 845">
    <p class='ocr_par' dir='ltr' id='par_1_75' title="bbox 1092 808 1890 845">
     <span class='ocr_line' id='line_1_75' title="bbox 1092 808 1890 845; baseline 0.003 -10"><span class='ocrx_word' id='word_1_586' title='bbox 1092 809 1144 836; x_wconf 88' lang='lat' dir='ltr'><strong>illis</strong></span> <span class='ocrx_word' id='word_1_587' title='bbox 1160 808 1318 842; x_wconf 84' lang='lat' dir='ltr'><strong>faciendam,</strong></span> <span class='ocrx_word' id='word_1_588' title='bbox 1341 815 1367 837; x_wconf 90' lang='lat' dir='ltr'><strong>et</strong></span> <span class='ocrx_word' id='word_1_589' title='bbox 1380 810 1452 845; x_wconf 91' lang='lat' dir='ltr'><strong>quod</strong></span> <span class='ocrx_word' id='word_1_590' title='bbox 1467 809 1535 845; x_wconf 84' lang='lat' dir='ltr'><strong>ignis</strong></span> <span class='ocrx_word' id='word_1_591' title='bbox 1550 817 1603 837; x_wconf 92' lang='lat' dir='ltr'><strong>non</strong></span> <span class='ocrx_word' id='word_1_592' title='bbox 1616 809 1754 843; x_wconf 82' lang='lat' dir='ltr'><strong>deficeret,</strong></span> <span class='ocrx_word' id='word_1_593' title='bbox 1771 815 1796 837; x_wconf 93' lang='lat' dir='ltr'><strong>et</strong></span> <span class='ocrx_word' id='word_1_594' title='bbox 1817 810 1890 844; x_wconf 83' lang='lat' dir='ltr'><strong>quod</strong></span> 
     </span>
    </p>
   </div>
   <div class='ocr_carea' id='block_1_76' title="bbox 1092 855 1888 891">
    <p class='ocr_par' dir='ltr' id='par_1_76' title="bbox 1092 855 1888 891">
     <span class='ocr_line' id='line_1_76' title="bbox 1092 855 1888 891; baseline 0.001 -9"><span class='ocrx_word' id='word_1_595' title='bbox 1092 855 1137 883; x_wconf 88' lang='lat' dir='ltr'><strong>diu</strong></span> <span class='ocrx_word' id='word_1_596' title='bbox 1155 855 1253 883; x_wconf 89' lang='lat' dir='ltr'><strong>ardens</strong></span> <span class='ocrx_word' id='word_1_597' title='bbox 1271 861 1423 891; x_wconf 86' lang='lat' dir='ltr'><strong>appareret,</strong></span> <span class='ocrx_word' id='word_1_598' title='bbox 1446 861 1474 884; x_wconf 91' lang='lat' dir='ltr'><strong>et</strong></span> <span class='ocrx_word' id='word_1_599' title='bbox 1491 855 1562 891; x_wconf 88' lang='lat' dir='ltr'><strong>quod</strong></span> <span class='ocrx_word' id='word_1_600' title='bbox 1585 863 1628 883; x_wconf 87' lang='lat' dir='ltr'><strong>res</strong></span> <span class='ocrx_word' id='word_1_601' title='bbox 1648 863 1739 882; x_wconf 85' lang='lat' dir='ltr'><strong>coram</strong></span> <span class='ocrx_word' id='word_1_602' title='bbox 1764 857 1888 883; x_wconf 77' lang='lat' dir='ltr'><strong>amnibus</strong></span> 
     </span>
    </p>
   </div>
   <div class='ocr_carea' id='block_1_77' title="bbox 1092 901 1890 935">
    <p class='ocr_par' dir='ltr' id='par_1_77' title="bbox 1092 901 1890 935">
     <span class='ocr_line' id='line_1_77' title="bbox 1092 901 1890 935; baseline 0.001 -7"><span class='ocrx_word' id='word_1_603' title='bbox 1092 901 1178 928; x_wconf 80' lang='lat' dir='ltr'><strong>ﬁeret.</strong></span> <span class='ocrx_word' id='word_1_604' title='bbox 1193 901 1238 929; x_wconf 85' lang='lat' dir='ltr'><strong>9i.</strong></span> <span class='ocrx_word' id='word_1_605' title='bbox 1254 901 1287 928; x_wconf 88' lang='lat' dir='ltr'><strong>Et</strong></span> <span class='ocrx_word' id='word_1_606' title='bbox 1307 901 1545 929; x_wconf 83' lang='lat' dir='ltr'><strong>Nabuchodonosor</strong></span> <span class='ocrx_word' id='word_1_607' title='bbox 1565 902 1662 929; x_wconf 83' lang='lat' dir='ltr'><strong>audivit</strong></span> <span class='ocrx_word' id='word_1_608' title='bbox 1684 901 1816 930; x_wconf 76' lang='lat' dir='ltr'><strong>laudantes</strong></span> <span class='ocrx_word' id='word_1_609' title='bbox 1831 911 1890 935; x_wconf 76' lang='lat' dir='ltr'><strong>eos;</strong></span> 
     </span>
    </p>
   </div>
   <div class='ocr_carea' id='block_1_78' title="bbox 1092 946 1888 983">
    <p class='ocr_par' dir='ltr' id='par_1_78' title="bbox 1092 946 1888 983">
     <span class='ocr_line' id='line_1_78' title="bbox 1092 946 1888 983; baseline 0.003 -10"><span class='ocrx_word' id='word_1_610' title='bbox 1092 951 1114 973; x_wconf 85' lang='lat' dir='ltr'><strong>et</strong></span> <span class='ocrx_word' id='word_1_611' title='bbox 1131 946 1272 974; x_wconf 75' lang='lat' dir='ltr'><strong>admiratus</strong></span> <span class='ocrx_word' id='word_1_612' title='bbox 1292 953 1337 980; x_wconf 81' lang='lat' dir='ltr'><strong>est,</strong></span> <span class='ocrx_word' id='word_1_613' title='bbox 1354 952 1377 975; x_wconf 86' lang='lat' dir='ltr'><strong>et</strong></span> <span class='ocrx_word' id='word_1_614' title='bbox 1391 948 1498 975; x_wconf 72' lang='lat' dir='ltr'><strong>surrexit</strong></span> <span class='ocrx_word' id='word_1_615' title='bbox 1518 956 1633 983; x_wconf 81' lang='lat' dir='ltr'><strong>propere,</strong></span> <span class='ocrx_word' id='word_1_616' title='bbox 1647 953 1670 975; x_wconf 86' lang='lat' dir='ltr'><strong>et</strong></span> <span class='ocrx_word' id='word_1_617' title='bbox 1683 948 1746 975; x_wconf 72' lang='lat' dir='ltr'><strong>dixit</strong></span> <span class='ocrx_word' id='word_1_618' title='bbox 1758 949 1888 983; x_wconf 78' lang='lat' dir='ltr'><strong>optimati-</strong></span> 
     </span>
    </p>
   </div>
   <div class='ocr_carea' id='block_1_79' title="bbox 1091 991 1889 1030">
    <p class='ocr_par' dir='ltr' id='par_1_79' title="bbox 1091 991 1889 1030">
     <span class='ocr_line' id='line_1_79' title="bbox 1091 991 1889 1030; baseline 0.003 -11"><span class='ocrx_word' id='word_1_619' title='bbox 1091 991 1136 1020; x_wconf 83' lang='lat' dir='ltr'><strong>bus</strong></span> <span class='ocrx_word' id='word_1_620' title='bbox 1150 994 1212 1020; x_wconf 73' lang='lat' dir='ltr'><strong>suis.</strong></span> <span class='ocrx_word' id='word_1_621' title='bbox 1236 993 1263 1021; x_wconf 87' lang='lat' dir='ltr'><strong>id</strong></span> <span class='ocrx_word' id='word_1_622' title='bbox 1285 994 1371 1029; x_wconf 92' lang='lat' dir='ltr'><strong>ipsum</strong></span> <span class='ocrx_word' id='word_1_623' title='bbox 1387 998 1475 1021; x_wconf 87' lang='lat' dir='ltr'><strong>autem</strong></span> <span class='ocrx_word' id='word_1_624' title='bbox 1506 999 1536 1022; x_wconf 90' lang='lat' dir='ltr'><strong>ut</strong></span> <span class='ocrx_word' id='word_1_625' title='bbox 1553 994 1667 1026; x_wconf 82' lang='lat' dir='ltr'><strong>audiret.</strong></span> <span class='ocrx_word' id='word_1_626' title='bbox 1693 995 1763 1022; x_wconf 88' lang='lat' dir='ltr'><strong>uttdc</strong></span> <span class='ocrx_word' id='word_1_627' title='bbox 1777 995 1889 1030; x_wconf 78' lang='lat' dir='ltr'><strong>contigit</strong></span> 
     </span>
    </p>
   </div>
   <div class='ocr_carea' id='block_1_80' title="bbox 1091 1038 1885 1076">
    <p class='ocr_par' dir='ltr' id='par_1_80' title="bbox 1091 1038 1885 1076">
     <span class='ocr_line' id='line_1_80' title="bbox 1091 1038 1885 1076; baseline 0.005 -11"><span class='ocrx_word' id='word_1_628' title='bbox 1091 1038 1363 1067; x_wconf 80' lang='lat' dir='ltr'><strong>Nabuchodonosori?</strong></span> <span class='ocrx_word' id='word_1_629' title='bbox 1385 1042 1419 1067; x_wconf 88' lang='lat' dir='ltr'><strong>At</strong></span> <span class='ocrx_word' id='word_1_630' title='bbox 1439 1048 1488 1076; x_wconf 89' lang='lat' dir='ltr'><strong>per</strong></span> <span class='ocrx_word' id='word_1_631' title='bbox 1508 1045 1593 1069; x_wconf 88' lang='lat' dir='ltr'><strong>totum</strong></span> <span class='ocrx_word' id='word_1_632' title='bbox 1613 1045 1719 1076; x_wconf 88' lang='lat' dir='ltr'><strong>tempus</strong></span> <span class='ocrx_word' id='word_1_633' title='bbox 1739 1042 1885 1070; x_wconf 81' lang='lat' dir='ltr'><strong>asscdcrat.</strong></span> 
     </span>
    </p>
   </div>
   <div class='ocr_carea' id='block_1_81' title="bbox 1092 1083 1887 1122">
    <p class='ocr_par' dir='ltr' id='par_1_81' title="bbox 1092 1083 1887 1122">
     <span class='ocr_line' id='line_1_81' title="bbox 1092 1083 1887 1122; baseline 0.004 -11"><span class='ocrx_word' id='word_1_634' title='bbox 1092 1083 1153 1111; x_wconf 87' lang='lat' dir='ltr'><strong>ideo</strong></span> <span class='ocrx_word' id='word_1_635' title='bbox 1175 1085 1245 1112; x_wconf 90' lang='lat' dir='ltr'><strong>Deus</strong></span> <span class='ocrx_word' id='word_1_636' title='bbox 1268 1093 1321 1112; x_wconf 92' lang='lat' dir='ltr'><strong>tton</strong></span> <span class='ocrx_word' id='word_1_637' title='bbox 1343 1086 1464 1120; x_wconf 85' lang='lat' dir='ltr'><strong>permisit</strong></span> <span class='ocrx_word' id='word_1_638' title='bbox 1486 1090 1514 1112; x_wconf 91' lang='lat' dir='ltr'><strong>ttt</strong></span> <span class='ocrx_word' id='word_1_639' title='bbox 1529 1085 1617 1113; x_wconf 88' lang='lat' dir='ltr'><strong>statim</strong></span> <span class='ocrx_word' id='word_1_640' title='bbox 1642 1086 1686 1114; x_wconf 90' lang='lat' dir='ltr'><strong>ille</strong></span> <span class='ocrx_word' id='word_1_641' title='bbox 1705 1087 1818 1119; x_wconf 83' lang='lat' dir='ltr'><strong>audiret,</strong></span> <span class='ocrx_word' id='word_1_642' title='bbox 1833 1095 1887 1122; x_wconf 82' lang='lat' dir='ltr'><strong>quo</strong></span> 
     </span>
    </p>
   </div>
   <div class='ocr_carea' id='block_1_82' title="bbox 1091 1130 1885 1166">
    <p class='ocr_par' dir='ltr' id='par_1_82' title="bbox 1091 1130 1885 1166">
     <span class='ocr_line' id='line_1_82' title="bbox 1091 1130 1885 1166; baseline 0.004 -10"><span class='ocrx_word' id='word_1_643' title='bbox 1091 1130 1178 1165; x_wconf 91' lang='lat' dir='ltr'><strong>ipsum</strong></span> <span class='ocrx_word' id='word_1_644' title='bbox 1205 1130 1285 1158; x_wconf 87' lang='lat' dir='ltr'><strong>etiam</strong></span> <span class='ocrx_word' id='word_1_645' title='bbox 1317 1135 1422 1165; x_wconf 83' lang='lat' dir='ltr'><strong>tempus</strong></span> <span class='ocrx_word' id='word_1_646' title='bbox 1450 1131 1632 1159; x_wconf 90' lang='lat' dir='ltr'><strong>testintonium</strong></span> <span class='ocrx_word' id='word_1_647' title='bbox 1665 1131 1816 1166; x_wconf 88' lang='lat' dir='ltr'><strong>perhiberet</strong></span> <span class='ocrx_word' id='word_1_648' title='bbox 1848 1133 1885 1159; x_wconf 91' lang='lat' dir='ltr'><strong>rei</strong></span> 
     </span>
    </p>
   </div>
   <div class='ocr_carea' id='block_1_83' title="bbox 1089 1176 1886 1212">
    <p class='ocr_par' dir='ltr' id='par_1_83' title="bbox 1089 1176 1886 1212">
     <span class='ocr_line' id='line_1_83' title="bbox 1089 1176 1886 1212; baseline 0.001 -9"><span class='ocrx_word' id='word_1_649' title='bbox 1089 1180 1188 1211; x_wconf 73' lang='lat' dir='ltr'><strong>gestze;</strong></span> <span class='ocrx_word' id='word_1_650' title='bbox 1203 1176 1274 1211; x_wconf 87' lang='lat' dir='ltr'><strong>quod</strong></span> <span class='ocrx_word' id='word_1_651' title='bbox 1288 1177 1389 1204; x_wconf 89' lang='lat' dir='ltr'><strong>scilicet</strong></span> <span class='ocrx_word' id='word_1_652' title='bbox 1411 1184 1458 1212; x_wconf 90' lang='lat' dir='ltr'><strong>per</strong></span> <span class='ocrx_word' id='word_1_653' title='bbox 1480 1177 1592 1204; x_wconf 83' lang='lat' dir='ltr'><strong>multum</strong></span> <span class='ocrx_word' id='word_1_654' title='bbox 1615 1181 1719 1212; x_wconf 88' lang='lat' dir='ltr'><strong>tempus</strong></span> <span class='ocrx_word' id='word_1_655' title='bbox 1739 1178 1764 1205; x_wconf 89' lang='lat' dir='ltr'><strong>itt</strong></span> <span class='ocrx_word' id='word_1_656' title='bbox 1780 1179 1886 1205; x_wconf 88' lang='lat' dir='ltr'><strong>cantino</strong></span> 
     </span>
    </p>
   </div>
   <div class='ocr_carea' id='block_1_84' title="bbox 1089 1223 1886 1258">
    <p class='ocr_par' dir='ltr' id='par_1_84' title="bbox 1089 1223 1886 1258">
     <span class='ocr_line' id='line_1_84' title="bbox 1089 1223 1886 1258; baseline 0.005 -10"><span class='ocrx_word' id='word_1_657' title='bbox 1089 1223 1262 1256; x_wconf 89' lang='lat' dir='ltr'><strong>cotnmorati,</strong></span> <span class='ocrx_word' id='word_1_658' title='bbox 1287 1223 1354 1250; x_wconf 92' lang='lat' dir='ltr'><strong>nihil</strong></span> <span class='ocrx_word' id='word_1_659' title='bbox 1374 1223 1437 1250; x_wconf 87' lang='lat' dir='ltr'><strong>ntali</strong></span> <span class='ocrx_word' id='word_1_660' title='bbox 1460 1224 1530 1258; x_wconf 83' lang='lat' dir='ltr'><strong>passi</strong></span> <span class='ocrx_word' id='word_1_661' title='bbox 1549 1228 1649 1251; x_wconf 90' lang='lat' dir='ltr'><strong>essent.</strong></span> <span class='ocrx_word' id='word_1_662' title='bbox 1675 1233 1684 1249; x_wconf 73' lang='grc' dir='ltr'><strong><em>ι</em></strong></span> <span class='ocrx_word' id='word_1_663' title='bbox 1700 1223 1793 1251; x_wconf 88' lang='lat' dir='ltr'><strong>Nonne</strong></span> <span class='ocrx_word' id='word_1_664' title='bbox 1813 1224 1886 1252; x_wconf 68' lang='lat' dir='ltr'><strong>viros</strong></span> 
     </span>
    </p>
   </div>
   <div class='ocr_carea' id='block_1_85' title="bbox 1091 1267 1884 1303">
    <p class='ocr_par' dir='ltr' id='par_1_85' title="bbox 1091 1267 1884 1303">
     <span class='ocr_line' id='line_1_85' title="bbox 1091 1267 1884 1303; baseline 0.003 -9"><span class='ocrx_word' id='word_1_665' title='bbox 1091 1271 1145 1294; x_wconf 86' lang='lat' dir='ltr'><strong>tres</strong></span> <span class='ocrx_word' id='word_1_666' title='bbox 1173 1267 1312 1302; x_wconf 86' lang='lat' dir='ltr'><strong>injecimus</strong></span> <span class='ocrx_word' id='word_1_667' title='bbox 1331 1268 1357 1295; x_wconf 90' lang='lat' dir='ltr'><strong>in</strong></span> <span class='ocrx_word' id='word_1_668' title='bbox 1373 1268 1490 1296; x_wconf 88' lang='lat' dir='ltr'><strong>tnedium</strong></span> <span class='ocrx_word' id='word_1_669' title='bbox 1507 1268 1575 1303; x_wconf 87' lang='lat' dir='ltr'><strong>ignis</strong></span> <span class='ocrx_word' id='word_1_670' title='bbox 1593 1269 1778 1303; x_wconf 85' lang='lat' dir='ltr'><strong>compeditos?</strong></span> <span class='ocrx_word' id='word_1_671' title='bbox 1793 1269 1824 1296; x_wconf 87' lang='lat' dir='ltr'><strong>Et</strong></span> <span class='ocrx_word' id='word_1_672' title='bbox 1841 1277 1884 1296; x_wconf 86' lang='lat' dir='ltr'><strong>re-</strong></span> 
     </span>
    </p>
   </div>
   <div class='ocr_carea' id='block_1_86' title="bbox 1089 1313 1884 1349">
    <p class='ocr_par' dir='ltr' id='par_1_86' title="bbox 1089 1313 1884 1349">
     <span class='ocr_line' id='line_1_86' title="bbox 1089 1313 1884 1349; baseline 0.003 -9"><span class='ocrx_word' id='word_1_673' title='bbox 1089 1313 1250 1347; x_wconf 84' lang='lat' dir='ltr'><strong>spondentes</strong></span> <span class='ocrx_word' id='word_1_674' title='bbox 1261 1313 1351 1341; x_wconf 90' lang='lat' dir='ltr'><strong>dieuut</strong></span> <span class='ocrx_word' id='word_1_675' title='bbox 1362 1314 1434 1349; x_wconf 88' lang='lat' dir='ltr'><strong>regi:</strong></span> <span class='ocrx_word' id='word_1_676' title='bbox 1450 1313 1527 1346; x_wconf 88' lang='lat' dir='ltr'><strong>Vere,</strong></span> <span class='ocrx_word' id='word_1_677' title='bbox 1542 1321 1558 1341; x_wconf 95' lang='grc' dir='ltr'>ο</span> <span class='ocrx_word' id='word_1_678' title='bbox 1569 1322 1626 1341; x_wconf 82' lang='lat' dir='ltr'><strong>rex.</strong></span> <span class='ocrx_word' id='word_1_679' title='bbox 1639 1314 1683 1342; x_wconf 74' lang='lat'><strong>92.</strong></span> <span class='ocrx_word' id='word_1_680' title='bbox 1696 1315 1728 1342; x_wconf 84' lang='lat' dir='ltr'><strong>Et</strong></span> <span class='ocrx_word' id='word_1_681' title='bbox 1739 1314 1805 1342; x_wconf 79' lang='lat' dir='ltr'><strong>dixit</strong></span> <span class='ocrx_word' id='word_1_682' title='bbox 1816 1322 1861 1342; x_wconf 76' lang='lat' dir='ltr'><strong>rex</strong></span> <span class='ocrx_word' id='word_1_683' title='bbox 1876 1323 1884 1342; x_wconf 90' lang='lat'><strong>:</strong></span> 
     </span>
    </p>
   </div>
   <div class='ocr_carea' id='block_1_87' title="bbox 1089 1358 1884 1394">
    <p class='ocr_par' dir='ltr' id='par_1_87' title="bbox 1089 1358 1884 1394">
     <span class='ocr_line' id='line_1_87' title="bbox 1089 1358 1884 1394; baseline 0.003 -9"><span class='ocrx_word' id='word_1_684' title='bbox 1089 1358 1137 1386; x_wconf 86' lang='lat' dir='ltr'><strong>ilic</strong></span> <span class='ocrx_word' id='word_1_685' title='bbox 1149 1367 1200 1394; x_wconf 82' lang='lat' dir='ltr'><strong>ego</strong></span> <span class='ocrx_word' id='word_1_686' title='bbox 1214 1359 1292 1387; x_wconf 89' lang='lat' dir='ltr'><strong>video</strong></span> <span class='ocrx_word' id='word_1_687' title='bbox 1307 1359 1378 1386; x_wconf 84' lang='lat' dir='ltr'><strong>viros</strong></span> <span class='ocrx_word' id='word_1_688' title='bbox 1399 1364 1513 1394; x_wconf 89' lang='lat' dir='ltr'><strong>quatuor</strong></span> <span class='ocrx_word' id='word_1_689' title='bbox 1534 1359 1648 1393; x_wconf 89' lang='lat' dir='ltr'><strong>solutos,</strong></span> <span class='ocrx_word' id='word_1_690' title='bbox 1670 1364 1697 1387; x_wconf 90' lang='lat' dir='ltr'><strong>et</strong></span> <span class='ocrx_word' id='word_1_691' title='bbox 1716 1360 1884 1388; x_wconf 85' lang='lat' dir='ltr'><strong>ambulantes</strong></span> 
     </span>
    </p>
   </div>
   <div class='ocr_carea' id='block_1_88' title="bbox 1088 1403 1884 1439">
    <p class='ocr_par' dir='ltr' id='par_1_88' title="bbox 1088 1403 1884 1439">
     <span class='ocr_line' id='line_1_88' title="bbox 1088 1403 1884 1439; baseline 0.004 -9"><span class='ocrx_word' id='word_1_692' title='bbox 1088 1403 1115 1430; x_wconf 95' lang='lat' dir='ltr'><strong>in</strong></span> <span class='ocrx_word' id='word_1_693' title='bbox 1127 1403 1217 1431; x_wconf 88' lang='lat' dir='ltr'><strong>medio</strong></span> <span class='ocrx_word' id='word_1_694' title='bbox 1231 1404 1299 1439; x_wconf 83' lang='lat' dir='ltr'><strong>ignis</strong></span> <span class='ocrx_word' id='word_1_695' title='bbox 1309 1412 1316 1432; x_wconf 88' lang='lat'>:</span> <span class='ocrx_word' id='word_1_696' title='bbox 1326 1409 1353 1432; x_wconf 93' lang='lat' dir='ltr'><strong>et</strong></span> <span class='ocrx_word' id='word_1_697' title='bbox 1367 1405 1502 1439; x_wconf 87' lang='lat' dir='ltr'><strong>corruptio</strong></span> <span class='ocrx_word' id='word_1_698' title='bbox 1515 1412 1568 1431; x_wconf 90' lang='lat' dir='ltr'><strong>non</strong></span> <span class='ocrx_word' id='word_1_699' title='bbox 1579 1409 1622 1432; x_wconf 88' lang='lat' dir='ltr'><strong>est</strong></span> <span class='ocrx_word' id='word_1_700' title='bbox 1634 1405 1660 1432; x_wconf 89' lang='lat' dir='ltr'><strong>in</strong></span> <span class='ocrx_word' id='word_1_701' title='bbox 1670 1405 1710 1432; x_wconf 90' lang='lat' dir='ltr'><strong>eis</strong></span> <span class='ocrx_word' id='word_1_702' title='bbox 1722 1413 1729 1432; x_wconf 89' lang='lat'><strong>:</strong></span> <span class='ocrx_word' id='word_1_703' title='bbox 1743 1409 1770 1432; x_wconf 87' lang='lat' dir='ltr'><strong>et</strong></span> <span class='ocrx_word' id='word_1_704' title='bbox 1780 1406 1884 1439; x_wconf 78' lang='lat' dir='ltr'><strong>species</strong></span> 
     </span>
    </p>
   </div>
   <div class='ocr_carea' id='block_1_89' title="bbox 1087 1449 1879 1484">
    <p class='ocr_par' dir='ltr' id='par_1_89' title="bbox 1087 1449 1879 1484">
     <span class='ocr_line' id='line_1_89' title="bbox 1087 1449 1879 1484; baseline 0.004 -8"><span class='ocrx_word' id='word_1_705' title='bbox 1087 1450 1173 1484; x_wconf 80' lang='lat' dir='ltr'><strong>quarti</strong></span> <span class='ocrx_word' id='word_1_706' title='bbox 1184 1450 1277 1476; x_wconf 82' lang='lat' dir='ltr'><strong>similis</strong></span> <span class='ocrx_word' id='word_1_707' title='bbox 1289 1450 1342 1477; x_wconf 90' lang='lat' dir='ltr'><strong>lilio</strong></span> <span class='ocrx_word' id='word_1_708' title='bbox 1354 1449 1409 1477; x_wconf 88' lang='lat' dir='ltr'><strong>Dei.</strong></span> <span class='ocrx_word' id='word_1_709' title='bbox 1426 1459 1435 1476; x_wconf 71' lang='grc' dir='ltr'><strong><em>ι</em></strong></span> <span class='ocrx_word' id='word_1_710' title='bbox 1447 1450 1487 1477; x_wconf 91' lang='lat' dir='ltr'><strong>Ab</strong></span> <span class='ocrx_word' id='word_1_711' title='bbox 1496 1450 1563 1478; x_wconf 91' lang='lat' dir='ltr'><strong>ostio</strong></span> <span class='ocrx_word' id='word_1_712' title='bbox 1571 1450 1672 1478; x_wconf 81' lang='lat' dir='ltr'><strong>viderat</strong></span> <span class='ocrx_word' id='word_1_713' title='bbox 1683 1458 1776 1478; x_wconf 89' lang='lat' dir='ltr'><strong>eorum</strong></span> <span class='ocrx_word' id='word_1_714' title='bbox 1786 1450 1879 1480; x_wconf 87' lang='lat' dir='ltr'><strong>facies.</strong></span> 
     </span>
    </p>
   </div>
   <div class='ocr_carea' id='block_1_90' title="bbox 1087 1495 1883 1524">
    <p class='ocr_par' dir='ltr' id='par_1_90' title="bbox 1087 1495 1883 1524">
     <span class='ocr_line' id='line_1_90' title="bbox 1087 1495 1883 1524; baseline 0.001 -1"><span class='ocrx_word' id='word_1_715' title='bbox 1087 1496 1131 1523; x_wconf 75' lang='lat'><strong>95.</strong></span> <span class='ocrx_word' id='word_1_716' title='bbox 1147 1505 1156 1522; x_wconf 75' lang='lat' dir='ltr'><strong>t</strong></span> <span class='ocrx_word' id='word_1_717' title='bbox 1174 1495 1249 1524; x_wconf 90' lang='lat' dir='ltr'><strong>Tunc</strong></span> <span class='ocrx_word' id='word_1_718' title='bbox 1262 1496 1374 1524; x_wconf 87' lang='lat' dir='ltr'><strong>accessit</strong></span> <span class='ocrx_word' id='word_1_719' title='bbox 1387 1496 1633 1524; x_wconf 85' lang='lat' dir='ltr'><strong>Nabuchodonosor</strong></span> <span class='ocrx_word' id='word_1_720' title='bbox 1645 1497 1678 1524; x_wconf 91' lang='lat' dir='ltr'><strong>ad</strong></span> <span class='ocrx_word' id='word_1_721' title='bbox 1689 1497 1785 1524; x_wconf 89' lang='lat' dir='ltr'><strong>ostium</strong></span> <span class='ocrx_word' id='word_1_722' title='bbox 1797 1497 1883 1524; x_wconf 88' lang='lat' dir='ltr'><strong>forna-</strong></span> 
     </span>
    </p>
   </div>
   <div class='ocr_carea' id='block_1_91' title="bbox 1086 1543 1878 1578">
    <p class='ocr_par' dir='ltr' id='par_1_91' title="bbox 1086 1543 1878 1578">
     <span class='ocr_line' id='line_1_91' title="bbox 1086 1543 1878 1578; baseline 0.003 -8"><span class='ocrx_word' id='word_1_723' title='bbox 1086 1543 1125 1570; x_wconf 92' lang='lat' dir='ltr'><strong>cis</strong></span> <span class='ocrx_word' id='word_1_724' title='bbox 1140 1543 1208 1578; x_wconf 88' lang='lat' dir='ltr'><strong>ignis</strong></span> <span class='ocrx_word' id='word_1_725' title='bbox 1223 1551 1281 1578; x_wconf 69' lang='lat' dir='ltr'><strong>quaa</strong></span> <span class='ocrx_word' id='word_1_726' title='bbox 1296 1543 1416 1576; x_wconf 83' lang='lat' dir='ltr'><strong>ardebat,</strong></span> <span class='ocrx_word' id='word_1_727' title='bbox 1431 1549 1458 1571; x_wconf 91' lang='lat' dir='ltr'><strong>et</strong></span> <span class='ocrx_word' id='word_1_728' title='bbox 1471 1543 1508 1571; x_wconf 90' lang='lat' dir='ltr'><strong>ait</strong></span> <span class='ocrx_word' id='word_1_729' title='bbox 1525 1553 1530 1570; x_wconf 97' lang='lat'>:</span> <span class='ocrx_word' id='word_1_730' title='bbox 1549 1543 1572 1572; x_wconf 93' lang='grc' dir='ltr'><strong>Ο</strong></span> <span class='ocrx_word' id='word_1_731' title='bbox 1590 1543 1735 1576; x_wconf 87' lang='lat' dir='ltr'><strong>Sedrache,</strong></span> <span class='ocrx_word' id='word_1_732' title='bbox 1749 1543 1878 1578; x_wconf 84' lang='lat' dir='ltr'><strong>Misaclte,</strong></span> 
     </span>
    </p>
   </div>
   <div class='ocr_carea' id='block_1_92' title="bbox 1087 1587 1882 1625">
    <p class='ocr_par' dir='ltr' id='par_1_92' title="bbox 1087 1587 1882 1625">
     <span class='ocr_line' id='line_1_92' title="bbox 1087 1587 1882 1625; baseline 0.003 -10"><span class='ocrx_word' id='word_1_733' title='bbox 1087 1587 1244 1624; x_wconf 83' lang='lat' dir='ltr'><strong>Ahdenago,</strong></span> <span class='ocrx_word' id='word_1_734' title='bbox 1258 1589 1328 1616; x_wconf 88' lang='lat' dir='ltr'><strong>servi</strong></span> <span class='ocrx_word' id='word_1_735' title='bbox 1343 1589 1390 1616; x_wconf 88' lang='lat' dir='ltr'><strong>Dei</strong></span> <span class='ocrx_word' id='word_1_736' title='bbox 1411 1589 1544 1621; x_wconf 91' lang='lat' dir='ltr'><strong>altissimi,</strong></span> <span class='ocrx_word' id='word_1_737' title='bbox 1565 1589 1732 1625; x_wconf 86' lang='lat' dir='ltr'><strong>egredimini,</strong></span> <span class='ocrx_word' id='word_1_738' title='bbox 1753 1594 1780 1617; x_wconf 90' lang='lat' dir='ltr'><strong>et</strong></span> <span class='ocrx_word' id='word_1_739' title='bbox 1794 1591 1882 1618; x_wconf 86' lang='lat' dir='ltr'><strong>venite</strong></span> 
     </span>
    </p>
   </div>
   <div class='ocr_carea' id='block_1_93' title="bbox 1087 1633 1880 1671">
    <p class='ocr_par' dir='ltr' id='par_1_93' title="bbox 1087 1633 1880 1671">
     <span class='ocr_line' id='line_1_93' title="bbox 1087 1633 1880 1671; baseline 0.004 -11"><span class='ocrx_word' id='word_1_740' title='bbox 1087 1633 1149 1661; x_wconf 88' lang='lat' dir='ltr'><strong>huc.</strong></span> <span class='ocrx_word' id='word_1_741' title='bbox 1164 1634 1197 1661; x_wconf 90' lang='lat' dir='ltr'><strong>Et</strong></span> <span class='ocrx_word' id='word_1_742' title='bbox 1210 1635 1310 1669; x_wconf 84' lang='lat' dir='ltr'><strong>egressi</strong></span> <span class='ocrx_word' id='word_1_743' title='bbox 1324 1641 1385 1662; x_wconf 87' lang='lat' dir='ltr'><strong>sunt</strong></span> <span class='ocrx_word' id='word_1_744' title='bbox 1401 1635 1563 1668; x_wconf 89' lang='lat' dir='ltr'><strong>Sedracltus,</strong></span> <span class='ocrx_word' id='word_1_745' title='bbox 1579 1635 1720 1668; x_wconf 87' lang='lat' dir='ltr'><strong>Misaehus,</strong></span> <span class='ocrx_word' id='word_1_746' title='bbox 1735 1635 1880 1671; x_wconf 84' lang='lat' dir='ltr'><strong>Abdenago</strong></span> 
     </span>
    </p>
   </div>
   <div class='ocr_carea' id='block_1_94' title="bbox 1085 1679 1880 1717">
    <p class='ocr_par' dir='ltr' id='par_1_94' title="bbox 1085 1679 1880 1717">
     <span class='ocr_line' id='line_1_94' title="bbox 1085 1679 1880 1717; baseline 0.004 -11"><span class='ocrx_word' id='word_1_747' title='bbox 1085 1679 1118 1706; x_wconf 90' lang='lat' dir='ltr'><strong>de</strong></span> <span class='ocrx_word' id='word_1_748' title='bbox 1144 1679 1232 1707; x_wconf 89' lang='lat' dir='ltr'><strong>medio</strong></span> <span class='ocrx_word' id='word_1_749' title='bbox 1253 1680 1331 1715; x_wconf 89' lang='lat' dir='ltr'><strong>ignis.</strong></span> <span class='ocrx_word' id='word_1_750' title='bbox 1351 1689 1360 1706; x_wconf 72' lang='grc' dir='ltr'>ι</span> <span class='ocrx_word' id='word_1_751' title='bbox 1383 1679 1472 1714; x_wconf 85' lang='lat' dir='ltr'><strong>Quare</strong></span> <span class='ocrx_word' id='word_1_752' title='bbox 1495 1685 1583 1707; x_wconf 88' lang='lat' dir='ltr'><strong>autent</strong></span> <span class='ocrx_word' id='word_1_753' title='bbox 1607 1688 1660 1708; x_wconf 90' lang='lat' dir='ltr'><strong>non</strong></span> <span class='ocrx_word' id='word_1_754' title='bbox 1685 1681 1757 1716; x_wconf 87' lang='lat' dir='ltr'><strong>prius</strong></span> <span class='ocrx_word' id='word_1_755' title='bbox 1780 1683 1880 1717; x_wconf 80' lang='lat' dir='ltr'><strong>egressi</strong></span> 
     </span>
    </p>
   </div>
   <div class='ocr_carea' id='block_1_95' title="bbox 1085 1726 1881 1763">
    <p class='ocr_par' dir='ltr' id='par_1_95' title="bbox 1085 1726 1881 1763">
     <span class='ocr_line' id='line_1_95' title="bbox 1085 1726 1881 1763; baseline 0.003 -11"><span class='ocrx_word' id='word_1_756' title='bbox 1085 1729 1157 1757; x_wconf 89' lang='lat' dir='ltr'><strong>sunt,</strong></span> <span class='ocrx_word' id='word_1_757' title='bbox 1172 1733 1252 1760; x_wconf 89' lang='lat' dir='ltr'><strong>quam</strong></span> <span class='ocrx_word' id='word_1_758' title='bbox 1266 1726 1374 1753; x_wconf 88' lang='lat' dir='ltr'><strong>vocavit</strong></span> <span class='ocrx_word' id='word_1_759' title='bbox 1388 1726 1454 1753; x_wconf 84' lang='lat' dir='ltr'><strong>eos?</strong></span> <span class='ocrx_word' id='word_1_760' title='bbox 1471 1726 1504 1754; x_wconf 85' lang='lat' dir='ltr'><strong>Et</strong></span> <span class='ocrx_word' id='word_1_761' title='bbox 1520 1727 1631 1761; x_wconf 89' lang='lat' dir='ltr'><strong>pulchre</strong></span> <span class='ocrx_word' id='word_1_762' title='bbox 1647 1727 1720 1761; x_wconf 91' lang='lat' dir='ltr'><strong>prius</strong></span> <span class='ocrx_word' id='word_1_763' title='bbox 1736 1727 1881 1763; x_wconf 84' lang='lat' dir='ltr'><strong>interrogat</strong></span> 
     </span>
    </p>
   </div>
   <div class='ocr_carea' id='block_1_96' title="bbox 1085 1772 1881 1808">
    <p class='ocr_par' dir='ltr' id='par_1_96' title="bbox 1085 1772 1881 1808">
     <span class='ocr_line' id='line_1_96' title="bbox 1085 1772 1881 1808; baseline 0.003 -10"><span class='ocrx_word' id='word_1_764' title='bbox 1085 1772 1225 1806; x_wconf 88' lang='lat' dir='ltr'><strong>pritttores,</strong></span> <span class='ocrx_word' id='word_1_765' title='bbox 1241 1776 1270 1799; x_wconf 90' lang='lat' dir='ltr'><strong>ut</strong></span> <span class='ocrx_word' id='word_1_766' title='bbox 1281 1772 1457 1807; x_wconf 83' lang='lat' dir='ltr'><strong>responsione</strong></span> <span class='ocrx_word' id='word_1_767' title='bbox 1471 1780 1518 1800; x_wconf 91' lang='lat' dir='ltr'><strong>sua</strong></span> <span class='ocrx_word' id='word_1_768' title='bbox 1531 1772 1718 1808; x_wconf 65' lang='lat' dir='ltr'><strong>praeoccupati,</strong></span> <span class='ocrx_word' id='word_1_769' title='bbox 1735 1773 1799 1800; x_wconf 89' lang='lat' dir='ltr'><strong>nihil</strong></span> <span class='ocrx_word' id='word_1_770' title='bbox 1815 1782 1881 1801; x_wconf 84' lang='lat' dir='ltr'><strong>con-</strong></span> 
     </span>
    </p>
   </div>
   <div class='ocr_carea' id='block_1_97' title="bbox 1085 1817 1877 1854">
    <p class='ocr_par' dir='ltr' id='par_1_97' title="bbox 1085 1817 1877 1854">
     <span class='ocr_line' id='line_1_97' title="bbox 1085 1817 1877 1854; baseline 0.005 -11"><span class='ocrx_word' id='word_1_771' title='bbox 1085 1817 1157 1844; x_wconf 86' lang='lat' dir='ltr'><strong>trarii</strong></span> <span class='ocrx_word' id='word_1_772' title='bbox 1192 1817 1386 1852; x_wconf 83' lang='lat' dir='ltr'><strong>respondeant,</strong></span> <span class='ocrx_word' id='word_1_773' title='bbox 1412 1825 1498 1853; x_wconf 88' lang='lat' dir='ltr'><strong>neque</strong></span> <span class='ocrx_word' id='word_1_774' title='bbox 1528 1819 1669 1846; x_wconf 86' lang='lat' dir='ltr'><strong>occasione</strong></span> <span class='ocrx_word' id='word_1_775' title='bbox 1701 1819 1877 1854; x_wconf 75' lang='lat' dir='ltr'><strong>abripiuntur.</strong></span> 
     </span>
    </p>
   </div>
   <div class='ocr_carea' id='block_1_98' title="bbox 1083 1862 1879 1898">
    <p class='ocr_par' dir='ltr' id='par_1_98' title="bbox 1083 1862 1879 1898">
     <span class='ocr_line' id='line_1_98' title="bbox 1083 1862 1879 1898; baseline 0.003 -9"><span class='ocrx_word' id='word_1_776' title='bbox 1083 1862 1313 1895; x_wconf 85' lang='lat' dir='ltr'><strong>Quemadmodum</strong></span> <span class='ocrx_word' id='word_1_777' title='bbox 1328 1863 1411 1898; x_wconf 81' lang='lat' dir='ltr'><strong>Moysi</strong></span> <span class='ocrx_word' id='word_1_778' title='bbox 1427 1863 1532 1892; x_wconf 88' lang='lat' dir='ltr'><strong>dicebat</strong></span> <span class='ocrx_word' id='word_1_779' title='bbox 1552 1864 1641 1892; x_wconf 88' lang='lat' dir='ltr'><strong>Deus:</strong></span> <span class='ocrx_word' id='word_1_780' title='bbox 1659 1863 1726 1896; x_wconf 81' lang='lat' dir='ltr'><strong>Quid</strong></span> <span class='ocrx_word' id='word_1_781' title='bbox 1740 1870 1776 1892; x_wconf 84' lang='lat' dir='ltr'><strong>est</strong></span> <span class='ocrx_word' id='word_1_782' title='bbox 1790 1865 1837 1891; x_wconf 85' lang='lat' dir='ltr'><strong>hoc</strong></span> <span class='ocrx_word' id='word_1_783' title='bbox 1853 1866 1879 1892; x_wconf 80' lang='lat' dir='ltr'><strong>in</strong></span> 
     </span>
    </p>
   </div>
   <div class='ocr_carea' id='block_1_99' title="bbox 1083 1908 1877 1945">
    <p class='ocr_par' dir='ltr' id='par_1_99' title="bbox 1083 1908 1877 1945">
     <span class='ocr_line' id='line_1_99' title="bbox 1083 1908 1877 1945; baseline 0.004 -10"><span class='ocrx_word' id='word_1_784' title='bbox 1083 1917 1159 1935; x_wconf 85' lang='lat' dir='ltr'><strong>manu</strong></span> <span class='ocrx_word' id='word_1_785' title='bbox 1173 1913 1215 1936; x_wconf 82' lang='lat' dir='ltr'><strong>tua</strong></span> <span class='ocrx_word' id='word_1_786' title='bbox 1229 1908 1325 1945; x_wconf 69' lang='lat' dir='ltr'><strong>(Exod.</strong></span> <span class='ocrx_word' id='word_1_787' title='bbox 1337 1910 1364 1937; x_wconf 72' lang='grc'><strong>4.</strong></span> <span class='ocrx_word' id='word_1_788' title='bbox 1375 1909 1403 1945; x_wconf 70' lang='grc'>2)</span> <span class='ocrx_word' id='word_1_789' title='bbox 1413 1911 1424 1936; x_wconf 77' lang='lat' dir='ltr'><strong>i</strong></span> <span class='ocrx_word' id='word_1_790' title='bbox 1435 1910 1473 1937; x_wconf 90' lang='lat' dir='ltr'><strong>sic</strong></span> <span class='ocrx_word' id='word_1_791' title='bbox 1483 1911 1563 1937; x_wconf 90' lang='lat' dir='ltr'><strong>etiam</strong></span> <span class='ocrx_word' id='word_1_792' title='bbox 1573 1909 1817 1938; x_wconf 89' lang='lat' dir='ltr'><strong>Nabuchodonosor</strong></span> <span class='ocrx_word' id='word_1_793' title='bbox 1828 1911 1877 1938; x_wconf 87' lang='lat' dir='ltr'><strong>hos</strong></span> 
     </span>
    </p>
   </div>
   <div class='ocr_carea' id='block_1_100' title="bbox 1083 1954 1877 1991">
    <p class='ocr_par' dir='ltr' id='par_1_100' title="bbox 1083 1954 1877 1991">
     <span class='ocr_line' id='line_1_100' title="bbox 1083 1954 1877 1991; baseline 0.003 -11"><span class='ocrx_word' id='word_1_794' title='bbox 1083 1954 1290 1989; x_wconf 84' lang='lat' dir='ltr'><strong>interrogatione</strong></span> <span class='ocrx_word' id='word_1_795' title='bbox 1304 1955 1439 1990; x_wconf 84' lang='lat' dir='ltr'><strong>anticipat.</strong></span> <span class='ocrx_word' id='word_1_796' title='bbox 1455 1955 1532 1988; x_wconf 84' lang='lat' dir='ltr'><strong>Ecce,</strong></span> <span class='ocrx_word' id='word_1_797' title='bbox 1547 1955 1639 1990; x_wconf 86' lang='lat' dir='ltr'><strong>inquit,</strong></span> <span class='ocrx_word' id='word_1_798' title='bbox 1655 1957 1724 1983; x_wconf 79' lang='lat' dir='ltr'><strong>uideo</strong></span> <span class='ocrx_word' id='word_1_799' title='bbox 1738 1957 1803 1982; x_wconf 69' lang='lat' dir='ltr'><strong>viros</strong></span> <span class='ocrx_word' id='word_1_800' title='bbox 1815 1966 1877 1991; x_wconf 80' lang='lat' dir='ltr'><strong>qun-</strong></span> 
     </span>
    </p>
   </div>
   <div class='ocr_carea' id='block_1_101' title="bbox 1083 2000 1877 2037">
    <p class='ocr_par' dir='ltr' id='par_1_101' title="bbox 1083 2000 1877 2037">
     <span class='ocr_line' id='line_1_101' title="bbox 1083 2000 1877 2037; baseline 0.001 -11"><span class='ocrx_word' id='word_1_801' title='bbox 1083 2005 1140 2027; x_wconf 88' lang='lat' dir='ltr'><strong>tuor</strong></span> <span class='ocrx_word' id='word_1_802' title='bbox 1155 2000 1250 2027; x_wconf 79' lang='lat' dir='ltr'><strong>solutos</strong></span> <span class='ocrx_word' id='word_1_803' title='bbox 1264 2005 1287 2027; x_wconf 81' lang='lat' dir='ltr'><strong>et</strong></span> <span class='ocrx_word' id='word_1_804' title='bbox 1302 2001 1461 2028; x_wconf 81' lang='lat' dir='ltr'><strong>ambulantes</strong></span> <span class='ocrx_word' id='word_1_805' title='bbox 1473 2001 1500 2028; x_wconf 86' lang='lat' dir='ltr'><strong>in</strong></span> <span class='ocrx_word' id='word_1_806' title='bbox 1513 2002 1594 2028; x_wconf 85' lang='lat' dir='ltr'><strong>medio</strong></span> <span class='ocrx_word' id='word_1_807' title='bbox 1611 2002 1675 2037; x_wconf 83' lang='lat' dir='ltr'><strong>ignis</strong></span> <span class='ocrx_word' id='word_1_808' title='bbox 1689 2010 1698 2030; x_wconf 63' lang='grc' dir='ltr'>ξ</span> <span class='ocrx_word' id='word_1_809' title='bbox 1712 2008 1735 2028; x_wconf 83' lang='lat' dir='ltr'><strong>et</strong></span> <span class='ocrx_word' id='word_1_810' title='bbox 1748 2004 1877 2037; x_wconf 72' lang='lat' dir='ltr'><strong>atrruptin</strong></span> 
     </span>
    </p>
   </div>
   <div class='ocr_carea' id='block_1_102' title="bbox 1081 2046 1877 2082">
    <p class='ocr_par' dir='ltr' id='par_1_102' title="bbox 1081 2046 1877 2082">
     <span class='ocr_line' id='line_1_102' title="bbox 1081 2046 1877 2082; baseline 0.004 -10"><span class='ocrx_word' id='word_1_811' title='bbox 1081 2053 1131 2072; x_wconf 82' lang='lat' dir='ltr'><strong>non</strong></span> <span class='ocrx_word' id='word_1_812' title='bbox 1144 2051 1181 2073; x_wconf 80' lang='lat' dir='ltr'><strong>est</strong></span> <span class='ocrx_word' id='word_1_813' title='bbox 1194 2046 1219 2072; x_wconf 87' lang='lat' dir='ltr'><strong>in</strong></span> <span class='ocrx_word' id='word_1_814' title='bbox 1231 2047 1267 2073; x_wconf 82' lang='lat' dir='ltr'><strong>eis</strong></span> <span class='ocrx_word' id='word_1_815' title='bbox 1279 2053 1289 2074; x_wconf 92' lang='lat'><strong><em>:</em></strong></span> <span class='ocrx_word' id='word_1_816' title='bbox 1300 2051 1323 2073; x_wconf 83' lang='lat' dir='ltr'><strong>et</strong></span> <span class='ocrx_word' id='word_1_817' title='bbox 1336 2051 1452 2081; x_wconf 75' lang='lat' dir='ltr'><strong>aspectus</strong></span> <span class='ocrx_word' id='word_1_818' title='bbox 1467 2047 1550 2082; x_wconf 80' lang='lat' dir='ltr'><strong>quarti</strong></span> <span class='ocrx_word' id='word_1_819' title='bbox 1563 2048 1654 2074; x_wconf 84' lang='lat' dir='ltr'><strong>similis</strong></span> <span class='ocrx_word' id='word_1_820' title='bbox 1667 2048 1721 2082; x_wconf 82' lang='lat' dir='ltr'><strong>filio</strong></span> <span class='ocrx_word' id='word_1_821' title='bbox 1735 2047 1792 2074; x_wconf 64' lang='lat' dir='ltr'><strong>Dei.</strong></span> <span class='ocrx_word' id='word_1_822' title='bbox 1807 2048 1877 2075; x_wconf 82' lang='lat' dir='ltr'><strong>Plu-</strong></span> 
     </span>
    </p>
   </div>
   <div class='ocr_carea' id='block_1_103' title="bbox 1082 2091 1876 2127">
    <p class='ocr_par' dir='ltr' id='par_1_103' title="bbox 1082 2091 1876 2127">
     <span class='ocr_line' id='line_1_103' title="bbox 1082 2091 1876 2127; baseline 0.003 -9"><span class='ocrx_word' id='word_1_823' title='bbox 1082 2091 1176 2118; x_wconf 89' lang='lat' dir='ltr'><strong>rimam</strong></span> <span class='ocrx_word' id='word_1_824' title='bbox 1192 2091 1260 2119; x_wconf 89' lang='lat' dir='ltr'><strong>forte</strong></span> <span class='ocrx_word' id='word_1_825' title='bbox 1276 2091 1499 2126; x_wconf 88' lang='lat' dir='ltr'><strong>pttlchritudinem</strong></span> <span class='ocrx_word' id='word_1_826' title='bbox 1513 2100 1568 2127; x_wconf 68' lang='lat' dir='ltr'><strong>pra:</strong></span> <span class='ocrx_word' id='word_1_827' title='bbox 1583 2100 1612 2119; x_wconf 91' lang='lat' dir='ltr'><strong>se</strong></span> <span class='ocrx_word' id='word_1_828' title='bbox 1631 2092 1742 2120; x_wconf 78' lang='lat' dir='ltr'><strong>ferebat.</strong></span> <span class='ocrx_word' id='word_1_829' title='bbox 1759 2093 1843 2125; x_wconf 81' lang='lat' dir='ltr'><strong>Unde,</strong></span> <span class='ocrx_word' id='word_1_830' title='bbox 1859 2101 1876 2120; x_wconf 89' lang='grc' dir='ltr'>ο</span> 
     </span>
    </p>
   </div>
   <div class='ocr_carea' id='block_1_104' title="bbox 1080 2137 1875 2175">
    <p class='ocr_par' dir='ltr' id='par_1_104' title="bbox 1080 2137 1875 2175">
     <span class='ocr_line' id='line_1_104' title="bbox 1080 2137 1875 2175; baseline 0.003 -11"><span class='ocrx_word' id='word_1_831' title='bbox 1080 2137 1337 2171; x_wconf 86' lang='lat' dir='ltr'><strong>Nabuchodonosor,</strong></span> <span class='ocrx_word' id='word_1_832' title='bbox 1354 2139 1423 2166; x_wconf 88' lang='lat' dir='ltr'><strong>nosti</strong></span> <span class='ocrx_word' id='word_1_833' title='bbox 1439 2139 1523 2166; x_wconf 87' lang='lat' dir='ltr'><strong>filium</strong></span> <span class='ocrx_word' id='word_1_834' title='bbox 1538 2140 1604 2167; x_wconf 87' lang='lat' dir='ltr'><strong>Dei?</strong></span> <span class='ocrx_word' id='word_1_835' title='bbox 1619 2140 1714 2175; x_wconf 89' lang='lat' dir='ltr'><strong>Aspice</strong></span> <span class='ocrx_word' id='word_1_836' title='bbox 1729 2140 1799 2166; x_wconf 82' lang='lat' dir='ltr'><strong>hunc</strong></span> <span class='ocrx_word' id='word_1_837' title='bbox 1814 2140 1875 2166; x_wconf 78' lang='lat' dir='ltr'><strong>bar-</strong></span> 
     </span>
    </p>
   </div>
   <div class='ocr_carea' id='block_1_105' title="bbox 1080 2184 1874 2220">
    <p class='ocr_par' dir='ltr' id='par_1_105' title="bbox 1080 2184 1874 2220">
     <span class='ocr_line' id='line_1_105' title="bbox 1080 2184 1874 2220; baseline 0.001 -10"><span class='ocrx_word' id='word_1_838' title='bbox 1080 2184 1172 2211; x_wconf 88' lang='lat' dir='ltr'><strong>barttm</strong></span> <span class='ocrx_word' id='word_1_839' title='bbox 1187 2184 1346 2220; x_wconf 87' lang='lat' dir='ltr'><strong>prophetare</strong></span> <span class='ocrx_word' id='word_1_840' title='bbox 1360 2193 1392 2212; x_wconf 82' lang='lat' dir='ltr'><strong>ex</strong></span> <span class='ocrx_word' id='word_1_841' title='bbox 1404 2190 1514 2220; x_wconf 85' lang='lat' dir='ltr'><strong>aspectu</strong></span> <span class='ocrx_word' id='word_1_842' title='bbox 1527 2185 1594 2212; x_wconf 90' lang='lat' dir='ltr'><strong>solo.</strong></span> <span class='ocrx_word' id='word_1_843' title='bbox 1611 2185 1645 2212; x_wconf 84' lang='lat' dir='ltr'><strong>Et</strong></span> <span class='ocrx_word' id='word_1_844' title='bbox 1660 2186 1774 2218; x_wconf 73' lang='lat' dir='ltr'><strong>accessu,</strong></span> <span class='ocrx_word' id='word_1_845' title='bbox 1790 2191 1813 2212; x_wconf 85' lang='lat' dir='ltr'><strong>et</strong></span> <span class='ocrx_word' id='word_1_846' title='bbox 1828 2193 1874 2211; x_wconf 74' lang='grc' dir='ltr'><strong>ιιι)-</strong></span> 
     </span>
    </p>
   </div>
   <div class='ocr_carea' id='block_1_106' title="bbox 1079 2231 1874 2267">
    <p class='ocr_par' dir='ltr' id='par_1_106' title="bbox 1079 2231 1874 2267">
     <span class='ocr_line' id='line_1_106' title="bbox 1079 2231 1874 2267; baseline 0.001 -10"><span class='ocrx_word' id='word_1_847' title='bbox 1079 2232 1142 2258; x_wconf 84' lang='lat' dir='ltr'><strong>cavit</strong></span> <span class='ocrx_word' id='word_1_848' title='bbox 1157 2240 1199 2258; x_wconf 81' lang='lat' dir='ltr'><strong>eos</strong></span> <span class='ocrx_word' id='word_1_849' title='bbox 1215 2239 1223 2258; x_wconf 91' lang='lat'><strong><em>:</em></strong></span> <span class='ocrx_word' id='word_1_850' title='bbox 1241 2231 1263 2258; x_wconf 88' lang='lat'><em>0</em></span> <span class='ocrx_word' id='word_1_851' title='bbox 1274 2231 1413 2264; x_wconf 86' lang='lat' dir='ltr'><strong>Sedraclte,</strong></span> <span class='ocrx_word' id='word_1_852' title='bbox 1433 2232 1557 2264; x_wconf 76' lang='lat' dir='ltr'><strong>Misaclte,</strong></span> <span class='ocrx_word' id='word_1_853' title='bbox 1579 2232 1724 2267; x_wconf 72' lang='lat' dir='ltr'><strong>Abdettago,</strong></span> <span class='ocrx_word' id='word_1_854' title='bbox 1741 2232 1804 2259; x_wconf 77' lang='lat' dir='ltr'><strong>servi</strong></span> <span class='ocrx_word' id='word_1_855' title='bbox 1825 2231 1874 2259; x_wconf 62' lang='lat' dir='ltr'><strong>Dei</strong></span> 
     </span>
    </p>
   </div>
   <div class='ocr_carea' id='block_1_107' title="bbox 1078 2276 1872 2312">
    <p class='ocr_par' dir='ltr' id='par_1_107' title="bbox 1078 2276 1872 2312">
     <span class='ocr_line' id='line_1_107' title="bbox 1078 2276 1872 2312; baseline 0.003 -10"><span class='ocrx_word' id='word_1_856' title='bbox 1078 2276 1204 2309; x_wconf 82' lang='lat' dir='ltr'><strong>altissimi,</strong></span> <span class='ocrx_word' id='word_1_857' title='bbox 1217 2277 1374 2312; x_wconf 79' lang='lat' dir='ltr'><strong>egredimini,</strong></span> <span class='ocrx_word' id='word_1_858' title='bbox 1387 2281 1409 2303; x_wconf 84' lang='lat' dir='ltr'><strong>et</strong></span> <span class='ocrx_word' id='word_1_859' title='bbox 1421 2278 1509 2304; x_wconf 83' lang='lat' dir='ltr'><strong>uenite.</strong></span> <span class='ocrx_word' id='word_1_860' title='bbox 1523 2277 1598 2304; x_wconf 92' lang='lat' dir='ltr'><strong>Vide.</strong></span> <span class='ocrx_word' id='word_1_861' title='bbox 1613 2277 1670 2304; x_wconf 90' lang='lat' dir='ltr'><strong>Non</strong></span> <span class='ocrx_word' id='word_1_862' title='bbox 1680 2276 1759 2311; x_wconf 84' lang='lat' dir='ltr'><strong>jussit</strong></span> <span class='ocrx_word' id='word_1_863' title='bbox 1769 2278 1872 2304; x_wconf 67' lang='lat' dir='ltr'><strong>castiu-</strong></span> 
     </span>
    </p>
   </div>
   <div class='ocr_carea' id='block_1_108' title="bbox 1077 2322 1868 2358">
    <p class='ocr_par' dir='ltr' id='par_1_108' title="bbox 1077 2322 1868 2358">
     <span class='ocr_line' id='line_1_108' title="bbox 1077 2322 1868 2358; baseline 0.003 -10"><span class='ocrx_word' id='word_1_864' title='bbox 1077 2322 1120 2356; x_wconf 79' lang='lat' dir='ltr'><strong>gui</strong></span> <span class='ocrx_word' id='word_1_865' title='bbox 1142 2322 1275 2350; x_wconf 85' lang='lat' dir='ltr'><strong>fornacem</strong></span> <span class='ocrx_word' id='word_1_866' title='bbox 1297 2331 1304 2349; x_wconf 88' lang='lat'><strong>:</strong></span> <span class='ocrx_word' id='word_1_867' title='bbox 1326 2323 1373 2350; x_wconf 87' lang='lat' dir='ltr'><strong>sed</strong></span> <span class='ocrx_word' id='word_1_868' title='bbox 1394 2323 1477 2358; x_wconf 85' lang='lat' dir='ltr'><strong>quid?</strong></span> <span class='ocrx_word' id='word_1_869' title='bbox 1494 2323 1602 2350; x_wconf 83' lang='lat' dir='ltr'><strong>Vncavit</strong></span> <span class='ocrx_word' id='word_1_870' title='bbox 1625 2331 1682 2355; x_wconf 88' lang='lat' dir='ltr'><strong>eos,</strong></span> <span class='ocrx_word' id='word_1_871' title='bbox 1702 2330 1730 2350; x_wconf 89' lang='lat' dir='ltr'><strong>ut</strong></span> <span class='ocrx_word' id='word_1_872' title='bbox 1753 2324 1868 2351; x_wconf 66' lang='lat' dir='ltr'><strong>exirent.</strong></span> 
     </span>
    </p>
   </div>
   <div class='ocr_carea' id='block_1_109' title="bbox 1079 2366 1872 2403">
    <p class='ocr_par' dir='ltr' id='par_1_109' title="bbox 1079 2366 1872 2403">
     <span class='ocr_line' id='line_1_109' title="bbox 1079 2366 1872 2403; baseline 0.005 -10"><span class='ocrx_word' id='word_1_873' title='bbox 1079 2366 1158 2394; x_wconf 88' lang='lat' dir='ltr'><strong>Vides</strong></span> <span class='ocrx_word' id='word_1_874' title='bbox 1166 2367 1320 2394; x_wconf 92' lang='lat' dir='ltr'><strong>miraculum</strong></span> <span class='ocrx_word' id='word_1_875' title='bbox 1331 2375 1453 2403; x_wconf 84' lang='lat' dir='ltr'><strong>magnum</strong></span> <span class='ocrx_word' id='word_1_876' title='bbox 1464 2373 1488 2395; x_wconf 90' lang='lat' dir='ltr'><strong>et</strong></span> <span class='ocrx_word' id='word_1_877' title='bbox 1498 2368 1746 2402; x_wconf 87' lang='lat' dir='ltr'><strong>ineredibile.Quod</strong></span> <span class='ocrx_word' id='word_1_878' title='bbox 1756 2370 1872 2397; x_wconf 78' lang='lat' dir='ltr'><strong>maxime</strong></span> 
     </span>
    </p>
   </div>
   <div class='ocr_carea' id='block_1_110' title="bbox 1077 2413 1872 2447">
    <p class='ocr_par' dir='ltr' id='par_1_110' title="bbox 1077 2413 1872 2447">
     <span class='ocr_line' id='line_1_110' title="bbox 1077 2413 1872 2447; baseline 0.004 -8"><span class='ocrx_word' id='word_1_879' title='bbox 1077 2418 1187 2440; x_wconf 88' lang='lat' dir='ltr'><strong>noverat</strong></span> <span class='ocrx_word' id='word_1_880' title='bbox 1201 2421 1247 2440; x_wconf 90' lang='lat' dir='ltr'><strong>eos</strong></span> <span class='ocrx_word' id='word_1_881' title='bbox 1260 2413 1441 2447; x_wconf 85' lang='lat' dir='ltr'><strong>deliniturum,</strong></span> <span class='ocrx_word' id='word_1_882' title='bbox 1461 2414 1486 2441; x_wconf 91' lang='lat' dir='ltr'><strong>id</strong></span> <span class='ocrx_word' id='word_1_883' title='bbox 1509 2414 1567 2441; x_wconf 86' lang='lat' dir='ltr'><strong>illos</strong></span> <span class='ocrx_word' id='word_1_884' title='bbox 1580 2415 1693 2442; x_wconf 88' lang='lat' dir='ltr'><strong>vocavit.</strong></span> <span class='ocrx_word' id='word_1_885' title='bbox 1718 2414 1788 2442; x_wconf 90' lang='lat' dir='ltr'><strong>Nihil</strong></span> <span class='ocrx_word' id='word_1_886' title='bbox 1809 2415 1872 2442; x_wconf 89' lang='lat' dir='ltr'><strong>huic</strong></span> 
     </span>
    </p>
   </div>
   <div class='ocr_carea' id='block_1_111' title="bbox 1076 2459 1871 2495">
    <p class='ocr_par' dir='ltr' id='par_1_111' title="bbox 1076 2459 1871 2495">
     <span class='ocr_line' id='line_1_111' title="bbox 1076 2459 1871 2495; baseline 0.003 -9"><span class='ocrx_word' id='word_1_887' title='bbox 1076 2459 1206 2486; x_wconf 86' lang='lat' dir='ltr'><strong>nobilitati</strong></span> <span class='ocrx_word' id='word_1_888' title='bbox 1220 2467 1267 2495; x_wconf 87' lang='lat' dir='ltr'><strong>par</strong></span> <span class='ocrx_word' id='word_1_889' title='bbox 1281 2465 1331 2488; x_wconf 88' lang='lat' dir='ltr'><strong>est.</strong></span> <span class='ocrx_word' id='word_1_890' title='bbox 1348 2460 1415 2487; x_wconf 84' lang='lat' dir='ltr'><strong>Audi</strong></span> <span class='ocrx_word' id='word_1_891' title='bbox 1432 2460 1503 2487; x_wconf 89' lang='lat' dir='ltr'><strong>enim</strong></span> <span class='ocrx_word' id='word_1_892' title='bbox 1520 2460 1603 2488; x_wconf 91' lang='lat' dir='ltr'><strong>Dcunt</strong></span> <span class='ocrx_word' id='word_1_893' title='bbox 1615 2460 1769 2488; x_wconf 89' lang='lat' dir='ltr'><strong>dicentem:</strong></span> <span class='ocrx_word' id='word_1_894' title='bbox 1785 2461 1871 2488; x_wconf 73' lang='lat' dir='ltr'><strong>Moses</strong></span> 
     </span>
    </p>
   </div>
   <div class='ocr_carea' id='block_1_112' title="bbox 1074 2505 1869 2542">
    <p class='ocr_par' dir='ltr' id='par_1_112' title="bbox 1074 2505 1869 2542">
     <span class='ocr_line' id='line_1_112' title="bbox 1074 2505 1869 2542; baseline 0.001 -10"><span class='ocrx_word' id='word_1_895' title='bbox 1074 2513 1159 2532; x_wconf 79' lang='lat' dir='ltr'><strong>servus</strong></span> <span class='ocrx_word' id='word_1_896' title='bbox 1171 2513 1240 2532; x_wconf 83' lang='lat' dir='ltr'><strong>meus</strong></span> <span class='ocrx_word' id='word_1_897' title='bbox 1255 2510 1368 2532; x_wconf 82' lang='lat' dir='ltr'><strong>mortuus</strong></span> <span class='ocrx_word' id='word_1_898' title='bbox 1382 2511 1416 2532; x_wconf 81' lang='lat' dir='ltr'><strong>est</strong></span> <span class='ocrx_word' id='word_1_899' title='bbox 1430 2505 1499 2541; x_wconf 78' lang='lat' dir='ltr'><strong>(Ias.</strong></span> <span class='ocrx_word' id='word_1_900' title='bbox 1517 2506 1541 2533; x_wconf 87' lang='lat' dir='ltr'><strong>l.</strong></span> <span class='ocrx_word' id='word_1_901' title='bbox 1556 2505 1595 2542; x_wconf 77' lang='lat'><strong>‘2).</strong></span> <span class='ocrx_word' id='word_1_902' title='bbox 1612 2506 1656 2539; x_wconf 87' lang='lat' dir='ltr'><strong>Et,</strong></span> <span class='ocrx_word' id='word_1_903' title='bbox 1671 2505 1756 2540; x_wconf 79' lang='lat' dir='ltr'><strong>Isaac,</strong></span> <span class='ocrx_word' id='word_1_904' title='bbox 1776 2507 1869 2541; x_wconf 85' lang='lat' dir='ltr'><strong>inquit,</strong></span> 
     </span>
    </p>
   </div>
   <div class='ocr_carea' id='block_1_113' title="bbox 1073 2549 1868 2586">
    <p class='ocr_par' dir='ltr' id='par_1_113' title="bbox 1073 2549 1868 2586">
     <span class='ocr_line' id='line_1_113' title="bbox 1073 2549 1868 2586; baseline 0.004 -10"><span class='ocrx_word' id='word_1_905' title='bbox 1073 2558 1158 2577; x_wconf 71' lang='lat' dir='ltr'><strong>servus</strong></span> <span class='ocrx_word' id='word_1_906' title='bbox 1172 2555 1228 2577; x_wconf 82' lang='lat' dir='ltr'><strong>tuus</strong></span> <span class='ocrx_word' id='word_1_907' title='bbox 1241 2549 1318 2584; x_wconf 81' lang='lat' dir='ltr'><strong>(Gen.</strong></span> <span class='ocrx_word' id='word_1_908' title='bbox 1332 2551 1377 2578; x_wconf 68' lang='grc'><strong>24.</strong></span> <span class='ocrx_word' id='word_1_909' title='bbox 1393 2551 1449 2585; x_wconf 76' lang='grc'><strong>14).</strong></span> <span class='ocrx_word' id='word_1_910' title='bbox 1467 2551 1522 2578; x_wconf 85' lang='lat' dir='ltr'><strong>llae</strong></span> <span class='ocrx_word' id='word_1_911' title='bbox 1541 2551 1719 2586; x_wconf 86' lang='lat' dir='ltr'><strong>appellatione</strong></span> <span class='ocrx_word' id='word_1_912' title='bbox 1734 2552 1868 2580; x_wconf 76' lang='lat' dir='ltr'><strong>exsultant</strong></span> 
     </span>
    </p>
   </div>
   <div class='ocr_carea' id='block_1_114' title="bbox 1073 2595 1869 2632">
    <p class='ocr_par' dir='ltr' id='par_1_114' title="bbox 1073 2595 1869 2632">
     <span class='ocr_line' id='line_1_114' title="bbox 1073 2595 1869 2632; baseline 0.005 -11"><span class='ocrx_word' id='word_1_913' title='bbox 1073 2595 1171 2629; x_wconf 83' lang='lat' dir='ltr'><strong>angeli,</strong></span> <span class='ocrx_word' id='word_1_914' title='bbox 1187 2601 1213 2622; x_wconf 90' lang='lat' dir='ltr'><strong>et</strong></span> <span class='ocrx_word' id='word_1_915' title='bbox 1224 2595 1380 2629; x_wconf 89' lang='lat' dir='ltr'><strong>Cherubini,</strong></span> <span class='ocrx_word' id='word_1_916' title='bbox 1394 2601 1421 2624; x_wconf 87' lang='lat' dir='ltr'><strong>et</strong></span> <span class='ocrx_word' id='word_1_917' title='bbox 1433 2596 1585 2632; x_wconf 86' lang='lat' dir='ltr'><strong>Serapltini.</strong></span> <span class='ocrx_word' id='word_1_918' title='bbox 1599 2597 1653 2624; x_wconf 85' lang='lat' dir='ltr'><strong>Nec</strong></span> <span class='ocrx_word' id='word_1_919' title='bbox 1665 2598 1742 2624; x_wconf 88' lang='lat' dir='ltr'><strong>sicuti</strong></span> <span class='ocrx_word' id='word_1_920' title='bbox 1757 2603 1869 2625; x_wconf 90' lang='lat' dir='ltr'><strong>conten-</strong></span> 
     </span>
    </p>
   </div>
   <div class='ocr_carea' id='block_1_115' title="bbox 1073 2640 1866 2678">
    <p class='ocr_par' dir='ltr' id='par_1_115' title="bbox 1073 2640 1866 2678">
     <span class='ocr_line' id='line_1_115' title="bbox 1073 2640 1866 2678; baseline 0.004 -11"><span class='ocrx_word' id='word_1_921' title='bbox 1073 2640 1156 2668; x_wconf 89' lang='lat' dir='ltr'><strong>tiosus</strong></span> <span class='ocrx_word' id='word_1_922' title='bbox 1170 2641 1265 2676; x_wconf 89' lang='lat' dir='ltr'><strong>aliquis</strong></span> <span class='ocrx_word' id='word_1_923' title='bbox 1281 2641 1396 2675; x_wconf 85' lang='lat' dir='ltr'><strong>fecisset,</strong></span> <span class='ocrx_word' id='word_1_924' title='bbox 1416 2642 1442 2668; x_wconf 92' lang='lat' dir='ltr'><strong>in</strong></span> <span class='ocrx_word' id='word_1_925' title='bbox 1461 2641 1569 2670; x_wconf 82' lang='lat' dir='ltr'><strong>fornace</strong></span> <span class='ocrx_word' id='word_1_926' title='bbox 1592 2647 1748 2670; x_wconf 88' lang='lat' dir='ltr'><strong>tnanserunt</strong></span> <span class='ocrx_word' id='word_1_927' title='bbox 1763 2643 1838 2678; x_wconf 88' lang='lat' dir='ltr'><strong>pueri</strong></span> <span class='ocrx_word' id='word_1_928' title='bbox 1859 2652 1866 2670; x_wconf 89' lang='lat'><em>:</em></span> 
     </span>
    </p>
   </div>
   <div class='ocr_carea' id='block_1_116' title="bbox 1072 2686 1866 2723">
    <p class='ocr_par' dir='ltr' id='par_1_116' title="bbox 1072 2686 1866 2723">
     <span class='ocr_line' id='line_1_116' title="bbox 1072 2686 1866 2723; baseline 0.004 -10"><span class='ocrx_word' id='word_1_929' title='bbox 1072 2686 1119 2714; x_wconf 90' lang='lat' dir='ltr'><strong>sed</strong></span> <span class='ocrx_word' id='word_1_930' title='bbox 1133 2686 1221 2713; x_wconf 89' lang='lat' dir='ltr'><strong>statim</strong></span> <span class='ocrx_word' id='word_1_931' title='bbox 1235 2687 1393 2714; x_wconf 88' lang='lat' dir='ltr'><strong>obedierunt</strong></span> <span class='ocrx_word' id='word_1_932' title='bbox 1408 2696 1413 2714; x_wconf 91' lang='lat'>:</span> <span class='ocrx_word' id='word_1_933' title='bbox 1428 2691 1456 2715; x_wconf 90' lang='lat' dir='ltr'><strong>et</strong></span> <span class='ocrx_word' id='word_1_934' title='bbox 1470 2687 1503 2715; x_wconf 88' lang='lat' dir='ltr'><strong>ad</strong></span> <span class='ocrx_word' id='word_1_935' title='bbox 1518 2687 1692 2723; x_wconf 88' lang='lat' dir='ltr'><strong>spectandum</strong></span> <span class='ocrx_word' id='word_1_936' title='bbox 1709 2688 1866 2716; x_wconf 88' lang='lat' dir='ltr'><strong>tuiraculum</strong></span> 
     </span>
    </p>
   </div>
   <div class='ocr_carea' id='block_1_117' title="bbox 1071 2740 1336 2761">
    <p class='ocr_par' dir='ltr' id='par_1_117' title="bbox 1071 2740 1336 2761">
     <span class='ocr_line' id='line_1_117' title="bbox 1071 2740 1336 2761; baseline -0.004 -1"><span class='ocrx_word' id='word_1_937' title='bbox 1071 2740 1165 2760; x_wconf 87' lang='lat' dir='ltr'><strong>omnes</strong></span> <span class='ocrx_word' id='word_1_938' title='bbox 1177 2740 1336 2761; x_wconf 78' lang='lat' dir='ltr'><strong>CODVCIICI‘C.</strong></span> 
     </span>
    </p>
   </div>
   <div class='ocr_carea' id='block_1_118' title="bbox 1376 2801 1554 2830">
    <p class='ocr_par' dir='ltr' id='par_1_118' title="bbox 1376 2801 1554 2830">
     <span class='ocr_line' id='line_1_118' title="bbox 1376 2801 1554 2830; baseline 0.006 -2"><span class='ocrx_word' id='word_1_939' title='bbox 1376 2801 1489 2830; x_wconf 84' lang='lat' dir='ltr'><strong>CAPUT</strong></span> <span class='ocrx_word' id='word_1_940' title='bbox 1510 2802 1554 2829; x_wconf 89' lang='lat' dir='ltr'><strong>iV.</strong></span> 
     </span>
    </p>
   </div>
   <div class='ocr_carea' id='block_1_119' title="bbox 1106 2867 1866 2902">
    <p class='ocr_par' dir='ltr' id='par_1_119' title="bbox 1106 2867 1866 2902">
     <span class='ocr_line' id='line_1_119' title="bbox 1106 2867 1866 2902; baseline 0.008 -8"><span class='ocrx_word' id='word_1_941' title='bbox 1106 2867 1131 2895; x_wconf 79' lang='grc'><strong>1.</strong></span> <span class='ocrx_word' id='word_1_942' title='bbox 1155 2867 1207 2902; x_wconf 80' lang='lat' dir='ltr'><strong>Ego</strong></span> <span class='ocrx_word' id='word_1_943' title='bbox 1234 2867 1468 2897; x_wconf 77' lang='lat' dir='ltr'><strong>Nabuchodonosor</strong></span> <span class='ocrx_word' id='word_1_944' title='bbox 1492 2870 1623 2897; x_wconf 76' lang='lat' dir='ltr'><strong>abundans</strong></span> <span class='ocrx_word' id='word_1_945' title='bbox 1646 2879 1713 2897; x_wconf 81' lang='lat' dir='ltr'><strong>cram</strong></span> <span class='ocrx_word' id='word_1_946' title='bbox 1739 2871 1765 2898; x_wconf 89' lang='lat' dir='ltr'><strong>iu</strong></span> <span class='ocrx_word' id='word_1_947' title='bbox 1795 2874 1866 2900; x_wconf 70' lang='lat' dir='ltr'><strong>tit-mo</strong></span> 
     </span>
    </p>
   </div>
  </div>
