2072 3123
213 169 265 196 illi

213 234 278 257 mea,
294 230 317 252 at
331 225 424 260 florens
438 224 464 252 in
478 225 540 252 solio
554 233 617 257 meo,
636 229 658 251 et
675 225 774 260 pinguis
788 225 813 252 in
827 225 921 260 populo
934 233 1000 252 meo.

211 272 264 299 Cur
280 272 315 298 ita
331 271 380 298 hoc
389 271 506 306 scripsit,
518 276 544 299 et
557 280 608 298 non
622 272 727 305 scripsit
740 280 747 298 :
760 271 1004 299 Nabuchodonosor

212 321 268 344 erat
279 316 416 343 abundans
432 326 438 343 :
454 316 501 343 sed
515 316 589 351 quasi
604 324 636 343 ex
657 324 768 350 persona
785 316 874 344 illius?
888 317 951 344 Mihi
963 317 1002 344 vi-

211 362 307 389 dentur
320 362 376 389 haec
387 361 466 389 verba
479 362 560 396 ipsius
568 361 835 390 Nabuchodonosoris
848 370 916 390 esse.
926 363 1001 390 Post-

211 416 288 443 quam
302 408 373 435 enim
388 416 402 435 a
420 408 532 442 pristino
546 416 637 435 errore
650 408 796 443 collegerat
807 416 845 441 sc,
859 409 885 436 in
896 409 1000 444 publica

207 456 269 480 acta
288 461 334 481 eas
346 454 435 481 literas
449 454 575 482 retulerat
589 454 667 482 forte.
681 455 767 489 Ipsam
783 455 861 490 igitur
873 457 1000 483 constitu-

211 500 321 532 tionem,
337 505 364 526 ut
378 499 430 527 ﬁde
444 500 540 535 dignus
553 500 598 532 sit,
617 500 725 527 adducit
742 501 842 528 Daniel.
864 501 931 528 Natn
951 501 1000 528 lto-

211 545 311 572 minum
325 550 429 572 natura:
442 545 499 580 ipse
518 547 563 580 qui
581 553 674 580 passus
688 551 730 573 est
745 547 870 581 loquitur.
887 547 920 574 Et
936 548 999 575 mihi

209 591 297 624 aspice
315 595 440 625 quantum
456 591 645 619 documentum
663 592 698 619 sit
719 592 847 620 adversus
859 593 998 628 superbos.

210 638 230 662 A
245 637 368 671 superbia
384 637 454 664 enim
471 645 564 672 passus
579 642 620 664 est
640 645 813 672 quascumque
827 645 919 672 p:-ssus
932 643 972 666 est
990 647 997 665 :

209 686 236 709 et
250 683 366 710 ostendit
381 691 488 710 causam
502 684 643 718 superbiae,
661 689 715 711 tum
729 692 744 711 a
763 684 832 717 ﬁne,
848 689 901 711 tum
915 684 948 712 ab
960 686 1000 712 in-

209 728 257 754 itio
271 737 278 754 :
293 729 318 755 in
335 728 387 756 ﬁne
398 729 505 764 quidem
519 729 622 761 dicens,
635 729 760 762 Quoniam
775 738 860 757 omnes
879 731 999 765 superbo:

210 779 288 809 potest
313 775 446 802 Inimiliare
468 775 503 810 (υ.
526 775 589 810 5i);
614 776 639 802 in
661 776 791 811 principio
809 781 897 803 atttent
918 781 944 804 et
966 777 999 805 ab

208 820 323 846 exordiis
342 827 451 847 causam
474 821 605 855 superbire
624 821 732 848 docens.
759 821 795 849 lbi
817 823 914 849 etenim
937 830 997 850 eum

208 864 267 891 ideo
287 865 367 893 fuisse
387 865 554 893 bumiliatum
577 866 693 894 declarat
714 875 720 894 :
741 867 783 894 hic
806 875 869 895 vero
895 876 945 902 qua
965 868 998 896 de

207 917 285 937 causa
299 911 430 945 superbus
453 912 578 944 evaserit,
604 920 699 946 nempe
714 920 746 939 cx
768 920 801 940 eo
822 913 890 948 quod
914 914 997 942 multa

207 956 339 985 frueretur
354 957 497 989 felicitate;
517 960 556 985 sic
570 962 596 986 et
613 958 694 986 David
713 959 777 986 dicit
800 969 806 986 :
828 959 890 986 Ideo
903 968 944 987 eos
958 965 994 988 te-

206 1002 260 1030 nuit
281 1003 399 1038 superbia
412 1003 496 1039 (Psal.
513 1004 555 1031 72.
573 1004 600 1037 6)
616 1012 622 1030 ε
640 1005 674 1031 ita
695 1010 721 1031 et
744 1005 786 1032 hic
807 1005 904 1032 multas
923 1006 997 1040 ponit

207 1049 407 1083 prosperitates.
434 1050 462 1077 In
485 1050 613 1084 principio
638 1050 674 1077 ait
698 1051 857 1078 :Abundans
879 1060 947 1078 eram
969 1052 996 1078 in

205 1093 280 1120 domo
292 1102 357 1127 mea,
372 1099 394 1120 et
407 1094 501 1129 ﬂorens
514 1095 540 1121 in
554 1095 617 1122 solio
631 1103 694 1127 meo,
712 1100 734 1122 et
750 1095 850 1131 pinguis
863 1097 888 1122 in
902 1097 996 1131 populo

204 1146 269 1165 utea.
283 1138 340 1166 Non
353 1139 423 1168 enim
437 1138 495 1167 ﬁeri
510 1144 596 1174 potest
609 1145 637 1167 ut
652 1140 740 1168 omnia
754 1141 822 1167 bona
841 1141 919 1168 simul
932 1149 996 1169 con-

204 1188 322 1211 currant.
346 1184 481 1220 Contingit
501 1185 525 1212 in
544 1186 653 1221 imperio
668 1186 775 1221 quidem
797 1194 857 1214 esse
878 1186 993 1222 felicem,

203 1230 274 1257 domi
289 1238 353 1258 vero
366 1230 509 1265 infelicent,
522 1233 743 1266 quemadmodum
759 1233 887 1268 Herodes,
901 1243 994 1270 quem-

203 1272 346 1304 admodum
359 1277 457 1305 David:
470 1278 566 1306 accidit
575 1286 667 1306 rursus
675 1285 778 1312 contra,
793 1281 819 1307 in
828 1281 926 1316 popttlo
936 1282 995 1317 qui-

202 1321 263 1349 dctn
279 1321 409 1350 infelicem
421 1330 496 1356 esse;
507 1331 521 1350 a
533 1323 613 1351 domo
625 1329 714 1361 autem
727 1325 791 1352 nihil
804 1333 883 1361 grave
893 1334 924 1353 ac
936 1335 994 1354 mo-

203 1367 301 1395 lestum
309 1369 460 1398 sustinere:
474 1371 531 1398 ﬁeri
540 1371 619 1398 etiam
631 1377 719 1407 potest
730 1376 757 1400 ttt
770 1373 795 1400 in
806 1373 871 1401 urbe
884 1381 932 1408 pax
944 1375 992 1406 sit;

201 1419 229 1441 at
242 1422 351 1450 regnum
366 1417 521 1444 tumultibus
540 1418 683 1453 quatiatur.
705 1417 802 1446 Verum
824 1420 865 1447 isti
890 1421 993 1447 felicem

202 1460 318 1496 undique
330 1457 390 1489 esse
404 1462 514 1497 contigit
529 1472 535 1489 :
548 1463 612 1490 nihil
622 1468 680 1491 erat
689 1464 760 1499 quod
775 1464 859 1499 ipsutn
870 1466 992 1493 molestia

200 1505 328 1534 afﬁceret.
343 1506 424 1534 Vides
435 1512 562 1542 quantum
576 1509 674 1536 malum
686 1510 720 1537 sit
734 1511 836 1537 vacatio
847 1518 879 1538 ac
893 1512 994 1539 securi—

201 1553 260 1579 tas?
270 1551 344 1580 Sient
357 1554 428 1581 enim
439 1554 466 1581 in
476 1555 641 1590 corporibus,
653 1562 713 1582 cum
726 1564 779 1583 non
790 1564 822 1584 ex
834 1558 993 1586 necessitate

200 1598 369 1633 fatigationes
377 1604 404 1626 et
414 1600 601 1635 occupationes
612 1601 801 1635 suscipiuntur,
815 1602 848 1629 de
862 1602 990 1630 industria

199 1643 327 1677 quasdam
342 1645 520 1680 aggredimur,
537 1646 570 1673 ad
584 1647 703 1682 corporis
714 1648 872 1675 exercitium
888 1657 894 1676 :
915 1650 950 1676 ita
964 1655 991 1678 et

200 1690 270 1718 Deus
281 1689 369 1718 facere
379 1691 458 1724 solet,
467 1696 497 1719 ut
507 1693 577 1720 vires
590 1693 685 1720 nimias
694 1693 777 1720 tollat.
787 1694 813 1720 2.
825 1703 835 1720 ‹
852 1694 989 1723 Somnium

199 1735 263 1768 vidi,
278 1741 305 1763 et
319 1738 464 1771 perterruit
478 1745 530 1770 me,
542 1742 569 1766 et
582 1739 704 1767 turbatus
717 1748 774 1767 sum
791 1740 816 1767 in
829 1741 907 1768 cubili
918 1750 988 1776 meo,

199 1785 226 1808 et
239 1782 354 1809 visiones
369 1783 464 1817 capitis
477 1784 528 1811 mei
542 1785 768 1813 conturbaverunt
784 1794 837 1813 me.
851 1787 877 1814 5.
896 1788 927 1814 Ει
941 1796 989 1822 per

198 1835 241 1855 me
269 1828 433 1863 propositum
454 1834 497 1856 est
515 1829 664 1862 decretum,
680 1836 708 1858 ut
732 1832 932 1861 introducerent
960 1835 986 1861 in

197 1879 342 1907 conspectu
358 1881 417 1902 meo
438 1883 532 1902 omnes
551 1876 687 1910 sapientes
709 1877 863 1913 Babylonis,
877 1884 906 1906 ut
920 1887 986 1907 con-

199 1918 326 1947 iecturam
351 1920 447 1947 somnii
475 1921 623 1949 indicarent
644 1922 719 1949 mihi.
740 1933 749 1949 ›
767 1924 832 1951 Vide
854 1925 988 1960 quomodo

197 1965 270 1993 illum
282 1967 459 2002 comprimere
472 1967 537 2001 vult,
555 1976 606 1995 non
623 1976 711 1996 rerum
726 1971 908 2004 experimento
918 1991 925 2004 ,
940 1972 987 2000 sed

197 2011 345 2039 futurorum
371 2013 561 2048 prtetlietione;
581 2019 609 2042 et
634 2017 768 2050 quomodo
789 2018 906 2045 terribile
930 2023 988 2046 erat

196 2058 341 2085 somnium.
364 2056 418 2086 Cur
444 2059 524 2094 igitur
547 2068 618 2087 nunc
641 2069 747 2096 quoqtte
773 2071 826 2089 non
851 2063 987 2099 obstupuit

196 2103 307 2137 spiritus
321 2103 390 2138 ejus,
409 2112 458 2131 nec
485 2105 582 2132 somnii
607 2106 704 2134 oblitus
721 2113 772 2141 est,
798 2109 866 2135 sicut
885 2111 987 2137 antea?

195 2148 263 2182 Quia
277 2149 380 2177 scilicet
394 2158 454 2177 cttm
470 2151 561 2179 Daniel
578 2153 652 2186 prius
667 2153 803 2181 sufﬁciens
817 2156 986 2190 experimen-

196 2199 251 2231 tum
266 2195 392 2227 dedisset.
409 2196 531 2224 videlicet
546 2197 572 2224 in
587 2199 692 2225 somnio
706 2199 775 2233 quod
787 2207 964 2234 praecossorat
975 2223 983 2235 ,

195 2247 248 2266 non
264 2245 323 2267 erat
344 2240 470 2276 deinceps
486 2250 596 2270 necesse
617 2245 762 2272 secundam
782 2246 900 2274 adhiberi
925 2257 985 2282 pro-

194 2285 339 2312 batinnem.
353 2286 446 2314 Omnia
470 2289 567 2323 quippe
591 2289 660 2316 Deus
687 2291 855 2318 necessitatis
879 2294 961 2327 gratia
976 2315 982 2326 ,

194 2338 249 2358 non
273 2333 467 2365 ostentationis,
491 2340 626 2368 operatur.
654 2335 778 2371 Alioquin
800 2343 888 2365 autent
905 2344 932 2365 et
958 2340 983 2366 id

193 2378 223 2404 lit
237 2377 270 2404 ad
288 2378 485 2414 redarguendos
499 2388 599 2415 magos.
617 2381 682 2408 Nam
705 2390 738 2409 ne
762 2383 855 2410 iterum
870 2384 959 2412 dicant
975 2394 981 2413 :

193 2422 315 2459 Proferat
329 2432 373 2452 rea:
385 2426 511 2452 somnium
523 2447 529 2458 ,
544 2431 568 2453 et
588 2427 657 2454 illius
671 2428 840 2463 conjecturam
855 2431 984 2457 renuntia-

192 2469 274 2497 bimus
302 2478 348 2497 nos
362 2470 440 2506 (Dan.
459 2472 486 2498 2.
501 2473 527 2507 7)
542 2482 548 2499 :
563 2478 711 2508 arguuntur
733 2482 786 2501 non
814 2474 899 2503 solum
919 2477 981 2504 illud

192 2523 245 2542 non
257 2523 346 2550 posse,
360 2517 407 2543 sed
426 2526 513 2553 neque
526 2518 585 2545 hoc.
599 2519 749 2554 Nequibant
761 2520 849 2549 dicere
863 2522 960 2550 iterum
973 2532 980 2551 :

194 2570 202 2586 ι
216 2561 342 2594 Verbum,
352 2562 423 2596 quod
437 2570 480 2590 rex
494 2563 648 2599 interrogat,
663 2573 743 2600 grave
758 2571 798 2593 est
812 2575 818 2593 :
833 2571 860 2594 et
875 2575 926 2594 non
941 2573 983 2596 est

191 2607 287 2640 homo,
301 2608 348 2643 qui
369 2609 453 2643 possit
471 2608 618 2644 dijudicare
645 2610 718 2642 illud,
734 2612 784 2638 nisi
800 2612 854 2646 dii,
869 2621 980 2648 quorum

191 2663 243 2680 non
255 2659 297 2694 est
307 2654 435 2682 habitatio
446 2663 506 2682 cum
522 2656 592 2683 omni
605 2664 686 2683 carne
698 2667 707 2682 ι
722 2656 803 2692 (Ibid.
815 2666 837 2684 υ.
849 2658 903 2694 ll).
918 2659 981 2687 Inde

191 2699 284 2727 didicit
301 2707 388 2734 neque
404 2701 492 2735 priora
515 2709 548 2728 ex
569 2701 612 2728 illa
626 2698 725 2737 vulgari
739 2703 867 2738 sapientia
884 2705 980 2732 Danie-

191 2747 242 2774 Iem
258 2746 413 2781 protulisse.
430 2746 525 2774 Didicit
538 2747 679 2775 Chaldzeos
694 2755 778 2784 neque
799 2750 980 2784 superioribus

192 2793 357 2827 tctuporibus
370 2793 512 2828 quidquam
524 2794 579 2821 sani
589 2793 689 2822 dixisse
699 2804 705 2821 :
717 2796 785 2823 sicut
800 2796 912 2830 ipsemet
923 2797 960 2824 ait
972 2806 978 2823 :

191 2843 217 2865 at
232 2839 320 2866 nullus
335 2843 392 2866 erat
403 2840 449 2874 qui
463 2839 526 2867 illos
540 2840 834 2874 reprehenderet.Cum
848 2846 935 2869 autem
947 2843 979 2870 ad

191 2893 237 2912 eos
249 2886 322 2914 venit
334 2894 366 2913 ex
378 2885 469 2914 Iudaea
483 2886 684 2919 demonstratio,
699 2887 789 2915 Daniel
801 2896 907 2924 nempe,
924 2898 975 2917 non

901 168 933 196 ΙΝ
953 167 1138 196 DANIELEM.

1794 176 1845 204 ΞΗ

1054 225 1170 260 amplius
1190 225 1289 253 audent
1312 234 1344 253 ne
1358 227 1465 262 quidem
1489 227 1597 264 fingere.
1616 229 1696 264 lgitur
1711 239 1764 257 non
1787 235 1845 259 sine

1056 270 1221 304 providentia
1237 279 1329 299 rursus
1342 273 1378 299 illi
1395 279 1533 300 vocantur.
1549 274 1652 302 Etenim
1670 275 1845 311 admiratione

1055 315 1162 351 dignum
1178 321 1228 350 est,
1245 325 1324 352 quam
1340 317 1373 344 ob
1395 326 1450 345 rem
1475 326 1522 346 rex
1547 327 1606 346 cum
1624 321 1649 347 itt
1665 322 1743 348 tantis
1765 323 1845 350 rebus

1054 362 1264 396 experimentum
1283 366 1399 398 cepisset
1422 366 1569 399 potestatis,
1585 374 1636 401 qua
1650 368 1765 402 pollebat
1789 369 1844 397 Da-

1054 407 1121 439 niel,
1137 415 1189 434 non
1205 413 1292 436 tamen
1309 410 1423 444 primtnn
1440 418 1502 438 eum
1514 412 1628 439 vocavit.
1644 412 1759 447 lpsemet
1771 415 1842 442 enim

1055 451 1126 478 Deus
1139 451 1163 478 id
1178 453 1285 479 molitus
1295 459 1346 486 est,
1357 458 1385 481 ut
1396 459 1455 489 post
1469 463 1607 490 magorum
1617 457 1719 485 cladem
1731 459 1843 487 victoria

1054 502 1203 531 appareret.
1219 497 1360 525 Pet-terruit
1379 507 1427 532 me,
1444 500 1529 534 inquit
1546 510 1552 528 :
1569 506 1597 529 et
1618 510 1705 538 neque
1727 503 1767 530 sic
1785 512 1843 532 me-

1054 542 1105 568 lior
1121 543 1223 575 evasit;
1242 544 1289 571 sed
1316 545 1398 572 voluit
1421 546 1570 580 periculum
1594 547 1692 576 facere.
1716 549 1752 575 lta
1773 549 1844 577 Deus

1052 588 1168 623 undique
1182 589 1273 617 insons
1288 595 1326 617 est
1340 590 1427 627 (αλ-4.
1446 601 1455 617 ‹
1471 592 1505 619 Et
1518 593 1736 628 ingrediebantur
1750 595 1844 623 incau-

1054 639 1168 667 tatores,
1185 636 1271 670 magi,
1288 636 1428 669 Gazareni,
1445 637 1561 666 Chaldaei
1575 648 1582 666 :
1600 644 1627 667 et
1640 640 1771 668 somnium
1787 641 1842 669 dixi

1052 679 1078 706 in
1093 685 1236 714 conspectu
1257 689 1348 708 eorum
1365 690 1372 708 :
1387 687 1414 709 et
1427 683 1608 718 conjecturam
1626 685 1684 720 ejus
1705 693 1757 713 non
1772 687 1842 714 indi-

1052 730 1181 752 caverunt
1202 726 1277 758 milli,
1291 727 1318 753 5.
1333 727 1418 755 donec
1431 728 1498 756 alius
1514 729 1647 764 ingressus
1661 736 1702 759 est
1713 751 1720 763 ,
1737 732 1840 766 Daniel,

1052 769 1079 797 in
1093 776 1237 806 conspectu
1255 780 1315 799 meo
1326 793 1333 805 ,
1349 773 1425 807 cujus
1437 781 1533 802 nomen
1550 775 1684 810 Baltasar,
1696 779 1842 806 secundum

1052 823 1148 843 nomen
1169 817 1211 844 dei
1234 818 1353 854 mei,qui
1373 819 1493 853 spiritum
1517 821 1563 848 Dei
1586 821 1664 850 habet
1688 823 1713 849 in
1737 829 1842 851 seruet—

1051 861 1126 896 ipso:
1142 866 1168 889 et
1182 863 1313 890 somnium
1328 872 1416 891 eorum
1432 873 1464 892 eo
1479 865 1543 892 dixi.
1560 866 1653 900 Donec,
1669 868 1762 903 inquit,
1774 870 1841 896 alius

1049 907 1176 942 ingressus
1197 914 1233 935 est
1255 909 1280 935 in
1301 915 1435 945 conspectu
1456 919 1520 937 meo.
1540 911 1619 945 Quasi
1644 913 1784 940 immemor
1806 915 1840 941 ita

1051 953 1169 988 loquitur
1183 954 1231 991 (ὁ).
1246 955 1350 982 Etenim
1365 956 1440 983 multi
1453 957 1515 984 anni
1531 958 1716 992 praeterierunt
1726 981 1733 992 ,
1747 965 1774 986 et
1787 961 1841 987 cito

1049 1000 1208 1027 memoriam
1222 1002 1360 1036 amiserat,
1388 1006 1480 1037 utpote
1505 1006 1545 1030 tot
1564 1004 1636 1031 curis
1658 1005 1793 1038 obsessus,
1813 1010 1841 1033 et

1049 1052 1110 1072 cum
1136 1047 1216 1073 tantis
1243 1047 1348 1075 deliciis
1377 1048 1480 1075 vivens.
1510 1049 1593 1076 Porro
1621 1050 1710 1078 dicere
1741 1051 1840 1084 alium,

1049 1092 1153 1126 signum
1168 1097 1209 1120 est
1225 1100 1286 1120 eum
1300 1093 1376 1121 valde
1398 1094 1468 1122 illius
1483 1095 1595 1122 oblitum
1610 1103 1679 1123 esse.
1696 1096 1841 1123 Secundum

1048 1145 1138 1164 nomen
1149 1157 1156 1170 ,
1173 1138 1268 1173 inquit,
1285 1140 1324 1165 dei
1338 1140 1395 1166 mei.
1408 1140 1450 1166 An
1467 1140 1517 1168 hoc
1531 1140 1622 1168 dicere
1633 1142 1704 1169 vult:
1721 1143 1765 1169 Sic
1780 1151 1840 1171 eum

1048 1184 1177 1211 honoravi
1223 1190 1251 1212 ut
1265 1193 1278 1212 a
1293 1185 1344 1213 deo
1360 1194 1458 1213 nomen
1482 1186 1532 1214 hoc
1548 1187 1585 1214 illi
1609 1187 1748 1215 indidcrim
1760 1189 1770 1216 ?
1784 1189 1841 1216 Mos

1048 1230 1118 1257 cnim
1133 1235 1191 1258 erat
1206 1230 1257 1257 illis
1269 1251 1276 1263 ,
1293 1231 1327 1258 de
1341 1231 1453 1258 deorum
1474 1232 1583 1259 nomine
1602 1240 1699 1267 pueros
1713 1241 1775 1260 suos
1791 1242 1839 1261 no-

1048 1276 1151 1303 minare
1168 1284 1174 1302 :
1191 1277 1406 1312 quandoquidem
1422 1282 1449 1305 et
1462 1286 1495 1305 ex
1509 1277 1662 1307 hominibus
1676 1280 1741 1307 deos
1759 1280 1840 1308 facie-

1047 1322 1120 1349 bant.
1138 1323 1182 1351 Sic
1203 1323 1292 1356 Bclus,
1304 1324 1342 1351 sic
1364 1329 1391 1351 et
1405 1325 1507 1352 Delatus
1525 1325 1560 1360 (ε)
1573 1326 1679 1360 quidam
1695 1327 1764 1360 apud
1789 1335 1837 1354 nos

1046 1369 1196 1403 appellatus
1211 1375 1261 1396 est.
1278 1370 1386 1397 Scilicet
1405 1374 1544 1406 postquam
1563 1371 1699 1399 diemones
1711 1373 1836 1400 viderunt

1046 1421 1077 1441 ea
1094 1415 1197 1442 ratione
1211 1415 1333 1442 homines
1345 1415 1470 1443 honorari
1482 1423 1513 1443 ac
1525 1416 1589 1443 deos
1600 1417 1699 1450 vocari,
1710 1422 1736 1445 et
1750 1419 1798 1453 ipsi
1813 1419 1838 1446 id

1046 1461 1162 1488 aemulati
1184 1461 1347 1496 sunt.Cujus
1362 1462 1447 1497 gratia
1461 1462 1509 1496 ait,
1532 1462 1641 1495 Daniel,
1654 1464 1728 1499 cujus
1748 1473 1838 1492 nomen

1046 1505 1187 1533 Baltasar?
1199 1507 1265 1540 Quia
1286 1507 1332 1534 Dei
1346 1508 1469 1535 virtutem
1487 1508 1611 1535 habebat.
1631 1508 1659 1535 Id
1672 1510 1744 1537 enim
1768 1511 1838 1545 apud

1046 1552 1106 1578 illos
1119 1553 1235 1579 maximo
1249 1552 1344 1580 honori
1359 1557 1427 1580 erat.
1444 1553 1478 1579 Et
1492 1553 1640 1581 sustinebat
1656 1555 1745 1581 Daniel
1761 1562 1791 1582 se
1804 1556 1839 1582 ah

1045 1598 1097 1625 illis
1109 1607 1141 1626 eo
1155 1599 1263 1626 nomine
1274 1599 1394 1634 insigniri
1415 1607 1423 1627 :
1444 1607 1574 1634 nusqttam
1596 1605 1686 1627 autem
1700 1600 1758 1634 hic,
1774 1601 1837 1628 dum

1044 1646 1083 1671 sui
1108 1645 1271 1672 mentionem
1296 1645 1378 1679 facit,
1401 1645 1562 1673 Baltasarem
1596 1647 1713 1682 seipsum
1748 1649 1836 1674 nunti-

1044 1695 1099 1723 nat,
1114 1689 1159 1717 scd
1176 1690 1238 1725 quid
1251 1690 1262 1716 ‘i
1277 1689 1333 1726 Ego
1348 1689 1451 1717 Daniel.
1467 1690 1572 1724 Quanto
1595 1691 1697 1719 horrore
1711 1692 1836 1727 dignatus

1043 1741 1083 1764 est
1099 1736 1167 1770 regis
1180 1736 1259 1768 filius,
1274 1740 1347 1763 tanto
1361 1740 1387 1763 et
1405 1736 1455 1763 iste
1468 1745 1474 1763 :
1490 1737 1569 1763 etiarn
1584 1741 1646 1764 ante
1657 1739 1830 1771 experimen-

1043 1787 1108 1814 tum,
1121 1790 1153 1809 ex
1170 1782 1228 1816 ipso
1243 1786 1352 1816 aspectu
1367 1782 1438 1808 visus
1447 1786 1488 1809 est
1502 1782 1678 1810 admirabilis.
1692 1783 1746 1811 Nec
1758 1793 1832 1817 vero,

1043 1828 1176 1863 inquil,ex
1192 1828 1262 1855 illius
1272 1828 1369 1855 virtute
1383 1827 1536 1862 proferebat
1546 1835 1577 1855 ea
1588 1836 1647 1863 quae
1661 1829 1834 1864 loquebatur:

1072 1894 1107 1925 (α)
1125 1893 1290 1927 Pulcherrima
1304 1894 1357 1919 haec
1375 1895 1508 1927 sententia
1520 1894 1647 1927 desumpta
1671 1901 1701 1919 ex
1727 1895 1836 1927 Platone,

1040 1925 1084 1950 lib.
1105 1926 1132 1949 10
1156 1926 1246 1958 tte-pub.
1259 1926 1375 1958 nidore
1400 1929 1438 1958 est
1459 1925 1542 1958 m_u_ltis
1563 1925 1735 1958 ecclesiasticis
1759 1925 1835 1958 magi;

1039 1956 1210 1988 stris,rtustiuo
1222 1955 1338 1988 Apologia
1349 1957 1462 1988 secunda,
1476 1955 1552 1981 Clem.
1565 1955 1637 1980 Alex.
1652 1957 1744 1987 t‘azdag.
1758 1955 1834 1988 lihfl,

1039 1994 1092 2018 cap.
1104 1987 1119 2011 8
1128 2004 1135 2016 ,
1149 1990 1174 2010 et
1185 1990 1270 2010 stt-om.
1285 1987 1295 2010 1
1308 2003 1316 2015 ,
1329 1991 1354 2018 et.
1366 1987 1395 2014 ὃ,
1408 1987 1524 2017 Gregorio
1540 1991 1591 2011 ΜΖ.
1611 1991 1676 2018 orat.
1689 1989 1703 2011 5
1713 2007 1719 2015 ,
1732 1987 1835 2014 Eusebio

1040 2016 1090 2042 tum
1104 2021 1206 2048 Pracpar.
1220 2024 1306 2048 evang.
1328 2016 1370 2042 lib.
1384 2017 1399 2041 6
1408 2036 1415 2046 ,
1428 2016 1478 2042 cfti
1487 2034 1494 2046 ,
1514 2021 1564 2042 tum
1582 2018 1607 2043 in
1624 2017 1672 2042 ﬁue
1684 2018 1738 2042 libri
1751 2025 1833 2044 contra

1039 2048 1183 2072 Hieroclem.

1125 2079 1153 2102 Ιιι
1163 2082 1254 2107 (ἐγένεο,
1317 2081 1337 2103 οὗ
1347 2084 1418 2109 ῖτιρος,
1429 2091 1478 2110 Ῡῃσι,
1488 2084 1570 2108 nmo"
1582 2085 1655 2104 ἰνῶπιόν
1664 2092 1703 2110 μου.
1715 2081 1739 2108 ﬁ;
1751 2087 1832 2106 ἐπιλαθό-

1038 2123 1089 2140 pm;
1102 2115 1147 2134 um.
1159 2116 1207 2140 wn.
1220 2109 1326 2140 Legebat
1343 2109 1404 2139 apud
1424 2109 1621 2140 'theodotiouem,
1639 2116 1697 2140 ῖτιρις
1707 2130 1712 2139 ,
1723 2110 1793 2140 alius,
1808 2116 1833 2136 ut

1040 2144 1065 2173 et
1075 2140 1166 2171 legisse
1178 2140 1354 2173 't'heodoretum
1366 2143 1467 2173 constat.
1480 2143 1524 2164 Eos
1535 2140 1600 2173 enim
1613 2141 1670 2165 nihil
1683 2148 1778 2171 moror,
1791 2143 1831 2173 qui

1037 2171 1094 2194 dum
1104 2170 1229 2195 ’eouantttr
1248 2171 1396 2198 emendare.
1417 2170 1558 2198 depravant.
1571 2170 1606 2195 Ac
1623 2175 1691 2195 certe
1710 2179 1739 2196 ea
1759 2170 1832 2198 lectio
1867 2182 1870 2185 λ

1038 2178 1094 2194 uutn
1113 2178 1229 2195 COllallllll'
1248 2178 1396 2198 etnenuare.
1417 2178 1448 2195 ue
1459 2178 1558 2195 ll‘aVﬂﬂl-
1571 2178 1606 2195 AC
1623 2178 1691 2195 CCI‘le
1710 2179 1739 2196 ea
1759 2178 1831 2198 lCClIO

1038 2202 1142 2237 propius
1148 2201 1242 2237 accedit
1250 2201 1278 2225 ad
1292 2202 1420 2237 veritatem
1432 2178 1591 2229 Cilaldaicam.
1603 2208 1674 2237 quam
1686 2201 1741 2237 alia,
1755 2209 1831 2235 ίταῑμς,

1037 2232 1123 2257 accitis.
1138 2232 1212 2256 Mirari
1228 2232 1311 2263 itaque
1322 2232 1380 2256 satis
1389 2238 1437 2256 non
1448 2238 1544 2263 possum
1555 2232 1618 2262 quod
1631 2232 1669 2257 hic
1680 2232 1830 2258 observato.

1037 2264 1202 2294 Hieronymus,
1216 2267 1304 2295 przeter
1316 2266 1369 2286 Lxx
1383 2263 1539 2295 translatores
1548 2282 1554 2291 ,
1567 2264 1607 2293 qui
1620 2263 1671 2287 hinc
1681 2265 1757 2288 omnia
1770 2272 1830 2295 prae-

1037 2293 1169 2323 terieram,
1184 2297 1235 2318 tres
1250 2294 1358 2324 reliquos
1377 2293 1491 2325 collegam
1510 2294 1682 2325 interpretatos
1694 2301 1758 2319 esse.
1770 2293 1829 2324 Quid

1037 2301 1169 2323 temerant,
1184 2301 1235 2318 tres
1250 2301 1358 2324 reliquos
1377 2301 1491 2325 couegam
1510 2301 1682 2348 interpretatos
1694 2301 1758 2319 esse.
1771 2301 1828 2324 Qllld

1037 2325 1128 2360 igitur?
1139 2331 1169 2348 au
1181 2325 1303 2360 codicibus
1313 2325 1431 2360 corruptis
1442 2325 1556 2360 utebatur
1580 2325 1715 2360 oetissimus
1724 2327 1828 2360 scriptu?

1036 2354 1071 2380 r32
1090 2355 1231 2386 interpres?
1243 2355 1269 2386 ld
1281 2362 1341 2379 vero
1351 2354 1471 2379 aliirmare
1490 2355 1577 2379 durum
1596 2354 1686 2385 fuerit,
1709 2363 1763 2380 eum
1775 2354 1827 2382 ‘dici

1036 2391 1110 2417 queat
1123 2385 1177 2410 ideo
1189 2385 1313 2410 Danielem
1325 2392 1338 2410 a
1351 2385 1580 2410 habucbodonosoro
1591 2386 1737 2416 appellatum
1754 2387 1828 2412 colle~

1035 2424 1100 2446 gam,
1113 2417 1168 2452 quia
1180 2417 1242 2441 alter
1259 2418 1366 2452 ii-seitae
1380 2417 1501 2452 secundus
1513 2423 1526 2440 a
1538 2423 1600 2447 rege
1608 2421 1688 2451 esset.
1702 2418 1782 2449 Atque
1795 2420 1827 2443 ita

1037 2446 1129 2479 exponi
1138 2451 1218 2478 potest
1234 2446 1280 2472 vox
1292 2450 1367 2488 ῙἾἾΠΝ
1377 2468 1385 2481 ,
1399 2451 1424 2472 et
1436 2451 1458 2472 S.
1472 2446 1758 2479 ttieronyhuisacensur'a
1767 2453 1826 2474 Dru-

1035 2497 1064 2520 sii
1077 2495 1200 2518 vindicari.
1207 2493 1352 2525 Quamquam
1364 2497 1445 2519 autem
1454 2493 1489 2525 Vde
1496 2493 1693 2525 voce,mtm,bic
1702 2494 1826 2520 disserere

1036 2531 1105 2550 extra
1117 2532 1169 2549 rem
1182 2532 1236 2549 esse
1250 2524 1367 2552 videatur,
1381 2524 1485 2548 monebo
1498 2528 1586 2553 tamen,
1601 2524 1664 2548 illius
1675 2526 1825 2555 ignoratione

1035 2556 1122 2581 factutn
1135 2562 1204 2585 esse,
1219 2559 1245 2579 ut
1266 2555 1439 2579 disertissimus
1450 2555 1486 2579 vir
1498 2555 1617 2579 Antonius
1629 2559 1733 2580 Muretus
1744 2557 1767 2580 in
1781 2557 1826 2580 Va-

1034 2588 1123 2612 riarum
1135 2586 1266 2611 lectioutttn
1277 2586 1319 2618 lib.
1329 2586 1343 2618 _l
1357 2603 1364 2614 ,
1376 2592 1429 2616 cep.
1444 2586 1453 2618 l
1466 2605 1472 2614 ,
1487 2586 1583 2618 tertium
1597 2585 1726 2610 Isocratem
1739 2594 1825 2618 magno

1036 2625 1119 2642 errore
1137 2617 1290 2648 procuderet.
1304 2616 1408 2648 Aderam
1422 2617 1493 2640 etiam
1512 2616 1590 2648 locum
1610 2617 1720 2647 origcnis
1729 2635 1736 2647 ,
1750 2616 1825 2642 licini-

1035 2649 1066 2673 lia
1079 2649 1115 2681 tS_
1127 2647 1151 2681 in
1174 2652 1289 2681 nutrieras
1300 2654 1307 2671 :
1321 2647 1459 2681 (relegamus
1469 2653 1564 2681 ea‘qute
1579 2647 1603 2672 in
1620 2648 1718 2681 Bmtiele
1735 2649 1824 2680 scriptu

1034 2683 1088 2704 sunt
1100 2679 1130 2704 de
1142 2678 1303 2712 ipsopanielc
1314 2677 1423 2712 ethtt'imts
1434 2677 1518 2703 amicis
1529 2685 1590 2709 ejus.
1602 2679 1733 2710 Scripserat
1743 2677 1825 2710 (trige-

1034 2718 1087 2738 nes.
1102 2709 1184 2739 imlpcig,
1194 2710 1216 2733 id
1229 2713 1276 2738 est,
1288 2709 1366 2733 sociis.

1066 2741 1101 2772 (ε)
1119 2741 1146 2764 Ill
1157 2744 1252 2772 ϐιωεο,
1266 2745 1326 2772 Οὖτως
1338 2745 1348 2764 ὁ
1360 2745 1430 2772 adultos,
1442 2745 1487 2772 siqu
1498 2746 1528 2765 ul
1541 2745 1551 2765 ὅ
1565 2746 1645 2769 Βγξῗιιθς.
1656 2743 1742 2772 Magno
1750 2747 1823 2771 CllpC-

1033 2770 1096 2801 rem,
1102 2772 1178 2802 inquit
1186 2770 1327 2798 (zotclerius.
1339 2771 1368 2794 ad
1381 2771 1451 2801 hujus
1461 2771 1506 2795 loci
1518 2771 1695 2802 restitutionem
1705 2771 1760 2794 mihi
1769 2770 1821 2802 dari

1033 2801 1157 2836 antiquum
1166 2801 1276 2836 Codicem
1288 2808 1320 2825 ex
1330 2808 1380 2836 quo
1389 2801 1526 2836 istenoster
1535 2802 1672 2836 descriptus
1681 2801 1732 2836 fuiﬂt.
1746 2801 1822 2836 aliter

1034 2831 1098 2857 enini
1110 2833 1148 2856 vix
1161 2839 1188 2856 ac
1198 2839 1231 2856 ne
1243 2832 1281 2855 vix
1296 2831 1392 2862 quidem
1406 2832 1500 2856 videtur
1509 2838 1565 2856 esse
1574 2831 1694 2856 sanabilis.
1704 2831 1820 2861 Conjieic-

1034 2865 1096 2892 bam,
1107 2869 1117 2888 ό
1127 2870 1192 2892 Βῆλος,
1200 2866 1233 2891 et,
1247 2868 1257 2887 ὁ
1267 2869 1333 2890 nam.
1345 2862 1408 2890 Quod
1421 2866 1568 2894 postremum
1581 2862 1720 2894 vocabulum
1732 2862 1820 2894 legitur

1032 2895 1096 2926 apud
1107 2893 1289 2923 'l'ertullianunt,
1302 2897 1327 2918 ct
1339 2894 1362 2917 in
1374 2893 1583 2925 Pseudosibyllinis
1593 2893 1746 2917 carminibus.
