2072 3123
185 226 238 254 217

186 281 443 312 Nabuchodonosor;
455 285 481 307 et
490 285 516 307 tu
526 279 654 312 Baltasar,
666 278 844 314 conjecturam
853 277 905 309 die,
914 276 976 312 quia

186 336 280 356 omnes
292 328 425 362 sapientes
437 327 510 361 regni
530 326 581 353 mei
595 333 647 353 non
668 330 779 361 possunt
796 324 975 359 conjecturam

183 374 385 411 ejusdeclarare
398 372 515 400 mihi.Tu
526 376 612 399 autem
625 376 711 406 potes,
725 371 786 406 quia
799 370 913 405 Spiritus
927 370 973 397 Dei

186 426 294 448 sanctus
305 420 330 447 in
345 424 370 447 te
385 419 495 446 habitat.
510 418 575 452 Quia
586 425 680 445 omnes
694 418 827 452 sapientes
839 416 913 451 regni
925 416 977 444 mei

187 474 240 493 non
257 471 378 501 possunt.
400 473 409 490 ι
432 464 548 491 Noverat
559 463 586 490 id
601 463 696 490 iterum
717 462 807 489 lcetitia
822 461 977 489 aliecturum

189 512 344 544 Danielem;
362 517 454 538 omnes
467 509 570 537 scilicet
591 509 713 536 conﬁteri
737 515 766 536 se
780 508 864 536 victos
885 507 976 539 fuisse,

187 565 241 584 non
257 561 366 591 propter
377 555 488 591 gloriam
501 561 587 586 suam,
596 553 643 581 sed
659 558 687 580 ut
695 553 741 581 Dei
754 557 873 588 potestas
886 559 979 580 rursus

188 601 388 636 pmdicaretur.
411 600 452 628 Tu
474 604 565 631 autent,
590 598 685 634 inquit,
702 603 782 633 potes,
796 598 846 625 dic.
868 597 924 631 Qua
944 597 979 625 de

188 648 288 676 causa?
303 648 370 681 Quia
392 647 505 682 Spiritus
527 645 575 673 Dei
595 646 621 672 in
635 650 658 672 te
670 650 716 672 est.
731 645 796 673 Vide
821 645 882 672 hinc
903 645 977 672 illttm

188 694 316 728 incipere,
331 697 358 720 et
372 692 407 719 ibi
422 692 555 719 desinere.
578 691 621 718 17.
639 699 651 716 ι
666 691 763 724 Arbor,
777 697 855 725 quam
877 690 975 722 vidisti,

188 739 233 766 illa
254 738 421 774 magnificata
444 742 471 764 et
488 736 670 769 corroborata,
686 735 762 770 cujus
782 735 893 762 altitudo
915 742 973 769 per-

188 785 262 812 venit
280 785 307 811 in
324 784 428 816 caelum,
443 788 471 810 et
487 783 572 810 moles
585 782 643 817 ejus
656 782 682 808 in
697 782 845 809 universam
862 785 976 808 terram:

188 831 232 858 18.
247 834 275 857 et
294 829 357 856 l‘olia
378 829 435 864 ejus
455 828 594 861 ﬂorentia,
615 831 643 855 et
665 827 766 854 tractus
786 827 843 862 ejus
865 826 975 858 multus,

189 880 216 904 et
226 883 286 903 esca
299 875 421 902 omnibus
435 874 461 901 in
472 881 503 901 ea
517 882 524 900 :
540 874 632 901 subter
646 881 703 900 eam
720 873 874 900 habitabant
885 872 977 911 bestia:

188 925 317 956 agrestes.
329 925 357 947 et
371 920 396 947 in
409 919 491 947 ramis
505 919 562 953 ejus
576 919 707 953 degebant
717 919 837 945 vultures
849 918 917 950 ca-li,
932 918 975 945 t9.

189 971 217 993 ttt
238 973 278 998 es,
293 972 386 997 orex;
408 965 469 1000 quia
490 963 673 999 magniﬁcatus
693 971 722 991 es
741 968 768 991 ct
793 963 936 995 invaluisti,
951 967 977 990 et

188 1011 343 1047 magnitudo
357 1015 400 1038 tua
420 1010 587 1045 magniﬁcata
602 1013 654 1041 cst,
672 1014 699 1036 et
712 1009 834 1044 pervenit
846 1015 929 1043 usque
950 1009 976 1035 in

188 1058 293 1089 caelum,
309 1061 336 1083 et
349 1055 496 1083 dominatio
517 1059 560 1082 tua
583 1055 610 1082 in
629 1055 757 1082 terminos
779 1059 866 1081 terrae.
881 1053 925 1081 20.
943 1054 977 1080 Et

188 1103 259 1138 quod
274 1102 338 1130 vidit
352 1110 398 1130 rex
419 1102 453 1136 Ir,
468 1107 495 1130 et
508 1108 628 1129 sanctum
642 1101 848 1129 descendentem
863 1108 878 1129 e
891 1101 974 1133 eicio;

185 1152 216 1176 et
229 1148 313 1175 dixit:
327 1147 440 1175 Evellite
452 1147 587 1179 arborem,
601 1150 628 1174 et
641 1147 752 1174 evertite
765 1148 836 1174 illam
850 1154 858 1174 :
870 1154 976 1174 verum-

189 1197 277 1220 tamen
299 1200 406 1227 germen
432 1192 550 1219 radicum
571 1192 629 1226 ejus
650 1192 676 1219 in
699 1196 769 1219 terra
792 1192 880 1224 sinite,
902 1197 930 1219 et
950 1192 975 1218 in

188 1239 296 1266 vinculo
311 1239 397 1266 ferreo
409 1243 437 1265 et
449 1245 528 1270 εει-ρο,
543 1243 571 1266 et
590 1239 615 1265 in
633 1238 714 1266 herba
728 1246 787 1272 quae
809 1237 873 1264 toris
886 1241 938 1269 est,
951 1241 978 1264 et

188 1284 216 1311 in
239 1291 300 1310 rore
314 1283 371 1311 caeli
392 1284 576 1317 stabulabitur,
589 1288 616 1311 et
635 1291 695 1311 cum
718 1284 809 1311 bestiis
829 1284 977 1319 agrestibus

189 1337 251 1364 pars
273 1329 341 1364 ejus,
364 1329 450 1357 donec
474 1335 576 1364 septem
599 1335 718 1365 tempora
737 1334 872 1357 mutentur
897 1337 977 1364 super

187 1382 264 1402 eum:
275 1374 320 1401 2|.
335 1374 386 1402 hoc
398 1379 438 1403 est
452 1375 604 1410 conjectura
619 1375 687 1410 ejus,
702 1383 718 1402 ο
733 1382 790 1407 rex,
805 1379 833 1402 et
845 1376 975 1402 sententia

187 1420 317 1447 Altissimi
337 1423 389 1452 est,
408 1427 467 1455 qua:
491 1421 614 1455 pervenit
635 1427 715 1455 super
728 1419 865 1447 dominum
888 1428 976 1447 meum

187 1472 279 1500 regem
296 1473 303 1492 :
318 1465 363 1492 22.
386 1470 413 1492 et
431 1469 458 1493 te
475 1465 610 1500 expellent
629 1466 664 1492 ab
687 1465 854 1499 hominibus,
869 1470 896 1493 et
916 1473 976 1493 cttm

188 1511 282 1538 bestiis
295 1512 345 1539 erit
359 1511 488 1539 habitatio
503 1516 564 1544 tua;
588 1517 615 1539 et
629 1511 702 1540 farno
714 1516 743 1539 ut
755 1511 849 1539 bovem
869 1515 978 1546 pascent

189 1561 226 1589 te,
244 1561 272 1585 et
291 1564 306 1584 a
327 1564 388 1585 rore
401 1557 459 1585 οωιί
472 1558 588 1593 tingetur
606 1565 704 1592 corpus
727 1562 811 1589 tuum,
827 1562 854 1585 et
874 1562 976 1592 septem

190 1607 311 1638 tempora
329 1604 501 1631 mutabuntur
513 1612 593 1639 super
604 1609 640 1637 te,
653 1604 740 1632 donec
753 1605 822 1632 scias
834 1604 904 1639 quod
927 1604 977 1631 do-

190 1648 308 1675 minatur
317 1648 467 1676 Altissimus
482 1648 508 1676 in
522 1656 632 1684 regnum
644 1649 790 1681 hominum,
804 1654 830 1678 et
839 1650 881 1677 cui
892 1651 978 1676 visum

166 1694 169 1696 ’
190 1692 270 1720 fuerit
284 1693 357 1720 dabit
371 1694 446 1720 illud.
468 1694 513 1722 23.
536 1695 570 1722 Et
588 1695 650 1730 quia
668 1695 755 1722 dixit:
771 1695 855 1723 Sinite
869 1703 978 1731 germen

189 1738 309 1765 radicum
320 1739 424 1767 arboris
439 1748 445 1766 :
462 1747 572 1776 regnum
587 1745 659 1768 tuttm
676 1741 723 1769 tibi
738 1742 866 1774 manebit,
881 1749 914 1769 ex
926 1750 979 1776 quo

189 1785 348 1818 cognoveris
371 1789 530 1820 potestatem
545 1786 688 1814 cmlestem.
707 1797 716 1813 ι
733 1788 800 1820 Quid
823 1788 902 1822 igitur
924 1788 979 1815 ait?

189 1837 242 1864 quo
259 1835 334 1864 pacto
343 1831 501 1859 calamitatis
513 1832 609 1860 solutio
620 1834 774 1868 continget?
784 1834 829 1862 24.
843 1843 853 1859 ι
869 1834 980 1868 Propter

191 1874 252 1906 hoc,
268 1883 324 1906 rex,
340 1876 480 1903 consilium
494 1885 582 1905 meum
604 1878 708 1913 placeat
734 1879 797 1911 tibi;
821 1884 848 1906 et
870 1885 979 1914 peccata

189 1925 234 1947 tua
255 1921 280 1947 in
295 1921 471 1957 eleernosynis
486 1923 597 1956 redime,
610 1929 637 1951 et
649 1924 801 1959 iniquitates
814 1929 872 1952 tuas
887 1926 912 1952 in
927 1925 978 1952 mi-

190 1965 368 1993 serationibus
381 1974 525 2001 pauperum
535 1967 584 2004 (a).
594 1969 714 1996 Forsitan
731 1970 780 1997 erit
794 1971 979 2006 longanimitas

191 2010 296 2037 delictis
311 2012 373 2038 tuis.
394 2021 403 2037 ›
417 2013 484 2046 Quid
505 2014 555 2046 ais,
570 2013 690 2041 Forsitan
709 2015 777 2041 erit?
799 2021 826 2042 et
841 2016 980 2043 medicina:

192 2056 243 2082 vim
262 2057 311 2084 sub
322 2057 431 2085 dubium
448 2059 580 2093 quoddam
595 2061 753 2088 constituis?
767 2062 824 2088 Non
840 2067 979 2097 propterea

190 2102 256 2135 dixi,
272 2102 401 2135 Forsitan,
418 2112 505 2139 neque
518 2105 652 2139 dttbitans,
667 2106 745 2140 absit,
762 2107 808 2134 sed
821 2107 858 2134 illi
880 2113 979 2135 metum

191 2150 312 2175 incutere
326 2149 427 2181 volens,
443 2158 474 2177 ac
489 2151 511 2177 si
525 2158 602 2185 supra
614 2159 720 2179 omnem
736 2153 865 2180 medelam
879 2159 906 2181 ct
920 2162 979 2182 om-

190 2194 376 2221 nem'veniam
397 2201 543 2229 peccasset.
556 2197 621 2224 Nam
640 2198 662 2225 si
677 2199 756 2225 etiam
775 2204 914 2233 postquam
930 2200 980 2228 hoc

192 2238 229 2264 illi
243 2238 343 2265 dictum
358 2239 418 2273 fuit,
432 2241 458 2267 in
474 2241 574 2268 insania
597 2247 685 2270 tamen
707 2245 852 2278 permansit
868 2253 874 2271 :
897 2245 980 2272 multo

190 2283 275 2317 magis
293 2284 314 2310 si
330 2284 430 2319 absque
444 2286 614 2321 ambiguitate
638 2295 726 2315 sermo
752 2288 852 2316 fuisset.
874 2289 978 2317 Etenim

191 2326 217 2353 id
231 2335 336 2362 qttoque
351 2329 414 2356 alibi
426 2330 482 2357 vult
498 2330 581 2364 Deus,
591 2339 651 2358 cum
665 2340 712 2367 per
727 2333 881 2368 prophetam
895 2334 978 2362 dicit:

191 2373 222 2400 Si
232 2373 322 2400 laveris
337 2374 363 2401 in
378 2375 454 2408 nitro,
464 2376 590 2403 maculata
599 2385 625 2404 es
633 2385 717 2404 coram
729 2386 777 2411 me,
787 2378 847 2405 dicit
856 2379 979 2407 Dominus

191 2418 258 2453 (Jer.
274 2419 300 2446 2.
316 2420 373 2456 29.).
391 2421 423 2448 Et
436 2421 530 2449 iterum
545 2431 552 2449 :
569 2423 600 2450 Si
618 2424 724 2450 mutabit
737 2423 859 2460 fEt/tiaps
878 2426 978 2460 pellent,

190 2469 213 2490 et
223 2465 319 2499 pardus
334 2467 465 2494 varietates
478 2475 538 2494 sua:
556 2467 624 2501 (Jer.
638 2469 681 2496 i3.
695 2468 753 2503 25).
765 2469 840 2496 Sicut
856 2470 934 2504 igitur
945 2471 979 2497 ibi

190 2510 307 2537 excludit
320 2511 513 2546 ptenitentiam,
529 2521 582 2540 non
604 2517 633 2541 ut
647 2515 779 2547 excludat,
791 2514 836 2542 sed
852 2520 880 2542 ut
896 2515 979 2550 magis

191 2554 311 2583 homines
325 2561 422 2585 terreat
436 2566 443 2584 :
459 2557 494 2585 ita
507 2563 535 2586 et
557 2559 600 2587 hic
612 2560 704 2586 volens
717 2560 859 2587 ostendere
874 2561 978 2596 magni-

190 2601 308 2628 tudinem
332 2610 424 2629 eorum
440 2611 498 2638 qua:
514 2609 680 2639 peccaverat,
702 2605 782 2638 dixit,
798 2605 918 2633 Forsitan
929 2606 978 2642 (l1).
999 2610 1009 2616 ‘

221 2675 257 2706 (α)
276 2677 388 2701 Memoria
406 2677 495 2711 labitur
506 2682 590 2704 Noster
601 2680 700 2704 Humilia
712 2682 736 2705 in
749 2680 865 2705 Psalmum
876 2682 906 2706 95
916 2701 922 2711 ,
936 2682 978 2707 ubi

189 2705 371 2743 Ergetamquam
382 2708 412 2732 ad
424 2708 565 2734 Baltasarem
577 2710 640 2735 dicta
652 2712 751 2741 profert.
762 2715 871 2736 errorem
880 2705 979 2738 Joannis

183 2733 351 2773 Eht'p'sostomi
368 2743 487 2773 sequutus
499 2733 674 2773 gestitem-arrige;
683 2733 979 2773 itidiiib’FIISx‘niiiéTt'é

184 2763 348 2806 minuentis,
368 2763 802 2806 σοιιιεηεηρξέέί-ξῑέῖῖιξιέιὲῑῑιῑέ
820 2763 978 2806 armis“:

186 2794 524 2834 l‘ltiladelpltia:_metropolita
536 2794 577 2826 lib.
591 2794 978 2834 s'ﬁé‘séér'ahérinsf'indawénil

187 2832 231 2864 nes
241 2828 306 2864 idern
321 2828 581 2864 scripserat-(rigens
589 2833 614 2856 in
626 2833 705 2857 Matth.
718 2834 748 2858 ἳϐ
757 2853 763 2862 ,
775 2835 799 2863 6,
813 2838 860 2859 etc.
873 2834 882 2864 (
896 2828 978 2860 [tomi-

188 2856 326 2896 [Ii-tlle
337 2859 364 2883 in
372 2856 496 2896 't'satinum
503 2856 539 2887 ‘95
549 2869 596 2887 non
603 2870 655 2888 esse
664 2856 979 2896 Vc‘ltrgs'ostoiui‘di'iiniusuin

189 2890 275 2922 Mortuo
284 2890 318 2914 ad
327 2891 460 2922 currulem.)

218 2918 255 2949 (ὁ)
273 2922 356 2952 Longe
374 2918 496 2948 aliter'de
513 2923 615 2949 mutetis
628 2925 710 2950 verbis
726 2926 802 2952 sensit
817 2930 840 2951 S.
858 2926 979 2952 Salvianus

895 219 928 246 IN
947 217 1131 246 DANIEIJ‘ZM.

1767 219 1821 247 218

1032 276 1116 310 Quam
1131 279 1218 303 autem
1238 275 1273 303 ob
1287 282 1393 302 causam
1414 282 1466 302 non
1480 275 1547 302 dixit
1562 284 1569 301 :
1585 275 1726 305 iiumiiiter
1740 276 1774 304 de
1795 281 1821 305 te

1029 321 1116 353 senti;
1134 312 1221 348 Dcnm'
1234 321 1367 356 agnosce?
1380 321 1445 348 Nam
1460 321 1482 348 si
1507 325 1614 356 propter
1627 321 1679 350 hoc
1700 322 1749 349 ista
1772 330 1820 357 pa-

1031 367 1103 398 titur,
1116 371 1182 394 utet
1197 367 1253 402 ipse
1269 367 1315 399 ait.
1337 374 1418 402 quare
1432 367 1482 394 alia
1497 367 1666 394 adhortaris?
1690 368 1770 401 Dixit,
1787 368 1822 396 Ut

1029 417 1181 447 cognoscant
1190 413 1257 448 quod
1272 412 1416 439 dominatur
1426 412 1568 440 Altissimus
1582 413 1609 440 in
1622 421 1727 448 regnum
1740 414 1823 441 Itami-

1029 465 1100 484 num.
1115 457 1182 490 Quid
1205 459 1288 492 ergo?
1310 463 1339 484 ut
1361 458 1404 485 alii
1425 458 1610 492 emendentur,
1634 467 1684 494 ego
1707 460 1822 494 punior?

1030 502 1109 530 Nullo
1124 503 1203 530 modo
1220 513 1226 530 :
1242 503 1288 532 sed
1304 503 1329 530 in
1353 505 1457 531 somnio
1468 504 1586 538 quidem,
1601 512 1661 532 cum
1676 513 1728 532 non
1742 506 1822 534 vellet

1030 553 1122 583 aperte
1137 557 1191 576 rem
1207 550 1360 583 ostendere,
1375 550 1460 577 dixit:
1478 549 1512 577 Ut
1526 556 1677 586 cognoscant
1696 552 1822 580 uiuentes:

1030 594 1122 622 Daniel
1137 599 1224 622 autem
1237 595 1293 622 ait:
1311 594 1396 622 Donec
1415 601 1441 622 tu
1458 604 1605 631 cognoscas,
1622 597 1690 631 quod
1702 597 1822 625 domina-

1030 645 1071 668 tur
1088 642 1230 668 Altissimus
1243 643 1270 669 in
1281 650 1386 677 regnum
1399 642 1540 675 hominum,
1554 648 1579 670 et
1593 643 1636 670 cui
1651 644 1731 670 visum
1746 645 1822 680 fuerit

1030 686 1099 713 dabit
1118 686 1194 713 illud.
1207 686 1286 714 Vides
1303 687 1436 721 quomodo
1451 687 1493 714 hic
1511 688 1545 715 de
1565 688 1716 716 humilitate
1729 689 1818 717 disse-

1029 731 1133 759 ruerit?
1158 732 1192 758 At
1206 731 1232 759 in
1251 732 1354 759 somnio
1366 732 1483 766 quidem,
1500 733 1594 767 inquit,
1609 734 1658 761 hoc
1672 735 1818 762 remedium

1029 777 1127 804 dictum
1143 782 1184 805 est
1201 786 1207 804 :
1228 785 1276 812 ego
1296 783 1384 804 autem
1409 782 1436 805 et
1449 779 1518 806 aliud
1532 778 1622 806 ali‘cro.
1637 780 1818 812 Quemadmo-

1029 822 1091 850 dum
1105 823 1212 857 quando
1226 823 1307 849 iratus
1319 828 1360 850 est
1376 824 1554 858 magistratus,
1564 824 1620 859 ipse
1634 825 1740 859 quidem
1755 825 1820 853 nihil

1029 868 1140 902 dixerit,
1156 868 1324 895 familiarium
1346 873 1434 896 autem
1464 869 1534 896 illius
1559 869 1666 904 quidam
1691 871 1821 899 accedens

1029 913 1061 940 ad
1075 920 1150 940 reum
1172 913 1265 940 dicet:
1290 913 1345 940 llnc
1370 913 1419 946 fac,
1435 919 1461 941 et
1484 913 1551 945 hoc;
1577 914 1609 941 da
1635 916 1771 949 pecunias,
1794 920 1822 943 et

1029 966 1111 994 scepc,
1127 963 1157 986 ut
1170 959 1303 994 possimus
1317 959 1421 994 eripere
1437 964 1462 986 te
1475 959 1509 986 ab
1528 959 1743 994 impendentibus
1764 968 1821 988 ma-

1029 1005 1070 1031 lis.
1085 1005 1131 1033 28.
1150 1014 1159 1031 ι
1182 1004 1249 1032 Cum
1264 1005 1351 1032 adhuc
1375 1013 1463 1032 sermo
1484 1010 1555 1032 esset
1570 1006 1595 1032 in
1611 1013 1658 1034 ore
1672 1007 1752 1042 regis,
1768 1014 1821 1034 vox

1028 1051 1062 1078 de
1074 1051 1141 1078 czelo
1155 1050 1223 1078 facta
1234 1055 1291 1078 est:
1307 1051 1365 1077 Tibi
1379 1051 1485 1083 dicitur,
1497 1051 1744 1080 Nabuchodonosor
1755 1060 1818 1080 rex:

1029 1103 1139 1130 regnum
1159 1099 1233 1122 tuum
1255 1095 1360 1122 transiit
1372 1102 1387 1122 a
1402 1100 1438 1129 te,
1457 1095 1501 1123 29.
1519 1100 1544 1122 et
1560 1097 1593 1124 ab
1610 1096 1761 1125 hominibus
1773 1105 1821 1125 ex-

1030 1142 1128 1176 pellent
1146 1146 1182 1174 te,
1197 1146 1224 1169 et
1237 1149 1297 1169 cum
1311 1141 1402 1169 bestiis
1423 1142 1473 1169 erit
1486 1141 1615 1170 habitatio
1630 1146 1684 1176 tua,
1700 1147 1728 1171 et
1746 1143 1820 1171 fama

1030 1192 1059 1214 ut
1073 1188 1168 1215 bovem
1181 1187 1306 1215 cibabunt
1321 1191 1347 1215 te
1362 1196 1370 1214 :
1384 1191 1411 1215 et
1423 1192 1525 1222 septem
1541 1192 1661 1223 tempora
1678 1189 1820 1216 mutabun-

1029 1237 1072 1260 tur
1084 1240 1165 1267 super
1180 1237 1216 1266 te,
1232 1232 1317 1259 donec
1330 1239 1475 1267 cognoscas
1491 1232 1553 1267 quia
1574 1232 1727 1260 dominatur
1741 1233 1820 1260 Altis-

1029 1279 1112 1305 simus
1125 1285 1207 1313 regno
1223 1278 1369 1310 hominum,
1378 1281 1406 1306 et
1419 1278 1462 1306 cui
1472 1279 1557 1305 visunt
1571 1277 1651 1306 fuerit
1662 1278 1735 1306 dabit
1745 1279 1820 1306 illud.

1029 1367 1072 1392 lib.
1083 1368 1160 1397 primo
1171 1366 1200 1391 ad
1212 1366 1340 1398 Ecclesiam
1351 1366 1496 1398 Catholicam
1509 1370 1574 1398 :Hoc
1585 1366 1664 1398 ipsum
1676 1366 1740 1398 quod
1751 1367 1820 1397 dicit.

1029 1396 1142 1429 Forsitan,
1155 1403 1221 1427 spem
1232 1397 1390 1429 indicat,_non
1406 1396 1522 1429 fiduciam
1533 1396 1666 1429 pollicetur.
1676 1396 1717 1429 νεεδ
1728 1405 1774 1429 quo
1785 1399 1821 1423 iu-

1031 1428 1107 1461 telligi
1115 1431 1199 1461 potest,
1210 1433 1283 1461 quam
1298 1427 1456 1461 dt/jicitejam
1464 1428 1489 1461 in
1499 1427 1699 1461 supremispositi
1710 1427 1820 1459 peccato-

1029 1464 1069 1491 res
1080 1458 1183 1491 Qualibet
1194 1458 1357 1491 muniﬁcentia
1371 1458 1404 1491 ad
1415 1458 1546 1491 perfectam
1557 1458 1729 1491 indulgentiam
1739 1466 1821 1491 perve-

1029 1489 1082 1524 nire
1188 1488 1300 1524 ,‘quando
1308 1488 1423 1524 prop/tetu
1429 1488 1481 1524 ipse
1490 1490 1530 1520 qui
1538 1488 1822 1520 suadct'propitiuiionem
1833 1518 1838 1523 ,

1030 1520 1076 1544 Dei
1085 1520 1414 1552 inquirendamgromdtere
1425 1523 1504 1545 tamen
1522 1526 1567 1544 non
1586 1526 1658 1552 ausus
1677 1523 1711 1552 est
1728 1527 1821 1552 prome-

1029 1550 1140 1582 rendam.
1151 1554 1197 1575 Dat
1206 1550 1330 1582 consilium
1340 1551 1370 1575 de
1380 1553 1444 1582 actu,
1456 1554 1479 1575 et
1491 1553 1569 1575 tamen
1581 1551 1674 1576 dubitat
1682 1550 1713 1582 de
1724 1550 1822 1582 effectu:

1029 1580 1174 1613 ltortruorem
1182 1587 1207 1606 se
1215 1581 1369 1613 agendi,»non
1380 1580 1524 1612 impetrandi
1532 1586 1655 1613 auctorcm
1665 1581 1732 1613 facit.
1739 1580 1822 1613 "Quare

1029 1610 1084 1636 ita?
1095 1612 1154 1642 Quia
1167 1610 1248 1636 omnes
1266 1611 1356 1636 scilicet
1376 1610 1513 1640 peccatores
1532 1611 1617 1636 debent
1635 1610 1680 1642 pro
1698 1618 1724 1637 se
1742 1610 1779 1636 ttat
1797 1613 1822 1638 in

1029 1642 1148 1674 supremis
1159 1645 1246 1674 cuncta
1257 1645 1364 1674 tentare»,
1374 1642 1419 1667 etsi
1430 1648 1477 1674 non
1494 1646 1592 1674 possim!
1603 1642 1653 1667 ulla
1664 1649 1821 1674 prwsuntere.

1029 1672 1063 1705 si
1070 1672 1134 1698 enim
1144 1672 1197 1705 regi
1207 1673 1324 1705 propheta
1331 1672 1376 1705 ille
1388 1679 1431 1705 per
1442 1672 1517 1697 soloin
1535 1673 1653 1705 bonorum
1660 1672 1821 1705 operumrtar-

1029 1703 1127 1739 gitatem
1145 1702 1277 1739 absolutum
1292 1702 1534 1739 indulgentiamhnon
1548 1702 1680 1739 promittit;
1689 1703 1822 1739 intelligere

1030 1737 1141 1765 peccator
1155 1740 1203 1765 non
1217 1737 1271 1759 acta
1287 1740 1398 1765 errorum
1413 1737 1550 1765 punitorum
1566 1738 1653 1765 potest,
1666 1738 1754 1765 mutatu
1767 1737 1790 1760 ei
1800 1739 1823 1760 et

1030 1763 1102 1796 qutun
1113 1763 1183 1796 larga
1194 1763 1220 1796 in
1231 1764 1348 1795 supremis
1359 1763 1522 1796 nuuiiﬁcentia
1537 1763 1596 1795 opus
1607 1763 1659 1794 est,
1671 1763 1712 1796 qui
1724 1765 1770 1790 uult
1781 1767 1822 1790 ob-

1030 1795 1106 1820 tinere
1118 1802 1133 1820 a
1147 1795 1245 1827 Domino
1263 1801 1307 1826 per
1325 1801 1406 1827 sin-am
1424 1795 1569 1820 devotionem
1579 1815 1586 1824 ,
1599 1796 1662 1826 quod
1678 1795 1729 1820 non
1748 1799 1823 1827 potest

1031 1832 1150 1857 usurpare
1163 1831 1207 1857 per
1217 1825 1302 1857 legem.
1317 1826 1348 1850 At
1360 1825 1542 1857 Cbrysostomtts
1552 1827 1577 1850 in
1588 1825 1684 1857 scriptis
1694 1825 1822 1851 suis'seni-

1031 1863 1076 1887 per
1092 1856 1124 1880 ad
1144 1856 1318 1910 indullgentiam
1336 1856 1479 1910 prepensiur
1496 1858 1592 1881 videtur
1605 1863 1611 1881 :
1625 1856 1656 1881 ex
1669 1864 1717 1888 quo
1733 1857 1822 1882 factum

1032 1891 1078 1910 est.
1090 1891 1118 1910 ut
1130 1888 1175 1910 iam
1192 1893 1206 1910 ο
1216 1889 1248 1910 im
1264 1887 1288 1910 in
1308 1893 1334 1910 ea
1346 1888 1450 1910 nmniam
1470 1887 1597 1910 inciderit:
1609 1891 1685 1910 utune
1696 1888 1726 1910 ab
1736 1888 1822 1910 obtre-

1032 1891 1078 1916 est,
1090 1891 1118 1911 ut
1127 1888 1175 1918 jam
1187 1887 1248 1919 rolim
1264 1887 1288 1910 iu
1308 1887 1450 1919 calumniam
1470 1887 1597 1919 inciderit;
1609 1887 1685 1919 utque
1696 1888 1726 1919 ab
1736 1888 1822 1912 obtre-

1031 1918 1161 1942 ctatoribus
1172 1918 1293 1949 obiectum
1306 1918 1351 1948 ipsi
1363 1919 1444 1948 fuerit,
1455 1918 1518 1949 quod
1530 1918 1693 1948 peccatoribus
1704 1918 1824 1944 licmtiam

1031 1949 1101 1980 duret
1111 1966 1118 1978 ,
1131 1948 1238 1980 docendo
1247 1947 1281 1972 sic
1296 1954 1304 1973 .'
1316 1947 1337 1972 si
1348 1949 1434 1980 iterum
1447 1947 1546 1980 pecces,
1559 1948 1645 1973 iterum
1661 1949 1824 1980 pwnitenlium

1031 1979 1112 2010 agito;
1124 1982 1146 2004 et
1157 1978 1246 2009 quoties
1255 1978 1392 2009 peccaveris
1402 1997 1408 2008 ,
1422 1978 1475 2004 veni
1490 1979 1522 2004 ad
1534 1985 1571 2004 me
1582 1996 1589 2009 ,
1602 1981 1624 2004 et
1636 1978 1678 2010 ego
1690 1983 1713 2004 te
1723 1982 1822 2004 curabo.

1031 2009 1067 2033 Ita
1079 2011 1161 2040 iniqua
1171 2010 1275 2040 synodus
1287 2009 1347 2040 apud
1361 2010 1468 2040 Photium
1481 2009 1633 2040 Bibliotheca:
1645 2009 1666 2034 c’.
1678 2010 1722 2038 59,
1735 2012 1824 2040 quibus

1032 2041 1097 2076 paria
1108 2039 1220 2076 soCrates
1229 2039 1339 2076 Historiae
1347 2039 1518 2076 ecclesiastica:
1531 2039 1573 2064 lib.
1584 2041 1671 2076 6,_cap.
1683 2041 1721 2065 19.
1732 2039 1824 2066 Verum

1031 2070 1051 2095 id
1073 2071 1128 2102 quis
1147 2071 1222 2102 divini
1245 2070 1354 2102 praesulis
1373 2071 1506 2095 doctrinam
1526 2077 1554 2095 ac
1574 2070 1722 2102 potissimum
1743 2078 1824 2096 mores

1032 2101 1130 2136 penitus
1148 2101 1269 2131 inspicere
1281 2101 1357 2136 velit,
1376 2107 1425 2136 non
1440 2101 1560 2136 dubitabit
1575 2101 1673 2136 mecum
1692 2108 1804 2136 asserere
1815 2119 1823 2132 ,

1032 2131 1099 2155 illum
1111 2136 1137 2156 ut
1149 2137 1207 2162 erga
1220 2137 1280 2155 vere
1291 2137 1319 2155 ac
1330 2132 1454 2155 humiliter
1466 2133 1613 2163 pmnitentes
1621 2133 1780 2161 mitissimum,
1791 2133 1824 2158 ita

1033 2163 1149 2187 adversus
1160 2165 1314 2186 contumaces
1325 2162 1508 2194 severissimum
1524 2163 1692 2194 l'uissc'atque
1710 2167 1823 2187 constan-

1034 2194 1151 2224 tissimum
1160 2209 1168 2221 ,
1181 2198 1284 2223 eamque
1303 2192 1443 2224 adhibuisse
1461 2194 1616 2218 meonomiam
1626 2211 1633 2223 ,
1646 2192 1694 2224 qua
1709 2201 1779 2218 usum
1795 2200 1824 2218 se

1034 2223 1108 2248 fuisse
1119 2222 1376 2256 beatissimusmat‘tyr
1388 2222 1519 2256 Bprianus
1537 2228 1640 2256 testatur
1651 2222 1676 2248 in
1687 2226 1759 2256 Epist.
1772 2226 1802 2256 55
1815 2233 1822 2249 :

1033 2257 1092 2285 opto
1101 2260 1180 2289 omnes
1191 2252 1358 2289 injEcclesiunj
1368 2252 1476 2289 regredi,
1488 2257 1543 2289 opto
1552 2254 1673 2289 universos
1684 2252 1824 2289 commilito-

1032 2290 1074 2318 nes
1084 2287 1177 2318 nostros
1188 2284 1255 2318 intra
1264 2284 1353 2318 Christi
1364 2288 1446 2318 castra
1453 2288 1478 2318 et
1485 2284 1539 2318 _l)ei_
1546 2285 1756 2318 Patrisdomicilia
1766 2293 1823 2318 con-

1031 2314 1098 2340 cludi
1112 2321 1121 2340 :
1133 2314 1228 2339 remitto
1238 2314 1327 2343 omnia,
1339 2315 1415 2339 multa
1430 2315 1555 2341 dissimulo
1565 2316 1644 2340 studio
1659 2320 1682 2341 et
1693 2320 1744 2341 toto
1754 2316 1823 2342 cotti-

1031 2346 1122 2380 gender
1127 2345 1293 2380 fraternitatis;
1303 2345 1375 2380 etiam
1386 2352 1440 2380 quit
1449 2346 1474 2370 in
1485 2351 1561 2380 neum
1568 2346 1691 2380 commissa
1702 2350 1766 2377 sunt,
1778 2354 1824 2373 non

1032 2376 1101 2409 pleno
1109 2376 1204 2409 judicia
1216 2376 1470 2409 religioniseramina;
1479 2377 1573 2402 delictis
1584 2376 1638 2408 plus
1651 2384 1722 2408 quam
1734 2382 1824 2409 oportet

1031 2407 1182 2440 rentittendis
1193 2413 1252 2437 pene
1263 2409 1314 2440 ipse
1326 2407 1448 2440 delinqtto;
1460 2407 1589 2439 amplector
1600 2407 1709 2439 promptu
1720 2407 1825 2440 etplane

1032 2437 1157 2470 dilectione
1168 2444 1223 2470 eum
1233 2437 1532 2470 penitentianreuerlentes
1542 2457 1548 2468 ,
1561 2437 1686 2470 peccatum
1701 2437 1771 2464 suum
1783 2447 1824 2464 su-

1032 2467 1163 2500 tisfactione
1174 2467 1259 2500 humili
1271 2472 1293 2493 et
1305 2468 1410 2500 sitnplici
1422 2467 1566 2499 conﬁtcntes.
1577 2469 1601 2494 si
1612 2469 1654 2500 qui
1664 2474 1743 2495 autent
1755 2475 1824 2499 sunt,

1032 2498 1072 2530 qui
1083 2502 1166 2530 putant
1178 2505 1203 2523 se
1214 2499 1251 2532 ad
1257 2498 1388 2532 Ecclesium
1398 2506 1444 2524 non
1456 2498 1576 2532 precibus,
1588 2498 1632 2532 sed
1643 2500 1714 2526 minis
1727 2498 1824 2532 regredi

1032 2528 1100 2560 posse
1108 2547 1115 2558 ,
1127 2533 1167 2553 aut
1179 2529 1315 2554 exislinmut
1327 2529 1420 2554 aditum
1431 2528 1512 2555 se'sibi
1524 2537 1570 2555 non
1586 2528 1790 2557 ιιιγηίιηιαιίθηὶίὶιιδ
1801 2537 1825 2558 et

1031 2560 1232 2594 sutis/actionibus
1242 2577 1250 2589 ,
1261 2561 1304 2585 sed
1317 2561 1448 2585 terroribus
1465 2562 1558 2594 facere,
1572 2568 1617 2594 pro
1629 2566 1694 2594 certo
1705 2563 1805 2588 ltobetmt
1814 2580 1823 2594 ,

1032 2595 1119 2625 contra
1132 2591 1192 2625 tales
1210 2591 1320 2625 clausam.
1331 2594 1396 2616 stare
1415 2592 1546 2625 Ecclesium
1566 2591 1678 2622 homini,
1691 2600 1733 2618 nec
1745 2591 1826 2619 castra

1031 2621 1120 2646 Clu-isti
1131 2621 1219 2646 invicta
1229 2625 1252 2646 et
1262 2621 1349 2652 fortia,
1369 2625 1393 2646 et
1411 2622 1511 2647 Immitto
1529 2627 1608 2648 tuente
1627 2628 1734 2653 munita.
1755 2625 1826 2650 minis

1031 2652 1117 2677 cedere
1126 2671 1133 2680 ,
1147 2655 1235 2686 etc._t1t
1249 2656 1277 2677 ut
1287 2655 1334 2686 est,
1347 2654 1431 2686 negari
1443 2657 1512 2678 certe
1523 2655 1609 2686 nequit
1620 2673 1626 2683 ,
1639 2656 1695 2686 qttin
1708 2655 1825 2685 facilitas.

1031 2689 1102 2715 quam
1111 2683 1229 2715 nonnulla
1242 2684 1316 2714 patris
1328 2685 1396 2708 aurci
1417 2686 1492 2715 verba
1511 2683 1662 2715 prmlerunt',
1673 2683 1826 2712 occasionem

1031 2714 1128 2746 dederit
1141 2715 1420 2746 posterioribusrct'zecis,
1435 2714 1536 2738 multum
1548 2715 1580 2740 de
1592 2722 1718 2746 pinnarum
1731 2724 1744 2740 a
1755 2724 1826 2741 catio-

1031 2745 1103 2768 nibus
1122 2745 1286 2777 impositarum
1306 2745 1389 2777 rigore
1407 2747 1566 2776 retmttendi;
1587 2745 1614 2770 ut
1637 2746 1723 2777 legere
1744 2752 1782 2772 est
1800 2748 1826 2772 in

1032 2781 1116 2799 eorum
1121 2775 1333 2807 pmuitentialibus
1346 2775 1415 2800 libris
1423 2794 1430 2805 ,
1442 2776 1609 2807 imprimisque
1620 2775 1717 2801 Joannis
1728 2781 1825 2807 Jejuna-

1032 2783 1116 2799 eorum
1137 2783 1333 2800 imuttenuannus
1346 2783 1430 2805 unns,
1442 2783 1609 2807 unprtmtsque
1620 2783 1717 2801 Joannis
1728 2783 1824 2807 ieiuna-

1032 2807 1097 2829 toris.
1121 2783 1189 2830 idem
1212 2807 1349 2838 generatim
1372 2807 1496 2830 observari
1523 2807 1600 2832 debet
1624 2807 1656 2831 de
1682 2808 1824 2838 quibusdam

1031 2841 1143 2868 veterum
1155 2840 1250 2867 patrum
1261 2837 1340 2866 dictis,
1349 2838 1412 2867 quod
1424 2842 1507 2861 eorum
1520 2842 1628 2862 mentem
1642 2837 1824 2868 notiawaquuti

1031 2867 1079 2891 sint
1090 2869 1251 2896 recentiores,
1265 2868 1338 2891 etiam
1346 2868 1439 2899 latini;
1451 2874 1514 2899 quos
1530 2869 1595 2892 inter
1607 2869 1723 2892 inventus
1734 2867 1826 2898 estqui

1032 2898 1186 2951 pnipaiteptias
1202 2899 1329 2922 cauonicas
1340 2898 1498 2928 (horrendum
1510 2899 1585 2929 dictu)
1605 2899 1769 2927 comi/trinam
1784 2906 1828 2929 ap-

1032 2934 1062 2951 Ιλιξ
1096 2935 1123 2951 re
1136 2944 1143 2951 .

1032 2932 1143 2958 leuaret.
