2049 3133
242 207 294 236 219

243 264 286 291 50.
313 262 412 290 Eadem
436 262 501 289 hora
524 267 613 289 sermo
632 259 780 294 completus
800 261 840 285 est
851 263 931 291 super
943 255 1031 282 Nabu-

242 308 468 338 chodonosorem,
483 309 512 334 et
527 305 561 332 ab
576 304 727 331 hominibus
738 302 865 337 expulsus
878 305 928 333 est,
945 305 971 327 et
986 300 1035 327 fm-

244 361 308 380 nutn
328 358 356 380 ut
372 353 420 380 bos
434 351 560 383 comedit,
576 355 602 377 et
616 358 630 376 a
645 357 705 376 rore
725 348 783 376 ca:li
797 354 894 382 corpus
917 347 975 381 ejus
992 347 1032 372 in-

244 398 343 425 lectum
357 402 409 431 est,
423 397 507 425 donec
527 395 614 430 capilli
630 395 687 429 ejus
701 400 729 420 ut
741 393 848 420 leonum
873 392 918 427 pili
940 398 1034 419 creve-

243 448 317 476 runt,
331 447 358 470 et
380 449 481 476 ungues
499 441 557 475 ejus
573 441 654 467 instar
678 438 805 474 unguium
828 437 895 464 avis.
913 446 922 463 ι
938 436 1034 471 Aspice

244 489 403 516 sententiam
418 494 477 522 qum
490 486 604 520 desuper
623 485 704 512 fertur
715 483 748 511 ad
761 484 846 519 ipsum
860 481 1034 510 Nabuchodo-

244 541 379 562 nosorem.
394 533 426 561 Et
436 532 468 560 ad
482 532 562 559 tinem
577 531 708 559 devenere
723 537 776 557 res.
786 528 925 564 Ignorasti,
938 527 1033 562 inquit,

244 579 388 606 humanam
416 578 591 611 nobilitatem,
616 578 641 604 in
669 577 814 604 bestiarum
842 574 1034 610 ignobilitatem

245 624 376 652 decidisti.
400 623 470 651 Nihil
491 623 693 659 ignominiosius
715 622 765 649 ista
792 629 820 648 re
843 620 899 648 fieri
921 623 1033 655 poterat,

247 679 333 706 neque
351 671 374 698 si
386 671 419 698 ad
432 673 624 706 paupertatem,
639 676 724 703 neque
732 668 760 696 si
773 667 806 694 ad
820 666 934 698 vincula,
950 672 1036 700 neque

246 717 267 743 si
283 716 316 743 ad
337 717 501 748 servitutem,
519 722 605 750 neque
629 714 651 742 si
670 714 703 741 ad
727 712 798 740 aliud
819 711 882 747 quid
905 710 1035 746 ejusmodi

246 761 320 788 illum
337 761 492 796 redegisset.
514 761 597 788 Porro
613 759 686 786 nullo
708 758 786 786 tuodo
805 765 865 786 eum
886 764 901 784 a
923 756 1055 783 uaturali‘

247 807 384 834 nobilitate
404 807 483 842 ejecit
500 816 507 834 τ
529 813 578 834 nec
598 813 694 840 corpus
715 805 787 832 illius
809 804 834 830 iu
854 803 946 831 bestia:
961 806 1037 829 ualu-

248 860 304 879 ram
326 852 438 879 mutavit
453 861 460 879 :
481 851 527 879 sed
549 851 612 878 illud
626 858 679 885 quo
692 849 726 877 ab
747 848 943 876 irrationalibus
955 847 1036 874 dista-

248 897 303 928 bat.
320 897 344 924 in
360 897 491 924 feritatem
508 896 660 923 transtulit?
675 894 814 928 Quomodo
837 893 936 928 igitur?
958 892 992 920 Ut
1011 897 1038 919 et

251 943 344 976 reliqui
367 942 470 969 discant
484 949 516 968 ex
542 942 612 968 illius
633 941 702 972 cibo,
717 945 743 968 et
768 948 800 967 ex
822 939 893 967 illius
916 944 1036 972 aspectu.

247 988 315 1022 Quid
329 994 417 1016 attlem
434 996 480 1022 per
495 988 550 1014 lucc
566 987 715 1014 docemur?
729 986 830 1020 Nempe
844 984 915 1021 quod
930 985 979 1012 etsi
994 991 1038 1011 ca-

248 1034 308 1061 dem
329 1033 406 1061 uobis
420 1041 472 1061 non
487 1033 624 1065 eveniant,
641 1038 728 1059 tanten
749 1031 846 1059 melius
867 1031 912 1058 illo
927 1038 979 1057 non
994 1038 1038 1056 su-

250 1087 308 1107 mus
323 1079 421 1112 affecti,
440 1079 545 1114 quando
560 1078 594 1106 iu’
606 1078 758 1113 superbiam
782 1082 827 1105 aut
849 1077 875 1104 in
895 1076 1038 1103 belluinatu

249 1127 475 1160 perturbationem
490 1126 648 1154 delabimur.
663 1126 733 1159 Quct
759 1132 829 1153 nunc
851 1132 903 1152 non
918 1131 995 1152 secus
1007 1131 1040 1151 ac

250 1171 493 1199 Nabuchodonosor
508 1172 562 1204 ille,
578 1171 671 1198 bestia:
695 1175 810 1198 mentem
829 1170 944 1198 habent!
972 1170 1039 1197 Audi

251 1215 339 1250 itaque
350 1215 478 1243 Joannem
494 1215 627 1243 dicentem
644 1225 650 1242 :
666 1215 810 1250 Serpentes,
821 1215 948 1250 genimiua
969 1215 1039 1248 vipe-

252 1268 338 1287 rarum
349 1260 454 1296 (Matth.
467 1261 492 1288 5.
506 1261 532 1287 7.
548 1266 571 1288 et
585 1260 630 1287 25.
651 1261 713 1294 33);
730 1265 756 1288 et
771 1267 862 1287 rursus
876 1259 957 1286 alium
980 1267 1040 1294 pro-

254 1307 361 1342 phetatn
376 1307 491 1334 aientem
505 1316 511 1334 :
530 1306 595 1341 Equi
610 1307 718 1341 [urentes
734 1306 760 1333 iu
775 1306 882 1341 feminas
893 1306 953 1341 facti
966 1310 1040 1338 situt;

253 1353 423 1388 unusquisque
439 1352 473 1379 ad
483 1361 587 1380 uxorem
605 1353 713 1387 proximi
727 1352 870 1379 ltt'nniebant
881 1352 946 1387 (.Ier.
959 1352 985 1379 5.
997 1352 1040 1387 8);

252 1403 280 1425 ct
293 1399 372 1425 alium
387 1397 472 1426 adhuc
484 1407 491 1425 :
505 1397 586 1426 Canes
601 1398 662 1425 muti
677 1406 727 1425 non
740 1399 846 1425 valentes
857 1397 950 1425 latrare
964 1396 1040 1432 (lsai.

254 1444 298 1471 56.
312 1444 373 1479 l0):
387 1449 412 1471 et
427 1444 507 1471 alium
523 1451 616 1472 rursus
629 1444 720 1479 vulpes
735 1444 912 1479 appellantem
935 1444 1041 1478 (Ezech.

255 1490 289 1517 t5
313 1489 352 1524 4).
366 1494 393 1517 et
404 1490 484 1517 alium
499 1490 629 1518 dracones
639 1497 670 1517 ac
684 1490 821 1517 basiliscos
833 1489 917 1525 (Psal.
932 1489 1040 1524 90.15).

256 1535 337 1562 lllnlto
350 1540 438 1562 autem
463 1535 580 1563 deterius
601 1541 641 1563 est
657 1543 716 1563 cum
741 1535 766 1561 in
789 1535 838 1563 hac
863 1535 916 1562 vita
939 1541 1042 1567 sumus,

255 1580 369 1613 efferari,
382 1587 460 1616 quam
473 1581 566 1608 cadent
580 1588 639 1608 cum
654 1580 913 1608 Nabuchodonosore
926 1579 1044 1615 pati.llle

254 1625 385 1660 siquidem
407 1626 472 1653 nihil
493 1626 555 1653 mali
570 1627 595 1653 iu
609 1626 726 1653 animum
739 1625 895 1653 admittebat
910 1634 917 1653 2
935 1633 983 1653 nos
993 1633 1043 1652 au-

255 1676 307 1699 tetn
321 1672 384 1699 dum
411 1673 446 1700 ita
471 1673 607 1700 innumera
630 1677 736 1707 peccata
761 1672 920 1707 colligimus,
945 1676 1044 1708 quanto

257 1717 362 1752 pejores
375 1718 541 1753 sumusjam,
555 1718 624 1745 sicut
637 1718 735 1745 dictum
750 1723 800 1745 est.
813 1718 861 1750 Qui
875 1723 962 1745 autem
975 1717 1044 1753 apud

254 1763 375 1790 ethnicos
384 1764 521 1798 sapientes
536 1763 708 1794 habebantur,
724 1764 860 1791 mutabant
879 1764 999 1791 homines
1018 1763 1044 1790 in

257 1809 363 1836 bestias.
379 1809 432 1836 Sed
453 1809 590 1837 videamus
604 1809 748 1843 quomodo.
778 1809 922 1837 Gentilium
937 1809 1044 1844 quidem

256 1854 487 1888 lliCL’llllOl‘pll0:cs
500 1854 594 1882 fabula:
609 1859 701 1886 erant;
719 1854 767 1881 ista
790 1859 879 1882 autem
897 1862 958 1882 vera
972 1859 1043 1882 sunt.

255 1900 311 1932 Qua
323 1899 394 1926 enim
405 1899 438 1927 de
448 1907 527 1927 causa
539 1899 661 1927 homines
673 1901 732 1927 illos
750 1901 938 1928 mutaverunt?
951 1901 1043 1928 Nulla:

255 1950 282 1972 at
303 1945 436 1980 Scriptura
452 1953 559 1973 causam
573 1953 679 1981 quoque
702 1946 821 1981 profert:
839 1947 872 1974 Ut
891 1952 1044 1982 cognoscant

255 1998 350 2022 annm,
359 1991 419 2026 quia
430 1991 574 2019 dominatur
582 1992 725 2019 Altissimus
736 2001 812 2028 regite
823 1992 1046 2021 ItominumNidcs
1063 2003 1067 2007 ·

256 2041 284 2063 ιιι
299 2037 387 2064 omnia
415 2037 469 2065 Deo
495 2037 632 2072 possibilia
646 2037 719 2065 sint?
744 2038 822 2065 etiam
846 2046 877 2065 ex
894 2038 1046 2066 hominibus

255 2083 354 2110 bestias
367 2083 464 2117 facere,
480 2088 508 2111 et
520 2088 635 2112 mentem
650 2084 771 2112 mutare?
785 2085 877 2120 Cogita
892 2089 989 2119 quanta
1004 2092 1046 2112 res

256 2133 328 2156 esset
340 2136 412 2161 cum,
425 2130 470 2164 qui
484 2133 561 2156 antea
575 2130 601 2156 in
613 2133 686 2157 tanto
699 2130 842 2164 Splendore
858 2130 976 2163 vixisset,
988 2138 1046 2158 cer-

256 2181 321 2202 nere
331 2181 391 2202 cttm
406 2174 498 2202 bestiis
508 2173 659 2210 degentem,
676 2175 786 2204 nudum.
800 2175 857 2202 Non
871 2175 942 2203 enim
956 2176 1047 2210 utique

256 2219 370 2246 formam
386 2220 514 2253 mutavit;
531 2220 743 2255 quandoquidem
763 2220 789 2248 id
811 2221 974 2248 horrendum
994 2229 1046 2248 nou

256 2265 360 2293 fuisset.
381 2266 433 2293 Cor
447 2271 536 2293 autem
549 2266 641 2293 bestia:
656 2266 791 2300 accepisse
815 2274 867 2293 non
890 2267 950 2294 ideo
971 2267 1046 2298 dicit,

257 2310 326 2345 quod
351 2315 440 2339 mente
466 2311 547 2339 fuerit
572 2312 713 2344 alienatus,
737 2311 782 2339 sed
806 2311 876 2346 quod
903 2311 1047 2339 humanum

257 2355 376 2383 animum
392 2356 501 2387 habens,
522 2361 618 2384 cuncta
641 2358 760 2383 sentiret.
783 2356 848 2383 Nam
864 2357 886 2384 si
902 2365 1048 2384 cottversus

259 2399 351 2428 fuisset
365 2401 391 2428 in
406 2402 528 2431 bestiam.
543 2410 572 2429 ea
587 2410 646 2437 qua:
667 2403 825 2430 eveniebant
842 2411 894 2430 non
906 2403 1046 2438 cognovis—

257 2451 308 2473 set.
321 2446 389 2479 Quid
405 2447 484 2482 igitur
498 2449 638 2482 significat,
653 2447 703 2475 Cor
716 2449 800 2475 bestia:
811 2448 899 2475 datum
912 2453 947 2476 est
961 2449 983 2475 ci
994 2442 1048 2483 in)?

259 2491 286 2517 ltl
303 2495 353 2523 est,
368 2493 478 2526 agrestis
493 2501 524 2521 ac
544 2493 614 2521 ferus
632 2494 725 2526 evasit,
742 2501 790 2521 nec
806 2494 909 2521 volebat
922 2502 982 2522 cum
999 2495 1048 2522 hov

259 2536 376 2564 minibus
388 2539 488 2565 versari
502 2547 510 2571 ;
533 2539 574 2566 vel
596 2539 687 2572 etiam,
701 2540 810 2566 timebat
821 2547 880 2567 cum
898 2540 1048 2568 hominibus

258 2581 374 2616 degere;
395 2583 451 2616 vel,
465 2583 586 2611 homines
605 2589 634 2611 ut
647 2584 717 2612 feras
733 2585 878 2612 metuebat.
901 2586 969 2619 Quid
993 2586 1048 2614 fieri

258 2629 343 2663 possit
365 2629 411 2655 illo
425 2629 584 2657 sublimius?
597 2630 659 2665 quid
673 2630 767 2658 eodem
790 2631 936 2659 humilius?
959 2631 992 2658 Et
1006 2641 1048 2660 ea:-

259 2674 348 2707 pnlsus
362 2679 398 2701 est
410 2674 441 2701 ab
454 2675 604 2702 hominibus.
623 2675 757 2711 Nusquam
780 2677 850 2704 illius
871 2679 986 2712 potentia
1001 2679 1050 2706 de-

262 2719 345 2746 fendit
369 2720 452 2747 illum.
475 2720 532 2747 Non
547 2725 604 2748 erat
618 2722 756 2749 caruivora
778 2722 873 2756 bestia,
889 2723 936 2750 sed
950 2725 1048 2751 fatuum

259 2765 426 2794 comedebat.
441 2770 468 2792 ct
483 2771 540 2793 erat
562 2766 649 2801 imago
671 2767 752 2794 bruti.
769 2767 803 2796 Ut
822 2769 927 2802 credas,
948 2769 1048 2805 inquit:

260 2810 333 2837 velut
347 2818 394 2844 pro
405 2815 533 2838 consueto
548 2811 643 2846 pabulo
658 2810 768 2840 habebis
782 2813 901 2842 herbam.
911 2814 1050 2848 Quomodo

291 2878 328 2915 (ᾳ)
345 2881 434 2903 mecm
451 2882 567 2915 Scriptura
590 2887 637 2906 non
658 2882 779 2909 habentur
796 2884 853 2914 sed,
879 2882 924 2908 huc
943 2883 1050 2909 traducta

259 2914 315 2932 sunt
327 2915 358 2933 ex
372 2917 442 2934 versu
458 2911 486 2935 13

608 202 634 232 S.
654 200 791 230 JOANNlS
809 197 1044 228 CllltYSOSTOMl
1065 196 1220 224 AllClllEP.
1241 187 1502 224 CONSTANTINUP.

1093 2456 1164 2478 'tatur
1187 2455 1223 2478 vir
1246 2454 1345 2485 ingenio
1368 2458 1393 2479 et
1414 2455 1523 2479 doctrina
1551 2455 1762 2485 pra-stantissimus
1789 2463 1797 2479 :

1823 195 1878 222 220

1089 254 1150 281 fera:
1173 254 1245 281 illum
1269 261 1320 280 non
1337 253 1515 280 devorarunt?
1536 251 1670 287 quomodo
1695 259 1791 286 corpus
1808 253 1878 279 illius

1086 301 1160 329 cibos
1186 301 1317 335 ejusmodi
1345 301 1429 335 potuit
1458 299 1644 334 concoquere?
1666 299 1800 333 quomodo
1826 306 1879 326 non

1089 347 1184 381 periit"
1206 347 1296 382 Neque
1311 347 1382 374 enim
1405 346 1486 373 breve
1511 351 1615 380 tempus
1638 345 1788 372 intercessit
1803 354 1808 371 :
1823 345 1879 371 cir-

1087 393 1184 424 cuibat,
1200 393 1324 420 omnibus
1340 392 1425 419 factus
1438 393 1588 426 exemplum
1603 391 1768 423 humilitatis,
1785 391 1812 418 in
1835 399 1879 418 se-

1088 439 1147 473 ipso
1162 438 1250 465 ferens
1263 438 1359 465 indicia
1373 438 1529 472 puuitiouis,
1544 436 1767 471 quemadmodum
1784 443 1878 463 Servus

1088 484 1158 511 notis
1175 488 1358 518 compunctus.
1375 485 1409 511 At
1425 487 1498 511 certe
1518 483 1694 518 praestitisset,
1708 482 1805 510 dixerit
1824 481 1879 508 for-

1089 534 1159 557 tasse
1171 529 1276 564 aliquis,
1290 537 1350 556 cum
1368 528 1522 556 ltominibus
1541 528 1613 556 illum
1628 528 1740 559 versari,
1755 533 1834 562 atqtte
1854 527 1880 554 id

1089 576 1141 610 pati
1155 584 1161 602 :
1178 575 1224 603 sed
1236 580 1264 602 ut
1279 583 1356 610 penna
1378 575 1428 609 ipsi
1441 574 1627 609 adaugerctur,
1644 574 1696 600 hoc
1712 573 1807 600 factum
1829 578 1880 600 est.

1088 622 1154 649 Nam
1165 622 1303 656 castigatio
1323 621 1434 657 perinde
1452 621 1587 654 manebat,
1600 628 1660 648 cum
1673 628 1733 655 qua:
1754 620 1803 654 ipsi
1817 627 1881 647 eve.

1089 673 1194 700 nerant,
1205 675 1299 695 omnes
1310 667 1490 700 enuntiarent,
1500 674 1612 701 cumque
1625 667 1709 700 ipsum
1720 673 1795 700 :eque
1808 665 1879 692 vitle-

1089 719 1148 741 reut
1159 713 1233 746 foris,
1243 713 1267 741 id
1280 718 1368 741 autem
1377 721 1487 741 cernere
1500 712 1583 740 multo
1597 712 1741 740 terribilius
1751 715 1818 739 erat.
1827 711 1882 738 Nec

1090 764 1193 794 tempus
1202 759 1282 787 breve
1291 759 1348 791 fuit,
1356 759 1403 787 sed
1410 765 1435 786 et
1443 759 1529 794 ipsum
1538 757 1780 786 sabbaticum.Natu
1788 762 1882 792 septem

1090 810 1211 839 tempora,
1220 805 1312 839 inquit,
1321 804 1481 831 mutabuntur
1489 812 1498 831 :
1510 803 1535 832 id
1543 809 1593 835 est,
1605 808 1660 830 tres
1668 803 1728 830 anui
1737 810 1796 830 eum
1808 802 1884 829 dimi-

1089 850 1224 885 dio(a).5l
1233 869 1239 876 .
1250 859 1259 876 t
1274 850 1304 877 Et
1314 855 1371 884 post
1382 850 1459 877 tinem
1469 849 1573 876 dierum
1580 857 1638 883 ego,
1646 859 1655 874 ι
1667 848 1760 883 inquit,
1774 857 1782 872 I
1795 847 1883 874 Nabu-

1089 896 1259 924 chodonosor
1273 896 1365 923 oculos
1374 903 1447 923 meos
1458 897 1483 922 in
1495 895 1589 922 celum
1602 895 1725 926 lt‘VﬂVl,(‘l
1735 901 1809 920 mens
1823 900 1883 920 mea

1091 949 1196 969 reversa
1203 942 1285 970 estad
1297 950 1350 974 me,
1361 946 1388 969 et
1396 941 1561 968 Altissituuvn
1575 940 1707 973 benedixi,
1716 944 1744 967 et
1752 940 1884 966 viventem

1092 989 1119 1015 iu
1133 987 1229 1015 szecula
1247 987 1362 1021 laudavi,
1376 991 1404 1014 et
1429 986 1584 1021 glorificavi,
1604 986 1665 1020 quia
1692 989 1810 1020 potestas
1824 985 1885 1018 ejus

1091 1038 1208 1068 potestas
1219 1037 1329 1065 (eterna,
1337 1038 1363 1060 et
1371 1040 1481 1067 regnum
1490 1031 1548 1066 ejus
1562 1031 1587 1058 in
1600 1032 1796 1066 generationem
1803 1035 1828 1058 et
1837 1037 1886 1064 ge-

1092 1078 1270 1106 nerationem.
1292 1077 1336 1105 5‘2.
1353 1077 1385 1104 Et
1398 1084 1491 1104 omnes
1504 1076 1666 1104 habitatores
1691 1081 1786 1108 teme,
1807 1075 1886 1110 quasi

1092 1123 1203 1151 nihilum
1217 1123 1333 1158 reputati
1343 1127 1415 1150 sunt.
1429 1116 1543 1157 Ethixta
1555 1123 1716 1150 voluntatem
1731 1129 1807 1149 suam
1821 1121 1886 1148 fat-it

1092 1169 1118 1196 in
1131 1170 1228 1196 virtute
1241 1169 1308 1202 etcli,
1321 1173 1348 1196 et
1359 1169 1384 1196 in
1399 1168 1561 1195 habitatione
1571 1172 1665 1195 terras:
1679 1171 1707 1196 et
1721 1172 1823 1195 nonest
1837 1167 1885 1202 qni

1092 1215 1199 1242 resistat
1208 1215 1296 1242 manui
1307 1214 1375 1249 ejus,
1387 1218 1414 1241 ct
1426 1213 1496 1241 dicat
1508 1213 1648 1247 eizQuare
1664 1212 1769 1240 fecisti?
1787 1222 1795 1238 ι
1812 1213 1888 1240 Ocu-

1092 1261 1130 1288 los
1145 1269 1230 1294 meos,
1247 1261 1348 1296 inquit,
1362 1261 1388 1287 in
1413 1260 1502 1287 cwlum
1523 1260 1610 1287 levavi.
1630 1259 1686 1287 lloc
1707 1264 1764 1291 est,
1780 1259 1846 1287 adiit
1860 1264 1890 1288 et

1094 1312 1217 1342 precatus
1227 1311 1268 1335 est
1281 1307 1374 1339 Deum,
1388 1311 1415 1334 et
1427 1306 1488 1333 inde
1502 1305 1629 1333 auxilium
1638 1305 1768 1340 quaasivit.
1785 1305 1890 1339 Quam-

1094 1360 1173 1388 quam
1184 1357 1288 1387 tempus
1296 1351 1544 1387 completumtoret,
1559 1359 1611 1378 non
1624 1350 1775 1378 conﬁdebat
1785 1355 1889 1378 tamen.

1095 1398 1170 1426 Sicut
1183 1398 1253 1426 enim
1271 1398 1296 1425 in
1312 1397 1394 1432 ipsius
1419 1401 1551 1432 potestate
1578 1401 1647 1431 erat,
1664 1402 1692 1424 ut
1717 1404 1770 1424 non
1783 1397 1892 1424 sineret

1097 1451 1141 1471 res
1157 1444 1183 1470 in
1197 1443 1320 1471 etl‘eetum
1334 1443 1460 1471 devenire
1477 1452 1482 1470 :
1496 1443 1531 1471 ita
1545 1443 1636 1475 etiam,
1646 1443 1668 1470 si
1681 1448 1801 1478 tempore
1815 1443 1894 1477 quod

1095 1488 1232 1517 delinitutn
1248 1489 1334 1517 fuerat
1346 1490 1489 1524 completo,
1505 1490 1668 1518 incorrectus
1678 1489 1829 1520 mansisset,
1844 1490 1889 1516 ni-

1096 1535 1134 1562 hil
1152 1536 1201 1571 ipsi
1215 1535 1355 1570 profuisset
1376 1535 1419 1563 illa
1443 1536 1571 1571 temporis
1593 1535 1722 1563 definitio.
1739 1535 1803 1562 Nam
1819 1542 1889 1562 sen-

1096 1582 1179 1608 tentia
1194 1581 1240 1608 Dei
1265 1588 1318 1608 non
1333 1580 1365 1608 ad
1381 1582 1583 1614 necessitatem,
1600 1581 1646 1609 sed
1664 1580 1698 1608 ad
1713 1589 1756 1609 res
1779 1586 1896 1609 nostras

1096 1626 1263 1660 exprimitur.
1279 1625 1316 1654 lla
1331 1630 1358 1654 et
1371 1626 1474 1660 Daniel,
1489 1626 1610 1662 quamvis
1625 1631 1728 1661 tempus
1750 1627 1897 1661 impletum

1096 1676 1176 1704 esset,
1194 1671 1289 1699 merito
1303 1675 1373 1705 orat,
1399 1679 1432 1700 ne
1448 1672 1592 1700 accedente
1604 1671 1716 1705 malitia,
1727 1671 1815 1699 adhuc
1829 1679 1896 1707 pa:-

1096 1725 1138 1745 naa
1161 1725 1194 1745 ac
1213 1718 1326 1753 tempori
1349 1718 1507 1754 adiungatur
1528 1719 1592 1754 quid
1615 1718 1707 1753 (Dan.
1723 1718 1751 1747 9.
1767 1719 1806 1752 ι).
1825 1719 1899 1746 Nam

1098 1764 1168 1791 sicut
1191 1771 1224 1791 ex
1238 1763 1404 1792 humanitate
1419 1764 1445 1792 id
1459 1765 1587 1799 contingit
1599 1784 1607 1798 ,
1622 1763 1854 1799 quemadmodum
1872 1766 1902 1792 in

1097 1809 1194 1836 Ezekia
1209 1818 1216 1836 :
1230 1809 1265 1836 ita
1285 1809 1349 1837 etin
1363 1810 1499 1844 punitione
1514 1810 1571 1836 fieri
1588 1817 1636 1845 par
1647 1813 1698 1841 est,
1714 1814 1743 1837 ut
1755 1815 1782 1837 et
1803 1810 1833 1836 in
1850 1811 1904 1838 Ju-

1097 1854 1163 1883 dteis
1176 1864 1182 1882 ;
1195 1855 1301 1883 volebat
1310 1862 1358 1882 eos
1375 1855 1444 1883 Deus
1456 1855 1545 1882 statim
1556 1856 1582 1882 iu
1597 1855 1767 1882 Palmstiuam
1783 1856 1902 1883 redire:

1098 1902 1137 1929 illi
1162 1901 1337 1937 quadraginta
1359 1909 1444 1929 annos
1471 1901 1522 1929 sibi
1548 1901 1627 1936 adjici
1651 1908 1698 1936 per
1721 1901 1905 1936 iniquitatem

1098 1955 1174 1975 suam
1184 1952 1338 1975 meruerunt
1349 1948 1387 1982 (4.
1403 1947 1467 1982 Reg.
1481 1947 1539 1982 20).
1551 1947 1618 1974 Vide
1630 1952 1719 1974 autem
1733 1946 1811 1973 illum
1828 1955 1903 1974 eou-

1099 1992 1189 2028 fugere
1203 1992 1235 2020 ad
1250 1992 1342 2020 Deum.
1354 1993 1478 2027 Suspexi,
1490 1993 1585 2028 inquit,
1598 1993 1624 2019 in
1637 1992 1743 2024 ext-lum,
1758 1996 1785 2020 et
1799 2001 1909 2021 rursus

1099 2037 1183 2065 tactus
1207 2045 1265 2065 sum
1289 2037 1379 2066 homo.
1408 2037 1440 2065 Et
1455 2040 1536 2073 [arma
1554 2046 1609 2065 mea
1622 2046 1719 2065 reversa
1733 2042 1769 2065 est
1787 2039 1828 2065 ad
1851 2047 1907 2066 me.

1130 2116 1166 2148 (tt)
1183 2115 1234 2148 Imo
1241 2119 1338 2148 septem
1350 2117 1414 2140 anni.
1423 2117 1501 2148 Potior
1509 2123 1578 2148 enim
1587 2117 1708 2148 sententia
1717 2117 1832 2148 .Iosepln,
1841 2121 1911 2143 Ter-

1099 2146 1190 2171 tulliani
1201 2165 1207 2175 ,
1221 2147 1356 2178 Hieronymi
1367 2166 1373 2176 ,
1386 2147 1476 2171 Severi.
1494 2146 1570 2172 Valde
1588 2148 1661 2172 miror
1676 2147 1708 2172 de
1722 2146 1892 2173 't‘heodoretu
1902 2167 1910 2178 ,

1099 2178 1139 2210 qui
1151 2184 1206 2210 cum
1219 2181 1276 2201 Dan.
1288 2177 1311 2206 7,
1324 2177 1363 2210 ξδ,
1380 2182 1406 2202 et
1419 2177 1455 2210 if),
1468 2178 1491 2207 7,
1505 2185 1574 2210 mtpabq
1585 2198 1591 2207 ,
1603 2184 1694 2210 armos.
1703 2178 1913 2210 interpretetur,

1099 2208 1138 2240 hic
1150 2208 1319 2240 Chrysnstomo
1330 2208 1403 2233 favet.
1424 2208 1451 2232 ln
1468 2208 1694 2240 Pseudo-Epipbanii
1712 2208 1777 2233 libro
1791 2210 1830 2234 de
1847 2208 1914 2234 I‘rnL

1100 2239 1180 2269 pltetis
1193 2245 1198 2263 Σ
1212 2245 1236 2263 τὰ
1248 2245 1293 2263 ἑπτὰ
1304 2245 1342 2268 In,
1353 2244 1365 2264 ἆ
1377 2243 1422 2264 {tn-1
1434 2245 1482 2270 αὺτῷ
1493 2245 1557 2268 Δανιὴλ
1570 2239 1615 2264 tuis
1625 2245 1694 2270 Imp-sia;
1702 2260 1706 2268 ,
1719 2246 1804 2269 ιποὶησιν
1819 2248 1915 2272 γινισῦσι

1100 2275 1145 2294 ικτὰ
1156 2278 1210 2300 μήν-,ις
1219 2289 1225 2297 ,
1237 2274 1319 2300 tam»;
1330 2276 1370 2300 πιρὶ
1380 2276 1434 2295 sunt:
1445 2277 1488 2301 πρὸς
1506 2277 1575 2301 Κὺρωγ.
1587 2277 1612 2295 τὸ
1621 2277 1716 2303 lucidam
1727 2279 1762 2295 τῶν
1773 2277 1827 2296 imi
1840 2282 1918 2303 κερῶν

1100 2306 1182 2330 kath
1195 2307 1221 2325 in‘
1234 2307 1294 2329 αὺτὸν,
1305 2307 1334 2326 ὅτι
1344 2307 1488 2330 inusta-sun
1501 2308 1545 2326 ἰπτὰ
1556 2308 1635 2332 usuin”.
1647 2302 1671 2329 ἑξ
1683 2304 1715 2326 ein
1724 2307 1754 2330 itq
1767 2310 1801 2329 ωι
1814 2309 1837 2329 li
1851 2302 1916 2333 μήζνις

1100 2336 1194 2356 iustumne
1206 2339 1264 2362 Κυρῐῳ
1276 2340 1300 2363 τῷ
1312 2340 1350 2362 eus
1358 2352 1363 2360 ,
1374 2338 1405 2357 καὶ
1416 2337 1540 2363 ὶξωμθλθτιῖτο
1551 2339 1583 2361 τὴν
1594 2338 1677 2357 ἁσίειιαν
1688 2337 1751 2356 cura?
1763 2339 1797 2358 ul
1812 2340 1867 2363 μτὲ
1881 2347 1918 2364 την

1105 2366 1161 2393 iitum
1173 2371 1204 2391 τῆς
1214 2368 1288 2391 direpta;
1300 2368 1362 2390 αὖτηῦ,
1373 2366 1462 2387 ἀπίδυιιν
1473 2368 1520 2393 abit?
1531 2368 1541 2387 ὅ
1553 2369 1597 2391 θιὸς
1606 2369 1639 2392 τήν
1651 2369 1748 2392 Suadam.
1761 2368 1829 2391 Οιιεὲ
1842 2371 1920 2389 πιστι-

1126 2375 1161 2386 ισιν
1173 2375 1204 2391 της
1214 2375 1288 2391 «armis;
1300 2375 1362 2390 αντηυ,
1373 2375 1462 2387 utconlu
1473 2375 1520 2393 me}
1531 2376 1541 2387 ο
1553 2375 1597 2391 vso;
1606 2375 1639 2392 την
1651 2375 1748 2392 puditum.
1761 2375 1829 2391 qua:
1842 2375 1918 2389 nunt-

1100 2375 1226 2416 :faciormtt
1241 2392 1402 2423 loquacism'nti
1420 2394 1542 2424 scriptoris
1561 2395 1636 2417 verba
1653 2400 1683 2418 eo
1699 2394 1791 2424 protuli
1804 2412 1813 2423 ,
1829 2399 1861 2420 ut.
1877 2396 1918 2420 lo-

1101 2430 1165 2451 cum,
1176 2423 1262 2457 Pe‘tavti
1273 2423 1361 2457 judicio
1374 2430 1451 2457 cor-ru;
1463 2423 1511 2457 tum
1522 2443 1529 2453 ,
1543 2423 1708 2457 emendarem}
1722 2425 1758 2449 Sic
1771 2425 1920 2457 interpre-

1834 2457 1921 2482 mitur

1102 2464 1164 2478 tatur
1188 2464 1223 2478 \ll‘
1246 2464 1345 2488 ιμιὶιυιιιυ
1368 2464 1393 2479 ει
1414 2464 1523 2479 llUCll'lllH
1551 2464 1762 2485 pra-statumstutus
1789 2464 1797 2479 ;
1834 2464 1921 2488 Ιζμιιιν

1100 2487 1189 2518 septem
1201 2491 1266 2512 (mm,
1280 2491 1334 2514 quw
1345 2488 1451 2518 tempora
1463 2489 1551 2518 septem
1563 2493 1577 2509 tl
1593 2485 1689 2510 Itanit'le
1701 2489 1840 2518 t'ot‘lttttttr,
1854 2493 1883 2512 ut
1894 2488 1923 2513 in

1101 2515 1199 2549 totidem
1207 2518 1329 2539 menstrua
1340 2515 1417 2547 spatia
1429 2516 1639 2549 contra/terentia,
1653 2516 1763 2549 precibus
1777 2515 1840 2542 suis
1855 2520 1923 2544 οἰνή-

1101 2545 1160 2570 nuit.
1182 2549 1273 2580 septem
1283 2545 1494 2580 frgo'tentporttttt
1510 2547 1649 2580 tttttstcriuut
1661 2547 1686 2571 iu
1698 2545 1738 2571 illo
1750 2550 1924 2580 completum

1101 2580 1145 2605 est,
1157 2577 1220 2607 quod
1233 2577 1350 2601 mediator
1362 2581 1451 2607 septem
1470 2578 1580 2602 restituit.
1597 2582 1632 2602 Ita
1642 2584 1686 2602 sea:
1697 2584 1773 2601 (ZIIHUS
1789 2577 1924 2606 (dtidmn-

1102 2613 1147 2641 que
1165 2613 1257 2641 menses
1279 2611 1327 2632 1)εο
1340 2608 1502 2641 supplicans,
1522 2609 1600 2641 scelus
1617 2615 1688 2633 suum
1709 2610 1848 2639 rottfcssus
1872 2617 1924 2638 est.

1105 2638 1194 2662 “(inde
1207 2638 1504 2671 concessatlelictirvenia,
1523 2638 1548 2663 iu
1567 2646 1667 2671 regnum
1678 2646 1694 2664 a
1708 2643 1755 2663 Deo
1775 2642 1926 2667 restitutus

1102 2672 1144 2694 est.
1158 2672 1205 2699 Ego
1217 2668 1266 2699 legi
1277 2669 1370 2694 debere
1380 2668 1614 2703 arbitror-damstqu
1627 2677 1644 2703 tv
1653 2676 1698 2695 ῑπτά
1709 2677 1766 2700 mea:
1783 2677 1815 2696 et
1826 2679 1927 2703 [instes

1102 2705 1120 2726 ῑξ
1136 2705 1166 2728 tn,
1183 2707 1212 2724 usi
1226 2707 1277 2725 ειη.
1295 2709 1356 2730 μῆνας.
1376 2700 1555 2725 Correctiouem
1573 2702 1697 2726 continuat
1716 2700 1877 2728 Dorothi-us
1900 2707 1927 2730 in

1102 2731 1207 2765 sumpsi.
1231 2731 1315 2765 Daniel
1334 2731 1421 2765 igitur,
1443 2732 1535 2762 inquit,
1554 2732 1676 2762 precando
1695 2733 1727 2756 att
1747 2732 1928 2762 Altisstutum

1102 2761 1192 2792 etfacit,
1213 2764 1238 2785 ut
1254 2761 1351 2796 septeni
1363 2762 1420 2786 armi
1439 2761 1497 2793 quas
1515 2766 1605 2793 septem
1626 2767 1733 2796 tempora
1753 2761 1927 2796 t‘ocurcrttt,

1102 2795 1249 2827 mutarentur
1260 2793 1285 2816 in
1295 2795 1385 2822 septem
1397 2799 1500 2820 menses.
1513 2795 1535 2817 et
1552 2793 1691 2824 mysterium
1702 2796 1802 2827 septem
1819 2793 1928 2827 leman

1102 2822 1193 2858 rumjn
1200 2822 1242 2858 illo
1251 2827 1463 2858 consutmuaretur.
1472 2822 1678 2858 Septemjtamquq
1690 2822 1823 2850 rtu‘itsium
1839 2835 1851 2851 ,ς
1855 2822 1931 2858 1.}:th

1102 2854 1146 2887 sibi
1158 2854 1205 2882 ipsi
1217 2854 1350 2882 restitulus.
1363 2861 1406 2887 stu:
1418 2861 1491 2878 annos
1504 2854 1544 2884 qui
1555 2854 1757 2887 desiderabantur
1774 2860 1802 2881 rt
1819 2854 1930 2885 nti-usas

1103 2884 1297 2919 quutqtteroram
1310 2884 1407 2910 potuine
1416 2889 1551 2919 prostratus
1562 2887 1606 2916 ftttt
1615 2904 1623 2917 ,
1635 2885 1791 2917 impietatem
1811 2895 1893 2916 suum
1910 2884 1935 2918 .5:

1105 2921 1196 2939 onmem
1209 2916 1354 2946 iniquitatem
1367 2916 1495 2946 confessus,
1506 2921 1552 2942 etc.
