2072 3123
209 115 260 143 223

209 170 320 198 materia
334 177 460 206 magnum
475 174 611 205 sumptum
626 169 652 196 in
665 169 864 196 excusationem
879 167 996 195 adduce-

209 223 277 246 rent.
289 216 424 245 Laudibus
439 216 610 245 celebrabant
619 216 694 243 deos.
706 215 771 242 Vide
779 215 860 242 Deum
870 221 999 249 nusquam

209 264 336 299 incipere,
351 263 399 290 sed
413 263 498 298 sequi.
518 262 607 296 Quare
621 269 700 296 pcnna
714 260 876 295 subsequuta
888 264 930 288 est
951 267 999 287 re-

209 310 315 342 lociter,
331 317 362 337 ac
377 309 471 337 eadem
495 309 584 336 hora?
599 309 633 336 Ut
653 316 713 344 quae
728 315 761 335 ex
773 306 906 342 prioribus
920 306 1000 333 mira-

210 357 277 383 culis
289 362 348 383 acta
363 356 470 384 fuerant
482 363 535 384 non
553 345 774 383 dissolverentur.
792 355 859 382 Dum
882 354 952 382 Deus
972 354 998 382 in

208 403 280 430 vasis
295 402 410 430 afﬁcitur
422 402 593 435 contumelia,
607 402 691 429 volnit
704 401 825 429 homines
839 401 998 429 contumelia

208 448 325 475 allicere.
343 448 377 475 Et
401 448 462 475 vide
485 447 548 482 quid
567 448 620 474 ﬁat.
638 447 726 481 Cupiit
738 454 800 474 vasa
817 455 823 473 :
839 451 866 474 et
889 453 922 474 eo
940 447 999 481 ipso

209 499 330 528 tempore
342 493 445 529 punitio
459 493 551 520 adluit.
565 493 619 520 Cur
633 500 685 519 non
700 492 813 519 mittitur
828 491 956 527 propheta
968 492 1002 519 il-

210 540 265 567 illm
281 539 505 574 reprehensurus,
531 538 577 565 sed
591 538 719 565 articulus
734 538 850 565 manus?
865 537 900 566 Ut
914 538 1000 572 major

209 585 325 611 oriretur
347 583 538 611 consternatio.
565 583 592 610 5.
616 592 625 608 ι
644 582 670 609 In
693 583 787 610 eadem
812 583 876 609 hora
898 582 999 618 egressi

209 634 271 656 sunt
295 629 370 664 digiti
386 636 480 656 manus
508 629 634 661 hominis,
651 633 679 656 et
693 629 845 656 scribebant
861 635 876 655 c
891 628 1000 663 regione

209 675 340 710 lampadis
363 675 390 702 in
406 675 518 702 tectorio
540 674 648 709 parietis
672 674 768 702 domus
782 675 862 709 regia:
878 683 884 700 :
898 678 925 700 et
948 681 999 711 rex

209 721 355 756 aspiciebat
369 722 496 749 artieulos
517 729 611 748 manus
627 721 780 748 scribentis.
796 730 805 746 ι
822 721 896 748 Adde
910 726 935 748 ct
952 728 998 748 ve-

209 775 316 801 speram
332 767 425 795 fuisse.
440 767 588 802 Oportebat
599 772 731 795 tumorem
747 774 779 794 ex
796 766 948 794 temulentia
958 774 1001 792 or-

209 819 264 840 tum
279 812 429 848 comprimi.
448 812 549 840 Deinde
567 812 700 840 debebant
725 818 818 839 omnes
833 812 876 846 qni
891 811 1002 838 aderant

209 859 327 892 edoceri,
346 866 435 893 regem
448 865 542 893 pmnas
553 858 627 885 dare.
641 857 696 884 Cur
709 865 761 884 non
783 857 852 884 Deus
876 855 974 883 fulmen
987 864 1002 882 e

208 904 274 931 czelo
293 905 383 931 statim
408 903 520 931 emisit?
541 903 575 930 Ut
600 903 695 930 iterum
717 910 810 930 servus
831 909 894 929 suus
916 901 1001 937 gloria

209 949 364 977 afﬁceretur
381 952 432 976 :ut
445 949 566 976 Baltasar
589 947 694 975 audiret
719 955 767 974 cur
780 947 829 974 ista
853 951 1000 982 pateretur.

211 995 278 1023 Nam
302 995 394 1022 Daniel
408 995 543 1030 ingressus
558 1003 611 1022 non
628 998 729 1021 tantum
745 993 903 1028 scripturam
918 993 1001 1020 inter-

211 1044 342 1075 pretantur,
356 1040 404 1067 sed
416 1045 444 1067 et
457 1039 551 1075 longos
563 1039 642 1067 habet
654 1047 804 1071 sermones,
820 1045 920 1073 eosque
938 1045 1001 1065 sna-

209 1088 305 1119 sorios,
321 1095 374 1115 non
388 1091 524 1121 tamquam
550 1086 605 1121 regi
625 1085 797 1120 profuturus,
819 1084 865 1112 sed
888 1088 916 1111 ut
936 1084 1002 1111 alios

211 1132 411 1160 emendaturus.
424 1133 469 1160 15.
483 1141 493 1157 ‹
510 1131 585 1159 Tunc
596 1131 687 1158 Daniel
701 1131 836 1166 ingressus
847 1135 889 1157 est
899 1130 923 1156 in
939 1137 1003 1157 con-

210 1184 330 1213 spectum
345 1179 424 1213 regis.
436 1178 470 1205 Et
482 1178 550 1205 dixit
564 1185 610 1205 rex
625 1177 744 1205 Danieli:
770 1177 810 1203 Tu
821 1184 852 1204 es
865 1176 956 1203 Daniel
969 1184 1002 1203 ex

212 1225 273 1252 ﬁliis
302 1224 462 1259 captivitatis
485 1223 601 1251 Iudaica:
618 1244 625 1256 ,
641 1230 720 1258 quain
735 1223 844 1250 deduxit
860 1230 906 1250 rex
929 1227 1004 1256 pater

213 1278 289 1298 meus
304 1278 336 1298 ex
353 1270 468 1298 Juda-a?
492 1270 578 1297 Veluti
593 1269 719 1296 territans
728 1276 788 1296 eum
804 1273 831 1296 et
841 1268 873 1295 ad
888 1268 1001 1295 necessi—

211 1320 293 1344 tatem
311 1316 444 1351 rcdigens,
461 1315 518 1342 lucc
529 1315 576 1342 ait.
591 1315 657 1342 Cum
667 1319 756 1342 autent
771 1314 850 1341 dicit:
865 1313 945 1347 Quem
957 1314 1005 1339 ads

213 1363 286 1391 duxit
298 1369 344 1391 res:
353 1366 424 1396 pater
436 1370 504 1391 meus
517 1369 548 1388 ea:
560 1361 703 1396 captivitate
714 1359 824 1392 Juda'w,
841 1359 898 1386 ha'c
911 1364 1004 1386 contra

212 1408 385 1442 semetipsum
403 1407 486 1435 verba
509 1407 634 1441 loquitur,
653 1406 674 1433 si
700 1405 825 1432 nimirum
839 1405 1004 1439 captivorum

212 1454 311 1488 ubique
322 1453 448 1488 indigeat.
461 1452 505 1480 14.
525 1462 534 1478 ι
555 1452 650 1479 Audivi
662 1451 696 1479 de
706 1450 822 1485 te,quod
832 1450 947 1485 Spiritus
958 1450 1004 1478 Dei

212 1504 320 1527 sanctus
333 1500 359 1526 in
371 1504 396 1526 tc
409 1504 450 1526 est
460 1519 467 1532 ,
482 1503 509 1526 et
519 1498 664 1533 vigilantia,
678 1501 705 1524 et.
719 1497 902 1532 intelligentia,
917 1500 944 1522 et
954 1503 999 1523 sa-

213 1545 313 1580 pientia
327 1545 440 1580 amplior
455 1545 560 1571 iuventa
573 1548 614 1571 est
629 1543 654 1570 in
668 1547 704 1570 te.
715 1542 799 1570 15.Ει
810 1549 880 1569 nunc
890 1541 1004 1576 ingressi

213 1595 277 1619 sunt
301 1591 327 1618 in
339 1596 482 1624 conspectu
503 1594 564 1617 meo
579 1589 724 1623 sapientes,
744 1588 824 1622 magi,
848 1586 978 1614 Gazareni
996 1607 1004 1619 ,

214 1637 342 1668 Chaldrei.
352 1642 379 1664 ut
393 1637 550 1670 scripturam
565 1635 632 1662 hanc
645 1635 773 1670 legerent,
785 1638 812 1661 et
823 1633 1004 1667 conjecturam

216 1685 276 1719 ejus
302 1683 451 1711 indicarent
476 1682 562 1710 mihi:
586 1689 635 1709 nec
655 1685 799 1716 potuerunt
824 1679 1005 1715 conjecturam

215 1732 348 1759 sermonis
363 1730 434 1758 illius
444 1729 596 1757 renuntiare
609 1728 684 1756 mihi.
702 1728 745 1756 l6.
762 1728 795 1755 Et
807 1734 858 1763 ego
871 1727 959 1755 audivi
973 1727 1007 1754 de

215 1783 253 1811 te,
267 1778 329 1812 quia
347 1781 423 1812 potes
437 1776 606 1811 conjecturas
620 1775 765 1809 conjicere,
781 1779 809 1802 et
822 1774 906 1802 nodos
919 1774 1006 1801 solve-

215 1831 257 1852 re.
277 1823 310 1850 Et
325 1830 396 1851 nunc
417 1823 440 1850 si
464 1822 563 1856 poteris
581 1821 740 1855 scripturam
758 1821 858 1855 legere,
875 1826 902 1848 et
915 1820 1005 1855 conje-

215 1874 318 1896 cturam
327 1868 384 1902 ejus
393 1867 509 1894 indicare
517 1867 592 1900 mihi,
602 1874 718 1902 purpura
726 1866 857 1897 vestieris.
864 1871 891 1894 et
899 1871 1008 1901 torques

216 1922 297 1942 aurea
312 1914 361 1941 erit
376 1914 402 1940 in
416 1913 487 1941 collo
501 1918 545 1940 luo
556 1934 563 1946 ,
578 1918 605 1941 et
619 1913 712 1940 tertius
722 1910 751 1939 in
761 1919 912 1947 regnomeo
923 1913 1008 1947 impe-

218 1960 288 1990 rabis
300 1960 349 1994 (α).
364 1969 372 1985 ν
388 1959 496 1986 Fatetur
508 1965 571 1986 suos
583 1958 664 1985 victos
673 1965 742 1990 esse,
753 1961 780 1985 ct
788 1958 840 1985 ait:
856 1957 914 1991 Dic,
929 1962 1008 1992 atque

250 2050 286 2080 (α)
303 2049 349 2073 Vel
359 2050 445 2074 tertius
454 2052 506 2079 post
515 2054 610 2079 regem,
621 2048 755 2080 εὶευῐᾘδιὶι.
768 2048 804 2072 10.
814 2048 839 2077 5,
849 2048 1009 2080 atardochteus

217 2080 339 2105 secundus
351 2083 388 2104 est
400 2080 430 2104 ab
443 2079 558 2107 Assuero.
570 2083 595 2104 et
606 2083 664 2103 Geu.
678 2079 716 2103 41.
729 2079 759 2103 45
768 2096 775 2108 ,
788 2079 906 2109 Josepluts
919 2079 941 2102 in
953 2085 1008 2103 cur-

217 2118 272 2135 rum
284 2111 410 2135 Pharaonis
420 2110 553 2135 secundum
563 2110 701 2141 imponitur.
716 2109 761 2134 Vel
775 2110 869 2138 tertius.
882 2109 905 2133 id
919 2113 968 2138 est,
983 2113 1010 2134 ut

218 2143 319 2172 exponit
329 2145 351 2165 S.
365 2141 470 2172 lsiilorus
482 2140 603 2165 Pelusiota'
612 2140 653 2165 lib.
666 2141 681 2164 2
691 2160 698 2168 ,
716 2141 787 2171 epist.
799 2141 830 2165 96
838 2159 845 2169 ,
860 2143 912 2171 post
922 2146 1010 2169 regem

218 2179 247 2196 ac
255 2171 377 2202 reginam.
393 2171 437 2195 Vel
451 2173 530 2196 tertia1
542 2172 615 2202 partis
626 2172 697 2202 regni
715 2172 894 2196 administrator
904 2188 911 2200 ,
924 2177 1010 2201 quem-

219 2201 345 2227 admodum
367 2203 496 2232 Josephum
521 2202 615 2226 videtur
643 2201 766 2232 explicare
792 2206 814 2226 s.
843 2203 1009 2232 Hieronymus.

220 2234 305 2258 sartio:
316 2233 379 2265 parti
391 2233 512 2265 imperans
523 2251 529 2262 ,
542 2234 574 2257 ait
586 2233 651 2257 idem
663 2233 823 2265 tosephusrde
839 2233 926 2265 .Iorami
939 2233 1011 2265 regis

218 2265 290 2293 duce,
303 2263 320 2288 η(
331 2268 387 2295 Reg.
401 2265 424 2288 7.
438 2263 483 2288 Vel
502 2264 609 2295 denique
626 2270 688 2295 unus
705 2270 736 2287 ex
754 2264 832 2287 tritius
844 2263 1008 2295 principibus,

217 2296 260 2326 qui
270 2293 375 2326 satrapis"
384 2299 513 2326 prtecram,
526 2293 582 2318 Dan.
595 2293 618 2318 6.
631 2294 655 2323 2,
665 2294 756 2326 quique
766 2293 1011 2326 gemmaglicehantur

219 2323 247 2350 ac
259 2323 345 2358 τριιςιχοιζ
355 2323 465 2358 ut'patct
475 2332 505 2349 ex
516 2325 659 2358 Hieronymo
669 2323 698 2348 ad
711 2323 793 2349 πάθω.
806 2325 845 2358 Ξᾷ.
859 2324 888 2348 ’35
902 2331 908 2348 :
925 2323 1012 2349 Tristit-

219 2355 369 2387 tusfinquit,
386 2355 507 2387 principes
527 2355 663 2387 ptincipum
680 2355 829 2386 interpretati
845 2362 942 2387 simius.
962 2359 1010 2387 etc.

222 2385 330 2412 'I‘ristaue
348 2385 426 2418 mitem
446 2385 531 2411 narum
548 2391 582 2411 est
601 2385 780 2418 ἀριιιιλῖγαξσοδ
800 2386 901 2418 secundi
912 2385 1012 2418 gradus

219 2422 271 2449 post
283 2418 374 2448 regiam
386 2417 526 2448 dignitatem
537 2435 543 2446 ,
557 2422 603 2441 etc.
617 2416 623 2447 ξ
637 2421 662 2441 et
674 2423 706 2441 ex
717 2417 850 2447 'l‘heophilo
862 2416 1013 2441 Antiocheno

223 2450 268 2473 lib.
279 2449 328 2473 "28d
340 2449 480 2480 Αιιιοιιριιιη
500 2455 506 2472 Ζ
526 2456 557 2474 τσῦ
569 2452 713 2480 δίνΣιγνιχιριὶμ
729 2455 811 2479 arpi/app;
824 2454 891 2478 ιτᾶνιτη
909 2448 1013 2480 Ᾰδμιξξιλιχ

220 2486 292 2510 atoue,
304 2485 322 2507 ὃς
332 2486 360 2504 ιιιιὶ
371 2478 457 2508 λῖ-,ηιὲτω
469 2479 639 2510 assuetudine
651 2483 697 2506 est.
708 2482 790 2503 Factus
803 2482 837 2510 est
845 2481 923 2502 autem
936 2478 1010 2503 triar-

221 2510 267 2534 rlm
277 2508 470 2538 's‘euuaclierim.
485 2508 641 2534 adramelcclt
655 2509 757 2539 ΑῐιΙιίομδ
767 2528 774 2537 .
791 2509 834 2539 qui
844 2513 938 2540 ,ﬁqyptt
956 2515 1014 2539 quo-

221 2547 268 2571 quc
285 2546 331 2565 rm:
350 2541 437 2571 fuerat.
455 2541 560 2571 Suspicio
576 2541 633 2564 mihi
646 2544 685 2565 est
696 2541 703 2567 (
715 2544 741 2565 nt
759 2540 782 2564 id
798 2541 878 2564 obiter
895 2540 1011 2570 notem),

221 2571 424 2596 Atlramelechum
448 2578 504 2595 esse
532 2571 668 2601 xl‘ltltiopem
695 2571 761 2595 illum
789 2571 883 2601 {Egypti
911 2576 1013 2601 regem,

222 2603 263 2632 qni
285 2603 308 2626 in
327 2602 452 2627 Chronicis
470 2603 564 2626 Eusebii
585 2607 682 2626 vocatur
702 2602 772 2625 modo
790 2602 920 2630 Amerres,
942 2601 1014 2632 modo

223 2631 329 2663 Mei-ros,
358 2634 428 2657 modo
456 2633 534 2663 Ᾱείωες,
556 2633 626 2656 modo
646 2634 734 2663 Aemi;
751 2636 819 2657 Forte
843 2632 915 2657 etiam
937 2631 1014 2661 (nihil

224 2664 295 2698 enirn
301 2664 376 2698 ausim
388 2663 517 2698 afﬁrmare)
529 2663 561 2687 de
573 2665 618 2688 isto
631 2663 792 2698 experiendus
802 2667 840 2688 est
852 2663 918 2698 locus
929 2663 944 2686 ιι
956 2665 1013 2698 lteg.

225 2695 269 2722 17,
282 2695 306 2718 51
325 2693 458 2718 :Hiuulent
475 2693 515 2724 qui
533 2698 601 2725 erant
619 2693 649 2719 de
661 2693 818 2725 Sep/iuraui":
829 2711 835 2722 ,
848 2693 1015 2725 comburat)qu

223 2721 286 2756 [ilius
298 2731 351 2749 suos
362 2724 422 2756 igni,
437 2721 592 2749 .Idi‘umelcch
603 2729 625 2750 et
639 2721 780 2749 .munwleclt
791 2724 838 2749 diis
849 2723 1014 2756 sep/mnuum.

225 2760 295 2780 t-‘avct
307 2755 473 2780 'l‘heixlorctth
485 2759 574 2784 ῳιιιεδι.
586 2756 616 2779 48
629 2757 651 2779 in
665 2760 776 2786 quartum
789 2759 887 2783 Regum.
900 2755 1016 2778 Diodorus

225 2793 322 2818 quoque
334 2786 425 2818 Siculus
435 2806 441 2814 ,
454 2786 494 2810 lib.
507 2787 521 2810 5
531 2805 537 2815 ,
552 2791 577 2810 et
593 2787 675 2812 Strabo
688 2786 731 2810 lib.
746 2786 783 2815 Π,
793 2786 958 2818 conjecturam
969 2792 1017 2809 non

225 2816 379 2842 litt-.tliocriter
398 2817 489 2841 lit-munt
501 2835 508 2846 ,
529 2817 585 2841 dum
604 2818 714 2841 referunt
733 2818 763 2841 al)
781 2816 931 2847 (Ethiopihus
943 2823 1018 2844 reges

228 2857 284 2873 κυιιδ
298 2849 388 2874 adorati
409 2848 499 2873 solitos.
523 2848 691 2873 Adramclvchi
705 2847 822 2879 {Ethiopia
839 2848 863 2872 in
882 2851 1016 2878 temporum

583 112 611 140 S.
631 112 770 140 JU.\NNIS
788 111 1025 139 CllliYSOSTOMI
1047 111 1202 140 ARClllEP.
1223 113 1489 143 CONSTANTiNOP.

1795 118 1848 148 εει

1056 169 1105 196 ista
1115 170 1216 204 accipe.
1227 170 1279 198 Sed
1288 171 1427 199 considera
1439 172 1604 207 prophetam,
1618 173 1644 200 in
1655 178 1731 208 patre
1741 175 1847 208 quidem

1055 215 1127 242 illius
1144 217 1277 251 quomodo
1297 218 1415 244 animum
1435 217 1596 253 despondit;
1613 219 1655 245 hic
1674 224 1762 247 autem
1783 221 1848 249 nihil

1056 261 1126 289 tale:
1144 262 1190 290 sed
1205 263 1267 298 quid
1282 264 1338 291 ait?
1352 265 1396 291 l7.
1417 273 1427 290 ί
1444 264 1519 292 Tunc
1535 265 1674 300 respondit
1696 266 1788 294 Daniel
1799 288 1806 299 ,
1822 273 1849 295 et

1054 307 1120 334 dixit
1132 315 1222 336 coram
1237 317 1300 344 rege
1313 319 1319 337 :
1335 310 1429 337 Munus
1442 315 1514 338 tuum
1531 311 1575 339 tibi
1589 312 1634 345 sit,
1647 316 1674 340 et
1687 312 1786 339 donum
1802 313 1849 340 do-

1055 361 1114 382 mus
1129 359 1180 382 tua:
1194 355 1270 383 alteri
1284 355 1317 383 da
1333 364 1339 383 :
1354 363 1404 391 ego
1418 364 1481 383 vero
1501 357 1657 392 scripturam
1673 357 1758 392 legam
1775 359 1845 393 regi,

1054 405 1079 427 et
1091 401 1272 435 conjecturam
1285 401 1344 436 ejus
1357 401 1480 429 indicabo
1495 402 1552 436 tibi,
1565 410 1582 429 ο
1594 410 1651 430 rex.
1666 412 1676 429 ι
1689 403 1776 436 Quare
1790 405 1849 429 mu-

1056 454 1117 473 nera
1131 446 1308 482 deprecatur?
1324 447 1357 475 Ut
1371 448 1520 483 intelligas,
1535 456 1596 476 eum
1611 456 1664 476 non
1681 448 1788 484 propter
1804 449 1847 476 illa

1055 491 1185 527 proloqui.
1205 492 1282 526 Quod
1297 493 1367 520 enim
1389 500 1441 520 non
1460 493 1543 520 iratus
1561 493 1719 528 simpliciter
1733 494 1790 521 hate
1805 493 1848 520 di-

1054 538 1138 570 xerit,
1153 538 1206 573 Ego
1220 543 1318 571 autent,
1334 539 1434 574 inquit,
1449 539 1601 574 scripturam
1616 539 1713 575 legam,
1726 545 1750 566 et
1762 547 1847 572 conje-

1053 589 1152 611 (turam
1164 585 1219 619 ejus
1232 585 1380 612 renuntiabo
1394 586 1458 620 regi.
1475 585 1555 613 Vides
1573 586 1646 613 illum
1662 587 1772 621 pecunia
1787 593 1848 614 esse

1054 630 1239 662 superiorem?
1252 630 1354 658 honore
1366 630 1508 658 altiorem?
1521 632 1618 658 nullius
1630 639 1661 658 cx
1677 631 1756 666 regiis
1769 631 1847 658 rebus

1055 676 1235 712 indigentem?
1248 676 1325 704 Tales
1345 684 1404 704 esse
1424 681 1529 712 oportet
1542 685 1588 704 eos
1601 677 1644 711 qui
1659 677 1803 712 loquuntur
1816 685 1846 705 ea

1054 730 1113 757 qua:
1130 722 1174 749 Dei
1195 727 1267 749 sunt.
1288 722 1328 749 Ne
1344 722 1508 750 existimaret
1527 731 1572 749 rex
1596 723 1670 750 illum
1688 731 1718 750 ea
1734 723 1774 750 via
1789 730 1803 749 a
1818 730 1848 750 se

1053 776 1114 795 esse
1128 772 1280 800 attractum,
1294 768 1335 796 vel
1350 767 1449 802 aliquid
1462 776 1494 795 ex
1508 768 1540 794 iis
1555 775 1614 802 qua:
1628 768 1662 795 ab
1676 776 1708 795 eo
1721 769 1847 796 diceban-

1055 818 1114 847 tur,
1131 814 1275 841 humauum
1291 821 1360 841 esse.
1376 814 1443 847 Quid
1466 814 1546 848 igitur
1563 814 1618 841 ait?
1632 814 1764 841 Omittens
1779 815 1846 842 seri-

1055 865 1160 895 pturam
1173 859 1334 891 edissererc,
1346 859 1420 886 illum
1433 859 1552 894 pluribus
1567 859 1655 886 verbis
1668 859 1802 893 admonet,
1814 868 1846 887 ex

1056 905 1119 939 ipsis
1138 905 1255 932 exordiis
1269 912 1301 932 ea
1314 912 1373 940 qua:
1389 905 1456 940 patri
1473 905 1626 932 acciderant
1644 905 1670 932 in
1691 906 1847 933 memoriam

1055 951 1079 977 ei
1096 957 1234 977 revocans.
1254 950 1297 977 18.
1316 959 1324 976 I
1343 950 1412 977 Deus
1423 950 1568 977 altissimus
1582 958 1692 985 regnum
1706 955 1732 978 et
1745 952 1848 986 magni-

1056 995 1191 1029 tudinem,
1207 1001 1234 1023 et
1250 996 1377 1023 honorem
1388 1016 1396 1027 .
1411 1000 1438 1023 et
1453 996 1565 1031 gloriam
1579 996 1653 1024 dedit
1672 996 1848 1024 Nabuchodo-

1056 1042 1146 1068 nosori
1164 1042 1231 1076 patri
1247 1045 1302 1068 tuo.
1320 1042 1363 1069 l9.
1379 1041 1414 1069 Et
1427 1049 1442 1068 a
1457 1042 1669 1077 magniﬁcentia,
1685 1050 1763 1078 quam
1777 1042 1850 1070 dedit

1056 1088 1091 1120 ei,
1104 1095 1197 1115 omnes
1212 1087 1312 1122 populi,
1325 1088 1419 1120 tribus,
1435 1087 1531 1123 lingua:
1547 1088 1695 1116 tremebant
1709 1093 1735 1116 et
1749 1093 1850 1116 metue—

1059 1131 1148 1160 banta
1162 1133 1228 1161 facie
1241 1133 1308 1168 ejus.
1324 1133 1397 1166 Quos
1416 1133 1521 1161 volebat
1542 1133 1598 1168 ipse
1617 1134 1807 1166 interﬁciebat,
1823 1139 1851 1162 et

1057 1187 1123 1214 quos
1137 1180 1245 1208 volebat
1265 1180 1322 1215 ipse
1342 1179 1523 1216 percutiebat,
1539 1186 1566 1208 et
1584 1187 1653 1215 quos
1671 1180 1776 1208 volebat
1793 1181 1850 1215 ipse

1056 1225 1232 1260 deprimebat.
1248 1226 1293 1253 20.
1310 1226 1342 1253 Et
1353 1226 1459 1260 quando
1473 1226 1605 1254 elevalum
1620 1231 1661 1254 est
1673 1234 1720 1253 cor
1733 1226 1808 1261 ejus,
1823 1231 1851 1254 et

1056 1271 1167 1305 spiritus
1181 1271 1238 1306 ejus
1253 1271 1408 1299 oblirmatus
1422 1277 1463 1300 est
1479 1272 1512 1300 ad
1527 1273 1734 1307 superbiendum
1747 1281 1754 1305 ;
1768 1273 1851 1308 ἀερο-

1057 1315 1124 1342 situs
1137 1321 1179 1343 est
1192 1316 1226 1344 de
1239 1317 1307 1344 solio
1321 1317 1394 1352 regni
1409 1317 1467 1350 sui,
1483 1322 1511 1345 ct
1524 1318 1608 1345 honor
1622 1318 1680 1353 ejus
1692 1318 1795 1346 ablatus
1809 1323 1851 1346 est

1057 1360 1091 1388 ab
1105 1368 1148 1393 eo.
1164 1361 1208 1388 21.
1225 1366 1253 1389 ct
1265 1362 1300 1390 ab
1314 1361 1466 1390 hominibus
1484 1363 1610 1397 expulsus
1624 1368 1675 1396 est,
1692 1369 1719 1391 ct
1731 1371 1778 1391 eor
1792 1363 1851 1398 ejus

1057 1413 1118 1433 cum
1133 1406 1226 1434 bcsﬁis
1240 1407 1331 1434 datum
1347 1412 1397 1439 est,
1414 1412 1440 1435 et
1451 1415 1511 1435 eum
1526 1408 1608 1436 asinis
1620 1409 1768 1444 agrestibus
1780 1409 1852 1436 habi-

1058 1451 1124 1478 latio
1133 1452 1202 1486 ejus,
1212 1457 1239 1480 et
1249 1453 1321 1480 [ωηο
1333 1457 1362 1479 ιιι
1374 1453 1468 1480 bovem
1481 1453 1635 1481 cibaventnt
1645 1461 1716 1486 eum,
1729 1459 1755 1481 ct
1765 1461 1779 1481 a
1791 1461 1851 1481 rore

1057 1497 1115 1524 cmli
1129 1504 1227 1532 corpus
1241 1498 1299 1533 ejus
1312 1499 1421 1526 tinctum
1435 1504 1485 1531 est,
1501 1499 1586 1526 donec
1597 1499 1722 1534 cognorit
1734 1500 1795 1534 quia
1808 1500 1852 1527 do-

1059 1542 1176 1570 minatur
1189 1543 1259 1570 Deus
1273 1543 1419 1572 altissimus
1431 1551 1512 1579 super
1527 1552 1636 1579 regnum
1657 1544 1809 1576 hominum;
1824 1549 1852 1572 et

1057 1590 1100 1618 cui
1115 1589 1200 1617 visum
1213 1590 1292 1617 fuerit
1303 1590 1376 1618 dabit
1392 1590 1466 1618 illud.
1486 1599 1496 1616 ι
1515 1590 1580 1617 Nam
1595 1591 1616 1617 si
1631 1590 1686 1621 ille.
1698 1591 1792 1625 inquit,
1805 1598 1849 1618 vce

1059 1637 1102 1664 nia
1114 1636 1236 1672 indignus
1251 1635 1309 1668 fuit,
1322 1641 1349 1662 tu
1361 1635 1406 1670 qui
1421 1639 1480 1670 post
1493 1635 1623 1670 ejusmodi
1634 1635 1786 1670 exemplum
1798 1643 1850 1662 non

1059 1682 1204 1716 resipuisti,
1214 1689 1293 1717 quam
1304 1689 1419 1716 potnam,
1431 1688 1532 1716 quatso,
1545 1681 1671 1709 mereris?
1680 1681 1771 1716 Neque
1781 1681 1852 1708 enim

1059 1727 1092 1755 ad
1116 1728 1292 1763 ignorantiam
1314 1731 1391 1762 potes
1408 1727 1562 1762 confugere.
1577 1727 1672 1754 Nerine
1692 1726 1748 1754 lucc
1763 1727 1853 1754 omnia

1060 1774 1190 1801 noveras?
1202 1773 1336 1807 Quosnam
1351 1773 1458 1800 cuinam
1478 1772 1610 1807 prml'crs?
1624 1780 1670 1800 eos
1684 1773 1728 1807 qui
1743 1780 1794 1799 non
1810 1780 1854 1798 an-

1059 1820 1153 1852 diunt.
1167 1827 1255 1854 neque
1269 1818 1378 1846 vident?
1391 1817 1437 1845 22.
1454 1827 1464 1844 ι
1479 1818 1512 1845 Et
1529 1821 1556 1845 tu
1576 1818 1644 1845 ﬁlius
1661 1817 1718 1852 ejus
1733 1817 1854 1845 Baltasar

1060 1874 1112 1893 non
1134 1865 1277 1893 humiliasti
1297 1871 1344 1892 cor
1367 1869 1441 1892 tuum
1461 1871 1552 1892 coram
1569 1864 1633 1892 Deo.
1649 1863 1743 1891 Nonne
1763 1864 1853 1890 omnia

1061 1912 1119 1939 lucc
1133 1911 1233 1938 noras?
1245 1911 1290 1938 25.
1303 1911 1336 1937 Et
1349 1918 1430 1945 super
1444 1909 1583 1937 Dominum
1597 1909 1680 1936 Deum
1695 1909 1753 1936 eatli
1767 1909 1853 1936 eleva-

1062 1963 1103 1986 tus
1117 1965 1156 1989 es,
1171 1963 1198 1985 et
1210 1957 1306 1985 domus
1321 1957 1379 1991 ejus
1394 1963 1456 1984 vasa
1477 1955 1588 1982 attulisti
1601 1962 1690 1982 coram
1706 1959 1732 1982 te
1747 1963 1755 1981 :
1771 1961 1797 1982 et
1813 1959 1852 1987 tu,

1061 2008 1088 2032 et
1101 2003 1243 2038 optimates
1257 2002 1306 2035 tui,
1321 2006 1349 2029 et
1365 2001 1506 2029 concubini
1520 2001 1568 2033 tui,
1583 2005 1610 2028 et
1626 1999 1733 2036 pellices
1748 2003 1798 2026 tua:
1812 1999 1854 2026 bi-

1061 2049 1138 2076 bistis
1152 2049 1242 2076 vinum
1258 2048 1284 2075 in
1299 2048 1338 2075 cis
1351 2056 1358 2074 :
1370 2047 1488 2082 deosque
1500 2053 1606 2078 aureos.
1621 2051 1648 2073 et
1661 2050 1813 2081 argenteos,
1827 2050 1855 2073 et

1061 2101 1168 2127 tenens,
1184 2098 1211 2122 et
1229 2093 1347 2126 ferreos,
1362 2097 1388 2120 el
1408 2093 1525 2127 ligneos,
1541 2096 1568 2120 ct
1589 2091 1723 2127 lapideos,
1740 2091 1784 2126 qui
1801 2100 1854 2119 non

1063 2141 1162 2173 vident,
1178 2145 1206 2167 ct
1220 2147 1272 2167 non
1292 2139 1413 2171 audiunt,
1429 2143 1456 2167 et
1473 2146 1525 2166 non
1539 2142 1713 2173 cognoscunt,
1730 2137 1853 2167 laudasti,

1062 2193 1089 2214 et
1105 2187 1198 2218 Deum,
1214 2186 1290 2219 cujus
1302 2186 1328 2214 in
1342 2193 1420 2212 manu
1434 2190 1474 2212 est
1486 2185 1563 2212 ﬂatus
1575 2189 1645 2215 tuus,
1661 2188 1689 2211 et
1701 2190 1795 2210 omnes
1806 2183 1855 2210 vite

1062 2237 1132 2266 tum,
1150 2232 1235 2268 ipsum
1258 2239 1310 2258 non
1331 2230 1494 2266 gloriﬁcasti.
1509 2230 1553 2257 24.
1570 2229 1671 2263 Idcirco
1685 2236 1700 2255 a
1716 2228 1783 2254 facie
1797 2227 1855 2262 ejus

1064 2281 1161 2308 missus
1173 2284 1214 2306 est
1232 2277 1361 2305 articulus
1375 2285 1478 2309 manus,
1494 2281 1521 2304 et
1537 2276 1604 2303 hanc
1618 2275 1775 2309 scripturam
1790 2281 1855 2301 exa-

1063 2327 1143 2353 ravit.
1155 2325 1201 2353 25.
1219 2325 1250 2352 Et
1266 2325 1321 2351 hzcc
1334 2328 1376 2351 est
1388 2327 1498 2351 exarata
1511 2323 1642 2356 scriptura
1656 2330 1662 2348 :
1679 2321 1755 2348 Mane
1764 2341 1770 2352 ,
1784 2319 1855 2346 Thc~

1064 2373 1115 2404 cel,
1130 2372 1231 2400 Phares
1245 2371 1308 2398 :26.
1321 2375 1348 2398 et
1362 2370 1418 2397 haec
1430 2374 1471 2396 est
1485 2367 1667 2402 interpretatio
1681 2366 1744 2394 \‘isi:
1758 2365 1833 2392 Mane
1844 2369 1863 2401 :3

1064 2425 1174 2446 mensus
1186 2422 1226 2444 est
1241 2417 1310 2444 Deus
1332 2423 1442 2450 regnum
1464 2420 1536 2442 tuum
1549 2434 1556 2447 ,
1570 2418 1596 2441 et
1613 2412 1754 2447 complevit
1769 2409 1832 2438 illud
1848 2418 1856 2436 :

1064 2464 1110 2491 27.
1123 2463 1220 2491 Thccel
1234 2471 1240 2488 τ
1252 2468 1398 2496 appensum
1413 2465 1452 2487 (at
1467 2460 1492 2486 in
1505 2464 1613 2490 statera,
1628 2463 1655 2486 ct
1669 2457 1805 2484 inventum
1817 2460 1859 2483 est

1065 2509 1201 2536 deﬁciens.
1216 2508 1260 2534 9.8.
1278 2507 1378 2534 Phares
1394 2515 1401 2533 :
1416 2505 1529 2532 divisum
1542 2508 1583 2532 est
1597 2510 1706 2538 regnum
1725 2507 1798 2530 tuum
1808 2522 1815 2534 ,
1832 2505 1860 2528 et

1067 2599 1182 2629 Epitomc,
1195 2602 1267 2628 quam
1276 2596 1351 2629 edidit
1360 2594 1479 2629 scaliger.
1491 2593 1583 2629 mentio
1594 2591 1620 2616 ﬁt
1632 2598 1638 2615 :
1653 2597 1737 2629 verttrn
1750 2594 1860 2629 tempora

1067 2620 1286 2654 nhnﬁeoiivvéniunt.
1308 2620 1497 2651 Exislima‘tl‘erim
1517 2624 1540 2648 id
1560 2629 1647 2647 nomen
1660 2622 1798 2651 Aitltiopum
1814 2620 1861 2644 deo

1067 2666 1095 2685 ac
1106 2660 1207 2690 regibus
1215 2659 1290 2682 fuisse
1298 2663 1435 2690 communio,
1445 2655 1579 2690 prmsertitn
1588 2659 1642 2678 cum
1651 2659 1737 2690 regem
1747 2657 1860 2690 magnoin

1068 2682 1096 2715 Eé
1106 2682 1232 2721 po'fcutetn
1243 2689 1371 2721 signiticet.
1385 2682 1457 2721 (Eerté
1469 2686 1530 2721 quia
1541 2685 1598 2709 olim
1617 2690 1693 2721 rcges
1710 2682 1862 2721 ut‘diiAco‘le:

1068 2712 1316 2750 batitur‘apierisl’ute
1327 2718 1458 2750 gentibus,
1472 2712 1503 2741 eo
1519 2716 1607 2750 laetum
1625 2712 1680 2750 est,
1699 2717 1725 2750 ut
1744 2713 1797 2737 haec
1813 2712 1861 2750 duo

1069 2753 1165 2776 nomina
1178 2747 1226 2775 Nec
1239 2755 1264 2774 et
1276 2747 1345 2774 ’θεώ
1358 2755 1401 2779 pro
1414 2747 1500 2772 eadem
1520 2754 1549 2779 re
1566 2747 1590 2770 in
1607 2747 1734 2779 sinitur-is
1746 2747 1861 2779 usurpata

1070 2774 1232 2819 tereretur.-
1241 2774 1398 2819 poni-erasa
1410 2779 1441 2819 1»;
1609 2776 1691 2819 27.1.5
1701 2775 1808 2819 13.39552;
1820 2774 1860 2819 *3;

1070 2805 1265 2842 '5'i',‘ét"18.5t.
1280 2816 1305 2835 et
1317 2811 1356 2839 to,
1370 2811 1400 2842 ts
1408 2817 1414 2838 ;
1428 2805 1637 2842 ncm'iuuahses,
1650 2807 1686 2834 ιδ,
1695 2805 1822 2842 arma),
1836 2807 1861 2842 ςςι

1074 2845 1098 2870 ll
1128 2845 1159 2875 5;
1173 2848 1244 2874 atque
1257 2838 1383 2868 Selueuum
1395 2841 1452 2872 lege
1464 2843 1584 2872 Syntagul.
1599 2839 1609 2864 l
1624 2839 1653 2863 dc
1667 2838 1714 2862 Diis
1726 2838 1796 2868 Syris,
1808 2838 1860 2860 ΩΛΞ.
