2072 3123
210 73 266 102 225

210 130 303 158 datum
320 133 362 158 est
381 129 464 158 Medis
487 137 519 158 ac
541 130 630 158 Persis
649 131 699 166 (α).
711 144 721 161 ι
742 131 852 165 Idcirco,
867 133 913 166 ait,
930 132 998 160 Deus

210 183 317 210 regnum
329 181 400 202 tuum
412 183 511 203 mensus
531 181 584 208 est,
603 181 626 202 et
649 176 755 204 divisum
774 182 820 204 est.
845 178 879 205 Et
902 177 952 205 hoc
973 178 1000 206 iu

211 220 370 255 supplicium
386 220 452 253 fuit,
468 221 539 255 qttod
554 221 666 249 divisum
680 227 721 249 est
731 243 738 255 ,
755 231 804 250 nec
819 223 916 251 mansit
930 224 1000 251 inte-

209 273 298 300 grum.
311 265 387 299 Quod
402 271 430 293 et
443 266 470 292 iu
485 265 628 294 Salomone
642 268 761 303 conligit.
777 268 834 296 Non
849 268 928 296 modo
940 270 1001 304 quia

209 310 354 338 Baltasaris
368 310 438 338 ﬁlius
455 319 508 339 non
526 313 632 347 excepit
646 321 767 347 regnum.
782 314 829 342 sed
841 319 869 342 et
883 315 943 350 quia
959 315 1001 342 di-

209 356 297 383 visum
312 361 364 384 est.
378 356 446 384 Vide
461 362 490 384 ut
504 358 574 386 Deus
588 366 618 386 se
632 358 669 386 illi
683 364 792 387 excuset
806 369 812 386 :
830 359 890 388 vide
909 366 936 387 ut
954 369 1001 388 rex

210 401 348 428 infortunii
368 403 410 429 sui
431 402 466 430 sit
479 409 582 431 auctor.
602 403 635 430 In
654 405 743 439 cujus,
759 405 856 440 inquit,
872 414 949 433 manu
966 412 1001 433 eu

208 448 288 482 ﬂatus
298 453 365 475 tuus.
379 447 474 476 Nonne
488 449 559 476 enim
572 454 676 484 poterat
689 451 778 477 statim
791 456 816 478 te
830 451 1002 479 interimere?

209 492 262 520 Sed
276 494 378 528 patiens
393 493 451 521 luit.
466 494 550 528 Quem
565 503 617 522 non
633 497 689 522 haec
705 503 781 529 paena
801 496 1000 530 perterruisset,

209 546 294 573 eaque
308 539 334 566 in
351 539 521 574 propinquo?
534 539 614 568 Vides
629 545 784 575 potestatem
798 541 830 568 ad
845 542 1001 576 utrumque?

209 584 292 617 unde,
307 592 408 619 quaso,
424 585 501 612 venia
516 585 612 620 dignus
624 586 674 614 es?
687 591 714 613 et
731 591 758 614 tu
777 587 846 614 tilius
864 587 932 621 ejus,
947 595 1000 615 non

209 629 296 658 habeo
319 630 408 658 dicere
430 638 511 665 nepos
532 632 588 666 (ὑ),
607 640 696 659 nonne
717 633 804 659 omnia
826 632 884 660 htec
904 634 1002 660 noras?

209 675 438 707 Quemadmodum
453 676 479 703 in
495 676 551 704 foro
567 676 685 711 iudiciali
708 677 838 705 sententia
857 677 1000 711 scribitur,

209 721 262 748 iste
274 728 305 748 ea
317 728 375 755 qua:
389 722 594 756 pronuntiantur
607 722 805 756 ittterpretatur.
818 723 895 758 Unde
908 724 962 758 regi
975 724 1001 751 in

210 770 327 793 mentem
344 767 419 794 venit
437 767 571 795 Danielcm
591 768 741 797 honorare?
756 769 790 796 L't
807 769 870 796 mihi
885 770 1000 803 videtur,

211 821 245 840 ne
257 813 290 841 ab
303 814 335 841 iis
347 814 391 849 qui
406 814 516 842 aderant
528 815 759 848 condemnaretur,
771 821 798 844 et
811 817 879 844 forte
891 824 1001 852 sperans

210 865 240 886 se
255 866 303 892 per
317 859 374 886 hazc
389 859 572 887 liberationem
587 860 767 888 inventurum.

521 938 634 966 CAPUT
654 938 697 966 Vl.

245 1016 272 1043 4.
296 1025 306 1041 ‹
329 1016 362 1043 Et
384 1023 431 1043 rex
449 1016 587 1044 constituit
606 1023 666 1044 eum
690 1024 772 1051 super
791 1025 870 1045 omne
890 1025 1000 1052 regnum

210 1068 300 1088 suum.
316 1061 348 1088 Et
360 1061 527 1089 ordinatores
545 1066 572 1089 et
589 1067 702 1097 satrapa:
717 1064 870 1097 quaerebant
884 1063 1003 1091 invenire

209 1112 303 1134 contra
320 1107 456 1135 Danielem
476 1108 662 1140 occasionem,
677 1115 710 1135 ex
727 1116 819 1143 regno.
842 1108 876 1135 Et
895 1117 1001 1136 omnent

211 1157 369 1187 prmtextum
382 1161 414 1180 ac
426 1152 553 1181 offensam
568 1161 619 1181 nott
633 1154 791 1181 invenerunt
806 1154 831 1181 iu
846 1154 930 1187 illum,
942 1154 1002 1189 quia

211 1199 298 1227 ﬁdelis
310 1204 367 1226 erat
385 1208 396 1226 ι
413 1209 420 1227 :
435 1199 461 1226 id
474 1203 525 1233 est,
537 1199 593 1235 regi
605 1204 663 1227 erat
676 1199 819 1227 benevolus
829 1200 848 1226 ¹.
862 1199 921 1232 Vel,
937 1200 1002 1234 Quia

210 1244 295 1278 fidelis
309 1249 362 1271 erat
376 1252 387 1271 :
400 1245 450 1272 hoc
468 1249 524 1278 est,
545 1245 695 1273 confidebat
713 1245 782 1277 Deo;
801 1251 829 1273 et
849 1245 893 1272 illc
913 1246 1002 1273 omnia

210 1289 342 1324 gubernat
354 1298 360 1316 :
373 1289 428 1318 Deo
438 1293 525 1317 autem
536 1290 711 1325 gubernante,
724 1290 793 1324 quod
804 1290 929 1317 dantnum
943 1298 1003 1318 eve-

211 1334 270 1362 nire
288 1334 404 1369 poterit?
417 1335 486 1368 Quid
501 1335 581 1371 igitur
597 1336 651 1362 ait?
664 1336 690 1363 5.
709 1335 834 1363 Dixerunt
848 1337 1003 1364 ordinatura:

210 1380 240 1412 ii,
257 1379 316 1407 Non
330 1381 482 1408 inveniemus
493 1386 581 1408 contra
594 1381 724 1408 Danielent
738 1382 903 1415 occationem,
916 1381 964 1408 nisi
976 1382 1002 1409 in
1014 1398 1018 1400 ~

210 1426 327 1462 legitimis
339 1426 387 1453 Dei
400 1427 449 1453 cui.
464 1427 544 1459 Nihil,
559 1427 690 1462 inquiunt,
703 1427 814 1454 inveniri
829 1432 926 1462 potest.
938 1427 1003 1454 Pro-

211 1477 271 1508 plcr
283 1473 366 1507 quid?
379 1473 473 1513 Nonne
491 1473 571 1500 honto
584 1473 644 1500 est?
658 1481 691 1500 an
707 1472 733 1500 in
749 1473 872 1501 omnibus
893 1477 1003 1507 peccato

210 1520 258 1546 fuit
278 1519 422 1546 immunis?
443 1519 571 1547 Futurum
592 1519 722 1546 incertum
741 1523 783 1546 est
800 1528 807 1546 :
823 1524 850 1546 et
868 1519 902 1546 de
924 1519 1003 1546 rebus

211 1565 306 1592 futuris
320 1573 372 1599 qua
392 1565 494 1592 ratione
508 1565 645 1592 afﬁrmatis
655 1565 667 1591 ’ἒ
678 1565 712 1592 Et
723 1565 796 1592 aiunt
808 1573 815 1592 :
828 1565 1002 1598 Experimen-

211 1615 266 1636 tum
280 1618 313 1636 ex
330 1610 393 1644 ipsis
414 1610 493 1637 rebus
512 1609 684 1644 sumpsimus.
699 1609 760 1636 Nisi
772 1610 798 1635 in
812 1608 928 1644 legitimis
939 1629 946 1642 ,
960 1609 1002 1635 in--

210 1655 316 1689 quinnt,
331 1654 378 1681 Dei
388 1655 436 1686 sui,
454 1663 502 1681 non
515 1655 665 1681 inveniemus
677 1654 841 1681 occasionem.
854 1654 932 1688 Atqui
944 1653 1003 1682 istic

212 1701 296 1727 multo
311 1701 396 1735 magis
409 1705 450 1727 est
467 1700 720 1734 irreprehensibilis.
736 1699 920 1727 Tentatiouem
941 1707 1002 1734 per-

211 1746 291 1773 mittit
307 1747 374 1773 Deus
389 1745 423 1772 ad
438 1745 630 1780 probationem.
643 1744 735 1772 Nonne
748 1745 817 1772 enim
834 1749 935 1779 poterat
949 1745 1002 1772 illo-

212 1799 271 1817 rum
284 1791 410 1817 eobiberc
425 1790 572 1816 malitiam?
585 1789 685 1817 Verum
699 1794 726 1816 ut
736 1796 783 1824 per
796 1789 820 1816 id
835 1790 961 1822 disceres,
976 1795 1003 1817 et

213 1837 283 1863 hunc
306 1836 458 1869 mirareris,
477 1843 530 1862 non
551 1835 652 1862 invidet
671 1835 776 1862 famulis
795 1835 850 1862 suis
863 1843 1000 1863 coronam.

212 1881 240 1908 6.
258 1890 267 1906 ι
285 1881 359 1908 Tunc
376 1881 544 1908 ortlinatores
562 1885 589 1908 et
607 1885 721 1915 satrapa:
735 1881 876 1908 astiterunt
889 1881 943 1915 regi
954 1902 961 1913 ,
976 1886 1003 1908 et

212 1927 336 1954 dixerunt
348 1926 372 1954 ei
386 1935 392 1953 :
408 1927 468 1953 Dari
483 1934 539 1958 rex,
552 1926 578 1952 in
592 1931 720 1953 aeternum
733 1926 802 1953 vive.
816 1927 843 1953 7.
857 1927 1002 1953 Consilium

212 1973 330 2000 inierunt
342 1980 435 2000 omnes
450 1973 495 2008 qui
507 1980 587 2007 super
600 1979 711 2008 regnum
728 1976 800 2000 tuum
813 1972 905 2006 duces,
922 1977 949 2000 et
961 1980 1004 1999 sa-

245 2081 254 2096 ί
271 2079 437 2112 Theodoretus
452 2080 487 2105 sic
504 2080 577 2112 habet
588 2087 594 2104 :
605 2079 722 2112 Pietatem
732 2079 796 2112 enim
805 2078 933 2106 observata:
944 2087 1003 2112 erga

213 2114 292 2136 Deum
303 2110 378 2136 multa
386 2117 454 2142 reges
465 2109 625 2135 benevolentia
636 2110 842 2142 complectebatur.

245 2142 282 2176 (tt)
297 2145 346 2176 Non
356 2142 430 2176 dieit_,
444 2142 542 2166 Dabitur
553 2142 626 2166 Medis
637 2147 665 2176 ac
676 2141 769 2172 Persis;
787 2147 848 2176 nec,
863 2145 947 2176 patum
959 2145 1003 2176 est

212 2171 368 2202 Eabonnido;
380 2172 437 2202 sed,
451 2175 538 2196 Datum
549 2175 583 2196 est
595 2171 670 2197 Medis
687 2178 716 2197 at:
727 2171 816 2201 Persis,
826 2176 853 2196 ut
863 2173 895 2196 de
913 2179 942 2197 re
955 2173 1005 2203 jam

212 2203 303 2233 futura;
317 2207 398 2228 errant
406 2204 480 2234 igitur
492 2203 536 2227 viri
546 2203 609 2227 docti
621 2203 663 2234 qui
672 2203 719 2227 hoc
731 2203 867 2234 vaticinium
880 2203 1005 2234 impletum

212 2235 284 2258 anuis
295 2237 348 2264 post
360 2233 535 2265 septemdecim
546 2233 702 2265 contendunt.
723 2233 809 2258 Eadem
820 2233 917 2264 quippe
933 2237 1005 2265 nocte

320 2268 359 2289 est
370 2263 472 2300 itaitasar
481 2281 489 2294 ,
502 2268 529 2289 et
538 2263 641 2300 Babylon
652 2267 808 2300 expugnata:
819 2263 1004 2300 liceobstatlo:

213 2302 258 2320 cus
269 2295 281 2320 1
295 2299 353 2326 Reg.
367 2295 405 2324 15,
414 2295 454 2325 ‘28,
464 2301 537 2326 quem
545 2294 784 2326 objiettclarissiinus
795 2295 921 2326 Petavius:
931 2294 1005 2320 Scidit

213 2324 441 2357 Dominus—regnum
454 2324 528 2357 (irae!
536 2332 553 2357 α
559 2324 582 2350 te
591 2324 671 2357 hodie,
680 2328 703 2350 et
712 2325 815 2357 tradidit
824 2325 885 2350 illud
894 2325 1006 2357 proximo

215 2360 264 2386 tuo,
269 2355 400 2387 melion'te.
409 2355 585 2387 Intelligeutlus
595 2356 661 2381 enim
669 2359 709 2380 est
715 2356 749 2387 de
755 2355 1003 2387 inunctione'Davidis,

214 2393 270 2417 quae
282 2394 330 2411 non
341 2386 417 2411 multo
428 2386 531 2418 postrest
544 2388 612 2411 facta.
625 2390 683 2411 sunt
694 2390 720 2412 et
730 2386 777 2411 alia
789 2394 836 2412 nou
849 2393 923 2418 pauca
934 2393 1005 2418 argu-

213 2421 311 2450 menta,
324 2418 420 2450 quibus,
430 2417 509 2450 fabula
529 2418 589 2450 uarii
606 2417 735 2450 Nabonnidi
751 2417 1004 2450 iugulatur;quorum

215 2447 391 2477 nonnulla‘uos,
403 2449 422 2472 si
434 2448 527 2472 occasio
537 2448 614 2477 feret,
627 2454 675 2473 non
686 2447 833 2473 omittemus.

245 2478 281 2509 (ὸ)
299 2483 347 2503 Una
358 2479 464 2504 omnittm
476 2478 649 2503 verisimillima
661 2480 784 2504 sententia
799 2483 845 2509 est,
859 2479 1004 2504 Baltasarem

213 2508 288 2534 fuisse
299 2509 373 2534 ﬁlium
384 2509 569 2541 Eviluterodacbi
576 2527 583 2537 .
596 2514 711 2541 nepotem
721 2516 780 2534 vero
791 2508 1004 2536 Nabuchodonoso-

212 2541 255 2569 ris,
267 2541 324 2571 quia
334 2543 424 2564 Jerem.
437 2540 476 2569 ‘27,
488 2540 513 2569 7,
525 2545 615 2571 gentes
625 2540 753 2565 Servitnrze
763 2541 874 2566 dicuntur
886 2541 1005 2566 Nabucho-

212 2570 340 2607 donosori”,
361 2574 387 2595 et
405 2570 452 2595 lilio
463 2570 542 2607 eius}
562 2575 587 2596 et
604 2571 652 2596 lilio
671 2571 790 2607 ﬁliirejus.
807 2573 1004 2607 Omninoﬂtamen

211 2601 338 2631 rejiclendi
351 2609 398 2626 non
415 2604 471 2626 sunt
483 2601 497 2626 ii
510 2603 659 2632 interpretes
667 2621 673 2630 .
686 2601 785 2627 veteres
797 2609 824 2627 ac
835 2603 986 2627 recentiores
995 2620 1003 2632 ,

211 2632 302 2662 quibus
311 2633 556 2657 ﬁabuchodonosorus
575 2636 613 2657 est.
632 2632 679 2663 vel,
692 2639 794 2663 proavus
812 2633 950 2662 Baltasaris,
964 2633 1004 2658 vel

223 2666 282 2695 utter
293 2663 519 2695 Evilmerodacitirac
530 2663 654 2695 Baltasaris
669 2662 785 2695 fratrum;
803 2664 844 2689 vel
861 2665 1004 2695 patcruniei

230 2692 253 2717 lii
266 2694 405 2724 binominis,
417 2697 443 2720 et
453 2694 493 2725 qui
506 2695 575 2719 modo
585 2692 792 2719 Erilmerodachus
800 2711 808 2725 ,
820 2692 891 2719 modo
902 2694 1004 2719 Baltasar

211 2725 244 2748 sit
255 2728 416 2756 nuncupatus.
433 2728 512 2754 Quare
532 2726 687 2749 temerarium
707 2725 912 2750 heterodoxorum
929 2732 1004 2750 sacrae

211 2755 344 2789 scripture
360 2756 517 2789 interpretum
533 2756 660 2789 consilium
677 2756 771 2789 probari
789 2762 836 2781 non
853 2759 933 2788 potest
943 2776 949 2787 ,
961 2759 1004 2789 qui

211 2784 258 2810 hoc
264 2784 350 2817 capue
362 2787 386 2811 in
398 2784 476 2811 locum
487 2786 571 2818 patris,
585 2793 654 2811 auum
666 2784 822 2812 substituunt.

900 75 933 103 IN
953 73 1137 103 DANIELEM.

1787 85 1840 115 226

1052 137 1144 168 trapae,
1155 134 1307 169 optimates,
1320 141 1347 164 et
1359 137 1503 172 toparcbte,
1517 143 1634 168 statuere
1641 145 1744 170 statuto
1759 143 1844 179 regio,

1051 185 1078 206 et
1090 182 1248 209 confirmare
1260 183 1479 212 constitutionem
1493 192 1500 211 :
1515 189 1544 212 ut
1555 186 1716 222 quicumque
1735 189 1841 223 petierit

1051 225 1085 252 ab
1099 225 1152 252 ullo
1163 226 1215 253 dco
1229 227 1269 255 vel
1289 228 1398 256 homine
1412 230 1568 264 petitionem
1582 239 1665 266 usque
1678 233 1711 260 ad
1724 233 1781 262 dies
1794 235 1841 261 tri-

1051 271 1122 305 ginta
1135 273 1154 304 ‘,
1169 273 1218 300 nisi
1231 281 1246 300 a
1260 278 1301 306 te,
1315 282 1381 307 rex,
1397 276 1517 303 mittatur
1535 277 1561 303 in
1581 276 1668 305 lacum
1683 279 1800 307 leonum.
1811 280 1838 308 8.

1051 316 1126 344 Nunc
1141 318 1228 353 igitur,
1244 327 1290 346 rex
1301 341 1309 352 ,
1324 324 1410 348 statue
1429 322 1644 350 constitutionem
1655 344 1662 355 ,
1679 329 1706 351 et
1722 332 1841 360 propone

1052 363 1219 398 scripturam.
1236 370 1265 392 ut
1277 373 1329 392 non
1346 367 1499 394 immutctur
1513 368 1648 396 decretum
1663 369 1798 398 Medorum
1814 377 1842 399 et

1053 408 1193 436 Persarum
1209 409 1257 445 (α).
1267 405 1298 437 ut
1310 419 1344 439 ne
1355 412 1417 445 quid
1432 413 1618 446 przcscribatur
1628 415 1754 447 adversus
1766 416 1840 443 illud.

1053 454 1081 482 9.
1096 454 1116 482 Τ
1119 463 1170 482 unc
1185 463 1231 483 rex
1246 456 1340 484 Darius
1354 459 1476 492 praecepit
1492 460 1572 486 scribi
1587 460 1733 488 decretura.
1748 471 1758 487 ι
1774 462 1840 490 Vide

1052 501 1114 535 quid
1129 507 1220 536 agant,
1235 507 1316 537 utqtte
1331 503 1508 531 inconsultum
1523 506 1636 532 edictum
1651 512 1767 535 statuere
1781 513 1839 534 stu-

1052 547 1142 574 deant.
1156 547 1189 575 Et
1199 549 1292 582 cupide
1308 549 1358 576 hoc
1373 555 1473 584 petunt.
1487 551 1552 578 Nam
1565 552 1672 579 dicere:
1686 553 1841 588 Quicumque

1053 593 1149 627 petierit
1163 593 1194 619 ub
1210 594 1309 620 [tantine
1318 615 1325 625 .
1340 594 1464 622 habnitne
1477 597 1603 623 causam?
1619 597 1671 624 Sed
1684 598 1842 626 videbantur

1052 638 1180 665 rationem
1206 639 1339 673 petitionis
1360 648 1407 674 per
1428 641 1582 669 brevitatem
1603 644 1728 677 temporis
1746 644 1842 672 callide

1051 683 1194 711 occultare.
1209 685 1299 718 Qualis
1309 690 1349 712 est
1363 686 1413 713 iste
1427 691 1568 720 prxtextus
1579 688 1590 714 ζ’
1602 696 1685 722 quare
1696 689 1721 716 id
1732 689 1841 717 dixisti?

1053 729 1143 756 Visum
1155 735 1204 762 est,
1217 731 1301 766 inquit
1311 740 1318 763 ;
1328 739 1421 759 omnes
1430 734 1616 761 convenientes
1628 735 1653 762 id
1668 735 1840 767 firmavimus.

1053 779 1082 802 ut
1102 776 1169 802 intra
1192 775 1296 810 triginta
1311 776 1370 804 dies
1386 785 1401 804 a
1417 783 1442 805 te
1459 778 1515 805 solo
1531 784 1628 812 petant.
1639 779 1662 806 0
1676 779 1840 807 barbaricam

1053 820 1205 855 petitionem
1219 821 1226 847 l
1241 829 1258 848 o
1272 822 1361 849 multa:
1376 822 1605 850 inconsiderantite
1621 824 1729 858 plenutn
1742 825 1842 852 beneﬁ-

1052 867 1133 897 cium,
1145 875 1204 893 eum
1217 867 1260 901 qui
1272 867 1395 895 honorari
1407 869 1510 895 videtur
1520 869 1638 897 afficiens
1651 869 1746 904 probro
1757 871 1763 897 l
1775 870 1840 898 Nam

1052 912 1074 939 si
1088 920 1131 939 res
1143 912 1253 940 honesta
1264 918 1330 946 erat,
1341 914 1478 948 oportebat
1491 920 1643 950 perpetuant
1655 923 1713 943 esse
1726 924 1733 942 ;
1745 916 1767 943 si
1778 923 1842 943 vero

1053 958 1182 993 improba,
1195 968 1228 986 ne
1238 960 1343 994 quidem
1353 960 1384 987 ad
1397 961 1501 995 triginta
1512 961 1569 988 dies
1579 961 1684 988 durare.
1696 961 1809 993 Rursus,
1819 962 1842 988 si

1052 1003 1120 1030 bona
1131 1025 1138 1035 ,
1154 1011 1203 1031 cur
1222 1005 1417 1032 multitudinem
1438 1006 1599 1032 obtendilis?
1612 1006 1716 1034 Etenim
1737 1006 1794 1033 sine
1809 1013 1841 1034 ea

1052 1056 1171 1076 annuere
1189 1050 1305 1084 oportuit
1320 1059 1326 1076 :
1341 1051 1363 1077 si
1378 1058 1441 1077 vero
1459 1051 1526 1077 mala
1538 1070 1545 1082 ,
1566 1058 1615 1078 nec
1634 1051 1757 1079 universo
1775 1051 1842 1078 orbe

1051 1094 1160 1128 jubcnte
1180 1095 1416 1129 obtemperandum
1437 1101 1503 1123 erat.
1529 1096 1621 1123 Dolum
1645 1103 1697 1123 non
1722 1095 1842 1130 praevidit

1054 1147 1098 1166 rex
1114 1147 1120 1165 :
1135 1144 1162 1166 et
1177 1140 1226 1166 hoc
1237 1147 1269 1167 ex
1285 1140 1316 1167 iis
1325 1148 1383 1175 qua:
1392 1145 1482 1175 postea
1493 1141 1660 1174 contigerunt
1673 1141 1840 1167 manifestum

1053 1189 1104 1211 est.
1119 1183 1262 1212 Constituit
1275 1185 1357 1218 enim,
1370 1190 1397 1212 et
1410 1185 1624 1212 constitutionem
1637 1185 1747 1219 publicis
1757 1185 1841 1212 literis

1053 1230 1201 1263 lirmarunt,
1219 1235 1246 1257 ut
1260 1238 1346 1265 neque
1360 1230 1457 1258 volenti
1473 1231 1526 1265 regi
1540 1234 1644 1264 tempus
1658 1230 1784 1257 renuendi
1798 1238 1841 1257 es-

1053 1279 1094 1302 set
1105 1275 1239 1310 deinceps.
1251 1275 1318 1309 Quid
1333 1275 1420 1310 itaque
1429 1275 1465 1303 ait
1476 1275 1577 1308 Daniel,
1590 1282 1650 1303 cum
1662 1276 1709 1302 ista
1724 1276 1842 1312 accepit“!

1052 1319 1183 1348 Turbatus
1195 1328 1249 1347 non
1261 1325 1319 1353 est;
1332 1320 1450 1354 pristinae
1460 1320 1644 1348 consuetudini
1654 1321 1719 1348 nihil
1732 1320 1840 1356 adjecit,

1053 1364 1118 1394 nihil
1141 1365 1249 1392 ademit.
1272 1365 1369 1400 Aspice
1394 1366 1492 1393 virtute
1510 1365 1652 1400 praeditum
1677 1366 1842 1400 aequabiliter

1052 1417 1158 1444 semper
1172 1409 1316 1444 viventem,
1328 1410 1416 1437 omnia
1428 1411 1498 1438 velut
1509 1415 1698 1445 praetereuntes
1710 1411 1800 1444 liores,
1811 1418 1843 1439 ac

1053 1457 1126 1484 velut
1140 1456 1165 1484 in
1180 1455 1280 1484 umbris
1295 1460 1349 1484 tum
1363 1457 1501 1483 commoda
1516 1462 1570 1483 tum
1586 1457 1669 1483 tristia
1685 1456 1840 1484 intuentem.

1052 1501 1117 1530 Nam
1131 1501 1154 1529 si
1166 1501 1200 1529 ab
1212 1501 1287 1529 initio
1302 1501 1370 1529 adeo
1389 1501 1582 1536 imperterritus
1601 1501 1742 1534 manebat,
1758 1501 1842 1528 utulto

1052 1548 1137 1582 magis
1151 1555 1221 1575 nttnc
1231 1568 1239 1579 ,
1255 1552 1314 1582 post
1329 1547 1503 1582 certaminum
1524 1547 1670 1582 periculum
1685 1552 1723 1575 tot
1735 1547 1842 1574 coronis

1052 1592 1199 1620 redimitus.
1211 1592 1265 1620 Cur
1277 1601 1329 1620 non
1339 1593 1451 1620 accessit
1461 1593 1472 1619 ἲ
1481 1601 1528 1620 cur
1539 1598 1647 1627 questus
1656 1600 1709 1620 non
1719 1597 1770 1626 est,
1781 1601 1841 1620 cum

1052 1641 1152 1666 tantam
1173 1638 1298 1673 loquendi
1321 1638 1472 1666 libertatem
1492 1639 1560 1674 apud
1579 1646 1668 1673 regem
1689 1639 1842 1667 obtineret?

1053 1684 1163 1712 Nolebat
1180 1683 1206 1710 id
1225 1691 1305 1718 agere
1322 1683 1411 1711 verbis
1422 1703 1429 1715 ,
1445 1684 1492 1711 sed
1511 1683 1602 1711 rebus.
1615 1684 1738 1718 Alioquin
1753 1688 1841 1712 autem

1052 1729 1149 1764 ubique
1162 1737 1223 1756 cum
1238 1729 1397 1762 invenimus,
1410 1737 1470 1756 cum
1484 1737 1546 1756 usus
1562 1735 1646 1761 vocat,
1665 1729 1786 1764 prosilire
1799 1734 1841 1756 at-

1052 1783 1104 1809 que
1117 1775 1254 1802 accedere.
1271 1774 1315 1802 10.
1332 1784 1341 1801 t
1360 1774 1391 1802 Et
1407 1774 1498 1803 Daniel
1511 1775 1616 1810 quando
1635 1776 1759 1810 cognovit
1776 1776 1844 1802 scri-

1053 1826 1126 1855 ptum
1141 1828 1201 1848 esse
1213 1820 1352 1848 decretum
1362 1841 1369 1854 ,
1384 1821 1518 1855 ingressus
1530 1825 1570 1848 est
1587 1821 1612 1848 in
1626 1821 1734 1848 donntm
1749 1829 1823 1848 suam
1833 1842 1842 1854 ,

1053 1873 1080 1894 ct
1093 1867 1216 1894 feneSIrze
1229 1871 1330 1900 aperta:
1345 1867 1370 1894 in
1383 1867 1518 1893 cantaculo
1532 1866 1589 1900 ejus
1603 1872 1693 1894 contra
1708 1866 1843 1902 .lerosoly-

1053 1920 1123 1939 mam
1139 1921 1146 1939 :
1160 1917 1187 1939 ct
1207 1912 1291 1940 tribus
1309 1912 1472 1947 temporibus
1490 1912 1542 1940 diei
1561 1912 1682 1940 ﬂectebat
1697 1920 1799 1948 genua,
1815 1916 1844 1940 et

1053 1958 1146 1985 orabat
1158 1957 1208 1993 (b),
1221 1963 1247 1986 et
1262 1959 1436 1987 conﬁtebatur
1450 1966 1539 1987 coram
1560 1959 1616 1986 Deo
1635 1967 1700 1992 suo,
1721 1964 1749 1986 ut
1765 1965 1842 1987 antea

1053 2003 1145 2030 solitus
1155 2008 1211 2031 erat
1221 2003 1318 2031 facere.
1333 2013 1342 2030 ι
1353 2003 1441 2036 Quare
1451 2011 1500 2030 nos
1508 2003 1644 2031 admonuit
1655 2004 1840 2036 fenestrarum,

1053 2049 1123 2083 quod
1136 2054 1235 2083 aperue
1252 2053 1342 2076 essent
1358 2057 1448 2077 versus
1458 2048 1670 2084 Jerosolytnam?
1681 2049 1746 2082 Quia
1757 2046 1844 2076 ,ιυάωί

1053 2094 1203 2122 vehementi
1229 2094 1302 2121 urbis
1327 2095 1398 2121 illius
1420 2095 1536 2121 visenda:
1560 2095 1716 2121 tenebantur
1736 2094 1843 2121 deside-

1056 2141 1106 2167 rio.
1121 2140 1196 2168 Sient
1216 2140 1295 2174 igitur
1307 2141 1351 2174 qui
1367 2144 1479 2167 amatam
1495 2140 1573 2166 habet
1585 2139 1739 2171 absentem,
1759 2140 1840 2167 etiam

1055 2187 1149 2214 itinera
1161 2194 1194 2213 eo
1206 2186 1328 2213 ducentia
1347 2186 1433 2222 diligit
1447 2194 1454 2212 :
1469 2186 1502 2212 ita
1518 2193 1583 2213 sane
1598 2190 1625 2212 et
1637 2186 1696 2212 istc.
1712 2186 1761 2212 Alii
1778 2193 1842 2213 vero

1054 2231 1242 2259 desiderabant
1266 2231 1358 2258 urbem
1380 2235 1488 2265 propter
1514 2238 1557 2258 res
1579 2231 1732 2264 corporales
1758 2239 1765 2257 :
1787 2238 1841 2258 non

1055 2281 1143 2304 autern
1157 2276 1218 2309 hic,
1241 2280 1268 2303 at
1290 2281 1399 2311 propter
1418 2275 1528 2310 gloriam
1552 2275 1609 2303 Dei.
1625 2275 1842 2310 Quandoquidem

1055 2322 1080 2350 id
1095 2323 1129 2350 ita
1145 2319 1177 2350 se
1189 2322 1287 2350 habere
1299 2321 1359 2349 inde
1374 2320 1542 2348 manifestum
1556 2325 1615 2353 est,
1636 2321 1706 2356 quod
1730 2321 1845 2348 noluerit

1087 2420 1094 2436 ¹
1114 2419 1142 2444 in
1159 2422 1223 2444 Orat.

1055 2451 1147 2474 tricena
1164 2449 1284 2480 habetur,
1304 2453 1384 2475 errato
1403 2450 1517 2474 nimirum
1531 2449 1683 2480 saiptionis,
1703 2456 1748 2474 seu
1768 2451 1847 2480 potius

1054 2487 1186 2506 memoriae.

1087 2512 1124 2543 (tt)
1141 2511 1229 2536 (Sentior
1247 2518 1302 2536 cum
1320 2511 1427 2536 Estheraa
1445 2511 1475 2538 l.
1496 2510 1539 2540 19,
1561 2513 1588 2535 et
1608 2510 1846 2543 intelliges_paritnn

1055 2541 1148 2567 Medum
1161 2544 1293 2573 imperasse
1313 2543 1386 2566 Medis
1401 2549 1429 2566 ac
1446 2543 1541 2570 Persis,
1560 2547 1608 2566 non
1628 2545 1710 2573 autem
1729 2541 1847 2566 Cbaldmis

1054 2574 1125 2602 solis;
1135 2571 1285 2604 proindeque
1293 2580 1340 2597 non
1352 2579 1408 2597 esse
1415 2572 1588 2597 Nabonnidum.
1600 2571 1658 2600 Quid
1671 2573 1744 2601 enim,
1754 2579 1846 2618 quaeso,

1055 2605 1083 2618 ml
1098 2604 1248 2618 nullxrlnhhlm
1261 2610 1347 2618 -ιηηιιινη
1371 2603 1492 2618 ιιιιιΙιιι-ιιηι
1505 2609 1532 2618 an
1545 2607 1669 2618 tim-annum
1683 2602 1753 2618 lnam:

1055 2605 1083 2628 ad
1098 2602 1252 2634 Babylonium
1261 2610 1357 2634 regem,
1371 2603 1493 2634 Medorum
1505 2609 1532 2634 ac
1545 2607 1670 2634 Persarum
1681 2602 1767 2634 leges?

1087 2634 1123 2665 (ὁ)
1140 2633 1197 2665 Hinc
1208 2634 1274 2658 bene
1286 2633 1407 2665 canonich
1418 2633 1481 2664 apud
1500 2633 1664 2665 Christianos,
1677 2633 1727 2663 jam
1743 2633 1800 2665 inde
1816 2633 1847 2657 ab

1054 2663 1198 2696 Atuis'tolicis
1210 2665 1365 2696 temporibus.
1377 2663 1450 2695 Cujus
1458 2664 1593 2696 traditionis
1600 2664 1707 2696 rationes
1715 2663 1847 2696 pruhmtur

1054 2703 1068 2720 a
1078 2693 1208 2721 Clemente
1224 2693 1389 2719 Alexandrino
1405 2693 1539 2719 Stromaton
1558 2694 1599 2718 lib.
1612 2695 1636 2722 7,
1651 2697 1676 2719 et
1687 2701 1702 2718 a
1763 2693 1847 2718 Basilio

1055 2733 1082 2751 ac
1094 2727 1249 2758 Hieronymo.
1261 2724 1421 2750 Tertulliauus
1432 2725 1464 2750 de
1472 2725 1574 2756 Jejuniis
1582 2725 1676 2758 decimo
1685 2731 1691 2750 :
1701 2724 1766 2758 03nd
1776 2724 1847 2758 etiam

1054 2756 1140 2782 suadet
1154 2755 1258 2781 Dtiuielis
1267 2762 1360 2787 quoque
1371 2759 1538 2787 argumentum
1549 2758 1584 2780 ter
1597 2755 1638 2780 die
1648 2755 1756 2787 orantis;
1767 2755 1848 2784 utique

1055 2795 1097 2820 per
1109 2787 1246 2819 aliquarum
1256 2785 1370 2812 [tororum
1384 2785 1548 2818 ciceptiottem
1558 2793 1568 2817 ;
1585 2792 1631 2811 non
1647 2785 1751 2812 altarum
1766 2789 1847 2809 autem

1240 2419 1317 2450 prima
1327 2419 1360 2443 de
1372 2419 1512 2443 Precatione
1530 2424 1647 2443 numerus
1665 2418 1786 2443 ternarius
1804 2425 1847 2449 pro
1875 2438 1882 2445 κ
