2072 3123
249 78 301 108 227

249 136 335 162 redire
347 155 354 166 ,
368 136 427 161 ωῐη
439 133 528 161 evenit
545 133 615 169 quod
634 133 775 167 expetebat
792 132 841 168 (α).
857 133 967 166 Propter
987 131 1038 158 hoc

248 188 274 209 ι-ι
285 188 351 213 nos,
370 182 437 207 sicut
450 185 538 215 patres
553 180 629 207 nobis
642 179 806 206 tradiderunt
827 178 879 214 (b),
901 178 933 205 ad
949 179 1037 205 orien-

249 233 301 254 tem
317 227 475 261 aspicientes
496 233 636 261 precamur
651 234 657 252 :
674 225 807 252 civitatem
822 232 927 259 quoque
942 232 990 251 nos
1005 231 1036 251 ac

248 274 360 308 patriam
382 273 518 307 antiquam
539 272 698 307 requirimus
720 271 838 298 :etenim
856 268 948 298 revera
962 277 1036 304 qure-

247 322 300 348 situ
319 321 397 356 digna
413 329 458 348 res
473 325 522 348 est.
536 321 596 354 Quo
610 324 685 354 pacto
695 339 702 351 ,
719 327 779 346 cum
794 318 863 345 Deus
877 318 974 352 ubique
988 317 1033 350 sit,

222 368 224 372 ⁷
247 375 359 401 cumque
372 368 500 402 propheta
523 366 593 393 dicat
609 375 615 392 :
631 365 664 392 Et
686 366 728 399 qui
747 364 860 391 ascendit
878 372 952 398 super
962 372 1037 390 occa-

246 421 299 439 sum
312 433 319 444 ,
336 413 458 439 Dominus
470 420 560 438 nomen
572 411 610 437 illi
623 410 706 446 (Ps-al.
722 411 766 437 67.
781 410 807 440 5)
819 431 825 442 ,
842 414 929 436 tamen
942 408 976 436 ad
993 417 1038 435 or-

246 463 300 485 tum
320 458 465 485 vertimur?
480 457 580 491 Nempe
595 457 629 483 ibi
643 455 715 483 velut
738 455 832 482 modici
848 453 954 481 officina
978 457 1036 480 erat

245 504 317 530 olim.
330 504 363 530 At
375 503 444 529 illius
457 510 508 529 non
522 501 614 536 cepisti
628 499 857 534 experimentum?
867 499 919 526 Sed
934 506 1035 533 quaere.

245 548 272 575 lu
287 549 439 582 captivitate
456 551 483 574 et
501 554 550 574 nos
570 545 873 572 liahitabamuswcrum
895 549 1036 578 antequam

245 595 361 621 venisset
375 593 506 620 Christus.
520 592 574 619 Cur
586 596 675 618 autem
688 591 771 618 tribus
784 594 885 617 tantum
899 589 953 616 diei
968 594 1036 617 tem-

245 639 354 673 poribus
368 638 491 665 tlectebat
509 637 612 672 genua?
626 636 694 670 Quid
708 636 801 662 enim?
814 643 903 663 nonne
917 636 968 662 hoc
981 635 1033 662 mi—

245 683 348 710 rabile?
360 683 444 710 Homo
454 687 491 709 tot
507 682 639 716 tantisque
651 681 829 708 circumdatus
838 681 922 713 curis,
936 681 1036 715 quique

245 737 278 757 ne
306 730 413 764 paulum
429 728 543 763 quidem
563 727 694 762 respirare
719 727 841 755 habebat.
860 727 925 754 Vide
946 732 1035 754 autem

243 780 270 802 ct
294 775 396 809 impleri
421 775 485 802 illud
513 774 625 808 apostoli
647 773 702 800 :In
716 775 784 800 omni
802 773 867 806 loco,
889 772 983 807 inquit,
1000 772 1035 799 le-

243 825 328 847 vantes
343 828 420 854 puras
440 828 530 846 manus
544 819 589 855 (l.
614 818 680 845 Tini.
700 817 727 845 Ξ.
752 817 790 854 8).
807 818 842 845 Et
862 818 932 853 quod
956 817 1034 844 Chri-

243 870 299 893 slus
317 865 415 900 jussit,
432 865 483 892 hoc
506 864 682 899 complebant.
709 864 742 890 Et
769 863 907 894 claudens,
929 863 1032 898 inquit,

241 913 333 939 ostium
354 916 423 938 luunt
436 931 443 944 ,
457 919 503 937 ora
526 910 630 937 Patrem
655 915 725 936 tuum
745 909 849 943 (Matth.
866 908 892 935 6.
909 907 957 943 6).
989 908 1033 935 15.

247 967 255 982 ε
274 957 349 983 Tunc
375 956 587 990 respoiiderunt,
609 959 635 982 et
656 955 747 981 dicunt
767 961 857 981 coram
884 961 967 988 rege:
984 953 1034 980 Da-

241 1001 304 1032 uicl.
320 1001 364 1035 qui
383 1000 416 1028 de
431 1000 493 1027 liliis
506 1000 666 1034 captivitatis
678 999 788 1032 Judtcae,
803 1006 857 1027 non
870 999 986 1026 subdidit
1003 1006 1033 1026 se

242 1049 351 1075 decreto
366 1052 410 1074 tuo
425 1051 452 1074 et
466 1046 646 1074 constitutioni
661 1053 740 1080 quam
753 1045 870 1072 statuisti
886 1054 892 1072 :
908 1049 935 1071 et
949 1045 1032 1072 tribus

239 1094 293 1121 diei
309 1093 473 1128 temporibus
489 1092 580 1127 petita
594 1092 649 1118 Deo
663 1098 712 1118 suo
732 1091 884 1126 petitiones.
897 1091 940 1118 l4.
956 1091 1031 1118 Tunc

241 1149 290 1168 rex
302 1161 309 1174 ,
325 1145 355 1167 ut
373 1139 481 1167 verbum
495 1138 605 1170 audivit,
621 1138 733 1165 multum
746 1137 916 1164 contristatus
930 1142 970 1164 est
984 1144 1030 1163 su-

240 1194 287 1221 per
300 1193 351 1212 eo:
367 1190 394 1212 et
408 1192 454 1219 pro
472 1183 580 1210 Danicle
599 1183 752 1216 contendit,
765 1187 793 1209 ut
803 1182 927 1209 liberaret
940 1189 1001 1210 cum
1020 1192 1026 1210 :

240 1236 266 1258 et
280 1238 365 1265 usque
378 1229 411 1257 ad
426 1236 548 1257 occasum
560 1228 623 1256 solis
636 1228 782 1260 dimicavit,
797 1232 826 1255 ut
833 1232 939 1256 erueret
952 1236 1025 1261 eum,

239 1281 265 1303 et
279 1275 415 1310 satagebat
431 1283 478 1310 pro
492 1275 546 1301 illo.
560 1275 604 1302 15.
619 1274 693 1301 Tunc
705 1274 753 1301 viri
769 1274 807 1300 illi
820 1274 1029 1302 observaverunt

239 1322 264 1348 iu
275 1329 374 1355 regem,
383 1325 410 1347 et
422 1320 512 1347 dicunt
521 1320 576 1354 regi
587 1329 593 1346 :
605 1319 686 1353 Scito,
696 1327 753 1351 rex,
766 1319 826 1354 quia
838 1319 973 1346 decretum
987 1325 1029 1348 est

239 1366 322 1393 Medis
335 1371 362 1393 et
376 1365 475 1398 Persis,
492 1372 598 1392 onmem
612 1365 828 1392 constitutionem
846 1369 872 1392 et
885 1369 1026 1399 statutum,

237 1411 307 1446 quod
318 1419 366 1438 rex
381 1411 512 1442 statuerit,
538 1409 667 1444 abrogare
679 1417 731 1436 non
742 1415 873 1444 oportere.
889 1410 932 1437 16.
952 1409 1028 1438 Tunc

236 1466 283 1485 rex
296 1457 375 1491 jussit
391 1461 435 1484 :et
449 1455 614 1483 abduxerunt
625 1455 772 1488 Danielem,
787 1460 813 1483 et
827 1455 1026 1484 miserunteum

237 1503 264 1529 iu
278 1503 362 1530 lacum
374 1502 491 1528 leonum.
511 1510 520 1527 ι
532 1500 635 1527 Forsan
651 1500 770 1527 nonnulli
785 1505 902 1527 vestrum
917 1500 1024 1528 dicunt:

218 1567 220 1572 τ
234 1547 328 1576 Nonne
347 1546 431 1582 potuit
442 1554 489 1573 rex
504 1546 618 1573 liberare
632 1545 711 1572 eum?
732 1545 846 1572 Maxime
860 1546 966 1580 quidem
980 1553 1027 1580 po-

235 1593 285 1619 tuit
296 1592 364 1618 Deus
381 1599 468 1626 regem
482 1591 567 1617 facere
579 1591 766 1625 potentiorem,
782 1590 829 1617 sed
840 1590 874 1617 ad
886 1595 1022 1619 certamen

236 1637 364 1664 athletam
384 1637 467 1664 ducit.
491 1636 605 1663 Noverat
621 1636 701 1662 ﬁnem
718 1657 725 1668 ,
740 1643 793 1662 non
819 1636 958 1671 ignorabat
976 1644 1024 1664 ex-

239 1685 316 1710 itum.
331 1683 364 1709 At
379 1690 423 1710 rex
439 1683 460 1709 si
479 1682 557 1709 linem
572 1681 642 1709 hunc
654 1682 776 1709 scivisset
788 1686 955 1714 eventurum,
971 1689 1024 1709 non

238 1729 384 1756 laborasset
403 1729 512 1763 utique:
526 1728 572 1755 sed
589 1735 640 1755 non
652 1728 746 1763 potuit.
762 1728 914 1756 Laudabilis
929 1733 971 1756 est
985 1729 1021 1756 ob

234 1774 361 1807 studium,
372 1774 447 1801 venia
464 1774 558 1808 dignus
571 1774 605 1800 ob
621 1773 807 1808 ignorantiam.
823 1773 897 1800 Adeo
911 1779 1023 1808 exopta-

233 1825 276 1846 tus
290 1827 321 1847 ac
334 1819 456 1846 amabilis
474 1825 532 1846 erat
547 1819 638 1846 Daniel
656 1828 663 1845 :
685 1819 732 1846 sed
748 1819 844 1846 invidia
859 1827 892 1846 nc
915 1819 1023 1854 pulchra

234 1866 341 1900 quidem
353 1865 448 1892 intueri
463 1865 527 1892 sinit
543 1873 549 1890 :
564 1865 618 1892 into
631 1864 727 1891 intueri
748 1864 855 1899 quidem
882 1865 1022 1899 permittit,

236 1915 263 1937 at
286 1917 338 1937 non
358 1910 451 1937 iisdem
473 1910 567 1936 oculis.
591 1910 646 1937 Non
661 1914 784 1944 oportet,
801 1910 942 1945 inquiunt,
957 1911 1024 1937 adeo

239 1955 390 1989 languidam
402 1962 461 1982 esse
475 1953 564 1982 rerum
576 1955 841 1988 administrationem,
857 1963 941 1990 neque
953 1956 1024 1990 leges

236 2005 342 2026 nostras
356 1999 492 2026 instabiles
506 2007 576 2026 esse.
592 1999 657 2027 Tota
670 2007 734 2034 gens
753 2001 916 2027 centumelia
935 2000 1022 2027 afﬁci-

235 2050 289 2072 tur.
308 2045 456 2072 lmmittunt
468 2045 606 2072 Danielem
621 2046 647 2072 in
663 2046 761 2072 fossam
778 2055 784 2073 :
805 2046 942 2081 imponunt
955 2046 1022 2081 lapi-

233 2107 304 2131 qm'mi
319 2099 490 2131 insigniorum,
505 2100 593 2125 exinde
609 2100 806 2132 apostoliatrnm,
824 2102 918 2130 tcrlia',
930 2105 1022 2131 scxue,

231 2138 308 2155 nouat.
323 2132 457 2161 Magistrum
469 2133 578 2162 sequitur
589 2132 720 2162 discipulus
732 2131 792 2156 libro
802 2133 834 2156 de
845 2132 965 2159 oratione.
977 2133 1024 2157 nisi

233 2162 297 2193 quod
309 2163 432 2193 memoriae
445 2162 513 2193 lapsu
532 2166 583 2186 tres
603 2169 691 2193 pueros
710 2170 764 2186 cum
780 2163 878 2186 Daniole
893 2164 1022 2188 OﬁllSUClaL

233 2192 323 2217 pultem
342 2192 495 2218 Constantino
514 2192 654 2223 [inperatori
665 2212 671 2221 .
689 2194 759 2217 istam
776 2194 898 2218 historiam
913 2194 1023 2218 oratione

231 2224 261 2247 ad
274 2227 409 2248 sanctorum
428 2227 516 2247 curtum
541 2224 676 2252 referenti,
700 2228 747 2248 tam
768 2224 841 2248 multa
864 2225 1021 2249 excidissent.

233 2254 340 2278 Vidcttda
353 2258 391 2278 cst
402 2254 520 2279 Catholica
532 2255 693 2284 apostolorum
705 2255 812 2278 doctrina
824 2257 847 2279 in
860 2254 901 2278 lib.
914 2255 938 2283 7,
947 2261 969 2279 ο.
981 2255 1021 2280 25.

264 2285 299 2315 (ιι)
317 2285 375 2310 Cum
395 2285 481 2308 Jud:cis
492 2285 521 2309 ad
534 2286 631 2315 patriam
647 2286 765 2310 redeundi
783 2288 888 2315 potestas
898 2285 962 2309 facta
974 2289 1021 2311 est.

233 2315 279 2339 Cur
291 2319 372 2339 alitem
382 2316 443 2346 aptid
456 2319 556 2346 exteros
567 2317 683 2340 manserit
700 2315 782 2340 Daniel
792 2333 800 2344 .
811 2317 930 2340 rationem
942 2317 1023 2341 reddit

232 2347 399 2381 :t'lieodoretus
411 2346 453 2370 lib.
468 2346 497 2371 10
508 2345 678 2371 Commentarii
690 2347 715 2371 in
724 2347 788 2371 hunc
799 2347 951 2378 prophetam,
959 2348 1022 2372 circa

233 2378 335 2401 initium.

264 2406 298 2437 (ὑ)
315 2410 377 2438 lianc
388 2414 485 2438 quoque
501 2408 565 2431 inter
580 2413 627 2431 non
644 2409 745 2437 scriptas
756 2407 898 2432 traditiones
908 2410 1023 2433 recenset

231 2441 253 2460 S.
267 2437 364 2469 basilius
376 2437 418 2461 lib.
430 2437 461 2462 tle
473 2439 559 2468 Spiritu
571 2442 662 2466 sancto,
674 2445 726 2469 cap.
739 2440 767 2463 '27
778 2446 784 2468 ;
797 2446 868 2469 quam
882 2442 907 2464 et
918 2439 949 2463 ab
966 2445 1022 2469 apo-

231 2467 299 2499 stolis
310 2474 419 2492 manasse
430 2467 517 2492 asserit
532 2470 572 2499 qui
586 2470 650 2492 inter
667 2467 741 2499 opera
762 2474 784 2493 Β.
805 2467 890 2494 .iustiui
909 2467 1021 2499 martyris

232 2497 321 2529 legitur
340 2498 403 2522 liber
423 2500 451 2523 ad
467 2495 618 2523 orthodoxos
637 2500 669 2523 de
684 2495 828 2530 quibusdam
848 2495 1023 2531 quaestionibus

233 2530 336 2561 scriptus
345 2547 350 2557 ,
363 2533 434 2561 ltesp.
447 2530 476 2554 ad
489 2535 574 2561 quiest.
595 2531 640 2554 118
650 2548 656 2559 ,
674 2538 720 2554 nec
737 2538 783 2555 iuui
799 2535 820 2554 s.
837 2530 967 2555 Germanus
980 2537 1022 2561 pa-

232 2560 335 2584 triarcha
356 2559 630 2591 l‘.tinstantitiofmlitauns
650 2562 673 2585 in
697 2565 782 2585 lterum
806 2559 1021 2586 ecclesiasticarum

231 2591 443 2623 contemplatione.
461 2592 631 2623 Δλιιειιιίηειίιιη
659 2593 732 2616 etiam
759 2593 916 2623 antiquissimi
940 2596 1022 2616 Patres

231 2620 346 2654 Clemens
357 2621 536 2654 Alexandrinus
544 2626 628 2646 stt‘otn.
639 2623 662 2649 7.
673 2620 833 2647 ’l‘crtullianu's
841 2623 970 2654 Apologct.
983 2624 1020 2651 lii,

232 2655 259 2684 et
269 2653 389 2683 Origenes
400 2652 498 2676 Houtilia
510 2653 525 2677 5
537 2653 696 2684 innumeros.
710 2657 733 2678 et
748 2654 811 2678 iutt-r
822 2652 933 2684 Origeuis
944 2658 1022 2684 Opera

198 2701 209 2707 -
230 2682 320 2706 Auctor
332 2683 454 2707 Librorum
475 2684 499 2707 iu
511 2684 554 2707 Job
567 2683 607 2707 lib.
620 2684 641 2707 l.
650 2683 693 2707 Adi
707 2682 1022 2709 Clenn-ntemConstitutio-

232 2719 288 2746 nunt
301 2713 342 2737 lib.
354 2714 484 2746 2,7cap157
495 2733 501 2746 ,
519 2717 545 2738 et
557 2713 599 2738 lib.
612 2715 626 2738 7
635 2732 641 2743 ,
654 2721 707 2744 cap.
720 2715 750 2738 46
760 2732 767 2744 ,
780 2715 916 2746 Dionysium
928 2714 1019 2739 Eccles.

231 2744 295 2768 Ilier.
378 2745 388 2768 1
405 2748 430 2769 et
446 2744 475 2773 “2,
489 2745 618 2769 Auctorem
635 2746 796 2774 Qtucstionum
812 2744 847 2769 ad'
860 2746 1021 2775 Antiochum,

231 2778 316 2799 (tuast.
329 2776 343 2799 5
366 2792 374 2799 .
386 2779 412 2799 et
422 2779 564 2799 Svtneoncm
574 2776 814 2799 Thessalonicensem
827 2776 858 2799 de
869 2780 1021 2799 sacramento

231 2778 316 2804 quast.
329 2776 358 2799 57
366 2792 374 2804 ,
386 2779 412 2799 et
422 2779 564 2806 Sytneoncm
574 2776 814 2801 Thessalonicensem
827 2776 858 2801 de
869 2780 1021 2802 sacramento

231 2805 324 2831 ordinis
335 2813 402 2837 capp.
417 2805 502 2836 toi-tio,
515 2810 595 2837 sexto,
609 2807 743 2832 undecimo.

617 76 644 104 S.
666 75 803 104 JOANNIS
823 74 1058 103 CllRYSOSTOlll
1074 75 1230 103 ARClllEP.
1248 75 1510 105 CONSTANTINOP.

1832 79 1884 108 228

1095 133 1155 159 dem
1185 142 1195 159 ‹
1211 134 1242 160 Et
1255 133 1321 160 dixit
1334 142 1378 161 rex
1395 135 1513 163 Dauieli:
1529 135 1608 169 Deus,
1624 137 1665 164 cui
1679 141 1706 164 tu
1718 137 1802 165 servis
1815 147 1882 166 con-

1094 179 1175 211 tinue,
1192 179 1247 213 ipse
1270 179 1393 207 liberabit
1412 185 1448 208 te.
1471 182 1514 208 t7.
1543 181 1577 208 Et
1600 183 1745 210 attulerunt
1766 183 1881 218 lapidein

1091 232 1172 252 unum
1184 245 1192 258 ,
1209 230 1235 252 et
1250 225 1434 260 imposuerunt
1456 234 1537 261 super
1550 235 1581 254 os
1600 228 1649 255 laci
1664 238 1670 255 :
1686 233 1714 256 et
1727 229 1879 264 obsignavit

1091 277 1138 297 rex
1154 271 1254 298 annulo
1271 279 1336 304 suol
1358 276 1385 299 et
1400 272 1500 300 annulo
1521 273 1679 307 optimatum
1707 281 1816 301 suorum
1832 285 1837 302 :
1855 281 1882 302 ut

1091 315 1157 342 nihil
1169 317 1351 344 mutareturin
1365 317 1482 345 Daniele.
1499 318 1544 346 18.
1557 318 1591 346 Et
1604 319 1723 346 abiitrcx
1733 320 1758 347 in
1772 320 1881 348 domum

1089 369 1176 394 suam,
1188 367 1214 390 et
1229 363 1321 390 cubuit
1333 364 1492 397 inctenatus,
1506 369 1534 392 et
1543 365 1618 392 cibos
1633 373 1686 392 non
1700 373 1883 401 apposueruut

1091 407 1125 440 ei,
1141 412 1169 434 et
1181 415 1291 436 somnus
1314 410 1426 436 recessit
1441 410 1473 437 ab
1486 417 1529 437 eo.
1547 419 1556 437 ι
1573 411 1726 439 Recordare
1739 411 1805 439 mihi
1823 421 1880 439 mo-

1090 459 1246 481 numentum
1262 454 1359 482 Christi
1374 476 1381 488 ,
1396 455 1441 482 ubi
1465 455 1553 483 Judaei
1575 456 1659 491 sigilla
1686 457 1879 492 imposuerunt.

1088 500 1212 535 Alioquin
1228 501 1298 528 enim
1313 501 1443 529 dixissent
1457 509 1514 529 rem
1531 509 1578 537 per
1590 502 1709 530 fraudem
1723 511 1755 530 ac
1774 505 1876 538 prmsli-

1087 546 1144 580 gias
1158 553 1217 574 esse
1228 547 1333 574 factam.
1348 547 1401 574 Sed
1415 548 1513 582 ubique
1526 556 1585 582 qua:
1598 548 1632 575 ab
1647 548 1762 576 inimicis
1780 550 1879 576 nostris

1089 596 1235 625 patrantur,
1252 601 1300 627 pro
1314 593 1390 621 nobis
1404 599 1476 621 sunt.
1492 593 1557 621 Nam
1572 599 1600 621 ut
1612 594 1776 622 delatoribus
1790 596 1878 623 omnis

1087 636 1221 664 auferatur
1236 643 1387 672 prietextus,
1400 639 1426 667 id
1439 640 1527 667 evenit
1540 648 1548 667 :
1563 644 1590 668 et
1604 648 1650 668 rex
1664 641 1737 675 ponit
1747 642 1822 676 signa
1833 647 1879 674 ,ut

1088 682 1140 710 illis
1153 683 1265 711 facultas
1279 692 1330 711 non
1346 689 1418 713 esset
1437 685 1580 720 quidquam
1603 686 1733 720 faciendi.
1749 687 1790 714 vel
1804 687 1876 714 illum

1086 730 1261 762 extrahendi,
1276 735 1304 758 et
1317 732 1409 759 leones
1423 733 1549 759 causandi
1570 742 1576 760 :
1592 733 1628 760 illi
1651 741 1714 760 vero
1734 734 1813 761 etiam
1829 735 1877 761 im-

1086 781 1187 810 ponunt
1200 776 1284 810 signa,
1299 782 1325 803 ut
1340 785 1392 804 non
1409 777 1500 805 liceret
1514 778 1569 813 regi
1581 778 1694 806 liberare
1709 787 1781 812 eum,
1794 784 1874 814 atque

1085 822 1124 848 sic
1146 822 1173 848 in
1195 826 1251 849 tuto
1264 823 1400 850 decretum
1413 829 1496 851 esset.
1511 825 1545 851 Et
1563 832 1615 851 nou
1628 825 1758 859 cmnavit,
1775 826 1874 861 inquit,

1085 875 1147 899 rex,
1164 875 1250 903 neque
1270 868 1388 896 dormiit.
1417 869 1482 896 Vide
1496 876 1593 904 quanta
1617 871 1656 897 vis
1669 871 1706 897 sit
1720 872 1827 898 amoris.
1844 872 1876 899 Et

1084 913 1167 948 quid?
1182 913 1300 941 Primum
1320 914 1426 949 quidem
1450 915 1518 942 bene
1539 923 1648 950 sperare
1660 916 1736 950 jubet
1750 917 1842 945 dicens
1866 927 1873 945 :

1085 957 1152 986 Deus
1164 979 1172 991 ,
1191 959 1232 986 cui
1247 963 1274 986 lu
1293 959 1370 986 servis
1388 960 1513 987 continue.
1533 960 1629 988 lterum
1645 968 1751 988 causam
1777 963 1874 996 justam

1085 1005 1167 1038 ponit.
1182 1012 1241 1039 qua:
1253 1005 1338 1039 possit
1352 1005 1420 1032 illius
1432 1006 1672 1040 animumerigcre.
1686 1007 1786 1034 Forsan
1802 1008 1873 1035 enim

1084 1050 1219 1077 Danielem
1241 1051 1370 1078 audierat.
1391 1051 1491 1079 Deinde
1513 1052 1617 1080 accedit
1637 1053 1764 1088 hymnum
1785 1054 1873 1088 profc-

1084 1102 1155 1123 reus.
1167 1095 1213 1123 25.
1229 1105 1238 1122 ‹
1249 1096 1322 1124 Tunc
1336 1104 1381 1124 rex
1397 1097 1508 1125 multum
1521 1098 1626 1132 gavisus
1636 1103 1677 1126 est
1691 1107 1771 1134 super
1780 1107 1813 1126 eo
1825 1109 1830 1126 :
1847 1105 1875 1127 et

1083 1142 1209 1176 praecepit
1230 1146 1259 1169 ut
1271 1142 1405 1170 Danielem
1428 1143 1573 1170 educerent
1588 1143 1620 1171 de
1635 1144 1704 1171 lacu.
1719 1144 1752 1171 Et
1763 1145 1874 1172 eductus

1081 1191 1123 1214 est
1136 1187 1228 1215 Daniel
1241 1187 1276 1215 de
1298 1188 1367 1221 lacu,
1383 1193 1410 1215 et
1423 1189 1493 1215 nulla
1507 1189 1582 1216 liusio
1597 1189 1702 1216 iuventa
1721 1195 1761 1217 est
1776 1190 1801 1217 in
1816 1191 1871 1223 illo,

1081 1232 1143 1267 quia
1162 1233 1277 1260 credidit
1293 1233 1347 1260 Deo
1362 1241 1419 1261 suo.
1434 1234 1479 1261 24.
1496 1234 1528 1261 Et
1542 1234 1608 1261 dixit
1629 1242 1675 1262 rex
1689 1256 1696 1266 ,
1711 1239 1738 1262 et
1752 1235 1871 1263 adduxe~

1080 1282 1144 1305 runt
1157 1278 1228 1306 viros
1241 1279 1285 1313 qui
1299 1283 1490 1306 accusaverant
1509 1279 1644 1307 Danielem
1662 1289 1668 1307 z
1686 1285 1713 1308 et
1733 1281 1759 1308 in
1783 1282 1870 1309 lacum

1079 1323 1185 1351 leonum
1198 1324 1285 1359 injecti
1300 1329 1363 1352 sunt
1377 1325 1438 1360 ipsi,
1452 1330 1478 1352 ct
1491 1325 1537 1352 ﬁlii
1551 1333 1656 1359 eorum,
1672 1331 1699 1354 et
1714 1334 1810 1354 uxores
1823 1335 1871 1355 co-

1079 1378 1138 1397 rum
1153 1379 1160 1396 :
1175 1375 1203 1398 et
1217 1378 1268 1398 non
1283 1376 1460 1406 pervenerant
1476 1372 1510 1399 ad
1530 1372 1708 1406 pavimentum
1726 1373 1792 1406 laci,
1806 1381 1867 1401 cum

1078 1415 1207 1443 dominati
1225 1420 1286 1443 sunt
1302 1423 1395 1444 eorum
1416 1417 1507 1444 leones
1518 1437 1525 1448 ,
1549 1422 1577 1444 et
1595 1418 1683 1444 omnia
1702 1425 1762 1445 ossa
1777 1426 1869 1446 eorum

1077 1462 1301 1489 comminuerunt.
1317 1471 1327 1488 ι
1341 1462 1396 1496 Qua
1420 1462 1455 1490 de
1476 1470 1555 1490 causa
1579 1463 1626 1490 lilii
1640 1469 1668 1491 et
1689 1471 1786 1492 uxores
1807 1473 1869 1500 pcr-

1078 1511 1141 1534 cunt
1154 1506 1214 1542 (a)?
1233 1507 1295 1542 quid
1315 1513 1494 1543 peccaverunt
1509 1509 1570 1535 isti?
1581 1509 1704 1537 Fortasse
1715 1511 1750 1537 illi
1763 1519 1869 1546 quoque

1077 1552 1196 1580 criminis
1208 1553 1351 1588 participes
1368 1558 1453 1581 erant.
1475 1554 1554 1581 Vides
1568 1555 1747 1589 improborum
1767 1557 1869 1591 suppli-

1077 1599 1168 1626 cium?
1181 1599 1256 1626 vides
1266 1599 1398 1634 justormn
1412 1601 1538 1635 praemia?
1549 1601 1671 1636 Undique
1685 1602 1800 1637 erudire,
1817 1611 1868 1630 un-

1076 1644 1156 1679 dique
1175 1645 1318 1672 tedilicarc.
1335 1645 1414 1673 Vides
1435 1646 1505 1683 quod
1526 1648 1646 1682 quamvis
1661 1648 1731 1675 Deus
1752 1648 1868 1682 deserat,

1076 1691 1109 1718 ad
1122 1691 1260 1718 utilitatem
1281 1695 1399 1718 nostram
1416 1692 1441 1719 id
1456 1691 1528 1719 facit.
1544 1692 1686 1727 Superavit
1701 1694 1787 1728 ignem
1803 1703 1810 1726 ;
1824 1701 1870 1721 su—

1076 1737 1179 1772 peravit
1196 1737 1274 1764 feras.
1296 1737 1333 1764 Nc
1352 1737 1477 1772 deinceps
1491 1738 1620 1772 inquiras.
1638 1738 1670 1765 ad
1686 1739 1747 1773 quid
1762 1740 1864 1772 h-oncs,

1077 1787 1105 1810 et
1118 1783 1204 1817 pardi,
1219 1783 1364 1817 etrcliquie
1378 1782 1453 1810 ferae.
1468 1783 1537 1810 Sunt
1547 1783 1617 1810 enim
1627 1784 1708 1810 veluti
1722 1784 1863 1811 carnilices

1076 1829 1182 1864 quidam
1197 1829 1230 1856 ad
1251 1829 1332 1856 latera
1351 1829 1468 1856 Danielis
1493 1834 1604 1862 stantes,
1631 1833 1763 1865 tamquam
1787 1829 1812 1856 iu
1828 1829 1868 1856 di-

1076 1879 1138 1902 vtno
1159 1874 1273 1910 quodam
1298 1881 1331 1901 ac
1354 1874 1488 1901 horrcndo
1506 1874 1629 1902 tribunali
1643 1875 1668 1902 id
1689 1879 1817 1910 agentes:
1834 1875 1867 1902 ad

1078 1921 1147 1948 hunc
1160 1920 1268 1947 modum
1280 1927 1333 1947 non
1346 1919 1403 1946 ausi
1413 1924 1472 1946 sunt
1484 1919 1624 1954 perfodere
1636 1921 1716 1948 latera
1729 1920 1793 1955 justi
1803 1921 1865 1948 viri.

1076 1966 1132 1992 Non
1154 1966 1224 1993 enim
1246 1969 1404 2000 acceperant
1419 1965 1517 1998 judicis
1531 1965 1693 1993 mandatum.
1724 1966 1867 2001 Postquam

1077 2019 1140 2038 vero
1151 2011 1195 2038 alii
1209 2011 1234 2038 in
1250 2011 1336 2037 lacum
1352 2010 1426 2038 missi
1438 2015 1509 2043 sunt,
1525 2011 1579 2038 Deo
1589 2011 1710 2046 jubente.
1725 2019 1771 2039 eos
1781 2012 1866 2039 inter-

1076 2056 1206 2089 fecerunt,
1222 2055 1256 2083 Et
1271 2064 1328 2083 ossa
1347 2064 1446 2089 eorum,
1458 2056 1545 2092 inquit
1556 2077 1564 2090 ,
1578 2057 1786 2084 comminuerunt.
1803 2057 1868 2091 Quis

1076 2102 1194 2130 frenabat
1209 2102 1326 2137 ipsorum
1341 2103 1408 2129 ora?
1432 2103 1491 2137 quis
1511 2103 1637 2137 praecepit
1659 2103 1780 2137 apposito
1799 2103 1861 2130 cibo

1075 2149 1227 2177 abstinere?
1255 2149 1316 2184 quis
1343 2148 1518 2183 philosophus
1543 2149 1610 2176 adeo
1640 2155 1808 2184 temperans,
1837 2154 1867 2176 ut

1075 2203 1185 2230 pressus
1198 2195 1278 2227 fame,
1294 2194 1427 2222 solutione
1447 2199 1535 2222 autem
1549 2195 1625 2222 famis
1640 2200 1783 2229 prmscnte,
1798 2194 1866 2221 nolit

1075 2249 1104 2268 se
1124 2241 1157 2268 ab
1170 2248 1202 2268 eo
1216 2241 1287 2268 malo
1302 2240 1434 2268 liberare?
1448 2241 1549 2267 Rursus
1569 2240 1665 2273 edicta,
1687 2248 1778 2267 rursus
1796 2240 1865 2266 divi-

1075 2294 1137 2314 num
1159 2286 1320 2322 praeconium
1334 2306 1342 2318 ,
1366 2293 1457 2314 rursus
1477 2286 1654 2314 testimonium
1669 2293 1716 2321 per
1728 2294 1772 2314 res
1785 2286 1866 2320 ipsas.

1377 2363 1489 2392 CAPUT
1510 2363 1565 2391 Vll.

1112 2433 1156 2459 1.(
1172 2432 1200 2458 ln
1223 2431 1309 2465 primo
1333 2438 1403 2458 anno
1427 2430 1571 2457 Baltasaris
1592 2431 1664 2466 regis
1678 2430 1864 2458 Chaldaeorum

1076 2478 1167 2505 Daniel
1183 2477 1316 2504 somnium
1331 2476 1396 2504 vidit
1411 2485 1418 2503 :
1431 2480 1458 2503 et
1474 2476 1589 2503 visiones
1600 2475 1694 2510 capitis
1709 2476 1766 2510 ejus
1780 2476 1806 2502 in
1820 2484 1871 2502 cu—

1074 2523 1120 2551 bili
1136 2523 1212 2557 ejus:
1227 2528 1254 2550 et
1266 2524 1398 2550 somnium
1411 2522 1528 2556 scripsit.
1540 2522 1698 2556 Principium
1713 2529 1867 2549 sermonum

1075 2570 1142 2604 ejus.
1163 2570 1195 2596 Et
1213 2569 1381 2603 respondens
1394 2568 1461 2595 dixit
1473 2577 1479 2594 :
1490 2568 1519 2595 2.
1533 2567 1589 2602 Ego
1603 2568 1694 2594 Daniel
1707 2567 1868 2602 aspiciebunt

1077 2617 1101 2644 in
1117 2624 1174 2644 mea
1189 2616 1307 2649 visione,
1321 2620 1399 2643 nocte
1414 2624 1420 2642 :
1435 2620 1462 2643 et
1472 2622 1534 2642 ecce
1549 2619 1662 2649 quatuor
1672 2615 1745 2642 venti
1759 2614 1816 2641 (τυιί
1832 2615 1869 2641 ir-

1106 2683 1142 2713 (a)
1160 2682 1224 2706 Vera
1240 2687 1312 2706 causa
1331 2681 1449 2706 barbarus
1467 2683 1621 2713 tyrannorum
1637 2681 1743 2713 omnium
1761 2686 1814 2713 nios
1824 2697 1830 2708 ,
1844 2681 1870 2704 et

1078 2712 1151 2738 etiam
1165 2713 1337 2744 plerarumque
1349 2714 1459 2742 gentium
1480 2712 1558 2743 leges.
1580 2712 1693 2744 Exempla
1711 2712 1800 2744 passim
1811 2718 1868 2741 sup-

1076 2743 1338 2776 pediuibuutliiswrire
1347 2744 1422 2776 ;_libri
1435 2747 1534 2774 Regum.
1546 2743 1788 2776 .tttditbm._F.stlier2e,
1800 2745 1869 2776 Jure-

1076 2772 1139 2805 inim,
1152 2774 1296 2806 Herodotus,
1309 2779 1335 2804 ρ.
1347 2774 1453 2804 Curtius,
1465 2772 1580 2805 Justinus,
1592 2772 1732 2799 Annuianus
1753 2772 1870 2797 Marcelli-

1079 2813 1133 2835 nus,
1146 2809 1194 2831 etc.
