2072 3123
186 199 238 228 229

187 256 298 284 ruebant
311 255 337 282 in
350 261 424 283 mare
438 261 572 289 magnum.
585 253 611 280 5.
623 252 656 280 Et
665 256 779 288 quatuor
793 250 885 279 bestiae
896 258 974 285 gran-

186 302 234 329 dcs
247 300 425 329 ascendebant
439 300 472 327 de
485 299 562 331 mari,
576 299 689 326 diversa
705 298 776 326 inter
787 305 827 325 se.
843 297 870 324 ὁ.
888 297 975 324 Prima

186 347 281 375 similis
295 346 402 378 lemnze,
417 349 444 373 et
457 345 506 372 alte
518 345 576 380 ejns
587 345 658 371 velut.
672 344 721 371 ala:
734 343 840 378 aquilae.
855 342 977 377 Aspicie-

186 394 246 422 bam
259 414 268 426 ,
281 393 366 420 donec
379 392 478 420 evulsze
491 396 552 418 sunt
565 391 615 418 alte
633 391 691 425 ejus
704 398 711 418 :
731 394 758 418 et
774 389 877 417 sublata
890 393 931 416 est
941 388 976 416 de

187 445 267 471 terra,
293 442 321 466 ct
345 439 371 465 in
393 437 505 473 pedibus
524 436 639 464 hominis
656 435 740 468 stetit,
761 439 789 463 et
801 441 847 462 cor
861 433 976 461 hominis

185 487 276 514 datum
289 490 330 513 est
342 486 377 512 ei.
391 485 418 512 5.
438 485 471 512 Et
483 491 546 511 ecce
560 483 645 510 bestia
665 482 716 510 alia
741 481 835 509 similis
857 488 936 513 urso,
949 483 976 507 et

186 535 212 562 in
226 538 326 569 partem
340 539 418 559 unam
433 531 515 563 stetit,
527 535 554 557 et
569 530 618 557 tria
633 529 714 556 latera
729 528 755 555 in
767 535 814 555 ore
826 527 894 562 ejus,
906 527 977 554 inter

185 580 280 607 dentes
294 579 386 613 ipsius.
402 578 437 605 Et
449 577 487 605 sic
496 576 618 604 dicebant
631 576 655 603 ei
669 585 677 603 :
692 575 786 610 Surge,
795 574 905 602 comede
918 581 977 600 car-

185 632 234 652 nes
247 624 352 651 multas.
368 623 396 650 6.
413 623 476 650 I‘ost
490 622 539 649 hoc
552 620 713 656 aspiciebatn
724 641 732 654 ,
748 624 775 648 et
793 626 856 647 ecce
868 619 919 646 alia
929 618 976 646 be-

185 670 235 697 stia
252 675 384 704 tamquam
400 668 518 704 pardalis
533 676 539 694 :
552 672 578 695 et
592 667 642 702 ipsi
663 666 711 694 alte
731 670 843 702 quatttor
858 665 975 693 volucris

185 723 268 750 super
279 722 337 742 eam
347 735 354 746 ,
368 718 396 741 et
407 718 521 748 quatuor
533 712 618 748 capita
633 712 735 744 bestite,
751 716 777 738 ct
788 716 904 746 potestas
914 711 975 738 data

186 765 228 787 cst
242 760 290 787 illi.
310 761 336 786 'l.
352 759 415 786 Post
431 760 481 786 hoc
501 757 660 793 aspiciebam
676 757 701 784 in
715 757 817 784 visi0ne
831 756 918 784 noctis
929 777 935 788 ,
949 760 976 783 ct

185 813 249 834 ecce
269 806 350 833 bestia
372 809 475 840 quarta,
495 804 629 838 terribilis,
642 807 669 830 et
690 801 817 838 stupenda
830 822 838 835 ,
854 805 880 829 et
899 801 975 829 fortis

187 841 266 880 nimis
283 861 290 879 :
310 856 337 879 ct
355 851 449 879 dentes
461 851 518 885 ejus
532 850 609 877 l'crrci
635 853 662 876 et
674 849 762 884 magni
775 857 783 881 ;
795 848 938 875 comedens
949 851 976 875 et

185 897 368 924 cotnminnens
385 905 393 929 ;
409 901 436 924 et
455 896 560 931 reliqua
580 895 692 930 pedibus
709 893 764 921 suis
777 893 950 921 conculeabat
966 901 972 919 :

187 949 216 972 et
230 945 285 979 ipsa
301 944 406 972 diversa
421 942 498 970 valde
517 949 572 977 pra:
584 941 708 969 omnibus
722 940 816 967 bestiis
833 947 892 974 qua:
913 944 974 966 ante

185 997 244 1016 cam
258 998 264 1016 :
280 994 307 1016 et
321 995 420 1016 cornua
430 987 487 1022 ejus
504 987 606 1014 decem.
619 986 646 1013 8.
656 985 861 1012 Considerabam
874 992 973 1011 cornua

185 1035 285 1069 cjus,et
300 1042 363 1062 ecce
377 1041 459 1061 cornu
481 1032 552 1060 aliud
571 1039 680 1067 parvum
701 1030 862 1058 ascendebat
875 1030 901 1057 in
916 1037 973 1057 nte-

184 1079 230 1106 dio
244 1087 348 1112 eorum,
359 1083 386 1106 et
397 1079 445 1105 tria
459 1085 556 1106 cornua
571 1077 638 1111 ejus,
653 1077 686 1103 de
699 1076 731 1103 iis
744 1083 804 1111 qure
813 1080 900 1107 antea,
912 1082 972 1102 era-

185 1126 271 1153 dicata
289 1129 350 1152 sunt
365 1133 380 1152 a
393 1125 458 1152 facie
471 1124 539 1159 ejus.
563 1123 597 1150 Et
619 1129 682 1150 ecce
705 1122 786 1154 oculi,
806 1121 881 1156 quasi
904 1121 973 1147 octtli

185 1172 301 1199 hominis
316 1173 342 1199 in
356 1179 438 1199 cornu
454 1171 504 1198 isto
514 1191 521 1203 ,
542 1175 569 1197 ct
582 1176 613 1197 os
626 1169 738 1204 loquens
753 1167 872 1203 grandia.
893 1176 904 1193 ι
920 1167 974 1194 Cur

184 1226 238 1246 non
260 1219 326 1245 dixit
348 1225 378 1245 se
390 1217 488 1245 vidisse
510 1215 657 1243 mulieres?
671 1216 704 1242 At
719 1214 824 1249 quidem
840 1220 899 1240 cum
915 1220 972 1247 po:-

185 1273 247 1292 ttam
269 1269 296 1292 et
316 1263 530 1292 maledictionetn
552 1261 670 1297 oportuit
690 1260 828 1290 exhibere,
847 1258 973 1286 mulicrcs

184 1310 295 1338 adduxit
306 1310 442 1344 Scriptura
457 1318 463 1335 :
479 1315 540 1335 cum
555 1312 643 1334 autem
657 1313 739 1341 regna
753 1304 912 1340 exprimere,
924 1303 972 1331 be-

184 1357 250 1385 stias
262 1356 379 1392 protulit.
392 1356 550 1389 lncorporca
564 1361 609 1381 res
622 1357 664 1380 est
676 1359 801 1387 regnum:
813 1358 910 1385 corpus
923 1349 972 1384 igi-

184 1407 228 1430 tur
238 1402 276 1430 illi
289 1401 389 1429 tribuit.
402 1401 442 1428 An
457 1407 509 1427 non
525 1398 680 1434 oportebat?
691 1397 724 1424 Et
735 1400 817 1424 recte.
828 1395 894 1423 Nam
904 1402 972 1430 quo-

184 1449 256 1476 niam
281 1455 422 1483 regnorum
445 1446 587 1482 qualitates
611 1444 743 1479 praecipue
762 1443 788 1469 in
806 1442 898 1469 bestiis
915 1441 973 1468 istis

184 1494 332 1525 exsistunt;
345 1492 406 1520 ideo
414 1492 446 1519 iis
458 1498 525 1526 opus
534 1490 635 1517 habuit.
646 1488 793 1517 Ostendere
807 1488 890 1515 voluit
899 1487 972 1515 illam

184 1540 211 1566 in
227 1538 333 1566 feritate
350 1537 502 1573 superbiam
516 1541 595 1571 atque
607 1535 738 1563 luxuriam
751 1533 801 1569 (η),
818 1538 845 1561 et
859 1533 971 1560 leaenam

185 1584 320 1620 produxit.
334 1583 426 1611 Voluit
438 1582 580 1610 ostendere
594 1581 744 1609 tarditatem
757 1601 765 1614 ,
777 1585 805 1607 et
817 1587 907 1607 ursum
924 1578 972 1605 ad-

184 1630 269 1658 duxit.
292 1629 382 1656 Voluit
400 1629 540 1664 designare
552 1627 720 1655 velocitatem
736 1631 763 1654 et
777 1625 971 1661 pernicitatem,

184 1680 212 1703 et
225 1675 295 1711 quod
314 1675 390 1702 bellis
407 1674 495 1701 omnia
515 1672 626 1708 imperia
640 1671 802 1700 everterint:
816 1675 896 1706 atqtte
910 1678 972 1705 par—

184 1722 265 1749 dalim
280 1721 398 1757 protulit.
410 1721 506 1755 Aspice
522 1724 551 1747 ut
566 1719 638 1754 prius
653 1717 763 1754 pulchre
775 1717 872 1744 viderit
887 1724 971 1749 mare,

185 1767 256 1802 quod
276 1770 451 1802 repraesentat
470 1766 624 1793 universum
643 1764 735 1791 orbem
760 1768 901 1791 terrarum.
918 1763 972 1790 To-

185 1813 265 1840 tidem
285 1813 355 1840 enitn
385 1812 478 1847 plenus
500 1815 541 1839 est
560 1810 726 1842 tumultibus,
742 1813 771 1836 ct
782 1808 878 1836 eodem
894 1808 972 1835 modo

185 1859 311 1893 agitatur,
325 1858 398 1893 quasi
417 1857 533 1892 piscibus
543 1877 551 1890 ,
565 1864 618 1884 non
632 1855 784 1884 hominibus
796 1855 912 1890 repletus
923 1854 970 1890 (b).

187 1903 213 1930 Itl
226 1904 306 1931 etiam
316 1902 436 1930 Christus
451 1903 586 1935 declarat,
602 1906 760 1936 prtescntem
781 1908 877 1936 nempe
892 1900 972 1927 vitam

186 1959 260 1978 mare
275 1959 350 1984 esse,
365 1951 427 1977 dum
443 1950 507 1978 dicit
521 1959 527 1976 :
546 1958 555 1975 I
573 1949 664 1977 Simile
684 1948 781 1976 factum
804 1951 845 1975 est.
862 1954 972 1982 regnum

186 1997 312 2023 caalorum
325 2004 430 2030 sagcnze
445 1996 532 2022 missae
547 1995 572 2022 itt
590 2002 663 2022 mare
675 2015 683 2027 ,
702 1998 729 2021 et
741 2001 773 2021 ex
787 1993 859 2020 omni
875 2000 974 2028 genere

187 2041 370 2076 congreganti.
388 2050 396 2066 I
420 2040 523 2075 (Matth.
541 2041 583 2067 l5.
599 2038 655 2074 47.)
681 2049 690 2064 ‹
705 2038 738 2066 Et
758 2046 832 2070 ecce,
846 2047 856 2064 ι
873 2037 972 2072 inquit,

190 2095 200 2111 ί
214 2090 330 2120 quatuor
344 2086 418 2113 venti
445 2086 502 2113 caeli
522 2085 661 2112 irruebant
678 2085 705 2111 in
722 2091 797 2112 mare
811 2091 948 2120 magnum.
962 2093 971 2108 ι

188 2131 311 2158 Declarat
321 2132 423 2159 bestias
432 2132 491 2159 illas
499 2131 562 2159 inde
574 2130 721 2166 prodiisse:
732 2129 834 2157 indicat
842 2130 922 2157 etiam
934 2137 975 2156 ce«

187 2176 321 2204 leritatem
330 2177 427 2204 divin-.e
434 2177 618 2212 providentia
628 2176 733 2204 Etenim
741 2183 802 2207 nos,
814 2183 876 2203 cum
889 2175 922 2203 de
931 2182 976 2202 vc-

187 2223 297 2250 locitate
317 2230 406 2250 sermo
421 2228 473 2256 est,
493 2227 589 2251 ventos
604 2223 631 2250 in
650 2222 770 2250 medium
789 2220 975 2257 producimus.

188 2267 329 2295 Irruerunt
342 2268 370 2294 in
384 2275 472 2301 mare;
491 2272 519 2295 et
532 2272 713 2298 emerserunt.
731 2267 829 2301 inquit.
849 2265 943 2293 bestiae
963 2274 979 2296 θ

191 2311 267 2338 ntari.
290 2311 354 2338 Nam
373 2316 473 2339 naturae
489 2315 587 2338 nostra:
605 2311 749 2345 participes
766 2315 828 2338 sunt
843 2311 976 2346 principes

190 2357 286 2384 nostri.
306 2357 350 2385 Sic
364 2358 442 2385 etiam
460 2364 549 2392 regem
563 2356 666 2384 leonem
678 2363 748 2391 saepe
764 2360 857 2390 vocat,
875 2356 975 2391 regiam

191 2402 348 2438 dignitatem
371 2408 398 2430 et
423 2403 522 2430 tcrittos
545 2409 633 2430 mores
657 2402 774 2430 indicare
794 2403 914 2438 cupietts.
928 2402 976 2429 Vel

191 2448 251 2482 quia
262 2453 402 2476 ventorum
413 2448 457 2476 ille
469 2446 575 2482 quidem
590 2447 728 2475 orientalis
741 2452 792 2481 est,
809 2447 852 2475 hic
865 2454 928 2475 vero
940 2455 975 2474 ett

222 2524 258 2559 (ιι)
275 2524 303 2549 in
314 2528 394 2550 Gram
404 2545 410 2554 ,
416 2531 484 2560 sua...
497 2526 637 2560 Porro_lt:cc
652 2532 698 2550 vox
708 2543 715 2554 ,
727 2529 792 2550 teste
808 2525 894 2560 Suida,
907 2532 977 2550 arro-

190 2556 297 2586 gantium
315 2560 388 2592 atque
405 2556 504 2581 delicias
519 2556 642 2592 signiﬁcat.
654 2561 732 2592 Quare
744 2558 977 2592 utrutttqttejnjer-

190 2593 258 2610 smne
267 2588 350 2616 jtttttti.
363 2587 448 2612 ductus
459 2587 600 2612 auctoritate
616 2591 637 2611 s.
654 2588 789 2618 Hieronymi
799 2605 805 2616 ,
817 2587 859 2618 qui
874 2587 899 2611 iu
911 2587 979 2612 Cont-

191 2618 310 2649 mentario
330 2619 359 2641 ad
378 2618 441 2642 hunc
459 2618 537 2643 locum
557 2624 634 2649 regno
649 2617 775 2649 Babylonio
792 2617 977 2647 crudelitatem,

191 2647 311 2671 luxuriant
325 2652 349 2672 ct
361 2650 498 2679 superbiant
510 2647 627 2673 attribuit.
640 2647 792 2674 Crudelitatis
800 2650 924 2679 specimen
936 2650 978 2673 da-

192 2679 226 2701 bit
238 2683 309 2710 caput
325 2680 483 2709 prtecedens;
502 2680 603 2704 luxurize
622 2679 685 2704 liber
703 2680 822 2708 .tudithae,
845 2681 979 2710 praesertim

191 2715 243 2743 cap.
257 2709 295 2737 12,
304 2716 374 2743 vers.
385 2709 414 2743 f2!
427 2711 576 2743 ἱξυνςπὺὶω,
589 2714 615 2735 ut
626 2710 672 2735 alia
682 2713 799 2740 omittam,
811 2709 857 2735 rei
868 2711 981 2742 Assyrius

191 2740 283 2764 Lucier
295 2740 373 2765 dictus
385 2740 415 2765 ls.
430 2741 467 2770 it,
478 2740 518 2765 1‘2.

224 2769 258 2801 (b)
277 2772 382 2795 Piscibus
393 2778 421 2795 se
433 2773 537 2796 invicem
548 2771 719 2803 devorantibus
737 2771 859 2803 improbos
869 2771 981 2796 homines

192 2806 344 2835 comparant,
423 2804 572 2835 tialtacucuut
589 2802 746 2835 prophetam,
760 2802 927 2835 Athenagoras
939 2806 980 2827 Lc-

191 2832 346 2866 glationepro
358 2833 507 2866 Christianis,
518 2836 541 2856 Β.
552 2832 664 2866 ire-utens
675 2833 716 2858 lib.
729 2834 757 2866 5,
769 2840 821 2864 cap.
834 2832 878 2860 2f,
891 2837 917 2857 et
928 2840 981 2857 om-

191 2862 258 2886 nium
274 2862 456 2896 elegantissime
472 2868 494 2888 s.
507 2863 605 2887 Basilius
616 2867 683 2896 itont.
695 2862 833 2896 septima—in
844 2867 981 2889 tlexaetne-

191 2899 244 2917 mn.
256 2896 339 2918 motum
352 2898 390 2919 est
401 2900 434 2919 ea
441 2894 473 2919 dc
487 2901 515 2919 re
528 2895 689 2925 proverbium.

886 192 917 220 IN
938 191 1119 222 DANIELEM.

1758 205 1811 235 250

1029 251 1219 284 septentrione,
1235 251 1302 280 alter
1313 260 1377 280 vero
1391 254 1424 281 ab
1434 259 1535 284 austro.
1550 256 1583 285 Ut
1598 258 1621 285 si
1636 259 1695 294 quis
1705 261 1814 289 dixerit:

1030 295 1130 324 Evertit
1148 305 1222 325 mare
1236 307 1244 331 ;
1264 299 1328 326 illud
1344 300 1377 327 (le
1393 301 1459 327 ρατιθ
1473 302 1616 335 agnorunt.
1630 303 1815 334 Diverswinter

1028 348 1064 368 se.
1087 341 1185 375 Prima,
1207 345 1279 378 quasi
1298 345 1386 372 ιιιωηα.
1403 347 1631 379 Quemadmodum
1643 349 1672 377 in
1685 351 1789 378 somnio
1805 360 1812 379 :

1029 394 1081 414 non
1096 389 1167 416 enim
1181 389 1238 417 haec
1252 398 1341 418 rerum
1354 398 1447 419 natura
1458 398 1525 421 erat.
1540 394 1592 423 Per
1601 395 1656 423 duo
1667 403 1741 432 5tgna
1753 404 1814 424 ma-

1019 432 1113 481 .jestas
1130 435 1203 469 regia
1225 437 1383 465 ostenditur.
1397 438 1508 472 Quidam
1529 447 1593 468 vero
1615 442 1717 477 dicunt,
1741 445 1814 479 quod

1027 479 1088 514 quia
1101 480 1238 516 Assyrium
1253 483 1396 517 superavit,
1416 484 1477 512 ideo
1493 493 1552 513 cum
1571 487 1675 516 duobus
1688 490 1811 518 animali-

1028 524 1076 552 bus
1095 525 1240 554 confertur.
1263 527 1295 553 Et
1313 529 1477 563 aapiciebam.
1491 532 1571 558 donec
1591 534 1682 561 evulsa
1695 541 1752 562 sunt
1765 537 1812 564 ait:

1027 570 1082 605 ejus
1092 591 1098 602 ,
1111 570 1136 597 id
1149 575 1206 605 est,
1223 572 1379 607 imperium,
1393 579 1417 601 et
1432 576 1530 603 sublata
1549 581 1586 604 est
1603 579 1636 606 da
1645 583 1711 607 terra
1726 589 1736 609 .'
1751 587 1774 609 ct
1786 583 1812 610 in

1028 615 1132 649 pedibus
1145 616 1252 644 hominis
1265 619 1330 645 stetit
1341 627 1350 646 :
1364 624 1387 646 et
1399 628 1441 646 cor
1455 621 1562 650 homini:
1575 623 1662 652 datum
1676 631 1712 654 est
1721 628 1754 655 ci.
1763 628 1811 656 Fe-

1027 668 1075 688 rox
1089 662 1197 689 animal.
1213 663 1341 699 Utrinqne
1364 665 1479 694 habebat
1499 668 1644 698 celeritatis
1664 673 1716 700 vim
1733 683 1741 701 :
1765 682 1811 702 sn-

1028 715 1110 742 pcrtte
1130 709 1236 743 quidem
1257 711 1291 737 ab
1305 711 1353 738 alis
1365 732 1373 744 ,
1390 712 1492 740 inferne
1506 722 1570 742 vero
1588 724 1602 743 a
1618 718 1729 752 pedibus
1743 729 1751 748 :
1765 721 1811 747 scil

1028 760 1138 790 utraque
1148 756 1277 784 velocitas
1292 757 1379 785 ablata
1395 764 1446 790 est,
1463 760 1511 787 alis
1526 762 1632 796 quidem
1643 765 1749 798 evulsis,
1764 775 1811 794 nec

1026 801 1140 835 amplius
1159 803 1363 837 apparentibus,
1383 804 1495 838 pedibus
1513 815 1576 834 vero
1590 808 1813 844 degenerantibns

1027 846 1053 873 in
1066 846 1218 881 debiliorcs,
1235 849 1364 876 humanos
1379 850 1489 878 scilicet.
1506 852 1541 878 Et
1552 861 1596 880 cor
1610 854 1717 883 hominis
1725 857 1812 886 datum

1026 896 1062 918 est
1075 891 1106 918 ei.
1122 892 1205 920 Tanta
1219 894 1245 920 in
1259 893 1304 921 illo
1317 895 1425 922 animali
1436 896 1522 924 fuerat
1537 899 1671 932 superbia.
1687 901 1810 935 llttntilis,

1027 937 1126 972 inquit,
1138 939 1209 966 tnitis
1223 944 1251 966 et
1268 945 1420 968 mansuetus
1434 940 1519 970 factus
1531 948 1572 970 est
1584 952 1643 972 rex.
1659 945 1692 973 Et
1704 955 1760 974 ecce
1769 949 1808 976 be-

1026 983 1073 1010 stia
1086 983 1137 1010 alia
1151 984 1240 1011 similis
1253 993 1312 1012 urso
1326 994 1335 1012 :
1348 991 1371 1013 et
1382 986 1408 1013 in
1423 993 1517 1021 partem
1531 996 1607 1016 unum
1623 991 1690 1018 stt-tit
1704 997 1713 1016 :
1727 996 1752 1018 et
1762 993 1813 1020 tria

1026 1029 1106 1055 latera
1116 1029 1140 1055 iit
1153 1038 1195 1056 ore
1205 1031 1269 1064 ejus,
1281 1031 1345 1057 inter
1357 1034 1442 1059 dentes
1452 1033 1539 1067 ipsius.
1556 1034 1590 1062 Et
1603 1036 1638 1063 sic
1648 1036 1761 1064 dicebu‘ut
1774 1044 1810 1070 ei;

1026 1074 1118 1110 Surge,
1134 1080 1234 1103 comede
1246 1085 1332 1104 carnes
1342 1079 1443 1106 multas.
1455 1080 1510 1107 Sub
1525 1080 1614 1109 Persis
1625 1082 1746 1112 homines
1756 1083 1805 1112 lue

1025 1125 1088 1147 runt
1102 1123 1169 1148 tardi
1183 1129 1214 1149 ac
1227 1129 1332 1157 segnes.
1344 1123 1400 1150 Sub
1414 1124 1498 1152 Medis
1512 1131 1540 1152 ct
1551 1126 1640 1155 Persis
1654 1129 1812 1159 exstiterunt

1027 1166 1076 1192 tria
1087 1166 1169 1194 latera
1182 1176 1188 1194 :
1203 1167 1228 1194 id
1242 1174 1296 1202 cst,
1313 1170 1355 1196 vel
1369 1169 1441 1201 loca,
1455 1172 1495 1199 vel
1506 1179 1606 1210 regna,
1617 1181 1676 1208 qum
1690 1175 1715 1202 in
1729 1183 1810 1203 unum

1026 1212 1062 1239 illi
1078 1217 1278 1241 contraxerunt.
1301 1214 1424 1243 Dicebant
1442 1217 1485 1244 ei:
1502 1217 1594 1254 Surge,
1614 1223 1715 1249 comede
1724 1230 1812 1250 conm

1025 1258 1126 1301 inultas.
1138 1258 1171 1285 Hi
1191 1259 1262 1287 cnim
1280 1267 1407 1295 ceperunt
1428 1266 1456 1289 et
1477 1263 1648 1299 Babylonem,
1667 1271 1694 1294 et
1714 1267 1812 1295 multas

1024 1304 1188 1332 calamitates
1201 1306 1356 1334 intulerunt.
1369 1317 1378 1334 ί
1391 1307 1452 1336 Post
1465 1309 1515 1337 ltoc
1527 1311 1697 1345 aspiciebam;
1709 1317 1735 1341 et
1749 1321 1812 1342 ecce

1024 1349 1076 1377 alia
1084 1350 1177 1384 bestia,
1186 1352 1261 1386 quasi
1269 1353 1385 1387 pardalis
1395 1361 1402 1380 :
1415 1358 1443 1381 et
1456 1355 1505 1389 ipsi
1518 1355 1566 1383 ala:
1576 1361 1689 1391 quatuor
1696 1358 1812 1387 volucrts

1025 1403 1106 1430 super
1116 1405 1185 1428 eant.
1195 1403 1221 1426 et
1232 1400 1318 1434 capita
1333 1405 1447 1435 quatuor
1459 1402 1550 1430 bestitc
1561 1413 1568 1431 :
1579 1408 1607 1432 et
1620 1410 1736 1440 potestas
1750 1406 1810 1434 data

1024 1447 1066 1470 est
1075 1443 1122 1470 illi.
1139 1453 1150 1470 ι
1166 1443 1276 1479 Deinde,
1290 1446 1383 1481 inquit,
1406 1448 1518 1481 pardalit
1532 1457 1541 1476 :
1557 1449 1707 1479 Alexander
1724 1452 1812 1481 Mace-

1024 1487 1122 1516 donum
1138 1497 1194 1522 rex,
1207 1491 1253 1525 qui
1268 1495 1352 1519 totum
1365 1493 1456 1521 orbem
1466 1495 1621 1529 pervolavit.
1631 1495 1700 1524 Nihil
1712 1499 1812 1534 quippe

1024 1534 1071 1562 illo
1085 1535 1134 1563 fuit
1149 1536 1301 1570 terribilius,
1311 1546 1360 1567 nec
1371 1539 1503 1568 velocius:
1518 1546 1544 1568 at
1558 1542 1702 1571 vehemens
1712 1550 1769 1571 erat
1778 1552 1810 1572 ac

1024 1580 1106 1614 celer,
1113 1582 1190 1609 sicuti
1200 1582 1256 1610 haec
1264 1583 1356 1611 bestia.
1363 1584 1489 1619 Quatuor,
1499 1585 1591 1622 inquit,
1601 1588 1650 1615 ala
1657 1589 1764 1617 volucris
1771 1599 1811 1617 su-

1024 1635 1069 1662 per
1078 1636 1143 1655 eam.
1155 1628 1207 1656 lloc
1215 1633 1265 1662 est,
1275 1637 1380 1657 omnem
1391 1631 1536 1666 potentiam
1545 1633 1594 1660 sibi
1606 1633 1734 1668 adjnnxit.
1747 1635 1812 1664 Pcr-

1024 1681 1068 1701 sas
1081 1674 1151 1701 enim
1165 1674 1190 1701 in
1202 1674 1328 1703 tredecim
1345 1683 1426 1711 regna
1439 1677 1472 1704 ab
1486 1684 1515 1705 se
1528 1677 1627 1706 divisos
1640 1680 1689 1707 sibi
1698 1681 1812 1716 subjecit

1024 1720 1255 1748 universos.Vides
1267 1721 1336 1748 illitis
1350 1721 1531 1749 celeritatem?
1543 1723 1574 1750 Et
1584 1731 1615 1750 ex
1626 1724 1717 1752 bestia:
1730 1730 1810 1754 natu-

1024 1774 1064 1800 ra,
1078 1771 1105 1794 et
1117 1774 1149 1794 cx
1163 1767 1221 1794 alis.
1236 1767 1395 1795 Universum
1406 1768 1497 1796 orbetn
1515 1770 1654 1804 percurrit.
1669 1770 1701 1798 Et
1715 1772 1811 1806 capita,

1024 1811 1117 1847 inquit,
1125 1818 1232 1847 quatuor
1243 1813 1333 1840 bestia.
1343 1813 1374 1840 Et
1383 1822 1488 1849 regnum
1502 1819 1524 1841 et
1538 1820 1646 1850 potestas
1659 1816 1718 1842 data
1729 1821 1765 1844 est
1777 1817 1810 1844 ei.

1025 1857 1125 1885 Dehinc
1144 1863 1233 1885 narrat
1246 1863 1348 1893 quarta:
1363 1858 1454 1887 bestia:
1467 1860 1608 1887 adventum
1621 1861 1811 1890 multiformem

1024 1907 1051 1930 et
1067 1903 1246 1938 omnigenum,
1265 1908 1291 1931 et
1306 1911 1358 1931 non
1374 1909 1461 1939 potest
1479 1905 1573 1933 all'erre
1587 1907 1787 1934 similitudinem
1803 1917 1811 1935 :

1025 1949 1091 1977 adeo
1105 1949 1188 1977 bestia
1197 1949 1240 1976 illa
1252 1949 1359 1977 varians
1367 1954 1434 1977 erat.
1448 1951 1504 1977 Alia
1515 1951 1610 1986 quippe
1617 1953 1705 1979 omnia
1717 1953 1813 1981 devicit

1028 2002 1119 2029 regna.
1140 1994 1250 2022 Caele-ris
1271 1995 1378 2030 quidem
1398 1997 1518 2031 imperiis
1531 2005 1546 2023 a
1565 1997 1704 2025 velocitate
1727 1999 1813 2026 inerat

1025 2040 1066 2068 vis
1080 2049 1087 2067 :
1099 2040 1178 2075 hujus
1189 2048 1252 2068 vero
1264 2041 1387 2068 animalis
1400 2041 1471 2068 vircs
1481 2042 1507 2069 in
1521 2041 1644 2070 dentibus
1654 2064 1661 2076 ,
1678 2044 1722 2078 qui
1733 2043 1812 2072 ferrei

1026 2090 1114 2114 erant.
1126 2085 1160 2113 Et
1171 2086 1266 2120 reliqua
1280 2087 1383 2121 pedibus
1394 2088 1447 2114 suis
1461 2088 1631 2115 conculcabat.
1644 2089 1723 2116 Multa
1736 2090 1814 2118 intel-

1025 2131 1082 2167 ligit
1095 2131 1173 2159 bella.
1193 2132 1305 2166 Quinam
1320 2136 1382 2159 sunt
1393 2132 1485 2160 decem
1498 2140 1575 2168 reges
1588 2134 1600 2160 τ
1617 2134 1688 2168 quod
1703 2142 1812 2169 parvum

1025 2177 1130 2205 cornu?
1142 2177 1198 2212 Ego
1209 2178 1252 2204 aio
1267 2178 1458 2205 Antichristum
1478 2178 1548 2206 inter
1560 2180 1661 2215 aliquot
1674 2188 1750 2216 rcges
1763 2189 1813 2217 ap-

1026 2233 1130 2261 parere.
1143 2225 1177 2252 Et
1190 2225 1259 2253 oculi
1269 2246 1276 2258 ,
1291 2225 1363 2261 quati
1377 2226 1443 2253 oculi
1453 2226 1561 2253 hominis
1570 2247 1578 2260 ,
1592 2227 1619 2254 in
1630 2235 1708 2255 cornu
1720 2229 1778 2263 ista,
1790 2235 1814 2256 et

1027 2280 1054 2299 os
1061 2273 1162 2308 loquens
1171 2271 1287 2307 grandia.
1297 2271 1364 2305 Quid
1375 2271 1445 2299 enim
1457 2271 1502 2299 illo
1512 2279 1558 2300 ore
1566 2273 1692 2307 grandius
1699 2281 1758 2301 esse
1767 2282 1814 2309 pn-

1028 2321 1080 2345 te:t
1093 2317 1163 2352 quod
1177 2317 1308 2352 loquitur,
1325 2316 1411 2352 Supra
1425 2317 1547 2352 quidquid
1563 2317 1655 2344 dicitur
1668 2318 1736 2346 Deus
1746 2340 1753 2350 ,
1771 2325 1815 2346 aut

1028 2371 1131 2396 numen,
1144 2363 1207 2390 adeo
1219 2366 1246 2389 ut
1258 2363 1284 2389 in
1299 2363 1391 2397 templo
1403 2361 1452 2389 Dei
1464 2363 1548 2390 sedeat
1559 2363 1598 2399 (2.
1613 2363 1701 2391 Thess.
1717 2364 1746 2392 2.
1763 2365 1792 2400 ὅ)
1804 2366 1816 2392 ?

1028 2409 1055 2436 Si
1077 2413 1164 2435 autem
1191 2407 1260 2435 oculi
1282 2407 1408 2439 hominis,
1434 2415 1467 2435 ne
1487 2408 1611 2436 mireris:
1631 2409 1730 2436 etenim
1753 2410 1816 2437 talia

1029 2455 1156 2490 loquitur.
1170 2455 1255 2482 Homo
1277 2458 1318 2481 est
1338 2453 1376 2489 (2.
1389 2452 1478 2482 Thess.
1492 2453 1521 2481 2.
1534 2455 1573 2490 5),
1587 2455 1682 2490 inquit.
1699 2455 1752 2483 Cur
1767 2463 1816 2483 au-

1030 2505 1082 2527 tem
1094 2508 1176 2528 cornu
1192 2507 1300 2535 parvum
1311 2519 1318 2530 ,
1339 2503 1367 2526 et
1383 2506 1437 2526 tton
1451 2499 1485 2526 ab
1500 2499 1576 2527 initio
1591 2508 1715 2535 magnum
1734 2509 1817 2537 appa-

1029 2546 1131 2574 ret?At
1141 2546 1252 2580 postltae
1262 2549 1378 2577 crescet,
1394 2549 1421 2572 et
1433 2545 1607 2580 quorumdam
1623 2554 1715 2581 regum
1730 2546 1818 2575 donti-

1030 2592 1144 2620 nabitnr.
1167 2591 1235 2625 Quid
1250 2591 1351 2626 igitur?
1366 2591 1472 2619 Nullum
1491 2599 1600 2626 regnum
1615 2593 1730 2628 excipiet
1748 2593 1820 2621 hunc

1030 2647 1120 2674 regem
1137 2647 1144 2666 :
1158 2638 1205 2666 sed
1219 2638 1291 2665 illuni
1305 2638 1374 2665 Deus
1386 2637 1500 2673 ipsemet
1508 2638 1634 2666 dissolvet
1645 2646 1677 2666 ac
1689 2639 1819 2668 destrttet.

1031 2687 1058 2714 9.
1076 2695 1085 2711 ί
1100 2685 1278 2720 Aspiciebam,
1290 2684 1375 2712 donec
1389 2684 1476 2711 throni
1487 2685 1566 2719 positi
1577 2690 1649 2719 sunt,
1661 2690 1686 2712 et
1697 2686 1823 2721 antiquus

1031 2731 1133 2759 dierum
1143 2731 1221 2758 sedit:
1230 2735 1257 2758 et
1266 2730 1454 2758 vestimentum
1466 2731 1524 2765 ejus
1534 2730 1675 2758 candidum
1685 2731 1753 2759 sicut
1765 2732 1821 2759 nix:

1032 2782 1058 2804 et
1072 2776 1184 2812 capillus
1202 2776 1299 2811 capitis
1313 2775 1372 2810 ejus
1391 2775 1466 2810 quasi
1488 2775 1548 2802 lana
1571 2775 1668 2803 munda
1685 2784 1694 2803 :
1711 2776 1823 2803 tltronus

1033 2822 1090 2858 ejus
1102 2822 1207 2849 ﬂamma
1221 2821 1289 2856 ignis
1305 2829 1312 2848 :
1332 2826 1398 2848 rota:
1415 2820 1472 2854 ejus
1494 2820 1561 2856 ignis
1580 2820 1687 2848 ardens.
1702 2820 1745 2848 t0.
1760 2820 1822 2848 Flu-

1033 2870 1092 2898 vius
1113 2869 1181 2904 ignis
1196 2867 1319 2895 manabat
1333 2866 1471 2902 egrediens
1482 2873 1499 2894 a
1511 2869 1655 2900 conspectu
1668 2865 1736 2900 ejus.
1752 2865 1822 2892 Mille
