2049 3133
247 175 296 203 Ξ31

247 231 328 260 millia
342 227 528 257 ministrabant
542 227 565 255 ei
578 248 585 259 ,
599 232 624 254 cl
634 226 701 254 dena
717 226 797 252 millia
812 225 910 252 denum
924 223 1036 251 millium

248 276 408 304 assistebant
425 279 486 301 ante
500 281 572 302 eum.
586 273 718 300 Judicium
732 271 819 301 sedit.
837 274 863 297 et
877 270 936 297 libri
954 269 1036 303 aperti

247 327 320 349 sunt.
351 330 361 347 ι
385 319 584 347 Contendamus
607 318 708 350 animo,
728 316 869 344 carissimi.
888 315 947 342 Non
966 315 1037 341 enim

247 367 336 404 parvis
349 367 383 394 de
397 366 476 393 rebus
489 366 584 400 agitur.
601 363 709 395 Throni,
725 362 811 398 inquit
820 382 827 392 ,
840 362 916 396 positi
929 365 1002 392 sunt,
1016 364 1038 386 et

200 431 201 434 η
247 413 367 448 antiquus
381 412 480 438 dierum
496 410 568 437 sedit.
585 409 650 442 Quis
664 413 704 436 est
719 408 790 434 iste?
807 406 890 434 Sicuti
910 413 971 433 cum
990 413 1037 431 au-

248 458 320 486 diisti
335 463 423 484 ursum
436 476 443 488 ,
460 463 511 483 non
526 455 559 482 de
572 462 634 481 urso
650 453 789 488 cogitasti,
805 457 901 480 etcum
915 451 1036 483 leamam,

250 512 302 532 non
325 503 350 531 id
366 502 463 529 animal
482 501 672 536 suspieabaric,
688 499 734 526 sed
746 507 825 534 regna
841 507 848 531 ;
864 502 890 525 et
905 505 964 525 cum
979 505 1038 523 ma-

248 559 295 584 re,
309 558 362 577 non
376 556 448 576 mare
461 568 467 580 ,
481 547 528 575 sed
540 547 632 574 orbein
647 551 795 578 terrarum,
811 545 837 571 in
852 544 912 570 aliis
925 543 975 570 alia
991 550 1039 569 co-

249 596 335 630 gitans
351 604 358 622 ;
375 595 409 621 ita
424 598 451 621 et
465 601 544 620 nunc.
559 593 690 626 Antiquus
705 591 807 618 dierum
821 590 882 625 quid
898 594 938 617 cst
952 589 964 615 ?
977 589 1038 616 Seni

249 641 353 668 cuidam
365 640 460 666 similis
470 643 538 666 erat.
548 638 612 665 Nam
622 637 654 664 ad
667 644 729 663 usus
744 644 844 666 rerum.
856 639 965 670 propter
975 641 1041 669 quas

249 689 370 720 apparet,
385 684 502 719 seipsum
524 683 620 710 format
634 690 642 710 ξ
655 686 734 716 atque
746 681 789 708 hic
797 680 914 708 ostendit
932 679 1041 706 senibus

248 730 344 766 judicia
355 737 414 757 esse
426 727 624 756 committenda.
638 727 714 754 Sicut
723 726 792 754 enim
807 733 867 752 cum
882 725 957 752 audis
968 724 1041 751 thro-

250 785 312 804 num
322 796 330 809 ,
344 784 396 803 non
409 775 561 802 cathedram
575 773 699 807 intelligis
716 782 722 799 :
739 779 832 800 verum
846 771 904 806 quis
921 770 987 797 adeo
1000 770 1040 796 vi-

250 822 302 849 lem
314 829 346 849 ac
360 821 494 855 vulgarent
509 826 616 847 sensum
627 817 768 852 arriperet,
781 824 841 844 cuin
857 820 884 843 et
897 815 959 842 alibi
972 815 1041 842 Deus

249 872 368 894 armatus
392 865 521 897 videatur,
537 869 563 891 et
589 863 649 890 alibi
671 867 826 890 cruentatus
848 862 856 895 (
872 861 937 895 Sap.
952 861 979 888 5.
995 860 1039 887 18.

251 912 367 940 Isai.65.
379 911 490 947 3)?Hoc
505 911 593 945 itaque
609 909 726 936 indicare
739 908 794 935 vult
804 928 810 939 ,
825 911 932 942 tempus
950 905 1040 941 judicii

250 966 319 985 esse.
337 957 517 984 Vestimentum
539 956 605 991 ejus,
619 954 691 989 quasi
704 954 759 986 nix,
778 952 923 980 candidum.
937 951 1042 984 Quare?

250 1004 380 1038 Quoniam
395 1010 447 1030 non
466 1001 546 1029 modo
566 1007 670 1036 tempus
682 1004 723 1027 est
735 999 827 1034 judicii
840 1020 848 1032 ,
862 998 909 1026 sed
927 998 1043 1026 retribu-

250 1049 330 1077 tionis
344 1056 448 1084 quoque
461 1057 468 1075 :
482 1047 606 1082 quoniam
621 1050 730 1073 cunctos
743 1044 792 1080 ipsi
807 1043 912 1071 adstare
926 1046 1040 1078 oportet:

250 1095 373 1130 quoniam
394 1093 523 1120 Iudicium
541 1092 626 1124 illius,
648 1091 749 1125 inquit,
763 1090 834 1125 quasi
847 1089 892 1116 lux
905 1089 1043 1124 egredietur

253 1140 336 1176 (Osee
349 1141 373 1168 6.
387 1140 404 1167 5
418 1140 437 1175 ).
453 1138 554 1166 Deinde
567 1137 666 1164 Τὴνοηὶ
677 1136 752 1172 positi
765 1140 833 1163 sunt.
847 1135 940 1162 Nonne
953 1134 1043 1162 throni

251 1187 278 1214 in
302 1186 397 1221 quibus
418 1185 553 1217 Scdebitis,
576 1183 674 1218 inquit,
689 1191 764 1218 super
788 1182 920 1209 duodecim
941 1181 1044 1225 thronos

254 1232 373 1266 (Mutum
380 1231 406 1258 9.
414 1231 473 1265 '28)?
482 1230 512 1257 Et
518 1229 624 1265 capillus
631 1229 720 1261 capitis
727 1228 781 1264 ejus
790 1228 862 1263 quasi
870 1228 930 1254 lana
937 1226 1042 1254 munda.

253 1277 323 1312 Ignis
334 1276 399 1303 nihil
410 1275 592 1306 consumebat,
610 1273 823 1308 quandoquidem
836 1272 904 1300 lenis
918 1276 985 1299 erat.
995 1272 1043 1299 Vi-

253 1322 301 1349 des
313 1321 406 1349 faciem
419 1325 446 1348 et
456 1320 573 1347 habitum
583 1319 687 1346 civilem
696 1326 726 1346 ac
736 1318 909 1353 popularem?
919 1318 1044 1345 Thronus

253 1367 379 1399 terrebat,
389 1366 458 1401 quod
470 1366 529 1400 igne
538 1364 700 1396 abundaret;
710 1368 736 1391 ct
746 1371 797 1392 non
808 1363 866 1398 igne
876 1363 1043 1398 simpliciter,

255 1413 300 1440 scd
315 1414 375 1447 igne
386 1412 505 1439 ardente.
520 1411 586 1438 Nam
597 1418 630 1438 nc
638 1410 819 1440 existimares.
832 1417 879 1444 per
892 1408 1042 1437 similitudi-

253 1467 314 1486 nem
324 1460 417 1486 factam
426 1465 485 1485 esse
495 1457 729 1492 comparationem,
739 1455 839 1483 addidit
848 1456 915 1491 ignis
926 1456 996 1483 illius
1004 1455 1045 1483 ef-

254 1505 382 1535 licaciam,
391 1511 442 1530 non
450 1504 535 1531 solum
544 1503 630 1538 ignem
637 1502 738 1535 dicens,
745 1502 793 1530 sed
802 1503 888 1537 ignem
894 1502 1042 1530 ardentem.

255 1549 358 1576 Flavius
366 1549 431 1584 ignis
439 1548 556 1575 manabat
564 1556 580 1574 a
588 1553 720 1582 conspectu
727 1548 790 1582 ejus.
800 1547 872 1574 Mille
880 1548 960 1574 millia
966 1547 1042 1575 mini-

253 1595 365 1622 strabant
378 1595 401 1621 ei
412 1615 419 1627 ,
435 1599 457 1621 et
477 1594 542 1621 dena
560 1594 641 1620 millia
660 1593 751 1620 denum
771 1593 878 1620 millium
895 1593 1041 1620 assistebant

255 1645 311 1668 ante
325 1649 381 1667 eum
392 1639 442 1676 (a).
462 1639 592 1666 Iudicium
605 1639 678 1666 sedit.
701 1638 756 1666 Hoc
769 1643 828 1674 est},
845 1638 905 1666 ideo
919 1638 1043 1672 advenit,

255 1692 283 1714 ut
295 1686 422 1721 judirium
434 1685 550 1713 daretur.
563 1685 595 1712 Et
607 1685 663 1712 libri
675 1684 755 1720 aperti
766 1689 824 1711 sunt
837 1683 917 1718 (Dan.
930 1685 974 1712 15.
986 1684 1042 1720 42).

257 1732 324 1766 Quid
341 1731 399 1758 ais?
414 1731 488 1758 libris
508 1731 578 1758 Deus
592 1730 706 1765 indiget,
724 1731 774 1762 Qui
788 1731 874 1757 omnia
893 1730 960 1757 novit
975 1735 1045 1757 ante-

255 1785 329 1810 quam
343 1777 426 1810 [ἴσηιῖ
439 1776 488 1808 Qui
500 1777 572 1810 ﬁnxit
582 1776 710 1811 stgillatim
722 1776 798 1802 corda
809 1785 893 1803 eorunt
906 1776 988 1812 (Psal.
999 1776 1043 1804 5‘2.

258 1822 321 1855 15)?
336 1822 386 1849 Sed
399 1822 473 1855 juxta
488 1821 706 1848 consuetudinem
722 1822 922 1856 magistratuum
938 1827 1046 1850 nostro-

257 1875 315 1894 rum
330 1867 460 1901 loquitur;
479 1872 506 1893 et
519 1867 557 1893 sic
569 1871 628 1894 acta
641 1867 706 1893 fiunt
719 1866 788 1901 apud
804 1873 863 1894 nos.
886 1867 959 1894 Sicut
973 1868 1044 1895 enim

256 1918 314 1939 acta
330 1919 382 1938 non
397 1911 455 1938 ideo
471 1911 602 1946 leguntur,
617 1916 645 1938 ut
658 1912 825 1947 magistratus
838 1913 923 1940 solum
934 1913 1046 1951 edocea-

259 1964 300 1984 tur
310 1978 316 1988 ,
333 1957 379 1984 sed
393 1957 472 1984 etiam
485 1962 514 1984 ut
525 1962 649 1992 appareat
660 1958 760 1992 justum
775 1965 834 1985 esse
844 1958 970 1993 judicium
987 1968 993 1985 :
1010 1959 1046 1986 ita

258 2008 285 2030 et
299 2008 361 2030 tunc
373 2003 470 2030 evenit.
486 2003 551 2029 Nam
565 2002 626 2030 licet
639 2003 709 2030 Deus
721 2003 787 2031 sciat
797 2011 826 2031 se
835 2003 906 2038 juste
916 2004 1045 2037 judicare,

257 2054 373 2076 attamen
388 2049 470 2076 libros
484 2049 578 2084 aperit.
595 2048 676 2084 Cujus
690 2050 730 2078 rei
743 2051 846 2085 gratia?
869 2051 935 2084 Quid
948 2051 987 2078 ais
997 2071 1004 2084 ,
1020 2055 1048 2079 et

258 2096 321 2131 quid
333 2096 379 2122 tibi
390 2095 447 2123 vis?
460 2095 514 2123 Cur
523 2103 575 2122 non
587 2096 694 2130 praemia
707 2104 811 2132 quoque
822 2097 905 2125 dixit?
916 2099 950 2125 At
962 2097 1046 2126 dixit:

259 2141 355 2168 Throni
364 2141 437 2176 positi
445 2145 502 2168 sunt
509 2149 519 2173 ;
526 2141 737 2176 quandoquidem
748 2142 817 2170 Deus
825 2148 850 2170 et
860 2143 903 2170 illa
913 2142 1046 2171 definivit:

258 2191 397 2222 postquam
411 2193 474 2214 vero
487 2194 536 2213 nos
547 2194 600 2214 non
615 2187 759 2220 audiimus,
772 2192 834 2215 tunc
844 2189 1008 2224 punitionem
1021 2193 1050 2217 et

290 2264 326 2295 (ιι)
343 2268 459 2296 Numerus
470 2267 553 2296 certus
563 2265 719 2296 proiincerto.
732 2268 809 2293 Quare
826 2265 878 2290 hinc
895 2266 970 2290 verba
983 2267 1048 2290 varie

259 2296 290 2320 ab
302 2295 413 2320 Ecclesize
430 2295 568 2319 doctoribus
586 2295 657 2319 allata
675 2296 803 2325 invenies,
816 2300 838 2320 5.
852 2296 946 2321 Irean
957 2296 998 2321 lib.
1017 2298 1049 2326 2,

259 2333 311 2356 cap.
324 2326 340 2350 6
348 2344 355 2355 ,
366 2325 513 2350 't'ertulliano
523 2326 640 2350 adversus
651 2330 764 2351 Praxeam
775 2333 827 2357 cap.
840 2327 864 2356 5,
876 2327 980 2351 Auctore
994 2327 1049 2352 libri

259 2357 289 2380 ad
309 2358 460 2390 Novatiaumn
480 2357 639 2390 intui-“Opera
658 2360 681 2380 S.
693 2357 808 2390 ⁸(ζγιπὶιιρξ
820 2358 942 2386 {Eusebio
960 2361 1047 2390 Evang.

260 2391 365 2420 t'raepar.
376 2387 416 2411 lib.
429 2388 453 2416 7,
464 2393 516 2417 cap.
531 2387 567 2415 15,
580 2391 654 2420 atque
666 2388 738 2420 etiam
750 2391 773 2420 Β.
782 2387 949 2420 Chqsostomo
958 2387 1051 2413 uomit}

260 2417 343 2441 contra
354 2417 495 2447 Auomtnos;
508 2424 554 2442 nec
565 2417 619 2442 uon'
629 2418 653 2441 in
664 2417 857 2444 Ordinationibus
874 2420 1048 2444 Maronitarum.

261 2447 292 2472 At
304 2448 424 2479 editiones
439 2452 461 2472 s.
480 2449 616 2479 Hieronymi
635 2449 665 2479 ad
685 2449 749 2473 hunc
766 2449 844 2474 locum
863 2451 955 2475 vitiosae
973 2454 1048 2475 sunt:

262 2477 359 2512 Duplam
375 2481 454 2512 mitem
464 2477 602 2512 angelorum
613 2477 717 2512 ofﬁcium
727 2483 762 2512 est
772 2487 781 2504 :
799 2480 903 2506 aliorum
921 2481 963 2512 qui
975 2481 1051 2511 fustis

261 2508 362 2540 prwmia
373 2508 479 2542 tribuunt
486 2508 605 2542 {aliorum
617 2508 659 2540 q'itt'
669 2509 769 2542 singulis
774 2515 885 2542 ,prtesunt
894 2508 1048 2537 cruciatibus.

260 2542 335 2563 Nemo
347 2545 395 2574 non
407 2539 474 2564 videt
483 2539 647 2574 scribendum
657 2539 721 2571 esse",
732 2539 878 2574 cim‘tatibns,
891 2546 918 2567 ut
929 2546 955 2566 et.
966 2547 1050 2574 postea

260 2571 368 2601 comperi
380 2570 620 2603 Iegere»s_._>'rhomam
632 2571 658 2603 in
668 2574 821 2603 Exposuione
833 2573 857 2597 in
871 2573 933 2598 hunc
944 2570 1051 2603 [Diopha-

261 2604 319 2634 tam.
332 2605 402 2625 Porro
413 2601 527 2634 notabilis
545 2602 661 2632 imprimis
679 2601 839 2634 discrepantia
858 2604 922 2628 inter
934 2601 958 2627 Ii.
971 2601 1050 2630 Theo-

260 2631 374 2666 doretpm
387 2635 413 2666 et
466 2631 597 2666 Thomam,
606 2638 651 2656 seu
661 2631 781 2666 potiusVS.
799 2635 942 2666 Dionysium,
954 2636 979 2659 in
991 2637 1051 2660 assi-

261 2662 356 2698 gnanda
382 2662 499 2716 dignitate
527 2662 684 2699 angelorum]
712 2665 753 2695 qui
781 2662 917 2700 ministrant
926 2662 939 2694 ,ν
962 2671 987 2691 et
1009 2667 1051 2698 qui

261 2696 384 2716 HSSISlunL
424 2693 440 2716 b
455 2696 560 2716 utrouue
577 2693 689 2716 dissentit
705 2698 726 2716 ς.
746 2699 875 2716 Gre-smnus
893 2700 952 2716 Pana
964 2703 969 2709 -
983 2698 1051 2716 mihi:

261 2693 699 2735 assistpitt.hAblutr‘oquenﬂssentitn
705 2693 727 2719 SI
746 2696 952 2735 Gregoriusrapa
963 2703 970 2726 ;
983 2693 1051 2735 cuius

260 2723 367 2760 opinioni
386 2723 452 2760 favet
467 2722 541 2760 Iveius
556 2722 670 2760 Clemens
686 2722 807 2760 ΚουριεΨέ
813 2722 950 2760 in_t-‘.piswla
962 2722 991 2751 ad
1004 2722 1049 2753 Co-

262 2753 364 2790 rinthios
373 2753 615 2790 intuendo-Clemens
633 2759 722 2790 autem
731 2757 756 2781 in
767 2753 982 2790 Constitutionibus
993 2765 1052 2790 apo-

260 2783 350 2818 stolicis
359 2783 420 2818 ,lib.
437 2786 466 2813 8,
482 2791 535 2816 cap.
552 2785 583 2818 12
592 2804 598 2815 ,
612 2791 626 2808 a
642 2785 793 2818 'rheodereto
804 2792 851 2812 stat
863 2795 869 2812 ε
883 2789 926 2812 sed
938 2788 970 2813 de
981 2783 1053 2815 vui-iis

259 2815 323 2847 circa
333 2815 435 2847 augt-los
450 2815 580 2840 sententiis
596 2816 712 2847 praeclare
727 2818 825 2843 disserit
837 2823 941 2844 Joannes
950 2821 1053 2846 Morinus

259 2845 289 2898 :3
300 2845 467 2899 pallii-nationes
484 2845 603 2878 Syriacas:
618 2850 683 2878 Lege
699 2849 827 2879 origeuem
842 2850 871 2874 ad
886 2857 938 2881 cap.
951 2851 967 2875 5
977 2845 1051 2883 Epist.

317 2882 365 2901 om.

601 170 629 198 S.
650 169 789 197 103Nle
807 167 1043 196 CIIRYSOSTOMI
1063 165 1220 194 ARCHIEP.
1242 165 1506 193 CONSTANTINOP.

1832 167 1885 195 23!

1093 222 1250 257 supplicium
1266 223 1382 250 minatus
1396 228 1446 251 est.
1463 223 1495 250 Et
1507 231 1595 251 nonne
1606 223 1683 251 nobis
1694 225 1761 252 hanc
1773 225 1885 259 primam

1092 275 1184 295 vocem
1197 268 1305 295 emisit?
1318 267 1419 296 Exinde
1430 270 1513 304 coepit,
1527 270 1620 304 inquit,
1633 270 1772 305 prtedicare
1781 280 1885 306 regnum

1092 312 1212 339 emtor-um
1226 312 1331 348 (Matth.
1347 314 1374 340 ιι.
1395 314 1449 348 17).
1463 314 1535 341 Nihil
1550 322 1708 350 corporeum
1721 317 1866 351 suspiceris
1878 337 1886 347 .

1092 357 1198 390 dilecte,
1212 365 1262 386 nec
1276 358 1411 386 existimes
1424 360 1522 392 Deum,
1536 360 1580 395 qui
1596 361 1741 389 immensus
1753 366 1804 395 est,
1818 364 1886 391 solo

1093 411 1152 430 esse
1165 404 1304 431 inclusum.
1327 404 1393 432 Nam
1413 405 1436 432 si
1455 405 1489 432 In
1503 415 1579 433 manu
1593 407 1646 442 ejus
1660 413 1719 434 sunt
1736 409 1798 441 (ine:
1813 413 1888 436 terra:

1093 448 1179 483 (Psal.
1195 450 1239 477 94.
1248 449 1275 485 4)
1288 459 1294 476 :
1308 450 1330 477 si
1345 449 1445 477 JIonIes
1458 452 1545 478 statuit
1557 456 1649 478 statera
1660 460 1671 479 :
1682 453 1704 479 si
1719 452 1811 480 Omnes
1821 455 1886 487 geti-

1094 498 1129 520 tes
1144 495 1216 529 quasi
1228 496 1307 522 saliva
1321 496 1348 522 in
1362 501 1495 531 conspectu
1513 497 1568 532 ejus
1589 503 1712 532 reparata:
1730 503 1806 531 sunt,
1821 506 1849 528 et.
1865 499 1886 526 si

1083 538 1182 567 Cuncta
1202 541 1264 567 sicut
1285 541 1366 576 puluis
1385 550 1471 569 coram
1491 551 1520 570 eo
1542 543 1626 578 (Isai.
1641 544 1686 571 40.
1702 544 1745 570 12.
1761 544 1832 580 15),
1858 550 1887 572 ιιι

1094 586 1149 620 ipse
1164 586 1200 612 ait
1214 595 1219 612 :
1236 587 1294 621 quis
1308 587 1381 614 locus
1395 592 1479 615 totum
1498 589 1576 616 simul
1590 589 1817 623 comprehendere
1839 597 1887 624 po-

1094 631 1174 658 terit?
1188 631 1239 659 Sed
1256 632 1316 667 quid
1328 633 1339 659 ?
1353 633 1405 660 Res
1419 641 1471 660 non
1486 634 1521 661 ita
1532 641 1561 661 se
1575 634 1654 662 habet
1669 643 1675 661 :
1691 635 1758 662 solio
1773 643 1826 662 non
1841 636 1881 662 iu‘

1093 677 1208 704 eluditur
1222 677 1301 704 Deus.
1317 677 1345 706 Si
1364 684 1452 706 autem
1473 679 1660 707 vestimentum
1675 679 1804 711 habebat,
1818 687 1883 715 quo-

1093 722 1173 750 modo
1197 723 1263 758 ignis
1286 723 1351 751 illud
1376 731 1428 751 non
1453 725 1638 759 consumpsit?
1661 730 1688 752 et
1708 733 1759 760 qua
1783 726 1886 753 ratione

1092 769 1225 805 Antiquus
1233 768 1337 797 dierum
1349 770 1446 797 dicitur
1460 771 1504 798 ille
1516 791 1524 804 ,
1541 771 1585 805 qui
1605 775 1667 799 ante
1686 771 1774 799 omnia
1789 773 1888 799 sarcula

1093 814 1212 841 exstitit?
1221 822 1273 849 quo
1282 819 1359 849 pacto
1367 819 1454 842 autem
1463 819 1489 843 et
1499 816 1639 850 antiquus?
1649 816 1689 843 Tu
1699 818 1780 850 enim,
1790 818 1886 852 inquit,

1094 859 1158 885 idem
1169 859 1223 894 ipse
1234 867 1260 886 es
1271 859 1356 895 (Psal.
1373 861 1433 888 101.
1446 861 1503 896 28).
1519 860 1572 888 Cur
1587 862 1664 896 igitur
1675 863 1808 898 antiquus,
1823 871 1886 890 cum

1094 903 1198 932 dicatur
1212 904 1265 931 :Et
1285 906 1346 932 anni
1367 906 1403 932 tui
1423 914 1473 933 non
1486 907 1602 940 deﬁcient
1617 907 1731 943 (Ibid.)?
1751 908 1800 942 Qui
1821 917 1887 936 vero

1094 949 1279 977 vestimentutu
1289 958 1395 986 quoque
1406 951 1486 979 fuerit
1498 953 1567 980 circa
1581 953 1738 981 irntnensum
1752 962 1784 982 ac
1798 955 1887 982 incor-

1093 996 1224 1030 poreum?
1235 996 1336 1024 Etenim
1346 998 1527 1033 magnitudinis
1537 999 1601 1034 ejus,
1614 999 1708 1035 inquit,
1721 1008 1772 1027 non
1782 1006 1817 1027 est
1826 1001 1887 1035 ﬁnis

1094 1041 1180 1075 (Psal.
1196 1042 1256 1070 M4.
1273 1042 1312 1078 5).
1329 1043 1363 1070 Et
1376 1051 1466 1071 rursus
1481 1053 1487 1070 :
1503 1044 1534 1072 Si
1548 1046 1683 1072 ascendero
1696 1047 1722 1073 in
1734 1047 1823 1074 ctelum
1835 1068 1843 1079 ,
1860 1054 1886 1074 tu

1093 1088 1147 1115 illic
1161 1096 1204 1121 es;
1217 1090 1240 1116 si
1251 1089 1400 1117 descendere
1413 1091 1440 1117 in
1451 1091 1587 1126 infernum.
1599 1092 1659 1119 ades
1670 1092 1754 1128 (Psal.
1769 1094 1830 1122 151.
1845 1095 1886 1129 3).

1094 1134 1234 1168 Quomodo
1244 1135 1324 1170 igitur
1334 1140 1407 1164 veste
1419 1136 1688 1166 circumscribebatur
1700 1138 1824 1171 humana,
1837 1147 1887 1166 nec

1095 1179 1167 1206 illam
1186 1180 1381 1208 consumebat?
1402 1181 1435 1208 At
1458 1189 1521 1209 vero
1539 1187 1567 1210 et
1586 1183 1636 1210 alia
1651 1184 1782 1218 ejusmodi
1802 1186 1887 1212 multa

1097 1225 1188 1252 videre
1201 1233 1232 1253 ac
1247 1226 1335 1261 legere
1353 1231 1457 1261 poterat
1477 1228 1615 1263 propheta.
1638 1230 1777 1263 Quomodo
1796 1236 1887 1259 autem

1095 1270 1183 1305 capilli
1199 1271 1224 1298 in
1240 1271 1300 1306 igne
1315 1279 1367 1299 non
1380 1273 1606 1301 absumebantur?
1621 1275 1732 1310 Propter
1744 1276 1793 1303 hoc
1802 1277 1888 1311 siqui-

1095 1316 1155 1344 dem
1168 1317 1297 1351 subjecit:
1311 1317 1427 1346 T/tronus
1438 1320 1492 1354 ejus
1502 1320 1568 1355 ignis
1578 1321 1678 1348 ardens.
1695 1322 1727 1348 Et
1739 1323 1797 1350 lilm'
1804 1328 1888 1357 aperit

1095 1367 1162 1389 sunt.
1180 1362 1215 1390 Ut
1228 1363 1271 1391 ille
1286 1363 1332 1398 qui
1345 1363 1502 1398 damnatur,
1516 1373 1565 1393 suo
1576 1366 1626 1394 sibi
1636 1366 1737 1402 judicio
1759 1368 1887 1396 condem-

1096 1413 1185 1436 netur.
1201 1409 1244 1435 11.
1262 1418 1272 1434 ‹
1286 1409 1452 1444 Aspiciebam
1467 1414 1529 1438 tunc
1541 1418 1555 1438 a
1566 1418 1630 1439 voce
1643 1419 1795 1440 sermonum
1807 1421 1888 1448 gran-

1095 1454 1178 1486 dium,
1193 1462 1260 1490 quos
1274 1463 1356 1483 cornu
1371 1456 1435 1484 illud
1451 1456 1616 1492 loquebatur.
1630 1459 1786 1493 Spectabam
1799 1460 1889 1487 donec

1097 1499 1234 1528 interfecta
1242 1502 1370 1529 estbestia
1377 1502 1432 1533 illa,
1440 1504 1468 1527 et
1475 1501 1564 1536 periit,
1571 1503 1618 1530 iob
1625 1504 1886 1539 magniloquentiam.

1096 1546 1261 1582 Quamquam
1282 1547 1433 1575 Alexander
1454 1547 1536 1576 Deum
1560 1549 1688 1576 adoravit.
1713 1559 1722 1575 ι
1741 1550 1776 1577 Et
1788 1558 1889 1586 corpus

1096 1591 1154 1626 ejus
1164 1591 1254 1619 datum
1265 1596 1305 1619 est
1315 1592 1340 1620 in
1352 1592 1562 1621 combustionem
1578 1594 1655 1629 ignis.
1672 1594 1714 1621 12.
1728 1595 1760 1622 Ει
1770 1596 1889 1630 reliqua-

1097 1646 1156 1665 rum
1167 1638 1310 1666 bestiarum
1323 1639 1465 1667 translatus
1475 1645 1516 1668 est
1526 1640 1686 1675 principatus
1698 1651 1704 1669 :
1714 1647 1741 1669 et
1751 1643 1889 1677 longitudo

1097 1685 1158 1711 vitae
1169 1685 1230 1712 data
1243 1689 1284 1711 est
1293 1685 1331 1712 eis
1344 1692 1426 1720 usque
1439 1685 1473 1712 ad
1487 1690 1591 1720 tempus
1601 1691 1627 1713 et
1637 1691 1752 1722 tempus.
1768 1696 1777 1713 ›
1789 1688 1889 1721 Quam-

1098 1731 1138 1758 vis
1148 1731 1225 1758 linem
1237 1731 1384 1764 habuerint,
1394 1737 1511 1760 attamen
1520 1732 1571 1760 hoc
1578 1732 1674 1760 factum
1684 1739 1734 1760 est.
1744 1732 1778 1760 Et
1786 1734 1890 1760 combu-

1097 1782 1135 1804 sta
1146 1782 1181 1804 est
1196 1777 1407 1812 bestia,ctcorput
1418 1778 1486 1805 illius
1496 1778 1553 1814 igne
1566 1779 1736 1813 absumptum.
1759 1779 1890 1807 Funditus

1097 1823 1209 1858 periisse
1221 1824 1349 1851 declarat.
1365 1825 1408 1852 15,
1425 1824 1582 1859 Aspicielvam
1599 1825 1625 1852 in
1642 1825 1735 1852 visione
1749 1826 1846 1859 noctis,
1867 1831 1890 1852 et

1097 1878 1155 1898 ecce
1173 1878 1230 1897 cum
1251 1870 1356 1898 nubibus
1377 1871 1432 1898 ειτιὶ
1450 1871 1521 1905 quasi
1542 1870 1626 1898 Filius
1646 1871 1753 1898 hominis
1766 1872 1888 1899 veniebat.

1098 1916 1163 1950 Quis
1176 1917 1233 1944 hmc
1245 1917 1368 1951 ignorat?
1382 1917 1441 1952 quis
1453 1917 1603 1952 perspicere
1617 1918 1733 1952 poterit?
1744 1925 1807 1944 num
1818 1918 1891 1945 enim

1098 1963 1193 1991 Petrus
1207 1967 1249 1990 est
1264 1963 1309 1998 qui
1325 1963 1373 1990 ista
1388 1963 1468 1995 dicit,
1488 1970 1504 1989 ο
1518 1963 1629 1990 Judaae?
1650 1971 1711 1990 num
1725 1963 1842 1990 Paulus?
1855 1962 1893 1990 Et

1098 2017 1164 2041 ecce,
1177 2009 1271 2044 inquit,
1286 2009 1357 2043 quasi
1375 2008 1459 2035 Filius
1472 2008 1580 2036 hominis
1593 2009 1713 2042 veniebat,
1728 2013 1751 2035 et
1764 2017 1842 2043 usque
1855 2009 1893 2036 ad

1100 2054 1230 2087 antiquum
1241 2054 1338 2080 dierum
1348 2054 1468 2088 pervenit.
1484 2054 1553 2081 Ecce
1565 2059 1592 2082 et
1606 2061 1654 2089 par
1665 2053 1779 2089 dignitas
1793 2055 1893 2082 utrius-

1099 2107 1160 2134 que.
1175 2098 1209 2125 Et
1222 2100 1247 2125 in
1263 2104 1397 2133 conspectu
1409 2100 1463 2134 ejus
1477 2099 1575 2126 oblatus
1586 2105 1621 2127 est
1633 2100 1681 2126 illi.
1697 2100 1730 2128 Ut
1744 2108 1803 2127 cum
1816 2100 1894 2128 vide-

1100 2147 1137 2173 ris
1152 2146 1200 2180 ipsi
1214 2153 1324 2180 regnum
1339 2145 1416 2178 tradi,
1431 2146 1507 2179 illud,
1523 2146 1601 2177 tradi,
1614 2146 1730 2174 humano
1744 2147 1824 2174 modo
1837 2155 1893 2174 linit

1100 2199 1210 2219 censeas
1231 2191 1424 2226 accipiendum.
1447 2191 1513 2218 Nam
1528 2192 1549 2218 A
1564 2192 1670 2219 nubibus
1689 2193 1745 2219 εαξιέ
1756 2213 1763 2225 ,
1782 2193 1868 2227 inquit
1884 2201 1892 2220 :

1102 2237 1186 2265 nubes
1205 2242 1293 2264 autem
1314 2244 1363 2272 pro
1383 2237 1449 2264 catlo
1470 2245 1577 2265 sumere
1594 2238 1662 2265 solet
1676 2238 1822 2273 Scriptura.
1846 2239 1893 2268 ﬂ.

1104 2292 1113 2308 tt
1130 2283 1163 2310 Et
1177 2283 1226 2318 ipsi
1240 2282 1317 2315 datus
1327 2287 1369 2310 est
1381 2282 1553 2317 principatus,
1569 2288 1596 2311 et
1609 2282 1704 2315 honor,
1719 2288 1746 2310 et
1760 2291 1872 2318 regnum
1884 2293 1893 2312 :

1101 2333 1127 2356 et
1141 2335 1235 2355 omnes
1251 2328 1339 2363 populi
1351 2348 1358 2360 ,
1373 2328 1458 2355 tribus
1469 2347 1478 2361 ,
1492 2328 1589 2363 lingua:
1603 2328 1653 2364 ipsi
1669 2330 1795 2356 servient.
1812 2329 1896 2356 Pote-

1100 2379 1155 2401 stas
1171 2374 1228 2408 cjus
1242 2378 1361 2408 potestas
1374 2378 1474 2401 interna
1486 2395 1494 2408 ,
1517 2382 1576 2409 qua:
1594 2383 1646 2402 non
1661 2376 1848 2409 pertransibit,
1869 2381 1897 2403 et

1101 2427 1212 2455 regnum
1234 2420 1292 2455 ejus
1306 2428 1360 2448 non
1379 2426 1574 2456 corrumpetur.
1593 2431 1603 2448 ›
1619 2421 1687 2454 Quid
1700 2443 1707 2454 ,
1726 2430 1818 2457 quaeso
1830 2441 1839 2454 ,
1854 2423 1898 2449 his

1101 2466 1189 2493 verbis
1208 2466 1393 2494 manifestius?
1413 2465 1553 2493 Et‘omnes
1572 2467 1670 2501 populi,
1685 2467 1781 2502 inquit,
1798 2467 1896 2499 tribus,

1102 2511 1196 2546 lingme
1218 2511 1268 2546 ipsi
1289 2514 1405 2538 serrtent.
1427 2510 1495 2538 Vide
1516 2516 1544 2538 ut
1567 2519 1673 2538 onmem
1692 2511 1766 2538 orbis
1787 2517 1896 2547 gentem

1102 2557 1258 2591 complexus
1269 2557 1313 2585 sit.
1328 2557 1395 2584 Vide
1407 2561 1436 2584 ut
1448 2561 1476 2584 et
1484 2556 1581 2591 judicis
1593 2557 1725 2591 acceperit
1738 2557 1853 2584 tribunal
1866 2565 1899 2584 ac

1103 2608 1270 2638 potestatem.
1284 2602 1323 2630 Ne
1335 2603 1405 2630 enim
1420 2602 1446 2629 id
1461 2609 1521 2629 esse
1537 2603 1726 2636 temporarium
1741 2602 1896 2634 existimes.

1102 2649 1140 2676 ait
1154 2658 1161 2676 :
1178 2649 1241 2682 Qua:
1259 2657 1309 2675 non
1329 2647 1489 2682 pertransibit
1509 2655 1519 2674 :
1538 2652 1560 2674 et
1573 2655 1678 2683 regnum
1693 2648 1762 2674 illius
1776 2656 1828 2675 non
1840 2656 1898 2674 cor-

1102 2700 1233 2730 rumpetur
1246 2702 1256 2721 :
1268 2693 1316 2721 sed
1329 2698 1380 2720 stat
1393 2701 1425 2721 ac
1439 2698 1539 2720 manet.
1557 2693 1632 2726 Quod
1647 2693 1669 2720 si
1686 2693 1765 2720 litlem
1781 2701 1834 2721 non
1849 2693 1898 2720 ha-

1103 2741 1150 2768 bes
1160 2763 1168 2773 ,
1183 2748 1197 2767 a
1211 2741 1291 2768 rebus
1305 2739 1476 2775 persuadere.
1492 2739 1572 2767 Vides
1590 2740 1767 2774 aequalitatem
1786 2740 1898 2767 honoris

1102 2795 1162 2815 cum
1179 2787 1276 2814 Patre?
1297 2786 1362 2814 Nam
1376 2786 1437 2821 quia
1455 2786 1540 2813 Filius
1559 2790 1618 2820 post
1633 2785 1738 2812 Patrem
1753 2786 1899 2820 apparuit,

1103 2838 1211 2868 propter
1225 2833 1276 2860 hoc
1290 2833 1327 2860 ait
1340 2840 1401 2860 eum
1415 2832 1519 2859 venisse
1535 2839 1595 2859 cum
1610 2831 1732 2858 nubibus.
1757 2831 1835 2865 Quod
1850 2839 1900 2858 au-

1106 2884 1160 2906 tem
1175 2878 1302 2906 existeret
1315 2882 1341 2906 et
1355 2881 1443 2912 antea,
1457 2878 1555 2906 clarum
1571 2883 1612 2904 est
1626 2884 1658 2904 ex
1680 2875 1745 2911 ipsis
1761 2876 1894 2904 nubibus:
