2072 3123
244 167 298 195 233

245 224 376 260 siquidem
390 225 416 252 in
430 224 462 252 iis
477 224 557 251 venit.
575 223 607 250 Et
617 223 657 250 illi
672 223 769 250 delatus
783 228 820 250 est
835 222 922 248 honor.
943 220 1031 254 Quem

245 271 358 298 habebat
373 270 483 298 scilicet.
497 269 528 296 Et
542 269 638 305 populi,
650 269 739 303 tribus,
752 269 845 303 linguae
854 268 904 303 ipsi
915 267 1029 294 strident.

246 315 424 351 Principatum
445 316 543 345 etenim
560 315 673 343 habebat
693 319 770 342 antea
782 333 791 347 ,
806 318 868 341 tunc
880 320 944 340 vero
959 313 1032 341 illum

243 362 331 397 ipsum
344 369 423 396 quem
437 361 573 389 obtinebat
585 360 695 395 accepit.
710 360 775 387 Nam
788 360 857 387 sicut
867 360 893 386 in
906 359 983 386 Patre
993 359 1034 386 in-

245 407 340 443 telligis
353 408 473 443 capillos,
488 412 513 435 et
525 407 625 441 reliqua
641 406 697 433 :ita
711 410 737 433 et
752 405 821 433 istud
836 405 1030 439 accipiendum.

243 452 309 480 Cum
321 457 409 480 autent
425 452 514 486 nudis,
530 452 625 478 Datum
639 456 688 485 est,
705 455 732 479 et
745 451 795 479 alia
810 451 835 478 id
851 458 951 485 genus,
968 451 1032 478 nihil

244 498 388 525 humanum
403 497 556 532 suspiceris,
573 505 621 525 nec
634 497 733 524 humile
744 497 778 524 de
785 497 864 523 Filio.
876 496 949 524 Sicut
961 496 1030 524 eniin

244 544 336 570 videns
349 551 409 571 cum
421 544 469 578 qui
487 544 592 574 senuit.
609 551 661 570 non
681 551 772 570 senem
787 543 923 570 arbitraris
936 552 942 570 :
958 543 992 570 ila
1006 548 1033 570 et

243 593 350 616 caetera.
362 588 419 616 Noli
426 589 527 624 quippe
539 589 752 624 perspicuitatem
765 588 791 615 in
804 588 947 623 prophetiis
958 596 1030 624 qua:-

242 641 304 661 rere
316 655 323 666 ,
336 633 382 660 .ubi
399 634 499 661 umbra:
509 638 574 660 sunt
588 641 618 660 ac
633 634 771 668 aenigmata
785 643 792 659 :
809 633 1032 668 quemadmodum

244 681 273 706 in‘
285 679 387 714 fulgure
401 687 452 706 non
467 679 583 714 exquiris
597 679 684 706 lumen
698 683 862 713 perpetuum,
877 679 923 706 sed
936 679 1033 706 sullieit

243 725 264 751 si
276 725 358 752 modo
372 730 507 760 appareat.
524 725 567 752 1.5.
584 724 690 751 Horruit
704 725 806 759 spiritus
818 733 890 751 mens
900 746 906 757 ,
921 733 966 760 ego
978 724 1032 751 Da-

243 770 292 797 niel
306 770 332 797 in
343 770 430 797 habitu
443 778 497 796 uiuo
508 778 517 796 :
527 775 551 797 et
563 770 668 796 visiones
679 770 768 804 capitis
780 771 827 797 mei
839 769 972 796 turbabant
982 778 1029 796 me.

243 815 337 842 Merito
359 815 409 842 sub
428 820 536 850 aspectu
557 822 650 842 eorum
666 822 724 849 qua:
738 815 870 842 videntur.
883 816 991 843 Patrem
1005 821 1032 843 et

244 861 339 888 Filium
362 860 411 888 iste
425 865 452 888 et
474 860 574 895 primus
587 865 613 888 et
622 860 700 887 .solus
713 881 720 892 ,
745 864 772 887 ut
795 861 820 887 in
835 861 1030 896 visione,videt.

242 907 310 941 Quid
318 907 355 934 ad
370 907 422 935 hoc
438 907 620 943 respondeant
634 906 740 934 .lutlaii?
762 906 828 934 Cum
841 907 912 934 enim
928 907 1031 934 Domini

243 952 373 980 adventus
392 952 518 987 deinceps
535 953 649 988 propior
668 951 770 979 futurus
787 958 874 985 esset,
891 953 986 980 merito
1004 958 1032 980 et

243 999 358 1026 visiones
371 999 506 1034 mirabiles
513 1003 653 1034 apparent.
669 999 711 1027 l6.
726 1008 737 1025 ‹
748 999 784 1026 Et
794 1000 894 1027 accessi
906 1000 938 1027 ad
950 1008 1030 1028 unum

240 1045 431 1078 assistentium,
446 1050 473 1072 et
487 1045 625 1073 veritatem
640 1045 673 1073 de
691 1046 731 1073 his
744 1046 866 1073 omnibus
880 1047 1030 1085 qumrcbam

241 1089 274 1117 ab
287 1097 319 1117 eo
334 1090 446 1118 discere.
457 1090 497 1118 Et
510 1090 576 1118 dixit
591 1090 656 1117 mihi
670 1091 806 1118 veritatem
816 1111 824 1124 ,
838 1096 864 1119 et
877 1099 1030 1119 sermonum

241 1135 485 1170 interpretationem
499 1136 712 1164 indicuvitmihi.
727 1145 737 1162 ›
751 1137 898 1172 lntcrrogat
909 1145 1031 1172 quaenam

241 1181 348 1209 tandem
364 1186 454 1210 essent
466 1183 532 1217 'quae
550 1182 714 1218 apparebant
728 1192 734 1210 :
749 1188 775 1211 et
787 1183 913 1211 edocelur
925 1184 961 1212 de
973 1185 1030 1212 An-

241 1225 361 1254 tichristo
373 1248 380 1259 ,
405 1231 432 1255 et
447 1226 526 1255 discit
542 1235 654 1263 regnum
669 1228 739 1263 quod
755 1236 807 1256 non
830 1228 909 1257 habet
933 1229 1030 1258 linem.

241 1272 283 1299 l7.
299 1282 309 1299 ι
326 1272 390 1306 lla),
411 1283 421 1300 ι
438 1274 536 1309 inquit,
557 1283 566 1301 ι
577 1274 673 1302 bestias
689 1282 805 1310 magnae,
822 1280 935 1310 quatuor
950 1283 1030 1311 regna

240 1320 463 1355 cortsurgentJS.
476 1321 511 1348 Et
519 1321 604 1349 sancti
615 1321 742 1348 Altissimi
753 1322 898 1356 suscipieut
908 1329 1027 1358 regnum,

240 1370 266 1392 et
285 1366 443 1394 obtinebunt
460 1367 524 1394 illud
542 1375 626 1402 usque
645 1367 671 1394 in
694 1368 832 1402 smculum,
853 1373 880 1395 et
901 1376 984 1404 usque
1003 1369 1029 1396 in

238 1412 364 1440 saeculum
382 1412 551 1440 smculorum.
568 1413 610 1440 t9.
634 1413 666 1440 Et
679 1414 829 1448 quaerebam
844 1413 984 1449 diligenter
997 1415 1030 1442 de

238 1458 322 1486 bestia
340 1463 452 1494 quarta,
468 1460 528 1495 quia
544 1464 601 1487 erat
620 1460 724 1488 divorsa
745 1461 779 1488 ab
799 1462 870 1488 omni
884 1462 966 1489 bestia
979 1483 986 1494 ,
1003 1466 1030 1489 ot

240 1504 363 1532 terribilis
387 1505 465 1533 valde
487 1515 494 1532 :
518 1505 611 1533 dentes
638 1506 696 1540 ejus
721 1505 818 1538 ferrei,
848 1514 948 1541 ungues
972 1507 1029 1541 ejus

238 1550 306 1577 :cnei
323 1558 329 1576 :
345 1550 489 1578 comedens
502 1556 528 1578 et
540 1552 725 1579 comuiiuucus
737 1572 744 1584 ,
760 1557 786 1579 et
801 1552 899 1587 reliqua
916 1552 1027 1588 pedibus

237 1596 293 1623 suis
314 1596 494 1623 conettlcahat.
517 1596 563 1624 20.
586 1597 619 1623 Ει
641 1597 674 1624 de
688 1597 813 1624 cornibus
835 1597 892 1632 ejus
914 1598 1005 1625 decem
1018 1619 1026 1631 ,

236 1649 296 1676 qua:
312 1641 338 1668 in
353 1642 439 1676 capite
452 1642 538 1676 illius;
551 1647 578 1670 et
591 1642 624 1670 de
635 1643 688 1670 alio
701 1663 708 1675 ,
724 1642 795 1677 quod
810 1643 967 1671 ascenderat
978 1665 986 1676 ,
1001 1648 1028 1671 et

238 1687 519 1721 excusseratpriorum
535 1688 585 1715 tria
600 1697 606 1714 :
621 1693 647 1715 et
661 1696 744 1716 cornu
757 1709 764 1721 ,
784 1689 825 1715 cui
844 1693 921 1716 erant
942 1689 1025 1722 oeuli,

237 1735 264 1758 et
274 1738 304 1758 os
317 1732 426 1767 loquens
440 1733 558 1767 grandia,
573 1737 600 1760 et
611 1738 734 1768 aspectus
746 1733 804 1768 ejus
817 1734 902 1769 major
912 1735 1026 1762 caneris.

236 1775 281 1804 21.
293 1777 459 1812 Aspiciebam
470 1799 478 1811 ,
493 1782 520 1805 et
539 1786 621 1806 cornu
642 1779 706 1806 illud
726 1779 838 1807 faciebat
851 1780 950 1807 bellum
965 1788 1025 1808 cum

236 1823 353 1856 sanctis,
369 1827 397 1850 et.
418 1824 555 1858 praevaluit
575 1824 703 1852 adversus
725 1833 781 1858 eos,
797 1825 841 1852 22.
856 1825 941 1853 donec
953 1828 1026 1854 venit

236 1868 360 1902 antiquus
372 1869 487 1903 dierum,
502 1874 528 1897 et
540 1869 668 1904 judicium
683 1870 755 1897 dedit
768 1871 866 1898 sanctis
877 1871 1004 1898 Altissimi
1018 1881 1023 1897 :

236 1918 263 1941 et
279 1918 382 1950 tempus
396 1915 515 1949 advenit,
531 1920 558 1944 et
573 1923 685 1950 regnum
699 1917 868 1944 obtinuerunt
883 1917 977 1944 sancti.
995 1918 1026 1944 Et

237 1960 303 1988 dixit
321 1961 359 1989 sic
374 1961 439 1998 :125.
455 1961 542 1989 Bestia
563 1966 657 1997 quarta
673 1970 781 1998 regnum
796 1966 920 1998 quartum
934 1964 984 1991 erit
999 1964 1024 1991 iu

237 2010 326 2040 terra,
351 2007 422 2042 qttod
444 2007 579 2041 superabit
602 2008 690 2035 omnia
713 2016 810 2043 regna.
838 2013 865 2036 et
888 2009 1025 2037 devorabit

235 2059 341 2080 omnem
356 2057 466 2086 terram,
479 2058 505 2081 et
516 2054 681 2081 conculcabit
694 2062 764 2088 eam,
780 2060 806 2082 et
820 2055 942 2083 concidet
954 2064 1023 2084 eam.

234 2098 280 2127 24.
296 2099 330 2127 Et
343 2099 436 2128 decem
449 2107 547 2128 cornua
562 2101 643 2136 ipsius
655 2101 748 2128 decem
763 2109 838 2136 reges
848 2107 1023 2138 consurgent;

234 2150 263 2172 et
273 2149 390 2181 posteos
399 2147 629 2181 eonsurgetalius,
642 2147 685 2182 qui
700 2147 836 2182 superabit
846 2149 922 2177 malis
933 2156 1025 2176 omnes

234 2191 356 2237 prioges,
371 2195 399 2219 et
419 2196 474 2219 tres
494 2199 571 2227 reges
584 2192 748 2221 .humiliabit.
770 2193 815 2221 25.
840 2193 873 2220 Ει
887 2201 1025 2222 sermones

232 2238 328 2276 corpu
339 2238 507 2266 Altissimum
523 2239 646 2274 loquetur
657 2260 664 2270 .
679 2243 707 2269 et
722 2243 827 2266 sanctos
841 2240 969 2267 Altissimi
983 2241 1024 2267 in-

234 2283 385 2320 veterabitd
401 2289 429 2311 et
442 2280 690 2319 'cogitabiLmutare
708 2289 825 2320 tempora
841 2290 867 2315 et
882 2285 982 2320 legem;
999 2289 1026 2312 et

215 2327 357 2366 atradetur
376 2329 402 2355 in
418 2337 498 2357 manu
510 2330 571 2365 ejus
586 2337 668 2365 usque
688 2330 720 2358 ad
739 2335 843 2365 tempus
862 2330 909 2366 (α).
931 2331 974 2358 26.
993 2331 1026 2358 Ει

224 2373 466 2409 πάπιϋίοἱυωηεεᾱὶη
487 2380 514 2403 et
531 2376 706 2412 principatum
725 2377 783 2411 ejus
803 2376 976 2410 transferant,
997 2383 1026 2405 ut

234 2418 340 2448 doleant
350 2424 377 2447 et
393 2420 547 2456 disperdant
561 2430 644 2457 usque
655 2422 680 2450 in
692 2422 782 2450 linem.
796 2423 840 2450 27.
857 2423 889 2450 Et
899 2431 1023 2458 regnum,

235 2470 261 2493 et
277 2470 405 2501 potestas,
417 2471 444 2494 et
457 2467 610 2503 magnitudo
622 2476 712 2504 regum
725 2468 770 2503 qui
781 2468 873 2497 subter
882 2477 961 2497 omne
974 2478 1026 2497 cte-

235 2511 298 2545 lum,
316 2512 377 2540 data
390 2518 453 2541 sunt
464 2515 563 2542 sanctis
576 2515 705 2542 Altissimi
720 2521 765 2543 :tet
778 2523 887 2550 regnum
902 2516 968 2551 ejus,
983 2525 1025 2544 re-

234 2564 315 2591 gnum
338 2559 552 2594 sempiternum:
568 2564 594 2586 et
613 2567 707 2588 omnes
728 2561 890 2595 principatus
910 2562 1026 2590 servient

234 2602 285 2636 ipsi
299 2610 331 2630 ac
344 2603 480 2632 obedient.
498 2604 542 2632 9.8.
558 2605 615 2632 lluc
630 2613 713 2640 usque
727 2606 786 2633 linis
803 2607 885 2634 verbi.
903 2607 958 2642 Ego
975 2609 1024 2635 Da-

234 2647 288 2675 niel
302 2655 310 2675 :
322 2649 498 2684 cogitationes
513 2651 707 2677 mezemultnm
723 2652 949 2680 eunturbaverunt
963 2661 1005 2681 me
1016 2675 1024 2688 ,

235 2697 262 2725 et
280 2692 364 2721 forma
380 2702 439 2722 mea
458 2700 559 2723 mutata
579 2700 620 2723 est
638 2704 645 2722 :
659 2700 686 2723 et
700 2697 809 2725 verbum
830 2698 856 2725 in
871 2699 951 2726 corde
966 2708 1025 2727 meo

235 2740 402 2767 conservavi.
422 2750 432 2766 ι
448 2740 482 2768 Et
500 2749 583 2776 quare
597 2742 706 2769 verbum
728 2742 792 2770 illud
814 2751 866 2771 non
886 2743 996 2777 dixisti,
1010 2753 1026 2773 0

236 2783 334 2813 homo?
343 2786 412 2820 Quia
427 2786 460 2815 ad
470 2786 583 2816 Judaaos
598 2788 671 2816 nullo
686 2789 766 2816 modo
779 2790 915 2824 spectabat
928 2799 935 2818 :
950 2792 997 2820 sed
1011 2800 1027 2821 e

268 2851 306 2884 (α)
322 2852 589 2886 heuria-sxseriptorls
606 2854 693 2880 factum
711 2855 823 2886 videtur,
835 2859 862 2881 ut
873 2858 967 2884 omissa:
979 2861 1026 2886 sint

239 2888 310 2910 voces
320 2888 464 2916 semicuris,
477 2888 502 2910 et
509 2885 615 2916 tempore
625 2889 648 2911 et
660 2885 919 2918 αέιηόαὶιιηιτιειγῳογὶε.

933 159 967 191 ΙΝ
987 161 1168 190 DANIELEM.

1822 164 1874 192 25$

1089 222 1222 247 contrario
1235 220 1260 247 in
1271 220 1358 248 verbis
1368 221 1473 256 quidem
1487 229 1518 249 ea
1533 229 1579 256 per
1589 222 1775 250 obscuritatem
1786 223 1874 250 occul-

1088 267 1176 300 tabat,
1191 267 1216 294 in
1241 267 1367 303 propheta
1382 273 1470 296 autem
1486 269 1654 296 conservavit
1671 269 1697 296 in
1712 269 1802 296 corde.
1824 269 1873 296 Et—

1086 313 1156 340 enim
1170 313 1220 340 sub
1231 313 1308 341 l‘tncm
1320 314 1372 341 ait:
1385 313 1451 341 Ecce
1460 323 1585 342 sermones
1596 315 1688 349 signati
1696 315 1822 349 (θωμη.
1832 316 1873 350 9);

1087 363 1114 385 et
1133 359 1187 386 vult
1209 360 1270 387 illos
1291 360 1419 387 obscuros
1432 367 1502 388 esse.
1525 361 1552 387 ld
1576 361 1637 388 facit
1658 362 1737 388 etiam
1761 361 1818 396 ipse
1838 361 1874 396 (ιι)

1087 405 1176 439 (.lcsus
1189 405 1321 441 Christus)
1335 413 1383 440 per
1396 407 1534 441 parabolas
1549 407 1671 441 loquens.
1686 406 1752 434 \‘ide
1765 414 1876 441 quomo-

1087 451 1120 476 do
1141 450 1237 485 ubique
1251 459 1361 486 regnum
1381 452 1490 479 extollat
1509 452 1617 485 Daniel,
1634 457 1663 480 ut
1682 452 1747 479 nihil
1766 452 1874 479 humani

1086 496 1239 529 suspiceris.
1262 497 1322 524 Etsi
1340 498 1410 525 enim
1434 499 1584 525 universum
1605 498 1696 526 orbam
1713 498 1875 525 obtinuerint

1087 539 1222 572 homines;
1234 546 1261 569 at
1271 551 1323 569 non
1334 551 1449 578 semper,
1460 552 1545 579 neque
1554 545 1580 571 in
1593 545 1724 571 inﬁnitum
1736 544 1873 571 sarculum.

1086 586 1140 614 Nec
1158 587 1222 614 mihi
1238 589 1376 623 quisquam
1389 590 1477 621 dicat,
1496 591 1576 618 breve
1597 595 1700 626 tempus
1717 590 1873 619 memorari.

1081 634 1154 668 Quid
1174 635 1244 662 enim
1263 635 1312 662 sibi
1333 636 1390 663 vult
1410 637 1474 664 illud
1494 646 1500 663 :
1522 637 1581 664 Non
1603 638 1758 671 pertransibit
1771 658 1778 670 ,
1797 644 1876 671 neque

1085 680 1152 715 genti
1166 680 1239 707 alteri
1253 681 1366 708 tradetur
1377 681 1386 717 (
1397 681 1468 709 Dan.
1481 682 1508 709 2.
1523 683 1557 710 44
1568 681 1597 718 )?
1619 683 1650 710 Et
1661 683 1721 710 vide
1732 689 1793 717 quae
1804 683 1875 710 inter

1086 725 1193 752 Darium
1216 731 1243 754 et
1262 726 1418 754 Macedonas
1436 732 1509 762 gesta
1526 733 1596 755 sunt.
1620 728 1703 761 Quam
1718 728 1752 755 ob
1765 735 1874 756 causam

1086 769 1161 797 hmc?
1183 771 1295 806 Propter
1315 771 1431 799 Iudaeos.
1455 772 1517 800 ldeo
1539 778 1565 800 et
1585 773 1735 801 Alexander
1756 773 1876 801 adoravit

1084 816 1213 851 templum
1227 816 1275 852 (ἁ),
1292 821 1320 844 ut
1332 817 1415 851 aiunt,
1431 826 1492 845 cum
1507 818 1577 846 hunc
1591 819 1705 847 Dauielis
1722 819 1818 847 librum
1833 820 1874 846 in-

1085 862 1216 896 spexisset
1236 871 1244 889 :
1259 862 1383 890 elIGrreci
1400 865 1450 890 vim
1468 864 1668 898 ptartlictionum
1692 865 1774 898 ipsius
1788 865 1873 892 adiui-

1084 907 1134 934 rati
1153 913 1227 935 sunt.
1246 909 1332 937 l’orro
1350 910 1383 937 de
1406 910 1462 938 istis
1483 911 1561 938 rebus
1583 918 1660 938 nemo
1673 911 1801 946 loquutus
1816 917 1872 942 est,

1081 954 1134 981 nisi
1151 954 1193 982 hic
1203 955 1290 983 solus.
1474 947 1476 950 ’

1374 1023 1489 1052 CAPUT
1510 1024 1575 1053 Vlll.

1119 1089 1146 1116 l.
1161 1098 1173 1115 ι
1194 1089 1222 1117 ln
1242 1097 1312 1118 anno
1327 1091 1409 1118 tertio
1418 1092 1494 1126 «regni
1516 1091 1659 1119 Baltasaris
1675 1093 1740 1120 visio
1753 1094 1874 1128 apparuit

1077 1134 1194 1171 .mihitc)
1206 1155 1213 1167 ,
1226 1142 1275 1170 ego
1287 1136 1398 1168 Daniel,
1411 1140 1474 1170 post
1488 1143 1547 1163 eam
1565 1144 1624 1172 quae
1637 1137 1703 1164 mihi
1716 1144 1873 1173 apparuerat

1077 1179 1110 1206 .in
1126 1180 1263 1214 principio.
1280 1181 1307 1207 2.
1324 1180 1355 1208 Et
1370 1181 1422 1208 vidi
1435 1182 1459 1208 in
1473 1181 1574 1209 visione
1587 1190 1593 1207 :
1605 1186 1632 1209 et
1645 1181 1741 1210 factum
1759 1188 1800 1210 est
1811 1190 1872 1211 cum

1083 1230 1134 1260 ego
1146 1225 1277 1257 viderem,
1293 1230 1320 1253 et
1329 1233 1402 1253 eram
1419 1227 1443 1253 in
1455 1226 1529 1254 Susis
1543 1227 1614 1262 regia
1631 1227 1680 1262 (tt),
1695 1235 1753 1263 qua:
1770 1228 1798 1255 in
1813 1236 1874 1263 pro-

1084 1271 1168 1298 vincia
1189 1271 1328 1298 Elamitide
1341 1272 1391 1299 sita
1403 1276 1453 1299 est.
1468 1271 1502 1300 Et
1515 1271 1567 1300 vidi
1588 1273 1612 1300 in
1628 1273 1728 1301 visione
1738 1295 1745 1306 ,
1759 1280 1786 1302 et
1799 1282 1871 1302 erant

1082 1321 1164 1350 super
1185 1315 1262 1344 Ubal.
1283 1317 1309 1344 5.
1332 1317 1365 1344 Et
1383 1317 1467 1344 levavi
1489 1318 1579 1346 oculos
1596 1325 1682 1353 meos,
1706 1324 1733 1347 et
1757 1320 1808 1348 vidi
1825 1327 1872 1348 :rt

1083 1368 1147 1389 ecce
1165 1362 1235 1389 aries
1249 1370 1318 1390 unus
1338 1367 1413 1390 stans
1435 1368 1496 1391 ante
1513 1363 1577 1392 Ubal
1592 1372 1599 1391 :
1618 1369 1645 1392 et
1659 1365 1709 1399 ipsi
1721 1370 1871 1394 erant.cor«

1077 1414 1145 1441 una,
1163 1412 1190 1435 ct
1204 1415 1304 1436 cornua
1318 1409 1422 1436 excelsa
1439 1418 1445 1436 :
1461 1414 1488 1436 et
1502 1418 1582 1437 unum
1593 1411 1724 1438 excelsius
1739 1412 1832 1445 altero,
1844 1415 1871 1440 et

1078 1453 1212 1480 excelsius
1229 1453 1388 1481 ascendebat
1398 1455 1423 1481 in
1439 1456 1577 1482 extremis.
1592 1457 1618 1483 ι.
1630 1456 1666 1483 =Et
1684 1457 1738 1484 vidi
1760 1458 1870 1486 arietem

1082 1506 1165 1527 cornu
1186 1503 1320 1534 petentem
1343 1504 1435 1528 contra
1455 1509 1542 1534 mare,
1554 1506 1582 1529 et
1597 1502 1759 1536 aquilonem,
1775 1508 1802 1530 et
1824 1511 1871 1531 au-

1081 1550 1166 1573 strum
1184 1550 1211 1574 et
1229 1545 1341 1573 africum
1358 1555 1365 1573 :
1380 1551 1407 1574 et
1419 1555 1513 1575 omnes
1526 1548 1617 1575 bestiae
1631 1557 1683 1575 non
1697 1549 1805 1577 stabunt
1823 1558 1870 1578 eo-

1076 1600 1138 1620 rum
1158 1600 1191 1620 eo
1208 1602 1214 1620 :
1231 1597 1324 1620 etnon
1338 1598 1395 1621 erat
1415 1594 1458 1630 qui
1479 1600 1584 1622 erueret
1597 1595 1630 1623 de
1643 1602 1722 1623 manu
1736 1597 1800 1631 .ejus
1821 1607 1828 1625 :
1843 1602 1870 1626 et

1081 1637 1142 1664 fecit
1152 1638 1296 1665 secundum
1309 1639 1471 1667 voluntatem
1487 1648 1572 1674 suam,
1584 1645 1610 1668 ct
1623 1642 1804 1676 magniﬁcatus
1817 1649 1866 1671 cst.

1080 1684 1107 1711 5.
1123 1684 1157 1711 Et
1168 1692 1218 1719 ego
1235 1692 1309 1712 eram
1324 1686 1471 1721 intelligens
1487 1696 1494 1714 :
1507 1691 1532 1714 et
1550 1695 1611 1715 ecce
1625 1688 1714 1715 hircus
1730 1696 1867 1724 caprarum

1075 1729 1202 1757 veniebat
1216 1730 1250 1758 ab
1263 1730 1345 1759 at’rieo
1358 1738 1438 1767 super
1453 1733 1547 1760 faciem
1568 1734 1646 1761 totius
1662 1739 1739 1761 terra:
1753 1744 1759 1761 :
1774 1741 1800 1762 cl
1814 1744 1867 1763 nun

1074 1775 1206 1810 tangebat
1226 1781 1324 1804 terram
1347 1785 1354 1804 :
1375 1782 1402 1805 et
1421 1777 1495 1806 hirco
1518 1779 1555 1806 illi
1575 1787 1657 1807 cornu
1679 1780 1823 1814 spectabile
1842 1783 1867 1809 in

1078 1820 1167 1848 medio
1189 1821 1327 1849 oculorum
1350 1822 1417 1857 ejus.
1433 1823 1459 1850 6.
1479 1824 1512 1850 Et
1534 1824 1606 1852 venit
1619 1825 1708 1853 hircus
1732 1833 1816 1861 usque
1835 1827 1867 1854 ad

1077 1866 1190 1903 arietem
1202 1867 1277 1894 illum
1293 1867 1435 1896 habentem
1447 1876 1557 1903 cornua,
1573 1877 1653 1905 quem
1665 1871 1782 1898 videram
1791 1877 1867 1899 stan-

1079 1914 1133 1938 tem
1153 1911 1323 1940 coram‘Uhal
1337 1917 1383 1940 :et
1394 1914 1511 1942 cucurrit
1521 1915 1556 1942 ad
1567 1922 1630 1942 eum
1644 1916 1670 1942 in
1683 1915 1721 1943 ira
1736 1914 1868 1945 fortitudi-

1078 1956 1120 1983 nis
1132 1963 1197 1984 suae.
1213 1957 1284 1985 7..Et
1298 1958 1424 1986 vidieum
1434 1960 1587 1994 pervenisse
1597 1968 1681 1996 usque
1692 1962 1727 1989 od
1740 1962 1866 1992 arietem:

1077 2006 1105 2029 et
1117 2002 1295 2031 etleratus-est
1304 2004 1417 2038 incum,
1430 2006 1613 2042 percussitqne
1627 2007 1748 2041 arietem,
1764 2012 1791 2036 et
1801 2016 1867 2036 cou-

1078 2047 1152 2076 trivit
1163 2052 1274 2084 utraque
1285 2056 1385 2078 cornua
1400 2044 1476 2085 ejus:
1494 2055 1521 2079 et
1532 2059 1586 2079 non
1603 2057 1661 2080 erat
1679 2053 1762 2080 robur
1778 2054 1867 2087 arieti.

1078 2097 1107 2121 ut
1125 2098 1207 2122 staret
1224 2102 1314 2123 coram
1329 2103 1371 2123 eo.
1387 2095 1423 2123 Et
1440 2096 1550 2131 projecit
1570 2097 1655 2132 ipsum
1671 2098 1697 2125 in
1712 2103 1808 2126 terram
1820 2121 1827 2133 ,
1839 2105 1867 2128 et

1077 2139 1244 2168 conculatvit
1257 2140 1342 2175 ipsum
1353 2145 1401 2172 ,et
1416 2149 1468 2169 non
1483 2146 1541 2169 erat
1552 2142 1602 2177 .qui
1618 2143 1742 2171 liberaret
1754 2145 1866 2180 arietem

1076 2185 1111 2213 de
1131 2193 1211 2213 manu
1227 2186 1296 2221 ejus.
1315 2187 1342 2214 8.
1356 2187 1391 2214 Et
1409 2187 1502 2215 hircus
1522 2196 1661 2223 caprarum
1684 2190 1867 2226 magniﬁcatus

1077 2236 1119 2260 est
1131 2232 1227 2259 mirum
1238 2232 1266 2259 in
1278 2232 1397 2260 modum.
1408 2233 1515 2262 Etcum
1525 2234 1698 2263 inva-leseeret
1711 2236 1770 2271 ipse
1779 2245 1866 2270 ,rcou-

1108 2286 1202 2324 ta)__l)e
1221 2288 1323 2324 Christo
1338 2289 1378 2324 hic
1398 2291 1505 2321 dicitur,
1524 2290 1575 2324 ipse
1594 2290 1653 2323 facit
1673 2293 1749 2324 (πσιεῖ
1766 2293 1861 2324 αὐτόθ’

1076 2324 1122 2353 per
1134 2318 1242 2350 ellipstm
1259 2321 1437 2351 emphaticam,
1456 2318 1505 2353 qua
1521 2318 1655 2348 u'teba'ntur
1665 2318 1726 2348 olim
1738 2318 1862 2356 Pythago;

1075 2356 1128 2378 rei,
1139 2349 1170 2374 de
1181 2357 1226 2375 suo
1235 2351 1336 2376 doctore
1349 2351 1464 2378 dicentes
1475 2360 1481 2377 :
1496 2354 1570 2378 Αὐτὸς
1582 2354 1635 2378 επ.

1108 2356 1128 2378 ιιι
1139 2355 1170 2374 ae
1181 2357 1226 2375 suo
1235 2355 1336 2376 doctore
1349 2355 1464 2378 dicentes
1475 2360 1481 2377 :
1496 2355 1570 2381 Αὐτὸς
1582 2355 1635 2383 ἔφη.
1823 2355 1828 2356 ⁷

1108 2380 1143 2411 (b)
1155 2381 1333 2417 sapt-edixit:
1351 2382 1490 2417 Alegmgttter
1504 2384 1615 2411 adoravit
1633 2385 1711 2417 ‘Dettm
1730 2386 1862 2417 (προσεκῦδ

1075 2412 1189 2448 vage-rev
1200 2413 1270 2443 Θεὸν)
1278 2431 1291 2448 ,_
1301 2415 1423 2448 quomodo
1431 2414 1472 2440 hic
1484 2420 1585 2448 quoque
1601 2417 1651 2448 legi
1669 2412 1769 2448 debere'
1778 2417 1862 2442 nullus

1076 2442 1163 2467 dubito
1176 2450 1181 2467 :
1194 2450 1240 2468 nec
1251 2442 1319 2468 enini
1334 2443 1433 2470 Macedo
1450 2442 1571 2477 templum
1584 2442 1702 2476 adoiavit.
1712 2449 1758 2476 sed
1772 2448 1860 2475 Deum.

1075 2480 1225 2509 seu‘upmeu
1239 2477 1470 2509 tetragrammatgn,
1485 2475 1551 2508 quod
1566 2479 1590 2502 In
1607 2477 1696 2509 lamina
1712 2477 1861 2509 insculptum

1074 2504 1184 2537 pontifex
1195 2505 1276 2537 fronte
1288 2504 1409 2537 géstabat.
1426 2504 1590 2533 Rem-narrat
1600 2508 1699 2534 Gracus
1714 2504 1800 2534 Livius
1812 2510 1862 2534 Au-

1074 2533 1303 2590 ξᾳὴέἓξόῠῗὲἱυέιῖ
1310 2544 1364 2569 cap.
1378 2537 1474 2569 ultimo,
1487 2545 1516 2563 ac
1534 2542 1590 2570 post
1606 2533 1677 2564 illum
1688 2533 1827 2565 iEusebiusi
1834 2533 1863 2565 et

1094 2585 1099 2590 .
1114 2567 1288 2597 Hieronymus.
1340 2567 1348 2569 ⁷
1467 2567 1471 2569 ⁷
1534 2567 1541 2570 “

1097 2596 1230 2637 tuisse
1239 2595 1454 2637 lectitaremus
1462 2596 1620 2637 statstat
1626 2597 1852 2637 ,τρῖςτειιρογὶευπι
1860 2618 1866 2627 ι

1076 2627 1120 2653 sed
1133 2627 1245 2655 confuse.
1257 2627 1344 2657 ac,'uti
1356 2628 1433 2657 solet,
1445 2635 1528 2659 parum
1539 2632 1659 2653 accurate.
1673 2633 1721 2653 non
1733 2633 1803 2654 extra
1815 2637 1867 2654 rem

1078 2659 1125 2683 erit
1135 2659 1231 2684 Josephi
1243 2658 1322 2683 locum
1334 2658 1422 2684 tenere
1431 2665 1529 2684 quosue
1540 2659 1603 2684 apud
1614 2663 1635 2683 s.
1649 2659 1842 2684 Chrvsostomum
1853 2660 1869 2684 5

1078 2664 1125 2683 erit
1135 2664 1231 2689 .Iosepnt
1244 2664 1322 2683 locum
1334 2664 1422 2690 tegere
1431 2665 1529 2690 quoque
1540 2664 1603 2691 apud
1614 2664 1635 2683 s.
1649 2664 1842 2690 urrysostomum
1853 2664 1866 2684 δ

1078 2690 1233 2723 (uune_Tont.
1245 2689 1400 2723 l)._ad_versus
1410 2690 1519 2719 Judaeos,
1530 2693 1558 2714 ut
1570 2697 1602 2715 ex
1614 2689 1751 2720 collatione,
1764 2691 1866 2719 mendis,

1078 2719 1142 2752 Quod
1155 2720 1216 2752 factu
1227 2719 1352 2751 pet-tacite,
1364 2724 1520 2752 repurgatur.

1110 2750 1148 2781 (α)
1165 2750 1193 2775 In
1204 2750 1294 2779 Graeco.
1305 2757 1324 2776 ιν
1335 2750 1406 2780 me
1417 2750 1509 2782 τίῖμρσι.
1522 2750 1576 2776 Vox
1585 2768 1592 2781 ,
1603 2752 1672 2784 τιτι,
1686 2751 1751 2777 unde
1762 2758 1811 2783 μμ
1823 2751 1867 2776 de-

1078 2785 1181 2821 ducitur,
1203 2784 1322 2820 significat
1343 2785 1445 2821 plurima
1466 2787 1490 2821 in
1508 2787 1819 2821 Scripturis._ltic_autem,
1842 2789 1867 2811 ut

1080 2817 1192 2851 existimo
1202 2835 1216 2851 ,ν
1227 2816 1319 2851 region}
1337 2816 1453 2851 denotat._
1463 2816 1569 2848 .tosepho
1586 2823 1615 2841 ae
1631 2816 1781 2851 Iheodoreto
1792 2820 1868 2851 atque

1080 2847 1154 2872 etiam
1165 2841 1248 2872 Nostro
1255 2841 1400 2878 {adversus
1409 2841 1515 2877 Judatos,
1522 2841 1661 2878 TMetropotis
1671 2841 1798 2872 Persarum
1804 2841 1866 2872 dici-

1081 2881 1120 2903 tur
1131 2878 1184 2903 haec
1195 2879 1261 2903 urbs.
1273 2877 1371 2904 Vldesls
1381 2878 1393 2907 1
1403 2878 1481 2903 Eadm
1492 2879 1516 2909 ϐ,
1529 2878 1552 2908 Ξ,
1566 2882 1592 2903 et
1601 2879 1626 2909 2,
1638 2878 1698 2909 1,.1.

1908 815 1922 824 ο
