2072 3123
200 163 252 189 ‘233
585 162 611 188 S.
632 162 770 190 JUANNIS
789 161 1024 189 l'ZHRYSUS'l‘OMl
1045 162 1200 190 ARCIIIEP.
1222 164 1486 194 (ZONSTANTINOP.

200 220 289 247 tritum
306 223 345 246 est
356 227 438 247 cornu
454 219 522 246 illius
538 227 661 253 magnum
677 224 719 246 :ct
734 218 910 246 ascenderunt
923 226 987 253 qua-

581 248 595 253 ν
933 248 938 253 .
1155 248 1160 253 .
1285 248 1290 254 .
1349 248 1356 257 .
1390 248 1406 254 γ.
1430 248 1448 249 η
1474 248 1486 249 η
1513 248 1529 250 ρ
1642 248 1720 258 ,__...
1744 248 1764 252 ..
1787 248 1838 260 ,ηρ

203 270 262 292 tuor
276 272 375 292 cornua
397 265 489 292 subter
505 264 580 297 illud,
597 265 622 291 in
637 269 748 298 quatuor
768 269 861 291 ventos
881 264 947 290 cmli.
964 248 1031 290 90
1049 263 1095 291 llic.
1110 273 1161 292 non
1180 266 1253 293 item.
1270 265 1305 293 Et
1317 267 1403 294 audivi
1416 276 1493 295 unum
1506 269 1788 304 sunttum-‘loqumrtem.
1807 271 1839 298 Et

202 311 231 338 Et
255 318 288 338 ex
306 318 358 338 uno
376 317 468 337 eormn
480 317 615 344 egressura
630 314 671 336 est
691 317 773 335 cornu
796 316 877 335 unum
890 308 957 335 forte
972 309 991 342 ‘,

201 361 229 384 et
243 356 341 383 factum
353 361 394 383 est
406 356 506 391 grande
525 356 614 386 nimis,
627 354 659 381 ad
670 359 788 382 austrum
799 375 806 387 ,
821 354 893 381 clad
905 354 993 381 orien-

198 407 268 436 tem,
291 406 319 429 et
340 401 373 429 ad
399 401 574 429 occidentem.
601 400 643 428 l0.
670 400 703 427 Et
731 400 926 435 magniﬁcath
954 405 992 427 est

205 456 288 483 usque
299 448 332 476 ad
349 448 472 475 virtutem
493 447 551 474 cmli
565 456 571 473 :
584 451 610 474 et
622 446 728 481 dcjeeit-
739 446 764 473 in
781 452 877 473 terram
891 445 925 473 de
940 446 995 472 vir-

207 499 263 522 tute
284 494 353 526 creli,
375 498 402 521 et
423 493 458 521 de
481 493 577 526 stellis,
593 497 619 520 et
641 492 806 520 conculcavit
824 500 880 520 eas.
896 493 939 519 ll.
961 491 994 519 Et

203 547 287 575 usque
301 540 333 567 ad
349 539 494 574 principem
507 538 611 565 virtutis
629 538 824 573 magniﬁcatum
841 541 881 564 est
893 537 930 572 (τι)
945 546 951 563 :
969 541 995 563 et

202 593 251 619 per
265 586 350 620 ipsum
365 583 524 612 sacriﬁcium
548 583 680 610 turbatum
703 588 743 610 cst
757 592 763 610 :
784 587 810 610 et
832 583 928 610 factum
942 587 992 615 est,

201 636 229 658 et
245 637 372 666 prospere
391 629 519 657 successit
533 629 566 657 ei.
583 629 626 656 12.
642 629 674 656 Et
691 629 870 656 Sanctuarium
887 628 992 656 desola-

199 676 273 703 rbitur
288 685 294 702 :
307 681 333 703 et.
346 675 438 702 datum
458 682 498 702 est
519 682 600 710 super
621 675 777 702 sacriﬁcium
802 677 954 709 peccatum,
968 677 996 700 et

204 722 319 757 projecta
343 726 385 749 est
404 721 477 749 humi
494 721 606 756 justitia.
623 721 655 748 Et
674 720 753 753 fecit,
774 726 801 749 et
824 727 950 756 prospere
970 720 994 747 ei

203 768 260 795 fuit.
274 768 321 795 45.
335 767 367 794 Ει
380 767 468 795 audivi
481 775 562 794 unum
577 772 697 794 sanctum
708 767 860 802 loquentem
873 775 878 792 :
892 771 918 793 et
928 766 995 792 dixit

203 820 271 840 unus
293 817 401 840 sanctus
422 812 559 840 Phehnoni
584 812 703 847 loquenti
730 821 737 839 :
762 811 906 846 Usquequo
929 811 994 838 visio

201 859 293 892 stabit,
312 863 339 886 et
352 858 511 886 sacriﬁcium
533 858 661 891 ablatum,
682 862 708 885 et
732 862 868 892 peccatum
890 857 996 884 desola-

203 905 282 931 Iionis
296 905 397 936 datum,
421 909 448 932 et
466 910 599 937 sanctum,
619 909 647 932 et
674 904 758 931 virtus
780 903 995 931 conculcabitur?

203 951 246 977 M.
266 950 296 977 Et
315 942 386 977 dixit
403 950 427 977 ei
444 960 450 977 :
467 950 556 984 UStguc
578 949 611 976 ad
634 957 771 984 vesperam
794 953 820 976 et
840 957 919 976 mane
937 949 995 976 dies

203 996 243 1023 bis
265 996 336 1023 mille
359 1003 389 1022 ac
413 995 543 1027 trecenti.
565 1000 592 1023 et
614 995 784 1022 mandabitur
805 995 994 1021 sanctuarium.

203 1041 246 1068 l5.
261 1041 294 1068 Et
307 1041 404 1068 factum
420 1045 460 1068 est
472 1040 534 1068 dum
553 1040 670 1068 viderem
685 1048 734 1075 ego
747 1040 837 1067 Daniel
854 1039 993 1072 visionem,

203 1093 229 1114 et
243 1094 392 1122 qurercrem
414 1087 625 1124 intelligentiam.
644 1086 677 1114 Et
701 1094 764 1114 ecce
784 1087 859 1113 stetit
883 1086 908 1113 in
929 1093 995 1113 con-

204 1137 296 1167 speetu
314 1140 384 1160 meo.
402 1133 434 1159 Et
453 1133 519 1159 visio
531 1133 580 1159 viri
596 1132 665 1159 intcr
681 1132 757 1159 Ubal.
773 1131 816 1159 16.
832 1132 866 1159 Et
880 1132 994 1166 vocavit,

203 1185 230 1206 et
243 1179 309 1206 dixit
323 1188 329 1206 :
344 1178 450 1206 Gabriel
463 1200 470 1212 ,
487 1180 526 1206 fac
541 1179 619 1206 istum
635 1178 782 1213 intelligere
795 1179 933 1206 visionem.
949 1179 993 1206 l7.

204 1225 238 1252 Et
252 1225 332 1255 venit,
346 1230 372 1252 et
384 1224 457 1252 stetit
469 1225 542 1258 juxta
562 1225 702 1251 statTonem
718 1232 815 1252 meam.
832 1224 866 1251 Et
878 1232 938 1252 cum
952 1224 996 1251 ille

205 1270 315 1301 veniret.
340 1270 448 1297 territus
467 1277 542 1302 sum,
557 1274 583 1297 et
603 1270 670 1297 cado
691 1270 715 1297 in
739 1270 830 1297 faciem
852 1277 949 1297 meam.
964 1270 996 1297 Et

203 1316 270 1343 dixit
291 1316 322 1342 ad
337 1324 378 1343 me
395 1324 402 1344 ι
418 1315 546 1351 Intelligo,
563 1315 601 1342 ﬁli
616 1315 747 1349 hominis;
773 1315 860 1343 adhuc
875 1316 946 1345 enim
970 1316 995 1343 in

205 1361 332 1396 temporis
355 1362 433 1388 linem
455 1362 531 1388 visio.
555 1361 598 1388 18.
620 1361 738 1396 Cumque
763 1361 915 1396 loqueretur
940 1362 996 1395 ipse

204 1415 318 1439 mecum,
333 1406 399 1434 cado
414 1407 440 1434 in
456 1407 549 1434 faciem
570 1415 655 1434 meam
669 1415 748 1442 super
762 1411 859 1434 terram
875 1416 881 1434 :
897 1411 924 1434 et
937 1407 997 1434 teli-

204 1454 243 1488 git
258 1460 310 1484 me,
325 1457 352 1480 et
364 1452 456 1479 statuit
468 1460 511 1480 me
522 1460 601 1487 super
616 1452 696 1487 pedes
708 1459 792 1480 meos.
808 1452 848 1480 l9.
866 1453 898 1480 Et
912 1453 995 1480 dixit:

203 1499 344 1534 Ecce-ego
360 1499 446 1526 indico
467 1499 515 1526 tibi
535 1507 593 1533 qua:
611 1499 698 1526 futura
718 1504 780 1526 sunt
800 1500 825 1526 in
847 1499 997 1527 novissimis

205 1546 252 1583 ira:
267 1554 273 1572 :
290 1545 377 1572 adhuc
390 1545 460 1572 enim
475 1545 501 1572 in
519 1545 646 1580 temporis
662 1545 753 1572 ﬁnem.
767 1545 812 1572 20.
828 1545 905 1573 Aries
917 1553 996 1581 quem

206 1592 306 1625 vidisti,
320 1591 364 1627 qui
386 1591 499 1619 habebat
515 1599 614 1619 cornua
625 1613 631 1624 ,
648 1599 694 1619 rex
711 1591 847 1619 Medorum
863 1597 903 1619 est
918 1597 997 1627 atque

206 1638 358 1666 Persarum.
372 1637 420 1665 2|.
437 1637 469 1664 Et
483 1638 572 1664 hircus
584 1645 723 1672 caprarmn
734 1658 741 1671 ,
764 1646 810 1665 rex
831 1638 994 1666 Graecorum.

205 1684 238 1711 Et
252 1690 333 1710 cornu
352 1690 486 1718 magnum,
500 1683 569 1717 quod
587 1687 644 1710 erat
662 1684 731 1710 inter
750 1684 840 1711 oculos
855 1684 924 1719 ejus,
941 1684 998 1718 ipsc

208 1733 250 1757 est
262 1737 307 1756 rex
321 1729 431 1764 primus.
451 1728 495 1756 2‘2.
514 1729 546 1756 Et
556 1729 625 1764 quod
639 1730 782 1756 contritum
799 1734 837 1757 est
847 1751 854 1763 ,
869 1735 897 1758 et
910 1738 1000 1758 surre-

207 1778 304 1802 xerunt
326 1778 439 1809 quatuor
455 1782 555 1801 cornua
569 1774 660 1802 subter
679 1775 780 1809 ipsum;
796 1780 910 1810 quatuor
923 1783 999 1810 reges

206 1825 370 1855 consungent
383 1819 417 1847 de
429 1825 507 1856 gente
521 1821 589 1855 ejus,
602 1825 633 1847 et.
643 1829 694 1847 non
707 1821 732 1848 in
748 1821 902 1849 fortitudine
917 1822 996 1849 illius.

208 1866 255 1894 25.
271 1866 306 1894 Ει
317 1866 341 1893 in
357 1867 484 1894 extremis
498 1866 571 1901 regni
586 1867 717 1900 ipsorum,
733 1867 871 1902 completis
885 1868 999 1902 peccatis

207 1919 311 1943 eorum,
325 1916 467 1945 consurget
480 1919 526 1938 rex
546 1911 686 1946 impudens
700 1911 777 1945 faeie,
797 1917 825 1940 et
848 1913 999 1948 intelligens

208 1957 383 1991 problemata.
398 1956 444 1982 25.
462 1956 493 1983 Et
508 1956 615 1984 robusta
635 1957 762 1984 fortitudo
780 1958 837 1992 ejus
848 1979 854 1990 ,
867 1962 894 1985 et
908 1966 959 1985 non
972 1959 998 1986 in

207 2002 307 2029 viribus
329 2002 406 2029 suis:
424 2005 451 2029 et
470 2001 626 2029 mirabiliter
648 2007 798 2036 pervertet,
819 2008 845 2030 et
870 2002 957 2035 faciet,
972 2009 999 2031 et

207 2053 359 2082 corrumpet
373 2048 464 2080 fortes,
480 2052 507 2076 et
518 2048 642 2082 populum
655 2053 787 2076 sanctum.
802 2049 848 2076 25.
866 2049 897 2076 lit
905 2049 997 2084 jugum

158 2094 162 2096 Ἴ
207 2099 308 2122 catena:
315 2095 376 2128 ejus
383 2094 523 2129 dirigetur.
537 2094 618 2122 Dolus
631 2095 656 2122 in
671 2103 750 2123 manu
762 2095 829 2130 ejus,
842 2095 905 2123 etin
917 2095 999 2123 corde

206 2149 255 2168 suo
268 2140 486 2176 magniﬁcabitur,
498 2145 526 2168 et
538 2140 599 2168 dolo
610 2130 730 2168 desirnet
743 2141 850 2175 multos,
863 2141 925 2169 etin
940 2149 1000 2177 per-

207 2187 308 2214 ditione
323 2186 467 2214 multorum
479 2186 569 2219 stabit,
581 2191 608 2214 et
622 2187 696 2221 quasi
713 2195 762 2214 ova
774 2188 799 2214 in
816 2196 894 2215 manu
906 2194 998 2216 conto-

206 2237 247 2260 ret
260 2240 315 2260 eos.
336 2232 381 2260 26.
398 2232 431 2260 Et
444 2232 511 2259 visio
523 2233 666 2267 vespertini
687 2240 718 2260 ac
739 2234 858 2260 matutini
872 2235 998 2269 temporis

207 2277 352 2313 supiadieti
375 2285 438 2304 vera
460 2282 512 2305 est.
529 2277 563 2304 Et
585 2282 612 2304 tu
631 2277 706 2312 signa
727 2278 855 2305 visionem
869 2300 876 2312 ,
898 2280 957 2314 quia
972 2280 997 2306 in

207 2326 263 2352 dies
279 2325 377 2352 multos
391 2324 452 2351 erit.
475 2333 483 2349 ι
500 2323 532 2350 Et
547 2324 620 2356 dixit,
634 2324 727 2359 inquit,
746 2324 791 2351 Illi
809 2326 927 2352 visiotmn
941 2334 996 2352 ma-

207 2371 307 2406 nifesta,
333 2370 443 2398 Gabriel.
462 2370 559 2404 Aspice
578 2370 651 2405 jussa
675 2370 829 2404 angelorum
846 2376 870 2397 et
885 2371 998 2398 archan-

205 2418 336 2451 gelorum.
349 2416 468 2450 Majorne
487 2421 528 2443 est
544 2421 661 2450 potestas
675 2417 745 2443 alia?
760 2417 792 2443 Et
808 2418 883 2450 venit,
899 2418 995 2452 inquit,

205 2469 226 2490 ct
242 2463 341 2489 territus
355 2470 419 2489 non.
433 2461 466 2488 Et
479 2463 543 2488 stetit
551 2463 628 2496 juxta
642 2463 772 2488 stationem
788 2471 879 2489 nteant.
894 2462 926 2489 Et
941 2471 997 2489 cum

205 2509 248 2536 ille
258 2508 362 2539 veniret,
386 2508 566 2534 territussum.
583 2508 695 2535 Ubinam
718 2508 797 2542 igitur
809 2513 871 2536 sunt
889 2509 932 2543 qui
948 2517 996 2535 an-

206 2554 280 2588 gelos
299 2552 444 2580 maledictis
466 2554 682 2588 prosequuntur?
701 2553 758 2581 Non
782 2562 796 2580 a
811 2555 898 2588 scipso
918 2555 996 2589 quid-

206 2606 286 2633 quam
307 2599 369 2626 fecit
390 2598 468 2626 Deus.
488 2598 568 2625 Vides
581 2603 607 2625 et
625 2599 684 2626 illos
709 2600 734 2626 in
757 2600 865 2627 ordines
888 2601 995 2635 mullos,

206 2645 323 2677 formas,
339 2651 371 2672 ac
390 2644 582 2679 descriptiones
604 2652 664 2672 esse
686 2645 848 2681 dispositos?
869 2647 896 2673 ln
912 2647 995 2681 prima

239 2727 246 2741 ³
263 2724 361 2750 Veritas
376 2725 493 2757 Hebraica
511 2726 636 2756 pestulare
652 2725 752 2750 videtur
769 2729 796 2750 ut
818 2726 929 2757 legatur,
948 2732 994 2751 non

207 2758 358 2788 tortetpro,
371 2763 444 2781 unum
458 2756 521 2788 forte
534 2758 541 2786 (
551 2757 592 2781 Gr.
607 2757 746 2788 ἀνίσχυρον,
759 2763 817 2786 pro,
835 2756 859 2781 ait
872 2757 992 2788 ἰσχυρόν).

240 2787 345 2819 (ajHaac
355 2788 460 2817 (Graec,
471 2789 511 2812 καὶ
525 2788 570 2819 ἕως
581 2787 746 2819 ἆρχοντοξτῆς
757 2788 876 2818 δυνάμεως
885 2788 994 2819 ήδρύνοη)

208 2817 256 2842 non
270 2817 400 2842 habentur
418 2819 441 2842 in
469 2817 583 2843 Editione
600 2817 704 2849 vulgata
728 2817 921 2847 Thcodotionisj
940 2825 996 2848 qua:

209 2850 274 2877 tunc,
289 2852 318 2881 et
329 2856 360 2881 ex
373 2849 538 2880 'l’heodoreto,
551 2848 629 2881 magis
642 2848 724 2874 autem
741 2856 770 2874 ex
781 2849 897 2880 Hebr-ten,
907 2850 995 2874 viden-

209 2884 249 2904 tur
266 2879 410 2912 adjicienda.

995 386 1033 413 ΓἺ

1789 169 1840 198 ἱιὸῧ

1049 219 1161 253 ι”ῑ›ἰ‹ιη(·,
1183 221 1290 254 Accessi,
1314 222 1406 257 inquit,
1428 228 1450 249 et
1472 223 1623 258 interrogavi
1641 224 1720 258 (Dan.
1741 226 1764 252 7.
1786 226 1838 260 l6).

1047 309 1113 337 alius
1125 311 1297 346 interrogavit
1312 321 1319 339 :
1335 319 1382 340 seu
1398 313 1536 348 ignorans,
1552 319 1581 341 ut
1603 315 1694 343 Daniel
1714 316 1839 345 disceret.

1047 355 1080 382 Et
1093 357 1231 390 respondit,
1254 357 1347 392 inquit.
1366 358 1399 385 Et
1412 359 1438 386 in
1453 360 1594 387 novissimis
1614 362 1693 396 regni,
1710 362 1840 397 completis

1047 403 1153 434 peccatis
1164 411 1261 436 eorum,
1275 410 1411 440 consurget
1430 413 1475 432 rea:
1490 405 1622 441 impudens
1633 408 1707 442 facie.
1726 408 1791 437 Vide
1810 414 1840 438 ut

1046 446 1147 475 Jndaeis
1161 449 1301 482 ostendat,
1323 450 1395 484 ipsos
1409 456 1612 480 esse-auctores
1636 453 1746 481 istarum
1767 456 1838 482 cala—

1048 493 1179 520 mitatum.
1194 493 1256 521 Ideo
1268 499 1358 522 autem
1374 503 1426 523 non
1445 496 1571 530 patefecit
1583 505 1721 526 sermones
1731 520 1740 533 ,
1755 508 1788 527 ne
1803 501 1838 528 illi

1047 539 1080 566 de
1096 539 1223 567 industria
1240 541 1265 567 in
1284 542 1382 569 malitia
1396 550 1442 570 sua
1462 550 1493 570 ac
1509 543 1612 579 ignavia
1629 550 1781 580 perstarent
1797 556 1803 575 :
1817 548 1838 576 si

1047 586 1128 617 enim,
1142 594 1203 613 cum
1219 587 1282 614 nillil
1295 587 1390 616 horum
1405 589 1503 617 dictum
1518 591 1606 625 fuerit,
1624 597 1710 620 tamen
1725 594 1762 620 illi
1776 602 1839 629 per-

1047 637 1202 658 manserunt
1215 641 1220 659 :
1231 633 1314 660 nuntio
1327 635 1409 670 magis
1421 635 1443 662 si
1458 643 1488 663 ea
1497 636 1663 665 manifestata
1674 638 1800 681 fuissent,-
1812 645 1841 667 et

1047 682 1075 703 ut
1089 677 1220 712 intelligas
1241 678 1369 712 Spiritum
1391 680 1488 716 ubique
1510 682 1562 709 vim
1583 682 1694 718 habere,
1708 690 1734 711 et
1758 677 1839 712 De‘um

1047 723 1134 749 omnia
1150 723 1307 758 pra-videre,
1329 729 1356 752 et
1376 733 1435 753 cum
1456 727 1536 755 sciret
1550 727 1657 756 Judzeos
1671 736 1837 766 peccaturos,

1047 773 1136 796 tamen
1161 777 1208 797 eos
1230 770 1254 798 in
1277 772 1387 806 patriam
1412 774 1557 802 reduxisse.
1584 776 1616 803 Et
1637 776 1706 809 vide,
1734 778 1793 812 quia
1817 778 1838 806 si

1048 815 1159 843 dixisset
1173 824 1256 845 annos
1266 839 1273 849 ,
1290 818 1423 846 modicum
1440 825 1543 856 tempus
1558 822 1642 850 visum
1658 823 1765 856 fuisset,
1780 825 1839 852 ideo

1048 862 1073 897 i_n
1090 862 1193 890 dierum
1208 872 1346 892 numerum
1368 866 1486 900 resolvit,
1502 871 1532 895 ut
1542 869 1709 898 nudtitudine
1728 875 1837 905 terreat,

1048 917 1101 935 non
1117 909 1174 936 dies
1186 915 1297 943 tantum,
1312 912 1359 939 sed
1371 918 1395 940 et
1408 918 1499 942 noctes
1513 916 1687 944 numerando.
1701 918 1733 944 Et
1746 919 1839 946 inuno-

1048 956 1245 989 raturttragica:
1259 957 1403 984 calamitati
1415 979 1421 990 ,
1436 967 1494 993 qua:
1511 967 1559 994 per
1571 961 1731 989 Antiochum
1753 964 1839 990 conti-

1047 1000 1101 1034 git;
1125 1005 1154 1027 ut
1177 1001 1218 1028 vel
1238 1002 1277 1029 sic
1297 1007 1426 1031 terrorem
1449 1005 1568 1033 incutiat.
1586 1006 1618 1033 Ut
1637 1016 1686 1035 non
1709 1009 1735 1035 in
1748 1010 1840 1037 viribus

1047 1045 1109 1071 suis.
1126 1045 1152 1072 Id
1166 1051 1216 1078 est,
1231 1052 1336 1081 poterat
1354 1049 1424 1077 Deus
1436 1050 1508 1077 illum
1528 1052 1675 1086 reprimere
1690 1063 1696 1080 :
1712 1054 1757 1081 sed
1779 1063 1840 1090 pcr-

1046 1090 1121 1117 misit
1135 1091 1170 1117 oh
1183 1098 1292 1126 peccata
1303 1113 1309 1125 ,
1325 1098 1352 1120 et
1365 1102 1416 1122 non
1437 1103 1529 1123 eorum
1543 1098 1587 1132 qui
1608 1099 1764 1133 simpliciter
1778 1108 1839 1134 pce-

1040 1142 1164 1170 'cassent,
1181 1139 1228 1165 sed
1248 1145 1387 1175 postquam
1408 1143 1540 1177 completa
1552 1149 1613 1171 sunt
1627 1150 1744 1179 peccata.
1760 1146 1841 1182 Igitur

1048 1183 1208 1212 delictorum
1227 1185 1315 1221 aliqua
1331 1194 1453 1215 mensura
1477 1189 1538 1216 est?
1558 1189 1680 1218 Nondum
1698 1193 1780 1226 enim,
1803 1193 1842 1220 in-

1048 1229 1114 1264 quit,
1131 1230 1255 1266 completa
1269 1237 1340 1258 erant
1359 1238 1462 1267 peccata
1481 1234 1687 1262 Amorrha‘orum
1706 1236 1780 1272 (Gen.
1797 1238 1839 1265 lii.

1049 1277 1104 1311 16).
1119 1277 1152 1304 Et
1167 1277 1285 1311 adverte,
1302 1279 1418 1306 nondum
1441 1279 1530 1315 itaque
1547 1281 1713 1316 incendium,
1725 1283 1771 1311 sed
1786 1292 1841 1311 ca:-

1048 1322 1121 1350 dium
1133 1323 1293 1352 occisiones.
1305 1324 1369 1351 Nam
1381 1333 1441 1352 eum
1456 1326 1561 1361 quidam
1577 1327 1656 1355 futuri
1669 1334 1757 1356 essent
1768 1329 1839 1362 boni,

1048 1373 1076 1396 ct
1089 1369 1208 1403 patrihus
1233 1371 1448 1405 prcestantiores,
1464 1373 1591 1407 supplicia
1615 1381 1720 1410 quoque
1740 1376 1840 1402 minora

1049 1413 1134 1442 fuere.
1156 1415 1219 1443 llaec
1237 1420 1326 1443 autem
1345 1416 1485 1451 dicuntur,
1507 1426 1540 1446 ne
1559 1419 1687 1453 victoriis,
1705 1428 1771 1455 quas
1793 1422 1842 1449 sub

1049 1460 1212 1488 Zorobabele
1232 1462 1392 1496 reportaturi
1419 1467 1504 1495 erant,
1531 1464 1606 1498 elati,
1626 1472 1722 1500 segnes
1737 1466 1840 1494 ﬁerent.

1050 1505 1082 1533 Et
1097 1506 1157 1534 vide
1181 1511 1210 1533 ut
1229 1507 1367 1542 splendida
1390 1509 1513 1543 qumdam
1536 1517 1589 1536 non
1613 1515 1693 1544 ponat
1707 1511 1764 1543 hic,
1782 1516 1843 1546 post

1050 1552 1093 1579 illa
1105 1560 1165 1587 qum
1179 1553 1210 1580 ad
1225 1553 1386 1581 Antiochum
1401 1554 1544 1589 pertinent,
1559 1555 1605 1583 sed
1619 1556 1756 1584 dumtaxat
1771 1558 1843 1584 solu—

1051 1598 1149 1626 tionem
1175 1606 1189 1625 a
1219 1599 1435 1633 calamitatibus,
1457 1606 1485 1628 et
1512 1607 1616 1637 tempus
1635 1604 1704 1644 quod
1730 1604 1843 1632 obtinuit

1050 1643 1128 1671 dicat.
1152 1644 1220 1678 Quid
1242 1646 1340 1679 igitur?
1362 1645 1475 1680 lmjusne
1500 1648 1627 1682 temporis
1642 1643 1699 1676 non
1721 1651 1843 1684 prardivit

1049 1691 1247 1723 captivitatem?
1260 1692 1330 1719 Sane
1342 1693 1473 1727 przedixit,
1486 1694 1533 1721 sed
1546 1695 1620 1722 valde
1632 1696 1753 1724 obscure.
1770 1696 1843 1723 Ideo-

1050 1743 1101 1770 que
1115 1736 1235 1764 Christus
1255 1738 1291 1764 ait
1312 1747 1318 1764 :
1337 1738 1400 1766 Cum
1414 1740 1526 1767 videritis
1545 1741 1755 1769 abominationcm
1768 1743 1842 1769 deso-

1051 1780 1162 1814 ltttionis,
1183 1783 1226 1814 qui
1245 1783 1304 1818 legit
1325 1784 1449 1818 intelligat
1463 1785 1568 1822 (Matt/1.
1586 1786 1630 1813 24.
1649 1787 1705 1822 l5).
1720 1787 1842 1820 Venient,

1051 1827 1151 1862 inquit,
1168 1829 1243 1863 quasi
1268 1829 1323 1864 ipse
1345 1838 1396 1857 non
1419 1832 1578 1859 vaticinatus
1602 1832 1705 1861 fuisset.
1728 1834 1758 1860 Et
1774 1843 1842 1861 non-

1051 1873 1116 1900 nulli
1130 1874 1237 1909 quidem
1251 1875 1360 1907 dicunt.
1376 1877 1471 1904 merito
1485 1878 1534 1904 ista
1547 1885 1599 1905 non
1615 1886 1674 1906 esse
1690 1879 1815 1914 prtrdicla
1833 1888 1841 1906 :

1051 1919 1176 1960 quoniam
1197 1921 1254 1947 hrcc
1274 1922 1412 1955 captivitas
1435 1927 1538 1957 tempus
1558 1931 1588 1950 ac
1602 1923 1679 1950 ﬁnem
1701 1930 1842 1959 acceptura

1052 1973 1104 1992 non
1125 1970 1192 1992 erat.
1211 1965 1281 1992 Dabo
1295 1967 1378 1999 enim,
1396 1967 1497 2002 inquit,
1513 1973 1536 1995 et
1551 1969 1678 2004 improbos
1694 1978 1740 2003 pro
1756 1970 1842 2005 sepul-

1050 2015 1108 2038 tura
1121 2012 1184 2046 ejus,
1199 2016 1221 2038 et
1234 2013 1322 2039 divites
1331 2021 1378 2047 pro
1390 2019 1469 2041 morte
1480 2015 1544 2048 eius.
1555 2015 1588 2041 Et
1601 2021 1627 2041 tu
1640 2019 1712 2050 signa
1725 2017 1843 2043 visionem

1051 2057 1116 2084 Imnc
1127 2078 1134 2090 ,
1155 2058 1214 2091 quia
1235 2058 1261 2084 in
1283 2059 1335 2085 dies
1350 2059 1442 2086 multos
1456 2061 1501 2086 erit
1517 2060 1594 2095 (Isai.
1609 2062 1652 2088 55.
1669 2062 1707 2096 9).
1722 2062 1777 2089 Iloc
1790 2067 1840 2095 est,

1050 2102 1170 2136 Custodi,
1185 2111 1324 2135 conserva,
1341 2112 1374 2132 ne
1385 2104 1560 2133 diuturnitate
1577 2107 1704 2140 temporis
1721 2115 1842 2134 corrum-

1050 2153 1138 2183 patur.
1153 2149 1219 2177 Vide
1234 2150 1315 2177 Deum
1330 2151 1428 2185 ubique
1444 2151 1495 2177 illis
1511 2158 1629 2185 parcere.
1645 2152 1843 2179 Descenderunt

1051 2196 1077 2222 in
1092 2195 1246 2230 Egyptum,
1262 2196 1375 2231 improbi
1389 2201 1547 2230 evaserunt;
1563 2205 1615 2224 non
1630 2197 1775 2231 abscessit,
1791 2198 1825 2225 du
1837 2212 1843 2216 ν

1051 2241 1089 2267 xit
1102 2248 1148 2268 eos
1166 2242 1190 2267 in
1214 2242 1361 2268 desertum.
1379 2242 1587 2270 Permanserunt
1608 2243 1633 2270 in
1653 2244 1772 2276 malitia;
1790 2253 1841 2271 non

1051 2287 1162 2317 abstitit,
1181 2287 1325 2314 introduxit
1344 2295 1390 2315 eos
1407 2289 1432 2315 in
1449 2293 1547 2316 terram
1563 2289 1758 2324 promissionis.
1771 2289 1842 2317 Itur-

1051 2340 1096 2359 sns
1110 2333 1167 2360 illos
1180 2333 1282 2361 reduxit.
1300 2334 1349 2361 sub
1369 2334 1518 2368 Antiocho;
1534 2336 1622 2363 adhuc
1639 2336 1719 2363 iidem
1736 2344 1842 2364 manse-

1051 2384 1121 2406 runt.
1141 2378 1273 2414 Tempore
1293 2380 1389 2407 Christi
1415 2381 1502 2408 adhuc
1527 2381 1605 2409 iidem
1623 2390 1629 2408 :
1644 2386 1670 2408 et
1697 2389 1782 2417 neque
1805 2383 1843 2409 sic

1050 2425 1188 2459 abscessit,
1205 2426 1252 2453 sed
1268 2434 1374 2460 seraper
1389 2435 1480 2454 eorum
1501 2435 1590 2455 curam
1606 2429 1684 2463 gerit.
1702 2429 1735 2455 Et
1747 2437 1842 2464 quem-

1050 2472 1192 2498 admodum
1211 2473 1349 2506 naturalia,
1364 2481 1476 2508 quaian
1499 2482 1514 2501 a
1535 2479 1627 2501 natura
1644 2474 1720 2502 nobis
1740 2475 1840 2508 insunt,

1050 2527 1192 2554 numquam
1216 2519 1413 2552 abscesserint,
1438 2520 1565 2555 quidquid
1589 2522 1715 2548 eveniat:
1732 2521 1767 2548 ita
1793 2529 1842 2548 nec

1051 2564 1136 2595 Deus;
1152 2564 1204 2590 imo
1227 2564 1283 2590 lieri
1306 2564 1412 2599 quidem
1429 2570 1516 2599 potest
1540 2570 1567 2592 ut
1590 2565 1632 2592 illa
1654 2565 1778 2593 deﬁciant
1794 2575 1800 2593 :
1817 2572 1843 2594 at

1051 2609 1096 2647 tiei
1111 2609 1303 2643 providentiam
1320 2617 1350 2636 ac
1365 2617 1455 2636 curam
1471 2611 1597 2638 recedere
1609 2612 1775 2645 impossibile
1789 2618 1840 2639 est.

1051 2655 1119 2681 Nam
1134 2655 1164 2687 si,
1181 2655 1273 2688 inquit,
1290 2660 1312 2681 et
1325 2655 1403 2682 oblita
1418 2657 1493 2691 fuerit
1514 2657 1604 2683 mulier
1621 2658 1732 2685 misereri
1744 2659 1841 2693 fetum»

1049 2701 1112 2727 uteri
1126 2701 1175 2731 sui,
1186 2701 1231 2727 sed
1243 2709 1287 2736 ego
1301 2709 1352 2728 non
1368 2701 1499 2728 obliviscar
1510 2703 1547 2728 tui
1561 2702 1637 2738 (lsai.
1652 2703 1696 2731 49.
1714 2704 1768 2739 lii).
1785 2705 1840 2731 Sic-

1050 2752 1078 2773 ut
1092 2747 1161 2774 enim
1179 2751 1262 2774 mater
1282 2755 1333 2774 non
1361 2748 1470 2782 respicit
1483 2747 1516 2775 ad
1542 2748 1686 2776 liberorum
1702 2749 1838 2782 virtutem,

1049 2793 1094 2820 sed
1110 2797 1210 2819 natura:
1226 2792 1310 2827 legem
1325 2793 1417 2828 implet
1431 2802 1437 2820 :
1455 2794 1501 2826 ita,
1516 2797 1543 2821 et
1556 2794 1639 2822 multo
1653 2795 1747 2830 magis,
1768 2795 1839 2822 Dens

1048 2847 1154 2873 semper
1178 2847 1269 2866 curam
1284 2840 1361 2874 gerit,
1379 2847 1428 2868 nec
1452 2849 1576 2876 umquam
1599 2841 1718 2875 destitit;
1733 2849 1839 2877 semper

1049 2885 1170 2912 eamdem
1187 2891 1338 2912 mensuram
1351 2885 1472 2914 exhibet.
1489 2886 1532 2913 27.
1549 2887 1581 2914 Et
1592 2895 1639 2923 ego
1652 2887 1746 2914 Daniel
1763 2888 1838 2915 decu-
