2072 3123
234 128 289 155 237

233 182 285 215 luti,
299 186 322 216 et
336 182 453 216 (ται-ι)ρηὶ
474 182 526 210 dies
542 182 658 218 aliquot:
672 187 694 209 et
713 183 828 214 surrexi,
850 186 872 208 et
892 182 1013 216 [acicbam

232 235 307 262 opera
328 227 393 263 regis
407 232 450 254 :at
470 227 614 258 admirabar
638 228 757 254 visionem
770 235 779 254 :
794 231 815 254 et
838 235 887 253 non
906 231 958 253 erat
979 227 1022 262 qui

232 271 391 307 intelligeret.
416 272 491 300 Unde
507 272 660 308 trgrolavit?
674 272 806 299 Fortassis
820 279 852 298 ex
868 271 972 299 tristitia
988 272 1022 299 ob

232 317 332 349 futuras
349 319 526 351 calamitates,
543 326 632 346 secutn
649 323 773 353 reputans
784 339 791 350 ,
810 318 926 344 ttondunt
941 317 1019 344 linem

233 364 328 397 habere
351 372 394 391 res
416 368 571 400 praesentes.
587 364 620 391 Et
641 368 694 396 tot,
709 363 793 398 inqttit
804 384 810 396 ,
824 363 911 390 adhuc
925 370 1019 397 super—

231 414 292 437 sunt
305 408 384 439 mala.
398 408 444 437 Vel
459 409 566 441 iterum,
584 408 704 436 Nondum
717 408 815 436 Judtcis
828 409 910 436 Deum
924 417 1021 436 recon-

230 454 328 487 ciliavi,
343 459 370 481 et
384 455 434 489 ipsi
449 463 509 482 cuin
527 455 558 482 ad
574 454 672 482 bellum
689 460 842 490 provocant,
855 463 885 487 ac
899 455 948 488 sibi
960 456 1021 493 red-

230 499 295 531 dunt
310 499 455 533 inimicum.
471 499 503 526 Et
515 500 628 535 surrexi,
642 505 664 526 et
680 501 801 536 faciebam
813 509 888 534 opera
900 501 975 536 regis.
993 500 1018 527 ld

230 549 279 578 est,
298 545 491 579 Ministrabatu.
509 546 539 580 Et
552 545 698 576 admirabar
712 547 830 573 visionem
841 555 849 578 ;
862 551 884 573 et
904 555 953 573 non
966 551 1019 573 erat

228 583 278 624 qui
293 591 452 626 intelligeret.
474 591 587 618 Maxime
610 591 634 619 id
657 591 732 619 affert
754 592 884 624 dolorent,
904 600 964 619 cum
986 600 1019 620 ne

228 635 332 671 quidem
347 636 408 669 licet
430 644 473 665 res
496 637 584 671 tristes
604 637 698 664 efferre
715 637 739 664 in
753 637 868 672 aliquent
885 647 891 664 :
908 646 941 664 an
957 638 1017 672 quia

229 677 341 716 improbi
362 687 449 708 erant.
469 681 500 713 Et
522 681 655 716 faciebam,
670 682 764 717 inquit,
782 691 857 717 opera
872 683 946 717 regis.
962 683 1018 709 lloc

228 731 277 759 est,
291 725 360 753 Nihil
378 727 626 762 prattermitlebam,
641 727 686 754 sed
701 726 829 762 fungchar
842 727 930 755 officio
945 736 1014 755 meo.

532 793 644 822 CAPUT
664 794 710 821 lX.

263 863 288 892 1.
304 872 313 889 ‹
329 863 356 891 lit
378 862 463 897 primo
480 870 549 890 anno
568 863 649 896 Darii,
666 863 712 889 filii
733 863 852 896 Assueri,
868 863 902 891 de
915 863 1016 891 semine

226 908 360 942 Medorum
375 908 423 945 (a),
439 909 483 944 qui
503 909 624 944 regnavit
647 916 726 943 super
748 917 857 943 regnum
878 909 1016 936 Cltald:uo-

226 963 284 989 rum
296 976 303 988 ,
317 955 344 981 2.
362 955 387 981 in
402 963 471 981 anno
484 963 536 985 uno
548 955 622 989 regni
635 955 693 989 ejus
706 975 713 987 ,
728 962 775 990 ego
791 955 882 982 Daniel
895 954 1015 982 intellexi

226 1000 251 1026 in
264 1000 337 1027 libris
351 1007 490 1027 numerum
502 1008 630 1027 annorum
644 1020 651 1032 ,
666 1000 699 1027 de
712 1008 764 1035 quo
778 1000 860 1028 factus
873 1005 914 1028 est
927 1009 1015 1028 sermo

226 1046 328 1072 Dotnini
340 1046 371 1072 ad
380 1045 519 1081 Jeremiatn
528 1046 692 1080 prephetarp,
704 1047 728 1073 in
737 1040 958 1081 complemenhtm
967 1047 1014 1074 de-

225 1092 360 1119 Solationis
371 1091 543 1128 Jerosolymze
557 1093 719 1129 St'ptttttglttln
731 1093 791 1119 anni
806 1093 877 1129 (λεν.
889 1094 933 1121 25.
946 1095 972 1121 Η
992 1094 1011 1129 ).

225 1138 251 1173 ὃ.
269 1138 301 1175 Et
313 1137 373 1164 dedi
389 1138 481 1176 faciam
500 1146 585 1177 meant
606 1139 637 1165 ad
656 1139 796 1166 Dominum
813 1139 905 1171 Deutn,
920 1145 947 1166 ut
962 1148 1014 1167 ex-

225 1187 356 1218 quirerem
372 1185 518 1212 orationem
539 1189 566 1211 et
588 1185 802 1220 deprecationem
823 1186 848 1212 in
867 1186 974 1220 jejnniis
987 1191 1014 1213 et

225 1235 302 1261 succo
324 1234 350 1256 et
372 1229 470 1256 cinere.
487 1238 496 1255 ›
520 1229 572 1256 lste
594 1235 633 1256 est
659 1230 751 1262 Darius
770 1230 869 1257 Medus.
896 1231 1012 1258 Primum

224 1280 311 1303 autem
328 1284 426 1303 annum
443 1284 494 1303 non
514 1277 586 1311 regni
598 1276 691 1310 ,ipsius
709 1277 746 1302 ait
762 1284 767 1302 :
783 1284 834 1303 non
850 1277 920 1303 enim
936 1277 1011 1310 dixit,

225 1322 251 1349 In
266 1322 351 1358 primo
365 1322 437 1357 regni
452 1321 518 1357 ejus,
534 1321 590 1353 sed,
606 1321 638 1348 in
652 1321 732 1356 primo
743 1329 809 1348 anno
824 1321 905 1355 Darii,
920 1323 945 1348 in
963 1330 1012 1349 una

223 1377 290 1402 anno
298 1369 367 1404 regni
377 1369 431 1404 ejus
443 1369 493 1395 :ita
508 1372 536 1394 ut
548 1372 574 1394 et
586 1368 636 1395 dici
651 1368 733 1402 possit
745 1368 843 1402 primus
855 1376 949 1401 annus,
961 1376 1013 1403 quo

223 1414 329 1450 quidem
342 1411 385 1440 ille
399 1413 534 1448 regnabat,
552 1418 612 1440 tunc
626 1408 689 1449 vero
702 1413 771 1440 forte
784 1413 936 1440 occiderant
949 1413 1012 1440 Bal-

223 1465 346 1486 tasarem.
364 1458 417 1497 Ego
430 1450 528 1488 Daniel
541 1458 652 1491 intelleai
665 1459 690 1485 iu
701 1459 771 1485 libris
784 1467 916 1486 numerum
929 1467 1012 1496 anno—

222 1513 286 1532 rum.
303 1504 329 1531 Id
343 1509 400 1537 est,
416 1504 558 1531 Baltasaris
573 1504 684 1532 cat-dem.
706 1504 739 1531 Et
758 1505 888 1539 reputavi.
903 1505 969 1532 Vide
984 1509 1012 1532 ut

223 1555 283 1577 ante
301 1550 460 1587 pra'iittitum
475 1554 578 1585 tempus
591 1558 643 1576 non
657 1549 754 1577 audeat
769 1550 896 1578 accedere
910 1551 941 1578 ad
956 1551 1013 1578 Do-

223 1597 333 1625 tuinum.
348 1597 381 1623 At.
393 1600 446 1627 tres
457 1596 563 1631 quidem
578 1596 650 1630 pueri
661 1595 686 1622 id
695 1601 775 1630 agunt
787 1596 812 1622 in
825 1595 949 1628 fornace;
962 1597 1012 1624 iste

222 1650 286 1680 vero
298 1642 323 1668 in
338 1642 395 1679 lacu
412 1649 462 1668 non
477 1640 548 1668 fecit.
569 1641 637 1675 Quid
650 1641 746 1676 igitur?
762 1641 801 1668 vel
818 1641 854 1668 illi
869 1642 953 1674 ntale,
969 1642 1011 1668 vel

222 1689 283 1723 hic?
295 1689 396 1716 Neutri.
410 1688 448 1716 illi
460 1688 588 1722 siquidem
600 1695 717 1720 amorem
727 1695 787 1722 erga
800 1688 910 1723 patriam
922 1692 1011 1715 osten-

222 1735 328 1767 debattl,
346 1734 389 1761 ltic
407 1742 470 1761 vero
491 1734 690 1768 intelligentiam
707 1734 833 1769 temporis
847 1733 916 1768 quod
931 1733 1011 1761 adre-

223 1786 307 1813 nerat.
333 1780 426 1815 Nonne
440 1787 503 1817 ergo
516 1780 693 1814 intelligenter
706 1779 808 1814 legebat
822 1780 1008 1815 prophetarum

221 1827 345 1860 oracula?
361 1818 487 1855 Existimo
498 1831 586 1853 autem
599 1826 673 1853 illum
684 1834 736 1852 non
748 1825 780 1853 ab
795 1827 859 1853 urbe
871 1831 947 1861 capta
962 1835 1011 1854 1111-

222 1880 334 1904 tnerarc,
346 1871 393 1899 sed
410 1872 477 1909 forte
491 1879 504 1898 a
519 1871 670 1905 captivitate
684 1870 786 1898 lsraelis
800 1871 845 1907 (lt).
861 1871 924 1898 Jure
936 1873 1008 1899 enim

221 1918 408 1946 desolationem
424 1918 484 1952 quis
497 1917 629 1944 vocaverit
649 1917 821 1952 .lerosolyma:
835 1917 914 1945 etiam
929 1918 1007 1945 bella.

222 1964 286 1991 Vide
307 1969 334 1991 et
352 1971 492 1990 numerum
506 1962 679 1989 sabhaticum.
694 1962 759 1989 Naut
781 1963 849 1990 sicut
867 1963 1009 1998 aliquando

219 2010 425 2050 quadringentos
436 2014 461 2036 et
473 2009 577 2043 triginta
593 2016 676 2035 annos
692 2008 787 2043 (Exod.
801 2009 844 2036 1'2.
859 2009 904 2044 40)
920 2010 944 2036 in
957 2009 1008 2037 du-

218 2062 309 2086 centos
321 2062 345 2083 et
358 2056 507 2093 quindecim
523 2055 642 2088 mutavit,
657 2055 690 2081 ita
714 2060 776 2089 puto
790 2060 816 2082 et
838 2064 906 2082 nunc
924 2063 1008 2083 annos

219 2103 356 2138 pauciores
366 2109 436 2128 esse.
449 2111 457 2126 ε
469 2101 506 2128 De
518 2108 569 2135 quo
584 2101 666 2129 factus
675 2105 722 2133 est,
732 2110 741 2126 ι
753 2100 844 2135 inquit,
858 2108 961 2128 «sermo
974 2100 1007 2129 ad

250 2201 286 2232 (Et)
303 2201 358 2229 Quis
369 2198 629 2232 assentiatur_.losepho
638 2197 890 2232 Scaligeroassqrenti
900 2205 1007 2232 prognao

219 2229 269 2256 tum
278 2229 347 2256 'vedo
359 2237 452 2262 genere
470 2229 564 2262 ttledum
577 2235 635 2262 esse
646 2235 692 2252 non
705 2229 829 2262 potuiSsef?
845 2229 1007 2262 Mardthletts

217 2264 291 2294 icitur
304 2259 414 2294 uouerat
429 2261 535 2294 ρυάίίτμδ,
549 2260 605 2294 quia
668 2259 765 2294 semine
774 2260 908 2294 Judatorugn
918 2260 1005 2294 agunt.

216 2290 240 2322 σῖ
257 2293 291 2318 15.
303 2293 360 2322 Quid
373 2291 436 2323 quod
451 2291 537 2323 Darius
548 2292 594 2314 iste
610 2290 796 2323 diciturqllledus
815 2294 869 2315 Dan.
882 2291 907 2320 5,
919 2291 958 2320 3|.
980 2295 1007 2317 et

219 2326 256 2353 1t,
271 2325 300 2349 1?
314 2321 393 2349 'Certé
409 2329 457 2354 non
472 2322 548 2352 majus
569 2321 660 2354 pondus
671 2321 762 2354 habent
778 2325 874 2354 caeterae
888 2322 1005 2354 scaliget‘l

216 2351 379 2387 trobationes,
392 2353 431 2387 qui
443 2353 500 2387 dum
511 2352 657 2387 sententiain
667 2358 735 2387 suam
746 2351 777 2375 de
786 2352 926 2386 _!\2_tltottttld0
935 2351 1006 2378 nobis

217 2382 406 2418 βαι-διαιρεθῇῇᾶ
416 2384 503 2418 quibus
514 2382 590 2418 modis
600 2384 750 2418 assequzttur,
758 2382 883 2418 pmiuiut‘unt
896 2387 972 2418 curat.

248 2417 282 2448 (ὁ)
300 2412 580 2448 Captivitat‘etn‘lsraclis
598 2412 825 2448 interpretor._non_
840 2412 1004 2439 lsraelitarum

216 2443 409 2479 deportatlbnem
421 2453 434 2469 a
442 2443 607 2479 salinanasare
620 2443 714 2479 factam,
727 2444 771 2467 sed
782 2443 916 2479 Judzeorum
928 2447 1005 2476 trans-

217 2474 330 2504 lationem
348 2477 394 2501 sub
410 2474 638 2500 Kaltttchodonosoro
660 2475 768 2505 primam.
789 2477 862 2499 necte
879 2474 952 2505 igitur
963 2481 1004 2499 se-

216 2506 338 2541 ptuaginta
349 2507 474 2541 servitutis
484 2512 559 2541 annos
569 2505 642 2541 ordiri
655 2504 749 2529 videtur
761 2505 791 2541 ab
800 2504 866 2541 initio
875 2504 1002 2541 bellorum,

216 2535 241 2565 ἐι
259 2535 362 2571 εἶρε-ἰήιε
373 2538 520 2571 captivitate,
530 2542 577 2571 seu
588 2536 618 2571 ab
629 2538 787 2571 annonquar'to
798 2535 908 2571 Joaeimi.
923 2536 1004 2571 Atque

217 2571 245 2595 ita
259 2565 361 2595 ceitsent
372 2565 413 2599 qui
432 2569 495 2592 inter
514 2565 673 2599 chronologos
695 2565 805 2599 familiam
823 2566 921 2599 ducunt.
939 2565 1003 2599 Quod

215 2602 295 2626 subdit
312 2601 343 2624 de
363 2597 433 2624 annis
452 2599 475 2622 in
499 2597 623 2628 pauciores
643 2597 778 2625 contractis,
797 2597 876 2628 magis
899 2598 1003 2622 oratorie

214 2633 305 2657 :estinto
314 2631 412 2658 dictum,
425 2626 583 2660 quam‘verc;
595 2634 672 2660 quare
688 2626 888 2660 torisintiliusest
903 2628 966 2660 quod
979 2629 1003 2653 in

214 2664 228 2687 5
238 2664 354 2687 adversus
364 2657 467 2687 Judaeos,
475 2662 499 2690 et
510 2658 569 2682 infra
576 2657 786 2688 scribit,quodqne
799 2657 854 2690 alilti
865 2659 1002 2689 scripserat,

214 2697 309 2724 tempus
325 2693 401 2717 fume
413 2689 558 2724 completum
570 2696 576 2712 ε
598 2695 653 2724 qute
666 2693 705 2712 est
717 2690 787 2713 etiam
800 2689 881 2719 opinio
892 2689 1003 2724 Origenis

214 2719 279 2748 Hom.
300 2724 315 2749 4
335 2723 359 2747 in
377 2720 527 2746 uechielem
540 2726 545 2743 :
559 2719 676 2750 quamvis
690 2725 736 2743 uua
754 2726 810 2742 vera
829 2721 949 2743 sententia
961 2721 1002 2750 sit,

213 2755 275 2786 quod
292 2750 447 2786 septuaginta
466 2750 522 2774 auiti
538 2749 596 2774 tunc
615 2749 736 2786 adlﬁnetu
756 2749 898 2786 vergebant.
919 2753 1002 2774 locutu

214 2779 284 2810 ἐκοόί
300 2779 335 2812 li,
349 2779 393 2812 £0:
402 2782 483 2808 aliter.
496 2787 523 2804 ac
534 2786 588 2805 mea
601 2779 698 2811 quidem
710 2781 831 2812 sententia
853 2780 925 2812 longe
937 2787 1001 2804 cont-

214 2818 306 2841 modius
317 2810 437 2845 accepere
455 2818 510 2841 ιικ,
522 2817 550 2836 ac
561 2810 617 2842 post
631 2816 673 2835 eos
689 2810 814 2841 Iosephus,
826 2811 949 2841 Eusebius,
961 2815 1002 2836 se-

216 2854 295 2878 verus,
307 2845 464 2877 Augustinus.

931 123 963 150 lN
984 94 1166 153 Dstb'lELlEll.

1806 130 1860 160 238

1076 181 1217 208 Jrremiain
1232 181 1398 216 prepltetam,
1416 182 1441 208 in
1455 183 1677 218 complementum
1693 185 1867 214 desolationis

1075 226 1246 262 Jerosolymm
1261 227 1425 262 septuaginta
1441 228 1513 255 anni.
1539 229 1571 255 Et
1589 229 1648 256 dedi
1667 229 1759 258 faciem
1777 240 1864 260 meatu

1074 271 1106 298 ad
1123 272 1260 298 Dominum
1278 273 1359 299 Deunt
1371 293 1378 305 ,
1393 277 1420 299 ut
1433 273 1599 307 exquirerem
1614 275 1761 303 orationem
1776 281 1803 304 et
1816 277 1863 304 de-

1074 317 1252 351 precationem
1272 317 1298 344 in
1316 318 1422 352 jejuniis
1442 323 1469 345 et
1491 326 1567 345 sacco
1587 324 1612 346 et
1633 320 1731 347 cinere.
1747 330 1756 347 ι
1778 322 1865 350 Cerne

1074 363 1227 398 religionem
1247 363 1393 398 prophetat.
1417 363 1450 390 Et
1470 364 1539 396 dedi,
1556 365 1647 399 inquit,
1665 366 1754 400 fortem
1771 376 1862 394 meam.

1073 407 1129 434 Hoc
1151 412 1200 441 est,
1224 407 1330 435 Robore
1352 409 1466 435 suffusus
1485 417 1557 436 eram
1580 415 1677 443 antea,
1692 419 1788 446 nempe
1803 418 1864 440 ante

1073 453 1299 485 ltitntiliationcm;
1317 461 1386 480 nunc
1400 461 1463 481 vero
1479 453 1552 485 Dedi,
1567 455 1591 482 id
1617 461 1667 487 est,
1685 456 1773 484 Ausus
1791 464 1860 484 sum.

1072 498 1146 537 Quod
1163 499 1183 525 si
1203 507 1259 525 rem
1278 498 1392 526 debitam
1414 500 1582 533 postulasset,
1597 509 1661 528 sane
1675 510 1727 529 tton
1741 503 1860 537 dixisset,

1071 542 1138 569 Dedi
1151 543 1240 578 faciem
1255 552 1345 575 nteant,
1358 546 1432 578 qttasi
1444 544 1469 571 in
1485 545 1552 571 facto
1565 547 1711 580 periculose
1726 553 1859 583 suscepto.

1071 588 1097 615 Si
1112 596 1158 623 pro
1172 589 1230 616 aliis
1243 593 1313 616 tanto
1327 590 1408 616 utitur
1421 590 1519 623 studio,
1535 591 1555 617 si
1569 596 1640 618 tanta
1655 600 1714 619 eum
1729 593 1862 622 frueretur

1071 639 1123 661 tam
1139 634 1208 669 apud
1224 635 1318 668 Deum,
1333 643 1412 670 quam
1433 636 1502 671 apud
1523 645 1611 672 regem
1625 659 1633 671 ,
1656 639 1837 667 benevolentia
1851 661 1858 673 ,

1072 680 1163 707 harum
1176 685 1261 707 tamen
1276 688 1364 708 rerum
1379 681 1479 709 nullum
1495 689 1601 710 sensum
1616 683 1712 717 habet,
1725 685 1770 712 sed
1783 687 1859 720 quasi

1070 725 1128 759 ipse
1139 726 1164 752 in
1180 726 1256 753 malis
1267 731 1419 754 verSaretur
1430 747 1438 760 ,
1452 728 1535 762 magis
1555 728 1690 756 mordetur
1703 737 1733 756 ac
1749 731 1859 759 moleste

1069 770 1129 803 fert,
1147 778 1225 805 quam
1247 770 1263 798 ii
1287 771 1331 806 qui
1354 771 1388 799 ab
1408 779 1438 799 ea
1461 772 1611 800 calamitate
1625 779 1700 801 erant
1716 777 1857 810 oppressi:

1068 816 1201 851 quomodo
1223 816 1282 851 quis
1301 824 1361 843 eum
1383 817 1461 852 digne
1483 818 1610 845 miretur?
1629 819 1694 846 Vide
1708 825 1794 848 autem
1806 842 1812 853 ,
1831 827 1860 849 ut

1068 861 1147 888 etiam
1166 866 1226 896 post
1246 862 1304 889 illas
1325 861 1493 895 afﬂictiones,
1510 870 1561 890 non
1577 871 1657 891 ausus
1670 865 1704 891 sit
1718 865 1855 900 accedere,

1068 906 1155 934 donec
1165 907 1229 934 vidit
1241 911 1345 942 tempus
1355 915 1413 934 esse
1428 908 1599 943 completum.
1615 909 1664 937 Ubi
1677 917 1740 945 ergo
1754 911 1859 939 deside-

1068 953 1154 980 bimus
1169 953 1305 988 deinceps,
1329 961 1377 981 nos
1395 954 1504 981 miseri?
1526 954 1594 987 Quid
1609 955 1656 987 ais,
1674 963 1690 982 ο
1704 956 1816 984 Daniel?
1831 957 1857 984 itt

1067 999 1201 1034 prosperis
1218 1004 1244 1025 tu
1258 1007 1300 1031 es;
1318 999 1446 1026 honorem
1462 1000 1542 1027 habes
1561 1008 1574 1027 a
1597 1001 1668 1034 Deo,
1682 1006 1709 1028 et
1725 1002 1757 1029 ab
1770 1002 1857 1030 homi-

1067 1046 1162 1077 nibus;
1179 1045 1241 1080 quid
1256 1046 1301 1073 tibi
1315 1053 1386 1073 curte
1401 1047 1485 1073 estde
1499 1047 1621 1074 caneris?
1643 1047 1687 1075 Sic
1706 1053 1733 1076 et
1753 1049 1857 1084 MoySt-s

1067 1092 1171 1127 agebat.
1186 1092 1218 1119 Et
1231 1093 1292 1127 quid
1308 1093 1361 1119 ait?
1377 1093 1409 1119 In
1418 1094 1524 1128 jejuuiis
1539 1098 1563 1120 et
1581 1103 1653 1122 sacco
1665 1100 1687 1122 et
1700 1096 1792 1127 cinere.
1807 1097 1855 1123 de-

1067 1137 1119 1164 bita
1137 1137 1256 1172 exigens.
1271 1137 1338 1171 Quid
1359 1138 1440 1170 enim,
1457 1138 1478 1165 si
1494 1138 1658 1166 debebatur?
1671 1140 1709 1167 Ne
1724 1140 1792 1168 forte
1806 1141 1853 1168 .lu-

1066 1183 1116 1210 dtei
1136 1190 1164 1210 se
1183 1183 1233 1210 ltoc
1252 1191 1357 1218 quoque
1378 1184 1499 1219 indignos
1521 1184 1654 1212 fecissent.
1678 1186 1754 1221 Apud
1771 1187 1854 1215 Deum

1066 1229 1164 1264 quippe
1184 1236 1235 1255 non
1259 1233 1300 1255 est
1319 1231 1481 1262 necessitas;
1497 1230 1619 1264 superior
1634 1230 1733 1265 legibus
1748 1226 1797 1258 est.
1821 1231 1855 1259 Ut

1065 1283 1210 1310 qua’rerem,
1226 1275 1319 1309 inquit,
1333 1275 1473 1301 orationem
1485 1279 1508 1301 et
1523 1275 1733 1310 deprecationem.
1757 1277 1783 1304 ld
1800 1279 1853 1311 pri-

1065 1330 1137 1349 tnum
1149 1321 1244 1356 poscit.
1258 1321 1286 1349 Si
1298 1322 1432 1356 permittat
1443 1321 1517 1354 mihi,
1531 1321 1624 1356 inquit,
1637 1329 1685 1356 pro
1696 1322 1747 1349 illis
1759 1330 1852 1353 orare;

1065 1367 1188 1402 quoniam
1203 1367 1323 1393 audierat
1336 1366 1478 1393 Jeremiam
1493 1366 1542 1393 ista
1557 1367 1638 1394 verba
1652 1374 1667 1394 a
1683 1367 1793 1394 Dutltinn
1809 1376 1852 1395 re-

1065 1413 1158 1440 tulisse
1172 1421 1178 1440 :
1195 1413 1234 1439 Ne
1247 1421 1302 1440 ores
1316 1421 1361 1448 pro
1377 1413 1470 1447 populo
1483 1413 1541 1446 isto,
1558 1417 1580 1439 et
1594 1421 1624 1439 ne
1635 1413 1744 1448 postules
1759 1423 1804 1448 pra
1816 1415 1852 1441 eis

1065 1458 1139 1496 (Jer.
1151 1460 1177 1486 7.
1191 1458 1223 1486 16
1235 1459 1255 1493 ).
1279 1459 1447 1486 Auxiliantur
1470 1459 1519 1494 ipsi
1542 1460 1680 1494 captivitas
1692 1481 1699 1492 ,
1714 1465 1833 1495 tempora
1844 1482 1852 1494 ,

1064 1505 1169 1540 propria
1185 1505 1276 1536 virtus,
1289 1508 1316 1531 et
1329 1504 1400 1540 quod
1411 1505 1548 1532 innumera
1563 1512 1611 1539 pro
1627 1505 1681 1533 Deo
1693 1513 1784 1540 passus
1797 1506 1850 1539 sit;

1064 1555 1091 1579 et
1113 1555 1200 1578 tamen
1218 1550 1334 1578 nondum
1347 1549 1467 1582 conlidit,
1483 1549 1530 1577 sed
1549 1550 1666 1591 cinerem
1681 1551 1852 1579 substernens

1064 1603 1090 1624 et
1105 1604 1222 1629 saccum,
1238 1597 1272 1623 ita
1287 1595 1453 1630 precabatur.
1468 1594 1536 1628 Quid
1550 1595 1676 1622 faciemus
1691 1603 1739 1623 nos
1752 1596 1796 1631 qui
1813 1597 1852 1622 in-

1064 1642 1179 1670 dolentia
1194 1649 1286 1669 lsumus
1299 1641 1421 1676 prmditi?
1435 1640 1511 1668 lluue
1524 1641 1641 1675 oportuit
1654 1641 1730 1667 nobis
1743 1641 1850 1668 imitan-

1063 1689 1125 1717 dum
1138 1695 1293 1724 proponere.
1302 1687 1369 1714 Nam
1379 1695 1412 1714 ne
1423 1686 1481 1721 quis
1493 1686 1572 1719 dicat,
1583 1686 1698 1721 reliquos
1708 1687 1851 1722 prophetas

1064 1741 1170 1771 propter
1182 1738 1362 1770 paupertatem
1373 1733 1421 1760 ista
1433 1733 1527 1760 fecisse
1539 1732 1597 1767 :qtti
1610 1733 1723 1760 maxime
1733 1733 1849 1760 ontttiunt

1062 1785 1169 1808 evectus
1175 1780 1258 1807 fuerat
1265 1779 1296 1806 ad
1304 1779 1458 1813 dignitatum
1465 1777 1675 1812 amplitudinem,
1685 1778 1729 1805 ille
1739 1777 1854 1807 maxime

1062 1827 1180 1854 omniunt
1190 1833 1219 1853 se
1229 1825 1363 1860 deprimit.
1378 1823 1412 1851 Et
1421 1823 1455 1851 de
1465 1824 1566 1851 semine
1581 1823 1665 1858 regni,
1676 1830 1707 1850 ac
1721 1825 1755 1852 de
1766 1825 1849 1857 stirpe

1062 1873 1133 1908 regia
1153 1877 1220 1904 erat,
1241 1876 1268 1898 et
1289 1875 1327 1898 tot
1351 1875 1475 1905 tantaque
1495 1870 1579 1897 fuerat
1602 1874 1790 1904 consequutus.
1812 1870 1848 1897 lta

1062 1923 1166 1953 oportet
1176 1918 1266 1952 lugere
1275 1923 1322 1943 sua
1334 1916 1413 1948 mala,
1422 1916 1460 1943 sic
1471 1915 1583 1950 propriis
1592 1915 1717 1943 membris
1727 1922 1846 1949 parcere.

1061 1966 1124 1994 Haec
1134 1968 1174 1992 est
1185 1962 1379 1991 commiseratio
1392 1961 1591 1997 propltetarttut.
1608 1961 1671 1988 Vide
1685 1967 1805 1988 nostrum
1817 1969 1848 1988 ea

1061 2016 1137 2046 parte
1161 2008 1294 2044 praecipue
1314 2015 1374 2035 esse
1393 2006 1585 2034 admirabilem.
1606 2006 1710 2041 Moyses
1723 2006 1823 2034 dicebat
1840 2015 1846 2032 :

1061 2056 1192 2093 Siquidem
1211 2055 1322 2081 remittas
1343 2054 1376 2080 eis
1392 2053 1450 2080 :ain
1471 2053 1571 2084 minus,
1593 2054 1667 2079 etiam
1685 2060 1723 2079 me
1741 2049 1795 2077 dele
1817 2052 1847 2078 de

1060 2103 1122 2131 libro
1137 2101 1234 2138 (Exod.
1249 2100 1293 2127 32.
1309 2099 1365 2134 52).
1380 2099 1428 2126 llic
1442 2099 1468 2126 in
1480 2098 1588 2133 jejuniis
1601 2103 1628 2125 et
1639 2098 1762 2133 lacrymis
1776 2106 1847 2125 eon-

1061 2150 1133 2177 tinue
1145 2148 1266 2182 degebat.
1288 2146 1385 2174 Paulus
1403 2145 1510 2172 assidue
1529 2145 1555 2171 in
1577 2145 1740 2179 lacrymis,et
1754 2149 1845 2172 contra

1059 2194 1206 2230 gehennam
1219 2193 1303 2228 ipsam
1315 2199 1396 2219 ausus
1410 2195 1458 2218 est.
1480 2190 1598 2225 Ipsorum
1613 2190 1700 2217 nullus
1712 2197 1790 2217 sensu
1806 2190 1846 2217 af-

1059 2240 1146 2267 ficitur
1158 2238 1325 2273 propriorum
1341 2237 1486 2267 bonorum;
1502 2235 1548 2263 sed
1560 2239 1588 2262 ut
1602 2235 1627 2262 in
1642 2242 1760 2269 corpore,
1780 2242 1844 2262 oeu-

1057 2286 1099 2314 lus
1109 2285 1170 2313 licet
1181 2283 1291 2319 pulcher
1300 2282 1343 2316 sit,
1357 2289 1409 2309 non
1421 2286 1508 2309 tamen
1521 2281 1646 2315 percipiet
1656 2287 1710 2307 sua:
1720 2280 1846 2308 bonitatis

1057 2339 1089 2358 ac
1104 2329 1306 2366 pulchritudinis
1325 2335 1444 2361 sensum,
1463 2327 1484 2354 si
1504 2325 1584 2361 pedes
1597 2325 1734 2360 putrefacti
1749 2325 1802 2352 sint
1813 2332 1844 2352 ac

1057 2375 1193 2411 corrupti;
1209 2375 1242 2401 ita
1251 2378 1277 2402 et
1288 2378 1351 2401 tunc
1361 2376 1427 2400 erat.
1442 2372 1496 2399 Cur
1506 2371 1590 2398 cinis?
1604 2370 1769 2397 Admonebat
1782 2378 1842 2397 eum

1057 2423 1170 2458 propria:
1179 2425 1290 2447 naturae.
1300 2420 1353 2447 Cur
1363 2418 1471 2448 saccus?
1485 2417 1634 2452 Asperitate
1644 2416 1778 2450 deprimit.
1792 2416 1845 2443 Cur

1056 2468 1206 2505 jejunium?
1221 2467 1254 2494 Et
1267 2466 1352 2501 ipsum
1367 2473 1398 2492 ea
1411 2472 1470 2500 quae
1479 2464 1505 2490 in
1518 2462 1639 2498 paradiso
1650 2466 1723 2497 gesta
1733 2465 1806 2490 sunt.
1817 2461 1842 2488 itt

1052 2514 1211 2548 memoriam
1233 2512 1383 2540 revocabat.
1404 2509 1452 2537 [lic
1469 2510 1532 2537 viris
1551 2508 1650 2536 sanctis
1669 2513 1727 2534 mos
1747 2511 1799 2540 est,
1813 2515 1846 2535 ea

1055 2568 1115 2596 quae
1135 2558 1253 2593 affligunt
1272 2556 1431 2585 consectari.
1455 2555 1546 2590 Neque
1566 2558 1635 2581 terra
1657 2553 1753 2590 dignus
1772 2558 1838 2582 sum,

1055 2607 1149 2641 inquit,
1164 2612 1250 2640 neque
1271 2603 1395 2634 vestibus,
1409 2609 1498 2636 neque
1518 2600 1597 2627 rebus
1618 2606 1677 2634 qtun
1697 2597 1840 2625 secundum

1056 2657 1176 2680 naturam
1198 2655 1270 2681 sunt,
1289 2648 1337 2676 sed
1358 2648 1471 2682 graviori
1493 2646 1639 2681 supplicio,
1663 2645 1707 2679 qui
1728 2643 1841 2672 Persicis

1055 2699 1166 2726 amictus
1179 2704 1237 2729 sum
1254 2695 1381 2729 vestibus,
1398 2694 1441 2728 qui
1456 2693 1547 2719 tiaram
1561 2696 1636 2727 gesto
1644 2691 1791 2718 Persicam.
1808 2689 1840 2716 Et

1054 2744 1116 2780 quid
1129 2743 1183 2770 ait?
1195 2741 1337 2769 Videamus
1351 2739 1556 2768 confessionem.
1573 2738 1597 2764 Δ.
1616 2736 1647 2764 Et
1660 2736 1729 2763 oravi
1742 2735 1775 2762 ad
1789 2733 1826 2760 Do
1838 2748 1841 2751 -

1054 2791 1149 2817 miuum
1170 2789 1250 2818 Deum
1272 2795 1362 2813 meum.
1383 2785 1468 2812 Cerne
1483 2791 1600 2811 antorem
1615 2790 1675 2816 erga
1692 2781 1839 2808 Dominum.
1861 2788 1865 2791 ’

1058 2837 1137 2863 Deum
1147 2842 1238 2867 meum,
1251 2833 1344 2868 inquit.
1361 2831 1408 2859 Cui
1419 2839 1470 2858 non
1482 2829 1592 2857 audebat
1603 2828 1760 2862 supplicare,
1773 2825 1841 2852 lmttc
