2072 3123
166 153 215 182 2;!

169 212 264 238 urbem
276 217 328 237 non
338 209 475 243 remigrat,
487 211 515 236 ut
525 212 601 236 antea
614 207 662 244 (τι).
677 207 742 242 Quis
754 210 841 235 autem
853 207 961 235 omnino

170 257 201 284 de
217 257 304 284 reditu
320 256 334 283 Ι·
346 259 444 291 qantus
459 255 518 282 est?
533 254 626 282 Nemo.

501 322 578 351 CAP.
598 322 632 350 Χ.

208 391 219 417 Ι
254 399 262 415 ι
281 389 307 417 In
321 396 392 417 anno
406 389 484 416 tertio
495 388 555 424 Cyri
566 388 634 424 regis
647 388 788 416 Persarum
803 387 839 424 (ιι)
855 387 962 415 verbum

174 436 320 464 revelatum
334 442 374 463 est
389 435 500 468 Danieii,
514 435 558 470 qui
571 435 722 462 nominatus
733 439 772 461 est
786 434 914 461 Baltasar.
932 434 965 462 Et

173 490 265 510 verum
278 487 336 510 erat
349 482 459 509 verbum
472 490 479 514 ς
496 485 523 509 et
534 481 651 516 potentia
665 488 759 516 magna
772 485 800 508 et
814 480 965 515 intelligen-

173 531 207 558 tia
221 530 281 558 data
295 529 370 557 esrei
386 529 412 556 in
423 529 535 555 visione.
549 528 576 555 2.
593 528 620 555 ln
632 527 725 555 diebus
739 527 790 559 illis
805 534 854 562 ego
869 527 962 554 Daniel

174 576 198 602 in
211 576 282 603 luctu
296 583 369 602 eram
384 579 438 601 tres
451 573 642 601 hebdomadas.
654 574 681 601 5.
702 573 799 600 Panem
817 572 965 600 desiderio-

174 631 233 650 rum
247 630 299 649 non
315 621 434 654 comedi,
448 626 475 648 ct
492 627 586 648 carnes
600 627 631 647 ac
642 619 731 646 vinum
742 626 794 646 non
806 619 967 646 introierunt

174 670 202 696 in
222 677 253 696 os
266 677 354 696 meum
370 688 378 701 ,
394 673 421 695 et
435 670 570 702 unguento
589 674 642 694 non
657 670 752 693 unctus
765 673 824 692 sum
841 672 922 700 usque
934 664 966 691 ad

175 719 230 742 tres
245 713 427 742 hebdomadas
442 712 545 739 dierum
564 721 574 738 ι
593 711 640 747 (ι).
656 711 744 744 Quare
761 710 858 738 iterum
872 709 967 744 luget?

175 760 241 788 Nam
261 760 283 787 si
299 760 400 795 primus
415 767 501 786 annus
518 758 579 794 Cyri
600 758 762 790 advenerat,
777 765 825 785 cur
838 755 969 792 lnget?et

176 814 270 834 omnes
281 806 339 834 dies
350 827 357 839 ,
373 813 433 833 cum
451 813 532 832 unum
550 804 687 832 dumtaxat
703 804 793 838 lugere
813 801 968 830 debuisset?

177 852 280 881 Rursus
295 851 360 878 nihil
375 850 448 878 audit
458 850 491 877 de
503 850 535 877 iis
548 849 637 882 rebus,
656 856 704 884 pro
719 848 814 883 quibus
825 851 884 874 orat
904 846 968 873 Mihi

177 898 284 925 videtur
303 896 372 932 quod
390 904 438 930 pro
456 895 588 922 solutione
605 895 784 922 calamitatum
798 892 968 928 prmsentium

179 947 312 979 precatur.
327 943 360 969 At
371 942 440 970 Deus
451 941 515 968 nihil
532 942 594 974 tale,
611 941 658 968 sed
671 940 785 974 idipsum
800 938 869 973 qttod
878 945 968 972 supra,

178 995 258 1024 atque
271 989 388 1024 apertius
401 989 473 1016 dicit.
488 988 541 1014 Iino
553 991 581 1014 ut
591 993 685 1014 onmes
699 985 808 1013 redeant
819 983 899 1015 [orat
916 984 970 1011 Da~

179 1035 243 1062 niel.
270 1035 344 1062 Licet
363 1034 433 1062 enim
449 1041 543 1068 magna
558 1036 648 1060 essent
670 1031 738 1058 mala
751 1051 757 1062 ,
773 1030 868 1066 quibus
885 1029 970 1056 Judaei

180 1081 393 1117 premebantur,
424 1087 478 1108 non
506 1084 593 1106 tattten
630 1078 691 1105 ideo
721 1076 826 1104 volebat
857 1075 970 1111 patriam

179 1130 312 1155 amittere.
334 1127 385 1155 iste
407 1131 495 1154 autem
517 1125 626 1160 angelus
648 1124 745 1152 clarius
763 1131 794 1151 ac
809 1123 927 1150 exactius
945 1121 971 1148 id

180 1174 254 1201 dicit.
268 1173 335 1200 Vide
347 1177 436 1200 autem
451 1171 548 1206 ubique
560 1170 695 1198 Danielem
709 1177 762 1197 non
775 1169 930 1203 simpliciter
940 1174 971 1194 nc

181 1221 240 1247 sine
253 1219 344 1247 labore
354 1219 474 1246 obtinere
485 1217 612 1249 visiones,
627 1215 673 1243 sed
682 1215 868 1250 cumjejuniis.
881 1213 973 1248 Quan-

181 1266 216 1293 do
237 1265 355 1299 oportuit
377 1264 511 1292 somnium
534 1263 657 1294 discere,
678 1261 807 1296 jejunium
824 1260 970 1295 praecessit.

181 1311 247 1339 Cum
258 1310 364 1338 Gabriel
378 1309 512 1344 apparuit,
522 1308 653 1343 jejunium
671 1307 766 1334 iterum
780 1327 787 1340 ,
807 1311 834 1334 et
847 1306 929 1338 cinis,
946 1309 973 1333 et

182 1364 277 1386 saccus
292 1364 371 1384 :cum
387 1356 437 1384 iste
451 1355 614 1390 conspicitur
625 1374 633 1386 ,
653 1358 679 1381 et
690 1353 820 1389 jejunium
827 1358 861 1381 et
874 1353 971 1380 oratio.

182 1404 235 1432 Sed
248 1403 307 1431 vide
319 1403 443 1438 angelum
462 1409 492 1430 se
513 1401 705 1437 propemodum
719 1406 846 1428 excusare
860 1399 971 1427 Danieli.

183 1451 210 1478 ι.
225 1459 234 1475 ε
253 1450 285 1477 Et
296 1450 321 1476 in
336 1449 379 1476 die
393 1448 518 1484 vigesima
530 1452 624 1483 quarta
638 1447 737 1474 mensis
749 1447 826 1482 primi
839 1454 888 1482 ego
899 1454 972 1474 eram

181 1495 255 1530 juxta
274 1495 381 1522 ﬂuvium
397 1501 538 1528 magnum,
556 1493 599 1521 hic
613 1498 655 1520 est
670 1492 766 1527 Tigris.
787 1493 813 1519 5.
835 1493 868 1520 Et
889 1492 973 1520 levavi

184 1542 276 1569 oculos
290 1548 381 1574 meos,
395 1544 421 1568 et
432 1540 484 1567 vidi
498 1548 506 1567 :
522 1544 549 1568 ct
569 1547 633 1567 ecce
647 1538 687 1567 vir
697 1538 805 1566 indutus
817 1537 908 1565 Badim
923 1559 931 1570 ,
947 1542 975 1566 ct

183 1588 291 1619 iumbus
300 1587 358 1622 ejus
369 1586 525 1621 praecinctus
535 1593 600 1613 auro
611 1585 709 1620 ()phaz,
721 1585 748 1612 6.
763 1588 789 1613 et
797 1592 894 1620 corpus
905 1585 972 1620 ejus,

184 1634 260 1669 quasi
274 1633 394 1665 That-sis,
408 1637 435 1660 et
449 1633 530 1659 facies
541 1632 598 1666 ejus
609 1652 616 1664 ,
629 1637 657 1658 ut
668 1635 793 1666 aspectus
804 1630 914 1666 fulguris
923 1650 932 1664 ,
947 1634 975 1658 ct

183 1679 252 1707 oculi
275 1679 332 1714 ejus
342 1700 349 1712 ,
366 1679 437 1706 velut
456 1678 591 1713 lampades
605 1678 673 1713 ignis
683 1698 691 1711 ,
706 1681 734 1705 ct
747 1677 854 1705 brachia
869 1678 928 1712 ejus
942 1685 974 1705 ac

182 1733 274 1759 crura,
285 1725 353 1752 sicut
367 1725 433 1751 visio
446 1724 506 1752 aeris
519 1724 683 1752 coruscantis
695 1745 703 1757 ,
714 1728 739 1751 et
755 1731 804 1751 vox
820 1731 973 1751 sermonum

184 1772 253 1806 ejus,
269 1771 344 1806 quasi
355 1779 405 1798 vox
420 1771 514 1800 turbte.
529 1771 554 1797 7.
569 1771 601 1797 Et
614 1770 666 1797 vidi
679 1778 729 1805 ego
745 1771 836 1798 Daniel
846 1771 919 1798 solus
935 1771 974 1799 vi—

184 1818 286 1845 sionem
299 1838 306 1850 ,
323 1821 351 1845 et
369 1818 418 1844 viri
431 1818 475 1853 qui
491 1821 569 1845 erant
586 1825 690 1845 mecum
711 1817 838 1845 visionem
860 1825 912 1845 non
934 1818 975 1845 vi-

185 1863 291 1896 derunt,
308 1863 355 1890 sed
367 1867 453 1890 terror
464 1864 552 1898 gravis
565 1863 640 1890 irruit
651 1870 732 1898 super
742 1870 799 1896 eos,
813 1868 841 1890 et
852 1863 975 1899 fugerunt

185 1910 211 1937 io
226 1910 331 1937 timore.
343 1910 419 1937 8.-Ει
434 1917 483 1944 ego
494 1910 602 1937 relictus
613 1917 672 1936 sum
683 1910 767 1943 solus,
779 1915 806 1937 et
819 1909 872 1937 vidi
888 1910 972 1937 visio-

185 1964 246 1983 nem
263 1964 384 1991 magnam
396 1956 474 1988 bane,
488 1960 516 1983 et
530 1963 582 1983 non
595 1956 723 1983 remansit
738 1956 763 1983 in
778 1964 822 1983 me
835 1955 972 1990 fortitudo,

185 2006 212 2029 et
227 2001 311 2037 gloria
334 2009 392 2029 mea
406 2009 534 2029 conversa
548 2006 590 2029 est
604 2002 630 2029 in
649 2002 846 2036 corruptionem
860 2023 867 2034 ,
881 2006 908 2030 et
920 2010 974 2030 non

185 2048 284 2075 retinui
296 2047 388 2074 robur.
400 2048 427 2075 9.
440 2047 475 2074 Et
484 2047 572 2075 audivi
584 2055 676 2077 vocem
688 2054 842 2075 sermonum
857 2047 932 2082 ejus:
948 2052 975 2075 ct

185 2101 245 2120 cum
257 2101 309 2129 ego
329 2094 447 2121 audirem
464 2114 471 2127 ,
490 2101 563 2121 oram
584 2098 759 2129 compunctus
778 2101 859 2128 super
879 2093 974 2122 faciem

185 2147 272 2167 meam
285 2161 293 2172 ,
308 2145 335 2167 et
350 2139 432 2167 facies
445 2147 503 2168 mea
517 2147 597 2174 super
610 2144 719 2166 terram.
735 2139 778 2167 lo.
794 2139 825 2166 Et
838 2147 900 2167 ecce
916 2147 973 2167 ma-

186 2193 236 2213 nus
248 2185 332 2220 tetigit
348 2193 402 2218 me,
415 2193 448 2213 ac
460 2186 548 2213 erexit
559 2192 601 2213 me
614 2192 693 2220 supor
707 2192 791 2220 genua
804 2193 874 2218 mea,
887 2190 914 2213 et
926 2193 974 2213 su-

185 2239 233 2268 per
255 2231 365 2266 vestigia
387 2231 485 2266 pedum
507 2238 628 2259 meorum
645 2231 664 2257 ι.
677 2231 720 2258 Η.
737 2231 770 2258 Εῑ
783 2231 849 2258 dixit
861 2231 894 2258 ad
909 2239 951 2259 me
965 2240 972 2258 :

186 2277 298 2310 Daniel,
321 2277 362 2304 vir
374 2277 569 2305 desideriorum
583 2297 591 2309 ,
615 2276 732 2312 intellige
755 2276 782 2303 in
805 2277 974 2304 sermonibus

184 2331 252 2359 quos
270 2331 319 2360 ego
335 2324 429 2359 loquor
447 2323 481 2350 ad
498 2327 537 2354 te,
554 2328 581 2351 et
598 2326 638 2350 sta
656 2323 682 2350 in
706 2323 820 2350 statione
835 2327 878 2350 tua
890 2344 897 2356 ,
912 2323 974 2358 quia

216 2414 224 2429 ί
244 2412 412 2438 Theodoretus
422 2412 492 2444 legit,
501 2417 614 2440 manuum
624 2417 741 2442 mearum,
749 2417 802 2443 pro,
812 2409 902 2443 pedum
910 2417 974 2437 meo-

178 2451 247 2469 νηιη.

215 2475 252 2506 (a)
268 2475 453 2499 Interdixcrant
463 2474 555 2505 quippe
573 2473 668 2498 Romani
682 2472 778 2506 audacis,
802 2479 835 2497 ne
853 2472 974 2506 Jerpsoly-

183 2502 248 2530 mani
268 2502 573 2537 ingrederentur."t'estcs
587 2508 644 2537 sunt
663 2504 783 2532 Justinus,
803 2502 971 2534 't‘ertulliamie,

183 2535 310 2591 lL‘luscbius',
321 2536 431 2567 Hilarius,
443 2537 572 2567 Gregorius
588 2535 756 2565 Nazianzenus,
776 2538 881 2559 Severus
899 2537 974 2567 atque

203 2574 349 2591 ieronvmus.

194 2571 208 2591 tt
213 2574 349 2596 eronymus.

216 2598 252 2628 (θ)
265 2598 317 2622 Hoc
328 2599 402 2629 igitur
414 2600 524 2629 tempore
535 2596 560 2622 in
568 2596 973 2629 extremarscrtectutqeratpaniel,

180 2630 208 2653 Et
221 2626 301 2660 tamen
312 2626 538 2660 sthrysostémus,
552 2629 625 2653 tertio
635 2628 668 2652 de
683 2626 918 2660 incomprehensibili
932 2628 973 2651 1ιυί

182 2663 277 2688 natura,
285 2658 403 2690 juvene-ni
411 2660 474 2684 facit.
487 2659 591 2690 (Nempe
605 2663 630 2684 Τ.
643 2660 666 2683 1.
679 2661 708 2684 Αι
724 2658 904 2690 (Thrysostonms
915 2664 973 2689 par-

181 2696 245 2722 ram,
258 2684 355 2722 εὐωρε
367 2689 459 2722 nullam
470 2684 603 2722 ιέηιρονὶυῃ
614 2690 730 2722 rationem
740 2684 830 2722 habet.)

212 2721 248 2752 (ε)
264 2719 432 2746 Thcddoretus
443 2721 490 2750 hic,
499 2719 522 2745 Si
532 2720 631 2745 Basilius
636 2720 736 2745 Humilia
748 2720 822 2751 prima
828 2719 860 2743 dc
871 2719 972 2752 Jejunio,

181 2755 208 2776 et
218 2750 303 2777 Foster
314 2753 421 2777 secunda
433 2756 515 2776 contra
527 2752 631 2778 Jttdeos.
643 2752 694 2776 cibo
710 2750 807 2782 penitus
819 2753 912 2782 ctyolu
921 2750 973 2774 obs-

180 2783 292 2808 tinentem
317 2790 361 2817 per
383 2787 435 2808 tres
461 2780 758 2817 hebdomadasmansisse
778 2780 970 2817 Dapielemhopi-

181 2819 269 2839 nautur
281 2821 288 2838 :
302 2812 329 2839 ut
340 2814 372 2838 de
385 2818 448 2838 ttose
461 2813 550 2843 legitur
562 2814 634 2837 Exodi
646 2813 685 2842 54,
698 2814 737 2837 28.
752 2813 816 2841 Quod
827 2819 882 2836 cttm
893 2812 973 2837 divino

182 2845 444 2880 contexuitadversari
458 2844 575 2875 \idcatur,
589 2844 614 2869 in
629 2844 776 2871 sententiam
793 2848 815 2868 δ.
835 2844 972 2875 Hieronymi

182 2876 281 2903 discedo
293 2877 381 2906 libens.

863 149 895 177 IN
916 149 1089 178 DANIEHEM

1755 151 1807 180 2i?

1020 215 1089 235 nunc
1104 214 1154 239 ego
1166 207 1263 235 missus
1278 215 1335 234 sum
1350 207 1383 235 ad
1398 212 1434 235 te.
1449 207 1570 241 Cumque
1587 207 1741 246 loqueretur
1754 210 1810 244 ipse

1016 253 1049 280 ad
1064 261 1107 280 me
1117 261 1269 280 sermonem
1285 253 1376 285 istum,
1391 253 1494 281 surrexi
1509 258 1634 280 tremens.
1663 254 1706 281 1‘2.
1722 254 1756 281 Et
1770 255 1810 281 di-

1018 298 1056 326 xit
1071 298 1103 325 ad
1115 306 1157 326 me
1170 307 1177 326 :
1192 298 1231 326 Ne
1245 300 1347 331 timeas,
1370 299 1470 331 Daniel,
1485 300 1547 334 quia
1560 307 1574 326 a
1586 299 1629 326 die
1640 300 1724 334 prima
1735 320 1743 333 ,
1758 308 1809 334 qua

1018 344 1114 372 dedisti
1130 352 1178 372 cor
1190 348 1262 371 ttntm
1276 344 1309 371 ad
1326 344 1538 379 intelligendum,
1554 349 1580 372 et
1595 345 1627 372 ad
1643 345 1811 380 aiﬂigcndum

1021 395 1046 418 te
1058 398 1147 418 coram
1167 391 1278 418 Domino
1294 392 1427 424 Deo-tuo,
1443 391 1532 418 audita
1543 395 1605 418 sunt
1619 391 1697 418 verba
1714 397 1767 422 tua,
1786 397 1812 418 et

1020 445 1070 473 ego
1079 437 1140 465 veni
1153 437 1179 464 in
1190 437 1278 465 verbis
1295 438 1357 465 tuis.
1373 446 1383 463 ι
1399 437 1481 465 Vides
1495 437 1565 472 quod
1580 437 1653 470 dixi,
1671 438 1741 465 hunc
1753 444 1810 464 tan-

1020 488 1074 511 tum
1086 491 1139 511 non
1159 491 1189 512 se
1207 491 1335 511 excusare
1350 484 1450 511 Danieli
1465 484 1477 510 ?
1493 483 1513 510 Α
1529 483 1610 519 prima
1625 484 1665 510 die
1676 505 1683 517 ,
1707 484 1791 518 inquit
1803 503 1812 516 .

1019 530 1111 557 missus
1123 538 1188 557 sum.
1203 529 1290 562 Quare
1305 537 1368 564 ergo
1382 534 1500 556 moratus
1514 530 1565 557 es?
1581 529 1622 557 l3.
1637 529 1672 556 Et
1693 530 1810 566 princeps

1020 577 1091 612 regni
1105 575 1241 603 Persarum
1262 575 1328 602 εἰειὶι
1353 583 1383 602 επ
1402 575 1508 603 adverso
1522 576 1571 602 mei
1593 584 1671 602 unum
1689 581 1712 602 et
1725 575 1813 610 viginti

1021 622 1084 648 dies.
1095 621 1198 648 Audisti
1214 621 1290 654 illud,
1309 621 1397 648 Posuit
1421 622 1538 649 tenninos
1552 622 1662 657 gentium
1676 622 1813 648 secundum

1021 675 1153 694 numerum
1162 668 1310 702 angelorum
1318 675 1420 694 suorum
1432 667 1518 704 (Deut.
1531 667 1576 695 52.
1589 666 1635 704 8)?
1646 668 1678 694 Et
1692 675 1813 703 nnaqtuev

1022 721 1074 748 que
1087 721 1151 748 gens
1163 713 1316 747 przefectum
1331 712 1411 740 habet
1429 713 1551 748 angelum
1563 733 1570 746 ,
1590 713 1633 748 qui
1650 713 1704 740 vult
1720 717 1813 747 poten-

1023 761 1074 789 tior
1087 768 1148 788 esse
1162 760 1280 795 reliquis.
1293 760 1325 787 Et
1335 760 1498 795 intelligentia
1514 760 1574 787 dum
1587 765 1622 787 est
1634 760 1658 786 ei
1669 761 1694 786 iu
1709 760 1813 787 visione.

1022 806 1079 834 Non
1103 806 1174 834 enim
1201 805 1351 833 sufiiciebat
1373 806 1497 833 docuisse
1519 813 1549 833 ea
1570 813 1629 841 qua:
1648 806 1810 833 dicebantur.

1023 853 1115 881 Cernis
1130 853 1207 881 aliter
1220 852 1319 880 institui
1342 852 1507 887 prophetas?
1523 851 1557 879 Et
1574 853 1653 879 virtus
1669 861 1762 887 magna
1773 852 1814 878 vi-

1023 900 1116 928 sionis.
1130 900 1200 928 Vere
1213 900 1283 927 enim
1295 907 1397 934 magnae
1413 899 1553 934 potestatis
1567 898 1624 931 fuit,
1639 899 1709 934 quod
1724 898 1810 925 homi-

1024 954 1071 974 nes
1084 946 1183 974 inlirmi
1197 945 1310 973 vicerint
1325 945 1400 973 illum
1423 945 1602 977 Antiochum,
1619 945 1664 979 qui
1675 948 1713 971 tot
1727 948 1814 970 tanta-

1024 999 1076 1027 que
1096 995 1278 1026 supcraverat.
1302 991 1336 1018 Et
1354 999 1439 1018 verum
1462 990 1573 1017 verbum.
1596 989 1814 1024 Quandoquidem

1026 1038 1145 1065 nonnulli
1161 1037 1286 1065 credituri
1309 1044 1360 1064 non
1375 1041 1463 1064 erant.
1484 1035 1563 1071 Cujus
1577 1043 1667 1062 nomen
1685 1035 1814 1062 Baltasar.

1025 1084 1223 1112 Commemorat
1238 1084 1282 1110 tibi
1305 1084 1409 1118 priora,
1434 1087 1462 1110 ut
1484 1083 1536 1110 fide
1557 1083 1654 1118 dignus
1675 1082 1814 1109 habeatur.

1027 1132 1067 1158 En
1090 1136 1117 1159 et
1144 1131 1245 1158 Pascha
1266 1130 1349 1158 solvit
1371 1130 1421 1166 (η).
1450 1129 1516 1157 Nam
1544 1129 1647 1156 Pascha
1676 1128 1702 1155 in
1730 1127 1815 1162 primo

1025 1176 1177 1204 celebratur
1190 1183 1281 1203 mense
1294 1184 1302 1208 ;
1316 1176 1366 1203 iste
1380 1182 1444 1202 vero
1455 1182 1539 1209 usque
1555 1174 1587 1200 ad
1601 1178 1722 1208 quartam
1739 1177 1766 1200 ct
1779 1173 1817 1199 vi-

1025 1223 1152 1250 cesimam
1172 1223 1272 1249 mensis
1282 1221 1423 1256 jejttnavit.
1440 1220 1533 1248 Incidit
1545 1224 1632 1246 autem
1647 1220 1672 1246 in
1685 1219 1817 1246 decimam

1026 1272 1146 1304 quartam
1159 1268 1289 1303 jejunium
1305 1267 1374 1293 illius
1385 1287 1391 1298 ,
1406 1270 1433 1293 et
1446 1273 1460 1292 a
1474 1265 1577 1292 decima
1589 1270 1684 1299 quarta
1698 1263 1729 1290 ad
1744 1263 1817 1290 vice-

1026 1316 1121 1343 simam
1133 1315 1255 1349 primam,
1270 1318 1296 1340 ct
1307 1313 1373 1340 duos
1388 1313 1454 1339 alios
1469 1311 1527 1338 dies
1540 1311 1625 1338 durat.
1642 1310 1709 1337 Vide
1721 1309 1815 1344 lcgalia

1024 1362 1078 1397 jam
1087 1365 1150 1389 tunc
1163 1360 1243 1388 fuisse
1257 1360 1393 1395 abrogata.
1408 1358 1502 1386 Nonne
1516 1365 1570 1393 prae
1581 1356 1722 1384 formidine
1734 1356 1759 1382 in
1775 1355 1818 1382 fu-

1026 1415 1085 1443 gam
1096 1414 1242 1435 conversus
1254 1414 1293 1438 es,
1307 1413 1323 1432 o
1338 1404 1447 1432 Daniel?
1461 1404 1577 1436 Minime,
1592 1402 1685 1438 inquit.
1701 1401 1819 1429 Adi-crte

1027 1461 1080 1488 quo
1094 1453 1146 1480 loci
1159 1452 1244 1479 visum
1259 1450 1349 1478 videat
1368 1459 1374 1477 :
1391 1450 1417 1476 in
1432 1449 1540 1476 deserto
1554 1469 1561 1482 ,
1575 1448 1645 1475 sicut
1661 1451 1688 1475 et
1703 1447 1818 1482 Moyses.

1029 1499 1114 1527 Urbes
1124 1505 1238 1533 namque
1249 1496 1406 1524 tumultibus
1419 1500 1446 1523 et
1457 1494 1655 1529 perturbatione
1667 1493 1751 1528 plenzc
1757 1496 1820 1519 sunt

1028 1543 1089 1581 (ὁ).
1105 1544 1149 1572 Sic
1161 1544 1242 1571 etiam
1256 1541 1378 1569 Christus
1394 1542 1420 1568 in
1436 1544 1527 1568 monte
1542 1538 1757 1574 transliguratnr.
1775 1538 1817 1564 l5.

1031 1601 1040 1618 ι
1059 1591 1093 1618 Et
1110 1598 1174 1618 ecce
1193 1589 1304 1617 Michael
1323 1596 1393 1616 unus
1406 1587 1440 1615 de
1461 1586 1626 1622 principibus
1642 1585 1734 1620 pritnis
1748 1584 1819 1611 venit

1027 1637 1060 1665 ad
1080 1636 1260 1664 auxiliandum
1280 1634 1343 1662 mihi
1360 1638 1408 1662 :et
1427 1641 1470 1661 mc
1493 1633 1660 1668 reliquerunt
1676 1631 1712 1658 ibi
1733 1631 1739 1646 '
1756 1637 1815 1657 cum

1028 1683 1147 1719 principe
1160 1683 1230 1717 regis
1240 1681 1392 1709 Persarum.
1412 1680 1456 1707 Η.
1475 1679 1508 1706 Et
1524 1679 1584 1705 veni
1602 1682 1632 1705 ut
1653 1677 1777 1705 docerem
1792 1681 1818 1704 te

1028 1736 1201 1765 qumcumqne
1221 1731 1347 1755 eventura
1370 1729 1432 1753 sunt
1447 1725 1545 1760 popttlo
1562 1729 1607 1751 tuo
1623 1724 1648 1750 in
1668 1723 1819 1750 novissimis

1027 1776 1122 1804 diebus
1132 1797 1139 1810 ,
1153 1776 1213 1809 quia
1226 1781 1288 1802 cccc
1303 1773 1369 1800 visio
1385 1773 1411 1799 in
1427 1772 1495 1799 dies.
1509 1771 1553 1798 15.
1571 1771 1603 1798 Et
1615 1777 1674 1798 cum
1689 1769 1814 1804 loquerc-

1028 1827 1071 1850 tur
1082 1822 1138 1856 ipse
1149 1828 1253 1848 mecum
1267 1819 1355 1847 omnia
1370 1818 1449 1845 verba
1464 1817 1530 1849 htec,
1548 1815 1608 1843 dedi
1623 1815 1717 1842 faciem
1731 1822 1817 1841 meam

1027 1875 1107 1902 super
1121 1871 1229 1896 terram.
1246 1870 1272 1892 et
1284 1868 1460 1898 compunctus
1473 1870 1542 1889 sum.
1560 1861 1604 1889 16.
1621 1861 1654 1888 Et
1668 1868 1731 1888 ecce
1744 1860 1819 1894 quasi

1027 1912 1174 1941 similitudo
1189 1912 1233 1938 filii
1245 1910 1361 1937 hominis
1374 1909 1460 1943 tetigit
1476 1907 1543 1935 labia
1560 1915 1629 1933 mea.
1647 1907 1675 1933 Et
1689 1906 1779 1940 aperui
1789 1912 1819 1931 os

1027 1959 1157 1988 meum,et
1163 1954 1291 1988 loquutus
1297 1955 1398 1984 sum,et
1405 1950 1459 1979 dixi
1467 1950 1500 1977 ad
1508 1957 1570 1977 eum
1578 1949 1623 1984 qui
1631 1949 1817 1976 stabatcoram

1027 2009 1069 2029 me
1080 2010 1086 2027 :
1096 2000 1218 2032 Domine,
1236 1999 1265 2026 in
1279 1998 1386 2026 visione
1403 2000 1447 2023 tua
1461 2002 1591 2023 conversa
1608 1999 1672 2021 sunt
1687 1994 1814 2022 interiora

1027 2055 1086 2076 mea
1099 2047 1127 2074 in
1141 2054 1193 2078 me,
1211 2049 1240 2073 et
1255 2052 1319 2072 ecce
1332 2051 1387 2070 non
1407 2041 1493 2070 habeo
1509 2040 1706 2068 fortitudinem.
1724 2041 1767 2067 17.
1782 2040 1816 2068 Et

1028 2095 1161 2131 quomodo
1176 2093 1272 2128 poterit
1283 2098 1377 2120 servus
1388 2094 1458 2123 tuus,
1471 2089 1592 2119 Domine,
1607 2087 1677 2122 loqui
1689 2095 1749 2113 cum
1765 2086 1818 2112 Do-

1028 2143 1100 2169 ntino
1109 2148 1168 2167 meo
1183 2138 1253 2167 isto?
1265 2138 1297 2165 Et
1310 2145 1342 2164 ex
1355 2143 1486 2163 nuncuon
1498 2134 1578 2162 stabit
1588 2134 1614 2160 in
1625 2140 1668 2160 mc
1681 2131 1818 2163 fortitudo,

1028 2192 1056 2216 et
1066 2187 1165 2214 halitus
1178 2193 1230 2212 non
1244 2188 1286 2212 est
1298 2183 1407 2211 relictus
1427 2182 1453 2208 in
1473 2189 1525 2208 me.
1541 2180 1585 2208 18.
1606 2179 1641 2207 Ει
1661 2178 1779 2211 addidit,
1793 2182 1821 2204 et

1028 2234 1114 2269 tetigit
1126 2240 1169 2260 me
1183 2231 1259 2267 quasi
1272 2229 1341 2257 visio
1359 2228 1475 2256 hominis
1491 2248 1498 2260 ,
1517 2231 1545 2254 et
1559 2225 1742 2254 corroboravit
1763 2232 1817 2252 me.

1031 2282 1071 2310 l9.
1090 2281 1198 2309 Etdixit
1212 2279 1293 2306 mihi:
1305 2277 1344 2305 Ne
1360 2277 1464 2308 timeas,
1480 2275 1521 2302 vir
1534 2274 1727 2302 desideriorum
1742 2294 1749 2306 ,
1765 2280 1817 2308 pax

1029 2329 1074 2356 tibi
1091 2348 1098 2360 ,
1118 2327 1230 2354 viriliter
1243 2332 1302 2360 age,
1322 2331 1353 2351 ac
1367 2327 1425 2351 esto
1441 2322 1525 2349 fortis.
1542 2321 1649 2348 Etcum
1664 2320 1820 2354 loqueretur

1028 2374 1086 2409 ipse
1100 2379 1203 2400 mecum
1217 2392 1224 2404 ,
1239 2370 1429 2398 corroboratus
1446 2375 1504 2395 sum
1521 2387 1528 2400 ,
1544 2371 1571 2394 et
1584 2366 1638 2394 dixi
1655 2375 1661 2392 :
1682 2365 1826 2399 Loquatur

1029 2419 1157 2447 Dominus
1171 2425 1247 2444 meus
1261 2437 1268 2450 ,
1285 2416 1346 2451 quia
1365 2413 1544 2442 corroborasti
1558 2420 1610 2439 mc.
1624 2411 1670 2439 20.
1686 2411 1794 2438 Etdixit
1809 2420 1816 2437 :

1028 2466 1068 2493 An
1083 2465 1151 2492 nosti
1166 2471 1213 2491 cur
1222 2462 1283 2490 veni
1297 2462 1331 2489 ad
1342 2461 1389 2489 te?
1399 2460 1434 2487 Et
1448 2466 1519 2487 nunc
1528 2463 1659 2490 revertar,
1675 2462 1701 2484 ut
1710 2457 1817 2492 prodict-

1028 2519 1088 2539 cum
1102 2509 1222 2545 principe
1235 2509 1386 2536 Persarum.
1402 2508 1487 2542 Atque
1500 2505 1674 2541 cgrediebar;
1692 2504 1814 2540 princeps

1029 2565 1093 2585 vero
1103 2557 1258 2585 Graecorum
1267 2554 1397 2583 veniebat.
1404 2554 1436 2580 21
1443 2573 1450 2580 .
1460 2552 1646 2580 Verumtamen
1654 2549 1824 2580 snnuntiabo.

1059 2626 1066 2640 ¹
1086 2624 1113 2649 ln
1123 2624 1225 2648 tlebrteo
1237 2626 1262 2647 et
1274 2622 1297 2647 in
1308 2621 1411 2654 Vulgata
1423 2621 1523 2654 legitur,
1535 2623 1557 2645 et
1568 2625 1612 2651 ego
1622 2618 1730 2654 remansi

1058 2655 1094 2686 (α)
1112 2649 1523 2687 Ilujusrargumeotiinterpretatio
1538 2649 1644 2687 petenda
1657 2653 1695 2687 est
1707 2656 1738 2687 ex
1751 2649 1823 2674 libris

1026 2681 1255 2714 adversus'tudmos,
1269 2685 1293 2708 in
1305 2684 1393 2715 quibus
1405 2681 1448 2708 ista
1460 2681 1626 2715 omniat‘usius
1634 2685 1776 2715 tractantur.

1058 2717 1094 2748 (b)
1112 2717 1208 2741 Urbium
1228 2711 1344 2748 tumultus
1362 2721 1391 2748 ac
1410 2713 1560 2748 incommoda
1582 2712 1756 2748 pereleganter
1771 2711 1818 2748 Ide-

1026 2741 1115 2779 scripta
1129 2752 1155 2772 et
1165 2747 1216 2772 suis
1227 2746 1348 2779 coloribus
1359 2745 1455 2776 depicta
1467 2745 1543 2779 habes
1554 2741 1617 2779 apud
1627 2741 1817 2779 suadaemcdul-

1027 2773 1084 2803 lam'
1093 2779 1234 2809 Gregorium
1246 2773 1550 2809 'Nazionzwuinheratione
1569 2773 1615 2809 :_28,
1633 2773 1821 2807 Christianorqu

1027 2805 1214 2835 DemosthEncm
1227 2808 1336 2833 Basiliam
1351 2805 1450 2831 Homilia
1469 2806 1502 2831 de
1515 2805 1600 2830 Gordio
1611 2808 1730 2835 martyre;
1743 2806 1817 2835 huius

1028 2832 1265 2871 ét‘iihii‘éﬁtiorana
1281 2838 1356 2867 sacris
1374 2838 1497 2863 miscenda
1516 2839 1585 2868 sunt,
1595 2835 1656 2870 apud
1675 2832 1816 2862 iuvenalem

1026 2876 1077 2899 sat.
1086 2873 1113 2898 3.,
