2049 3133
255 109 308 136 265

257 168 302 195 tibi
315 167 385 202 quod
396 166 570 195 constitutum
581 166 656 194 estin
667 166 795 200 scriptura
810 164 927 191 veritatis
939 172 944 188 :
958 168 1046 191 etnon

253 219 295 241 est
311 221 389 246 unus,
406 213 450 248 qui
464 221 479 240 a
494 221 538 240 nte
551 217 603 240 stet
615 211 648 240 de
661 211 702 239 his
715 232 721 243 ,
736 211 785 238 nisi
800 210 910 238 Michael
926 209 1047 245 princeps

256 264 354 286 vester.
367 259 400 286 Et
413 267 477 286 ecce
492 259 533 286 vir
547 258 652 286 indutus
665 257 772 285 stolam.
788 267 797 283 ι
816 257 948 284 Fortassis
959 264 1048 284 sacer-

256 305 382 332 dotalem.
396 314 405 330 I
423 305 552 339 Aspectus
561 304 618 338 ejus
629 303 704 338 quasi
716 303 801 338 fulgur
809 308 865 330 erat
877 303 960 338 ignea:
974 302 1048 329 ﬂam-

257 359 306 378 mae
314 351 347 378 ab
354 350 509 385 oculisejus.
522 359 531 376 ›
541 350 680 385 Quomodo
688 350 713 376 in
722 349 824 385 fulgure
832 349 884 377 illis
892 349 1047 384 apparebat?

257 405 305 425 cur
313 398 351 425 sic
363 402 472 432 apparet
484 398 533 424 iste
544 397 674 432 angelus?
688 404 721 424 an
733 401 762 423 ut
771 396 895 431 populum
909 396 1048 431 percellat?

257 447 283 475 et
297 443 429 478 quodnam
445 442 505 469 imle
525 442 734 470 emolumentum
749 442 760 468 ?
776 442 880 477 Nempe
895 447 923 470 ut
936 450 1048 478 persua-

257 489 319 517 deat
334 497 385 517 non
401 489 515 523 amplius
531 490 621 524 lugere
637 510 644 522 ,
660 489 730 524 quod
747 489 841 516 eadem
861 497 1048 524 smpcnumero

256 535 325 562 dicta
356 534 455 562 fuerint
472 544 478 561 :
494 541 520 562 ct
549 531 728 562 testimOniutn
751 535 871 570 perhibet
897 534 1047 562 futurorum

256 583 363 609 virtuti:
377 590 411 609 an
423 587 450 610 ut
464 582 500 609 illi
513 582 590 610 fidem
603 582 689 609 faciat.
701 582 733 608 Et
745 590 793 609 eam
803 589 904 617 uragna.
919 581 954 610 Ut
968 582 1047 608 etiam

255 636 284 655 ca
298 635 326 655 re
340 628 525 663 perterruerit.
542 628 635 655 Daniel
651 628 813 662 obstupescit
825 649 832 661 ,
845 633 874 658 et
888 628 984 654 iterutn
998 635 1048 654 an-

254 675 313 708 gelo
340 674 506 708 colluqnente
522 674 688 709 obstupescit
703 695 710 706 ,
727 673 806 709 idque
829 674 981 708 indulgente
1002 674 1048 700 illo

255 719 345 746 forsan
359 739 366 750 .
379 724 405 746 et
420 727 472 746 non
495 720 668 754 impotentem
687 720 800 747 faciente
819 727 868 747 seu
888 720 1048 754 impediente

256 765 296 800 (α)
312 765 543 801 :quandoquidcut
562 766 635 801 prius
655 765 779 793 dixerat:
799 765 909 792 I'iriliter
927 774 983 801 age,
1015 765 1048 793 Et

257 811 340 838 stetit.
360 811 440 839 Vides
455 812 517 846 quid
540 812 575 839 sit
593 817 715 847 aspectus
733 812 840 848 angeli?
853 812 892 839 Ne
909 813 1047 840 existimes

256 866 292 885 ωε
303 866 362 886 esse
379 858 403 886 id
418 859 487 894 quod
503 859 606 887 videtur
620 880 627 892 ,
643 867 692 886 nec
705 867 808 887 aurum.
826 859 892 893 Quis
907 859 978 887 enim
993 867 1046 886 non

257 904 337 932 ferret
352 913 442 932 earum
458 905 627 932 materiarum
645 909 781 940 aspectum
793 905 805 932 ?
818 905 882 932 Cum
897 905 993 940 ubique
1006 905 1046 932 lu-

257 959 316 978 men
337 952 449 985 positum
463 951 507 978 sit.
525 952 654 985 Quoniam
670 952 750 986 igitur
766 951 863 979 missus
882 959 940 978 sunt
957 972 963 983 ,
980 959 1048 986 pra:-

256 997 377 1031 signilico
393 997 441 1024 hoc
457 997 544 1024 solum
560 1018 568 1030 ,
585 997 667 1032 inquit
681 1019 689 1031 ,
705 1005 737 1025 ne
755 1004 911 1032 corrumpas
923 997 1045 1031 gratiam.

257 1043 351 1069 Audita
362 1048 419 1069 sunt
433 1044 504 1070 verba
521 1048 564 1069 tua
576 1064 583 1075 ,
596 1049 618 1070 et
631 1052 676 1079 ego
696 1043 751 1070 veni
770 1044 797 1070 in
811 1043 890 1070 verbis
903 1044 962 1070 luis.
978 1044 1047 1077 Quid

257 1089 328 1115 enim
353 1089 482 1123 rogabat,
505 1089 609 1123 etquid
630 1089 809 1123 precabatur?
832 1090 865 1116 Et
882 1090 987 1124 quidem
1003 1090 1047 1118 illa

257 1133 307 1167 ipsi
321 1141 373 1160 non
385 1133 461 1167 dicis,
474 1141 522 1160 nec
537 1134 678 1169 quidquam
694 1134 835 1168 ejusmodi.
852 1135 931 1162 Forte
942 1135 1048 1163 volebat

257 1178 360 1205 discere
373 1183 463 1206 exacte
480 1184 593 1214 tempus,
609 1183 636 1206 et
649 1180 712 1215 quid
729 1185 818 1214 postea
834 1181 948 1208 laturum
964 1186 1044 1209 esset.

259 1225 291 1252 Et
303 1226 417 1261 princeps
432 1247 439 1257 ,
454 1226 539 1261 inquit
554 1247 562 1258 ,
578 1229 647 1262 regni
664 1227 799 1254 Persarum
816 1228 883 1254 stetit
901 1236 932 1255 ex
943 1228 1047 1256 aduerso

262 1272 325 1298 mei.
350 1272 426 1300 Anne
449 1272 586 1299 luminum
604 1273 749 1307 principem
771 1273 983 1302 dicitHlinimc.
999 1274 1046 1301 Et-

258 1318 330 1346 enim
347 1324 372 1345 et
387 1319 448 1347 alibi
463 1318 519 1346 ait:
533 1318 656 1354 Princeps
670 1318 816 1346 Gra’corum
826 1321 912 1347 exivit.
930 1321 992 1348 Mihi
1006 1321 1047 1348 vi—

258 1363 337 1391 detur
355 1364 406 1392 iste
420 1364 463 1399 qui
479 1365 597 1399 loquitur
609 1373 661 1391 non
677 1373 736 1392 esse
751 1366 784 1393 dc
799 1366 963 1400 principibus
976 1387 984 1400 ,
1001 1374 1048 1393 ne-

258 1417 309 1444 que
323 1417 354 1437 cx
371 1410 402 1437 iis
414 1411 457 1444 qui
474 1410 590 1445 praefecti
606 1415 668 1438 sunt
682 1412 753 1444 genti
773 1411 852 1438 alicui
868 1432 875 1444 ,
890 1412 937 1439 sed
953 1420 985 1440 ex
1000 1419 1047 1439 su-

259 1454 349 1489 pernis
365 1455 513 1482 virtutibus.
531 1456 630 1483 Deinde
640 1457 701 1491 quia
712 1457 797 1491 angeli
807 1457 850 1484 alii
861 1465 913 1485 non
925 1458 1047 1486 valebant

258 1500 295 1527 illi
312 1501 450 1534 resistere,
467 1501 528 1529 huic
539 1502 646 1530 dicitur.
662 1503 784 1531 Absuluti
796 1509 858 1531 sunt
869 1525 877 1537 ,
895 1504 1001 1540 inquit,
1015 1513 1047 1533 ac

258 1546 359 1574 liberati
371 1547 473 1580 Judaxi;
488 1548 550 1583 quid
565 1548 652 1576 adlutc
664 1549 760 1584 qua‘ris
772 1550 784 1576 ?
803 1550 921 1578 «Etecce
929 1548 1050 1582 Michael,

257 1600 325 1619 unus
349 1593 496 1628 principum
523 1594 669 1629 primorunt
685 1615 692 1626 ,
719 1595 790 1623 venit
811 1595 845 1623 ad
867 1596 1047 1624 auxiliandum

258 1638 321 1665 mihi
334 1647 342 1670 ;
354 1642 380 1665 et
390 1646 432 1666 me
445 1639 609 1674 reliquerunt
620 1640 653 1667 ibi
665 1648 726 1668 cum
740 1641 857 1676 principe
868 1641 938 1677 regis
951 1641 1047 1670 Persa-

258 1691 327 1710 rum.
342 1684 375 1710 Et
389 1684 449 1711 veni
469 1684 566 1712 docere
581 1691 606 1713 te
620 1693 793 1721 qumcumqne
814 1688 938 1715 evenient
951 1688 1048 1723 populo

258 1734 304 1756 tuo
324 1730 350 1756 in
364 1730 518 1758 novissimis
530 1730 625 1758 diebus
640 1752 647 1764 ,
673 1732 735 1767 quia
748 1740 810 1760 ecce
825 1733 892 1760 visio
906 1734 931 1760 in
946 1733 1015 1761 dies.
1037 1744 1046 1760 ι

257 1774 346 1808 Quare
360 1780 422 1803 ante
437 1776 528 1810 viginti
543 1776 601 1804 dies
625 1785 678 1804 tton
694 1778 766 1805 venit
781 1778 891 1806 Michael
907 1779 918 1804 ‘!
934 1778 968 1807 Ut
982 1779 1050 1809 mihi

259 1821 373 1854 videtur,
381 1822 525 1850 ostendere
537 1823 593 1849 vult
604 1823 750 1858 prophetzn,
763 1825 835 1851 illum
848 1833 891 1852 res
903 1825 1049 1859 prohibitas

258 1871 286 1894 et
300 1867 404 1902 iniquas
416 1872 497 1902 atque
512 1873 618 1895 coactas
634 1869 769 1903 postulare
785 1890 791 1901 ,
808 1878 840 1897 ac
855 1871 1047 1904 propemodum

259 1913 361 1948 angelis
375 1913 427 1940 vim
444 1913 539 1941 facere.
561 1914 673 1948 Propter
696 1914 747 1941 hoc
767 1923 851 1950 neque
865 1915 977 1944 Michael
993 1921 1048 1943 sta-

260 1960 307 1987 tim
321 1960 354 1988 ab
370 1959 444 1987 initio
458 1960 611 1993 auxiliatur,
628 1961 675 1988 sed
691 1966 780 1996 po:-tea
792 1981 799 1993 ,
817 1962 846 1988 ut
861 1962 994 1990 discerent
1010 1963 1049 1990 in-

259 2006 354 2041 dignos
367 2005 453 2033 reditu
473 2013 532 2033 csse
547 2014 593 2034 eos
607 2006 651 2041 qni
663 2011 755 2042 postea
774 2007 799 2034 in
821 2009 931 2042 patriam
948 2009 1048 2036 reversi

259 2057 330 2079 sunt.
343 2052 441 2087 lnjuria
457 2052 611 2080 afficiuntur
619 2053 716 2088 angeli.
735 2053 767 2080 Et
778 2062 816 2080 me
825 2054 978 2090 reliquerunt
989 2055 1023 2081 ibi
1039 2075 1047 2087 ,

258 2103 287 2126 ut
297 2099 340 2126 vel
357 2098 556 2134 persuaderent,
571 2099 613 2127 vel
632 2099 801 2134 inhiberem(
817 2100 963 2135 principem
978 2101 1048 2135 regis

258 2145 401 2179 Persarum
418 2147 436 2180 ).
451 2145 483 2173 Et
498 2145 557 2180 quis
569 2146 679 2181 angelus
689 2146 830 2180 ejusmodi,
842 2147 886 2182 qui
900 2155 961 2175 cum
975 2147 1049 2174 audit

260 2193 342 2220 Deum
353 2193 473 2227 praebere
483 2186 610 2228 gratiam,
624 2193 751 2220 resistat?
764 2193 830 2221 Item
846 2214 853 2224 ,
867 2199 895 2221 ut
909 2194 1024 2221 arbitror
1040 2215 1048 2227 ,

260 2238 294 2265 ita
318 2239 444 2273 exprimit
468 2246 499 2266 ac
520 2238 543 2266 si
567 2243 639 2266 esset
662 2246 789 2274 corporea
804 2248 810 2266 :
824 2239 1048 2274 quemadmodum

260 2292 320 2312 cum
342 2285 378 2312 ait
392 2293 399 2314 ;
415 2285 478 2318 Qui:
498 2285 639 2320 egredietur
661 2289 684 2312 et
703 2285 810 2320 decipiet
827 2286 889 2313 milii
902 2287 1049 2314 Aeltuabum

261 2330 311 2364 (2.
328 2329 417 2358 Parul.
433 2331 475 2358 18.
490 2331 522 2358 19
536 2330 545 2367 )
557 2331 568 2357 ?
578 2336 605 2359 et
618 2331 714 2358 iterum
729 2338 735 2358 :
751 2331 853 2358 Dimitte
863 2340 912 2364 me,
927 2338 950 2359 et
965 2333 1050 2360 delebo

259 2385 302 2403 eos
319 2378 328 2411 (
340 2376 426 2404 Exod.
441 2376 485 2405 52.
503 2377 536 2405 l0
548 2378 568 2412 ).
583 2377 641 2406 Non
663 2378 818 2412 prohibetur
832 2379 901 2406 Deus
915 2400 922 2412 ,
935 2387 984 2407 nec
998 2381 1050 2407 vim

262 2424 360 2456 patitur
369 2443 377 2455 ,
390 2422 514 2451 detentus
527 2431 541 2449 a
558 2423 697 2458 propheta.
715 2423 751 2451 Ita
762 2431 826 2452 sane
837 2429 864 2452 et
877 2424 929 2452 hic.
948 2425 1050 2453 Rursus

261 2475 324 2495 vero
342 2468 404 2495 alibi
421 2469 459 2495 ait
474 2477 481 2494 :
496 2468 600 2496 Dimitte
613 2477 652 2496 me
668 2489 675 2501 ,
698 2469 756 2505 quia
775 2470 887 2497 ascendit
908 2471 1050 2498 diluculum

261 2514 336 2549 (Gen.
349 2514 394 2542 52.
410 2514 466 2550 9.6).
483 2515 515 2541 Et
525 2515 613 2542 adhuc
626 2515 658 2542 dc
669 2516 764 2549 angelo
779 2521 805 2542 ct
819 2516 893 2543 asina
911 2525 917 2544 :
936 2516 995 2543 Nisi
1008 2518 1050 2552 fn-

260 2562 322 2587 cium
345 2565 415 2587 tuam
428 2561 648 2595 apprehendissem
664 2561 700 2598 (ὁ)
717 2583 725 2595 ,
740 2562 765 2588 in
778 2562 834 2596 luit.
851 2562 877 2589 ld
894 2563 982 2598 itaque
998 2571 1050 2590 non

1069 2605 1081 2639 ἕ

293 2647 329 2678 (u)
347 2646 374 2671 In
385 2649 476 2675 Graeco,
487 2653 617 2681 ιυγχυμῆντρς
628 2650 677 2675 ἵης.
697 2652 729 2673 στα
744 2651 881 2676 ἆδυνιιοΰνκθς.
893 2650 922 2672 Ut
932 2648 999 2702 potui
1016 2648 1054 2672 in-

293 2681 411 2702 rnretatus
420 2683 487 2702 sum:
496 2683 526 2700 an
540 2677 651 2702 fellettct‘.
659 2677 721 2702 clam
733 2684 773 2702 me
784 2681 831 2702 est.
844 2681 904 2702 Sane
916 2678 932 2702 il
943 2685 956 2702 a
968 2679 1051 2702 verba.

261 2680 411 2712 terpretatus
420 2683 487 2712 sum;
496 2683 526 2700 an
540 2677 651 2712 feliciter,
659 2677 721 2712 clam
733 2684 773 2712 Ine
784 2681 831 2703 est.
844 2681 904 2702 Sane
916 2677 956 2712 illa
965 2679 1051 2712 verba,

258 2707 362 2734 rit-{liter
374 2715 427 2740 age,
436 2707 566 2740 altgangelo
578 2709 729 2740 pronuntiata
741 2708 813 2740 fugere
823 2713 878 2739 post
890 2709 994 2733 Danielis
1005 2712 1054 2734 stu-

262 2745 350 2770 pores;
362 2738 415 2768 sed,
426 2738 475 2771 noli
490 2738 602 2769 metuere,
617 2739 681 2763 idem
694 2738 899 2771 signiticatflcge
910 2740 934 2764 iu
946 2740 1054 2765 Editione

260 2774 341 2796 littera
354 2774 410 2795 Dan.
423 2770 446 2798 4,
459 2771 483 2795 6.

293 2801 330 2832 (b)
347 2805 395 2825 Non
407 2801 504 2825 tuemini
516 2807 555 2824 mc
568 2800 655 2831 legere
667 2801 711 2826 ista
724 2801 747 2824 in
759 2801 833 2826 sacris
843 2801 976 2832 Scripturis.
984 2805 1054 2827 Forte

262 2831 364 2859 alluSum
376 2833 404 2857 ad
417 2837 482 2857 Num.
495 2831 534 2859 '22.
547 2833 585 2859 25.
598 2833 636 2861 27,
650 2832 688 2862 3|,
707 2832 747 2858 5‘2.
759 2832 850 2858 Verum
867 2831 921 2864 quia
944 2834 1000 2864 quid
1020 2834 1052 2858 si-

618 106 644 134 S.
665 104 803 134 .IO.\NNIS
822 100 1057 132 CHRYSOSTOIII
1077 99 1234 128 ARCIIIEP.
1255 101 1521 130 CONSTARTINOP.

1840 107 1892 136 ΞΗ

1104 159 1233 194 ostendit,
1247 161 1331 195 ipsum
1346 162 1401 190 Deo
1415 163 1609 196 ohsistere,scd
1624 165 1674 193 iioe
1690 174 1771 194 unum
1789 173 1890 196 tantum

1100 205 1194 239 injuria
1210 207 1319 242 angelus
1332 207 1413 236 afﬁci.
1435 209 1549 236 Tantum
1564 211 1646 238 valuit
1661 212 1761 240 Daniel.
1779 213 1891 241 Descen-

1100 251 1126 277 di
1140 257 1166 278 ιιι
1181 251 1295 279 docerem
1316 258 1339 281 te
1351 262 1512 290 quacumque
1525 257 1619 291 popula
1633 262 1676 284 tuo
1691 264 1749 285 sunt
1762 265 1890 288 eventura.

1102 296 1166 323 Vide
1185 298 1336 332 quomodo,
1357 307 1386 326 rc
1400 301 1549 328 necessaria
1565 301 1673 329 dimissa
1689 323 1697 335 ,
1713 304 1851 339 propheta
1863 313 1892 333 se

1100 350 1217 371 excuset.
1233 345 1329 372 lterum
1343 346 1434 374 Daniel
1445 354 1633 377 consternatur
1649 359 1656 378 :
1672 351 1767 378 iterum
1781 354 1892 388 angelus

1101 389 1174 416 illum
1191 391 1278 425 erigit,
1293 395 1318 419 et
1333 393 1389 420 ait:
1406 393 1462 429 Ego
1475 395 1622 429 proﬁciscor
1669 402 1696 424 ut
1720 399 1821 432 prwfier
1833 408 1892 426 cum

1100 435 1214 470 principe
1225 436 1371 464 Persarum.
1386 439 1467 474 Atque
1480 448 1525 475 ego
1539 442 1692 477 egrediebar,
1708 445 1824 479 princeps
1835 453 1892 473 vero

1101 481 1245 510 Crazcorum
1260 484 1380 511 veniebat.
1397 485 1476 513 Forte
1490 494 1550 514 cum
1565 496 1617 515 uno
1629 489 1825 518 adversantium
1842 493 1892 526 ipsi

1100 525 1134 553 de
1145 527 1226 554 rebus
1240 528 1345 561 futuris,
1359 531 1457 566 quique
1472 537 1565 560 contra
1579 533 1736 562 Maccdonas
1751 525 1890 571 pugnaret.

1101 572 1139 598 Ae
1153 573 1270 600 nondum
1285 575 1467 608 persuadetur.
1479 577 1616 606 Bellumne
1626 585 1667 607 est
1681 581 1749 608 inter
1764 583 1889 617 angelos,

1100 622 1126 644 et
1142 626 1228 654 pugna
1242 620 1276 647 de
1290 619 1441 650 hominibus
1456 623 1468 649 ’ἰ
1485 624 1565 651 Sane.
1582 625 1722 654 Maximam
1737 629 1834 663 qttippc
1846 639 1893 656 eo-

1101 672 1158 691 rum
1184 673 1274 693 curant
1290 673 1396 702 gerunt.
1413 669 1534 697 Nondum
1549 679 1692 706 persuasus
1707 678 1757 701 est.
1774 675 1854 708 Quasi
1869 676 1891 702 si

1100 712 1159 746 quis
1173 711 1274 740 diceret
1287 722 1295 742 :
1310 713 1397 749 Cogor
1411 723 1471 742 cum
1487 717 1537 744 hoc
1550 719 1724 747 contendere.

1399 783 1511 812 CAPUT
1543 786 1587 813 Xl.

1137 847 1161 874 I.
1183 847 1216 874 Et
1229 850 1323 884 factum
1339 855 1374 877 est
1387 851 1413 878 in
1426 860 1491 879 anno
1507 853 1588 886 primo
1602 854 1669 890 Cyri,
1687 864 1732 890 ego
1742 858 1798 884 steti
1812 858 1837 884 in
1850 867 1892 886 ro-

1100 894 1145 920 bur
1158 899 1181 921 et
1193 897 1376 930 fortitudinem.
1392 898 1419 924 ‘2.
1435 898 1467 925 Et
1482 907 1549 926 nunc
1567 903 1723 929 attinnztiabo
1738 904 1782 931 tibi
1799 906 1893 932 verita-

1100 946 1158 968 tem.
1174 942 1208 969 Et
1224 948 1302 976 tnne,
1319 952 1369 979 ego
1391 953 1448 972 sum
1463 946 1505 980 qui
1523 948 1638 975 servavi.
1653 949 1718 976 Nam
1740 959 1772 978 ne
1794 951 1892 987 aliquis

1099 987 1170 1016 dicat
1183 997 1189 1015 :
1203 989 1258 1016 Cur
1273 990 1351 1025 igitur
1362 992 1489 1025 ιιινίρΙίιιιίς
1500 993 1511 1019 ?
1524 993 1585 1028 quid
1599 996 1698 1029 ergo,si
1710 1004 1761 1023 non
1774 997 1869 1025 viceris
1879 999 1892 1025 ’Β

1100 1042 1276 1070 nequaquam,
1289 1036 1384 1072 inquit.
1396 1038 1428 1065 Et
1437 1042 1500 1066 tunc
1510 1047 1559 1074 ego
1570 1040 1621 1067 illis
1632 1042 1811 1075 patrocinatus
1819 1051 1889 1070 sum.

1100 1080 1200 1108 Etenim
1215 1090 1266 1109 non
1276 1087 1322 1116 est,
1337 1083 1437 1118 inquit,
1452 1093 1517 1112 unus
1531 1086 1574 1120 qui
1585 1095 1601 1112 a
1619 1095 1657 1114 tne
1670 1093 1716 1114 stet
1728 1088 1759 1114 de
1774 1089 1813 1115 his
1823 1111 1829 1121 ,
1842 1090 1890 1116 nisi

1101 1127 1213 1155 tilia/mel
1227 1129 1343 1164 princeps
1354 1130 1467 1165 ipsorum
1485 1131 1564 1166 (Dan.
1577 1132 1620 1161 10.
1635 1133 1692 1169 9|).
1708 1134 1769 1162 II:cc
1782 1135 1846 1162 dicit
1862 1141 1892 1163 ιιι

1100 1173 1201 1201 Dauieli
1218 1175 1390 1209 persuadeat,
1406 1183 1435 1203 se
1456 1185 1507 1204 non
1529 1185 1589 1205 e:se
1612 1179 1661 1212 ipsi
1682 1179 1785 1207 hostem
1799 1182 1892 1208 acini-

1102 1220 1217 1253 micum,
1240 1226 1267 1249 et
1277 1230 1337 1249 eum
1359 1230 1403 1249 res
1417 1223 1512 1251 vetitas
1537 1229 1638 1259 petere.
1660 1225 1713 1252 Nec
1727 1226 1787 1253 ideo
1808 1227 1889 1260 dicit,

1099 1267 1170 1301 quod
1185 1267 1351 1302 adjutoribus
1365 1269 1491 1304 indigeat.
1507 1270 1644 1303 Quomodo
1659 1271 1729 1298 enim
1741 1272 1752 1299 'l
1765 1272 1890 1300 Ostendi-

1100 1317 1142 1339 tur
1153 1314 1233 1340 istum
1255 1314 1379 1349 angelum
1401 1322 1454 1342 non
1468 1323 1528 1343 esse
1551 1315 1584 1343 de
1599 1316 1773 1351 priucipibtts.
1796 1318 1892 1346 Postea

1099 1360 1188 1387 omnia
1202 1361 1283 1388 refert
1297 1366 1432 1396 accurate,
1449 1367 1475 1389 et
1485 1363 1522 1389 ait
1535 1363 1604 1390 unde
1615 1363 1714 1391 clades.
1731 1364 1832 1392 Deinde
1845 1372 1888 1392 sa-

1099 1406 1179 1434 lutem
1200 1407 1291 1442 populi
1307 1407 1408 1443 ipsius,
1433 1413 1460 1436 ct
1479 1409 1661 1445 acceptionom
1678 1410 1703 1437 in
1719 1411 1891 1445 sequentibus

1099 1459 1198 1483 narrat.

1397 1524 1510 1553 CAPUT
1538 1524 1595 1552 XII.

1136 1593 1163 1620 7.
1187 1602 1196 1619 ι
1215 1593 1281 1620 Cum
1294 1593 1426 1628 completa
1443 1593 1522 1620 fuerit
1536 1593 1666 1628 dispersio
1689 1601 1782 1621 manus
1803 1595 1891 1630 populi

1100 1640 1256 1667 sanetifieati
1265 1660 1273 1674 ,
1287 1644 1450 1674 cognoscent
1469 1644 1589 1667 sanctum
1608 1661 1616 1673 ,
1630 1644 1660 1667 et
1669 1641 1893 1669 eunsutnmabun-

1101 1691 1144 1714 tur
1159 1686 1215 1714 hate
1230 1687 1328 1714 omnia.
1346 1686 1373 1714 8.
1391 1687 1422 1713 lit
1435 1694 1485 1720 ego
1497 1686 1585 1713 audi\i
1596 1707 1602 1719 ,
1614 1691 1641 1713 et
1654 1694 1705 1713 non
1720 1687 1852 1717 inteilexi,
1865 1692 1893 1714 et

1100 1731 1155 1758 dixi
1172 1740 1178 1758 :
1197 1732 1325 1764 Domine,
1350 1731 1414 1767 quid
1437 1736 1559 1758 extrema
1584 1731 1696 1758 horum?
1711 1731 1739 1759 9.
1762 1731 1795 1760 Et
1805 1731 1891 1758 dixit:

1104 1777 1184 1810 Vade,
1203 1777 1308 1810 Daniel,
1324 1777 1383 1812 quia
1399 1782 1425 1804 ct
1435 1777 1518 1804 clausi
1534 1782 1595 1804 sunt
1609 1784 1748 1804 sermones
1762 1784 1847 1811 usque
1859 1777 1893 1804 ad

1102 1828 1207 1858 tempus
1232 1823 1301 1851 finis.
1326 1823 1368 1850 10.
1389 1823 1482 1857 Quoad
1505 1823 1637 1858 eligantur
1655 1828 1682 1849 ct
1697 1823 1854 1850 dealbentur
1866 1828 1894 1850 ct

1102 1870 1162 1904 igne
1182 1870 1328 1904 probentur
1350 1869 1454 1907 multi;
1477 1870 1568 1904 inique
1589 1874 1678 1896 autem
1689 1874 1768 1905 agent
1791 1869 1892 1904 iniqui,

1102 1924 1187 1951 nequc
1198 1916 1346 1951 intelligent
1358 1924 1452 1943 omnes
1461 1917 1533 1951 impii
1546 1925 1552 1943 :
1565 1921 1592 1944 at
1605 1916 1781 1951 iutelligentes
1793 1916 1892 1944 intelli-

1101 1966 1173 1997 gent.
1188 1962 1231 1989 11.
1249 1963 1280 1989 lit
1295 1970 1309 1989 a
1323 1966 1443 1997 tempore
1457 1970 1510 1997 quo
1528 1967 1658 1990 mutatum
1678 1962 1758 1990 fuerit
1770 1962 1834 1997 ,ἰυεο
1849 1970 1893 1989 sa-

1102 2009 1240 2041 crificium,
1253 2014 1281 2036 et
1289 2009 1348 2035 data
1359 2008 1437 2037 fuerit
1447 2009 1610 2036 abotninatio
1621 2009 1804 2041 desolationis,
1815 2014 1896 2036 erunt

1102 2055 1159 2082 dies
1173 2055 1246 2082 mille
1261 2054 1366 2082 ducenti
1382 2055 1539 2090 nonaginta.
1551 2055 1595 2081 l2.
1618 2054 1715 2082 Beatus
1736 2055 1786 2089 qui.
1797 2063 1895 2090 exspe-

1102 2104 1157 2127 ctat
1169 2106 1195 2128 et
1209 2101 1329 2135 pervenit
1339 2100 1372 2128 ad
1382 2100 1439 2128 dies
1458 2101 1530 2128 mille
1546 2104 1679 2128 trecentos
1698 2101 1803 2136 triginta
1815 2101 1895 2134 quin<
1931 2108 1938 2116 ι

1102 2155 1164 2182 que.
1179 2147 1220 2173 l5.
1237 2146 1269 2173 Et
1284 2151 1312 2173 tu
1325 2146 1408 2179 vade,
1422 2154 1454 2174 ac
1468 2146 1624 2181 requiesce:
1638 2147 1726 2174 adhuc
1749 2147 1820 2174 enim
1836 2147 1895 2174 dies

1103 2193 1129 2220 in
1140 2193 1344 2228 completionem
1355 2193 1594 2220 consummationis
1609 2202 1615 2220 :
1630 2197 1660 2220 ct
1668 2193 1818 2228 requiesces
1828 2199 1896 2220 tem-

1104 2246 1152 2273 pus
1174 2243 1246 2266 tuum
1271 2238 1296 2265 in
1319 2238 1577 2267 consummationem
1592 2238 1696 2267 dierum
1709 2248 1718 2265 ι
1739 2239 1788 2274 (α).
1811 2239 1845 2266 Et
1856 2244 1895 2271 tu,

1104 2284 1205 2318 inquit,
1222 2284 1296 2311 sede.
1312 2283 1376 2310 Nam
1390 2288 1451 2318 post
1464 2283 1574 2311 multum
1598 2288 1702 2319 tempus
1724 2285 1782 2312 hate
1805 2290 1894 2312 erunt.

1106 2333 1187 2368 Igitur
1210 2332 1309 2360 nonde
1331 2332 1418 2359 reditu
1440 2332 1618 2364 lamentatur,
1632 2332 1678 2359 sed
1700 2336 1760 2368 post
1779 2333 1896 2360 reditum

1105 2388 1153 2416 pro
1168 2380 1199 2407 iis
1214 2380 1257 2415 qui
1272 2379 1415 2407 redierant.

1245 2448 1358 2476 CAPUT
1381 2448 1450 2475 XIII.
1477 2447 1530 2482 (In
1554 2448 1629 2482 Vulg.
1658 2447 1751 2482 XIV.)

1143 2520 1166 2546 I.
1187 2529 1196 2544 ι
1212 2519 1246 2545 Et
1259 2527 1305 2545 rex
1320 2519 1449 2553 Astyages
1463 2518 1599 2552 appositus
1613 2523 1653 2544 est
1665 2517 1696 2544 ad
1714 2521 1804 2552 patres
1815 2525 1894 2545 suos;

1106 2572 1132 2592 et
1147 2565 1251 2600 accepit
1263 2564 1348 2599 Cyrus
1363 2564 1442 2591 l‘ersa
1459 2571 1567 2598 regnum
1589 2563 1647 2597 ejus
1661 2562 1709 2597 (b).
1735 2563 1761 2589 Ξ.
1790 2563 1824 2590 Ει
1837 2569 1891 2590 erat

1106 2644 1163 2670 mile
1181 2644 1284 2668 habetur
1302 2643 1352 2667 .tobi
1369 2642 1409 2670 ﬂ,
1421 2642 1445 2670 8,
1458 2641 1570 2665 existimo
1586 2644 1608 2665 ς.
1629 2639 1823 2672 Chrysostom-ivn
1845 2647 1901 2665 eum

1107 2676 1185 2701 locum
1198 2677 1220 2699 in
1233 2679 1316 2699 mente
1329 2674 1451 2699 habuisse.
1464 2673 1500 2697 sic
1514 2673 1579 2696 enim
1591 2673 1711 2696 interdum
1725 2671 1900 2696 liallut-inantat‘

1107 2707 1218 2732 Ecclesia:
1235 2706 1348 2730 ιιο‹·ιοι“εδ
1362 2703 1513 2729 sanctissimi.
1527 2706 1609 2727 roget
1622 2703 1694 2727 etiam
1708 2702 1753 2726 diei
1767 2703 1902 2734 exscripto-

1107 2746 1160 2763 rent
1172 2739 1219 2761 duo
1232 2737 1282 2760 loca
1293 2736 1429 2760 confudisse
1439 2741 1462 2758 in
1475 2741 1558 2758 uunnt.

1151 2770 1175 2799 (ι)
1193 2767 1338 2792 tionsulcudi
1350 2770 1373 2790 Β.
1387 2767 1543 2799 Ιιιυιοιιδῃιιιδ
1555 2771 1582 2788 ac
1593 2764 1767 2788 ‘l‘heodoretus.
1805 2795 1818 2799 _
1845 2795 1857 2799 __

1151 2771 1175 2799 (ι)
1193 2771 1338 2792 tionsuleudt
1350 2771 1373 2790 Β.
1387 2771 1543 2796 ltterottymus
1555 2771 1582 2788 ac
1593 2771 1604 2788 'l
1612 2771 1767 2788 neoooretus.
1854 2796 1857 2799 _

1140 2771 1174 2830 ib)
1194 2799 1218 2824 ld
1232 2799 1309 2831 primo
1321 2798 1434 2823 observo,
1447 2800 1469 2820 5.
1481 2796 1675 2831 _Cln‘_ysostotnttnt
1695 2795 1901 2831 (;r:t’rn.s_Ciklices

1110 2826 1246 2862 si-Cpt'utuui,
1265 2831 1309 2854 ista
1332 2835 1385 2853 cum
1405 2828 1568 2858 superioribus
1583 2827 1735 2857 eonjunstsw
1754 2834 1757 2849 :
1779 2826 1901 2851 librarium
