2072 3123
601 137 626 166 S.
647 137 784 166 JOANNIS
797 137 1037 167 CllRi'SOSTOX-l
1057 137 1215 168 ARClllEP.
1236 140 1503 172 CONSTANTINOP.

1759 253 1883 269 trag-.1

738 317 928 360 SANCTI
958 315 1155 360 PATRIS
1176 324 1384 361 NOSTBI

439 422 486 493 J
491 419 769 494 OANN
775 419 865 492 IS
913 417 1672 506 CHRYSOSTOMI,
1716 459 1719 462 -

246 559 278 581 IN
301 559 408 582 MAGNA
432 557 592 584 ECCLESIA,
615 555 679 577 CUM
703 553 803 575 PAUCA
825 549 995 572 PREFATUS
1017 549 1111 570 ESSET
1133 549 1309 577 EPISCOPUS,
1333 550 1366 572 IN
1388 551 1482 572 ILLUD
1504 553 1686 578 EVANGEL",
1709 554 1814 577 FILIUS
1838 554 1879 578 EX

387 608 423 630 sn
445 592 512 629 trso
534 606 623 628 mnu.
644 604 749 631 ne",
772 601 833 623 NlSl
855 600 940 627 QUOD
962 599 1094 621 vmcmr
1115 599 1243 620 PATREM
1265 599 1448 622 morsuum
1472 592 1579 633 (Joan.
1603 594 1633 625 5.
1659 595 1721 636 19).

956 695 1157 713 W—

277 775 303 803 I.
325 774 349 803 0
366 774 539 802 violentiam!
562 781 578 800 0
593 771 779 809 tyrannidem!
802 771 902 798 Doctor
924 772 1031 800 noster,

240 823 284 857 qui
297 826 361 849 ante
375 829 422 848 nos
443 819 568 855 prmfalus
578 823 628 850 est,
644 818 748 852 plenam
762 824 822 844 eum
838 815 947 843 haberet
958 813 1032 848 phia-

240 869 309 898 lam,
325 868 435 894 summis
460 871 560 894 tantum
584 866 665 892 labris
687 864 811 899 poculum
837 861 1030 897 degustandum

240 914 316 941 nobis
329 913 496 948 propinavit:
511 912 537 939 id
548 916 636 939 autem
651 911 711 938 fecit
725 917 776 937 non
792 909 827 937 ob
840 908 968 935 doctrinm
982 914 1031 942 pe-

239 960 360 987 nuriam:
375 966 435 986 nam
450 958 529 985 fontis
540 958 622 985 instar
632 956 762 984 scaturrire
773 955 858 987 solet;
875 954 921 982 sed
935 961 1029 989 quenr

238 1005 380 1034 admodum
394 1005 448 1032 dixi
459 1025 467 1036 ,
483 1009 511 1031 ut
522 1008 616 1031 vestra:
628 1002 745 1030 caritatis
760 1001 927 1038 tyrannidem
943 999 1029 1034 palam

237 1051 354 1083 faceret,
366 1058 445 1086 quam
456 1057 518 1085 erga
532 1049 687 1076 tenuitatem
703 1053 822 1075 nostram
845 1046 973 1073 exhibere
983 1052 1029 1072 so-

238 1098 314 1125 letis:
329 1105 359 1124 ea
372 1097 406 1124 de
414 1104 494 1124 causa
509 1097 562 1123 cito
578 1095 658 1122 tacuit
667 1099 873 1127 sermonemque
885 1090 1027 1123 conclusit,

237 1148 264 1170 ut
276 1148 365 1170 vestro
377 1142 510 1170 desiderio
520 1140 728 1176 gratificaretur;
744 1143 770 1166 et
783 1139 830 1166 toti
844 1136 970 1165 solvendo
982 1136 1030 1164 de-

237 1189 293 1216 bito
313 1195 363 1216 nos
380 1188 510 1215 obnoxios
522 1186 669 1214 constituit.
685 1185 750 1219 Quia
765 1185 845 1219 igitur
859 1187 886 1210 et
904 1182 927 1210 is
951 1181 1028 1209 nobis

237 1234 341 1262 dicendi
355 1234 414 1261 loco
428 1233 508 1261 cessit
520 1254 527 1266 ,
539 1237 566 1260 ct
587 1239 634 1258 vos
648 1236 740 1258 nostro
754 1231 787 1258 ab
801 1237 847 1257 ore
858 1228 975 1264 pendere
988 1227 1028 1255 vi-

235 1280 296 1312 deo,
312 1287 422 1307 necesse
441 1278 546 1306 tandem
566 1282 607 1304 est
625 1282 653 1304 ut
673 1277 705 1303 ad
725 1275 871 1303 certamina
886 1281 934 1301 nos
947 1281 1028 1301 exua-

236 1332 295 1352 mns
315 1334 322 1352 :
338 1333 384 1351 vos
396 1329 484 1352 autem
500 1324 564 1350 mihi
580 1331 657 1358 opem
679 1322 756 1352 ferte.
771 1326 797 1348 et
817 1328 925 1348 manum
940 1319 1025 1354 porri-

235 1370 289 1405 gite
299 1391 306 1403 ,
329 1370 452 1405 precibus
468 1374 586 1396 nostram
600 1368 745 1395 excitantes
756 1366 882 1400 linguam,
897 1370 924 1392 et
937 1369 1025 1391 atten-

236 1417 308 1443 tione
319 1416 398 1443 animi
413 1415 515 1442 facilem
532 1418 654 1450 parantes
667 1412 794 1441 doctrina:
807 1412 886 1438 viam.
901 1410 1026 1445 Quando-

233 1461 340 1496 quidem
350 1461 478 1496 propheta
489 1468 540 1487 non
549 1459 731 1487 admirabilem
741 1457 820 1485 modo
830 1456 1022 1488 consiliarium,

233 1507 281 1534 sed
296 1507 375 1534 etiam
389 1506 545 1542 prudentem
561 1505 708 1532 auditorem
722 1504 836 1539 postulat
851 1502 931 1538 (lsai.
944 1501 970 1529 3.
984 1500 1022 1536 5).

233 1553 290 1580 Non
305 1552 374 1580 enim
399 1552 457 1579 leve
484 1551 559 1579 nobis
575 1547 711 1578 certamen
728 1550 807 1576 hodie
830 1553 948 1584 paratum
963 1552 1022 1580 est,

232 1599 279 1626 Sed
297 1599 366 1633 quod
384 1598 472 1625 inultis
484 1601 559 1632 egeat
573 1596 709 1632 precibus,
725 1596 806 1622 multa
821 1595 970 1622 auditorum
985 1594 1024 1620 vi-

231 1644 358 1679 gilantia,
375 1643 457 1670 multa
480 1643 662 1670 concionantis
686 1642 837 1676 diligentia,
862 1644 890 1667 ut
907 1648 966 1675 qua:
979 1639 1023 1667 di-

231 1690 314 1717 cenda
328 1694 390 1716 sunt
401 1693 557 1716 etaccnrate
568 1689 744 1723 proferantur,
758 1693 783 1714 et
795 1692 851 1714 tuto
865 1687 889 1713 in
903 1686 1023 1713 caritatis

231 1739 328 1762 vestra:
336 1735 432 1761 animis
445 1734 606 1760 inserantur.
624 1733 707 1767 Cupio
721 1740 835 1767 namque
851 1739 897 1758 vos
910 1738 961 1758 non
977 1738 1023 1756 au-

231 1781 288 1807 dire
309 1785 410 1807 tantum
422 1801 429 1812 ,
452 1779 498 1807 sed
511 1780 590 1807 etiam
605 1779 721 1811 institui;
739 1786 790 1804 non
804 1778 906 1805 discere
925 1776 1003 1804 modo
1013 1798 1020 1808 ,

231 1825 277 1852 sed
290 1827 369 1852 etiam
384 1825 498 1856 docere;
514 1832 566 1850 non
581 1825 701 1858 accipere
715 1823 798 1850 solum
809 1844 816 1855 ,
831 1822 877 1849 sed
899 1823 978 1849 etiam
996 1822 1020 1848 in

230 1872 296 1898 alios
312 1871 500 1898 transmittere.
511 1871 554 1897 Sic
566 1871 636 1897 enim
649 1875 674 1896 et
686 1869 849 1904 splendidius
862 1869 936 1895 nobis
946 1869 1020 1895 thea-

231 1922 300 1944 trum
312 1937 319 1944 .
335 1922 362 1944 et
383 1917 467 1950 maior
490 1922 574 1944 cattus
593 1916 658 1948 erit,
675 1915 780 1950 quando
794 1923 840 1941 vos
855 1922 902 1949 per
917 1922 946 1941 ea
962 1922 1021 1949 qua:

232 1963 368 1989 audieritis
381 1983 387 1993 ,
409 1963 475 1989 aliOs
496 1963 575 1989 etiam
597 1962 722 1988 inducere
745 1961 874 1995 poteritis.
891 1960 918 1987 In
934 1961 1020 1994 priore

232 2009 320 2042 itaque
338 2007 528 2035 concienehoc
543 2007 613 2034 dicto
634 2006 786 2041 evangelico
801 2006 826 2033 in
844 2006 1018 2033 mediumad-

229 2056 309 2082 dncto
319 2076 326 2087 ,
343 2054 421 2080 Pater
433 2062 502 2080 meus
513 2062 590 2088 usque
605 2054 677 2080 modo
691 2057 818 2088 operatur,
834 2058 856 2080 et
869 2061 913 2087 ego
929 2061 1020 2087 operor

232 2098 322 2132 (Joan.
339 2099 365 2126 ὃ.
382 2099 426 2133 17)
440 2119 446 2130 ,
462 2106 523 2125 cum
548 2098 609 2125 hinc
624 2098 799 2125 estettdissem
815 2097 872 2131 ejus
892 2105 952 2123 cunt
969 2097 1020 2124 Ge-

229 2145 316 2172 nitore
341 2145 517 2179 mqualitatem
529 2165 535 2176 ,
551 2145 619 2178 quod
635 2149 659 2170 et
675 2151 754 2178 supra
775 2143 892 2171 declarat
905 2151 1020 2177 evange-

230 2192 290 2218 lista
305 2191 346 2218 his
362 2192 464 2224 verbis,
482 2190 619 2225 PrOptt-rca
631 2191 709 2225 magis
723 2190 934 2225 persequebantur
944 2198 999 2216 eum
1010 2209 1018 2222 ,

229 2246 279 2264 non
291 2237 373 2264 solum.
384 2238 441 2272 quia
455 2237 563 2264 solvebat
573 2237 702 2268 sabbatum
714 2257 721 2267 .
735 2236 779 2262 sed
793 2240 815 2262 et
831 2236 932 2262 Patrem
947 2243 1019 2262 suum
1044 2264 1047 2270 '

229 2283 327 2309 diccbat
354 2283 444 2315 Deum,
461 2283 581 2316 a’qttalem
594 2291 620 2308 se
630 2282 724 2317 faciens
743 2282 797 2308 Dea
813 2281 903 2316 (Joan.
920 2281 946 2308 5.
962 2281 1018 2314 18),

229 2330 264 2356 ita
287 2337 437 2357 sermonem
460 2329 553 2356 clausi.
581 2329 664 2355 llodie
677 2334 766 2355 autem
782 2335 849 2362 opus
865 2333 948 2355 estea
969 2327 1019 2354 sol-

229 2383 290 2403 vere
300 2396 308 2409 ,
324 2383 383 2410 quae
393 2374 520 2402 adversus
538 2375 595 2401 lucc
609 2374 737 2409 objiciunt
750 2374 879 2401 hmrctici.
894 2374 1019 2406 Quamvis

228 2421 300 2448 enim
315 2421 384 2448 inter
398 2422 497 2447 amicos
511 2425 660 2451 certemus,
680 2424 751 2447 tanta
767 2424 855 2447 tamen
870 2419 1018 2447 adhibenda

227 2467 363 2502 diligentia
379 2470 437 2497 est,
453 2471 480 2493 ut
495 2466 610 2500 undique
621 2474 634 2491 a
651 2466 743 2492 fraude
759 2470 811 2492 tnta
831 2471 856 2492 et
875 2466 969 2493 invicta
985 2467 1017 2491 si!

228 2513 332 2544 oratio,
348 2512 451 2539 etiamsi
473 2512 498 2539 in
512 2512 607 2539 mediis
623 2512 742 2539 hostibus
754 2517 884 2539 versetur.
900 2512 932 2539 llt
947 2512 1017 2539 enim

228 2564 290 2585 ante
303 2558 434 2590 dicebam,
451 2566 502 2584 non
518 2559 610 2585 audire
622 2563 721 2585 tantum
733 2566 780 2585 vos
792 2559 862 2590 volo,
879 2558 925 2586 sed
938 2559 1017 2586 etiam

228 2605 294 2631 alios
308 2604 455 2631 instituere.
472 2603 533 2631 ldeo
555 2604 669 2631 Sollicite
689 2604 777 2630 studui
803 2612 851 2631 vos
866 2605 948 2632 armis
962 2604 1017 2639 spi-

231 2650 371 2677 ritualibns
386 2649 592 2676 circummunire
605 2669 612 2681 ,
634 2653 662 2676 ut
675 2650 775 2676 nullum
798 2650 945 2677 membrum
969 2659 1018 2679 nu-

227 2696 292 2723 dum
309 2700 446 2731 appareat,
464 2695 506 2721 vel
523 2695 594 2722 letali
611 2695 720 2722 vulnere
732 2696 907 2723 confodiatur.
923 2697 1018 2723 Armo-

229 2750 287 2769 rum
301 2742 400 2776 quippe
416 2741 474 2768 loco
489 2741 564 2768 nobis
579 2746 619 2768 est
635 2749 734 2772 sermo,
749 2741 792 2775 qui
806 2747 910 2769 nostros
922 2742 1017 2775 munit,

228 2793 255 2816 et
267 2789 358 2815 hostes
373 2788 443 2820 ferit;
458 2787 532 2820 ferit,
549 2787 656 2822 inquam
667 2808 674 2818 ,
692 2795 743 2814 non
758 2793 786 2814 ut
799 2788 916 2822 dejiciat,
931 2788 976 2815 sed
992 2793 1020 2815 ut

180 2831 183 2834 ’
227 2836 349 2870 jacentes
365 2835 458 2869 erigat.
475 2833 630 2869 llnjnsmodi
650 2834 720 2860 enim
744 2842 836 2869 pugnae.
855 2842 940 2869 genus
959 2839 1016 2868 est,

231 2881 300 2914 quod
315 2881 341 2908 in
353 2880 465 2908 Salutem
479 2884 571 2907 contra
587 2880 759 2915 pugnantium
778 2885 907 2914 tropmnn
922 2881 1016 2915 erigat.

1088 765 1123 794 Ut
1139 766 1219 801 igitur
1232 767 1283 795 hoc
1299 767 1358 801 ﬁat,
1372 771 1472 797 attento
1486 770 1578 798 adeste
1588 771 1677 799 animo
1687 793 1694 806 ,
1707 774 1779 801 'omni
1795 775 1878 809 ejecta

1085 812 1206 839 smcnlari
1219 819 1282 840 cura
1294 814 1411 841 animum
1423 816 1546 849 excitate,
1559 822 1637 844 acute
1647 823 1801 846 cernentem
1817 827 1876 847 ocu-

1085 856 1138 884 lum
1152 858 1268 891 przebete
1282 859 1358 886 mihi.
1374 860 1451 887 Dives
1462 869 1495 888 ne
1509 863 1630 890 socordia
1641 863 1744 891 difﬂuat
1757 874 1763 891 :
1776 873 1876 900 pauper

1084 909 1118 930 ne
1132 903 1256 938 egestatis
1278 904 1351 932 curis
1373 906 1552 940 opprimatur;
1565 908 1611 936 sed
1634 909 1715 936 missa
1729 910 1801 937 omni
1815 911 1876 938 vita:

1084 948 1279 984 inmqualitate,
1304 951 1416 986 quisque
1437 960 1467 979 se
1490 958 1610 987 paratum
1632 954 1782 982 auditorem
1805 964 1875 991 pra!-

1084 993 1144 1022 beat
1161 1003 1168 1021 :
1185 1003 1270 1030 neque
1290 996 1361 1023 enim
1383 997 1456 1032 parvi
1471 998 1546 1032 pretii
1567 1003 1644 1032 sunt,
1659 1008 1719 1035 qua:
1733 1009 1802 1028 nunc
1818 1006 1874 1028 tra-

1082 1045 1197 1067 ctantur.
1224 1041 1285 1068 Ideo
1309 1042 1367 1070 haec
1391 1042 1542 1078 frequenter
1565 1052 1660 1072 moneo
1677 1053 1684 1072 :
1701 1046 1761 1073 novi
1776 1047 1873 1082 quippe

1081 1093 1160 1120 quam
1173 1087 1303 1121 profundo
1315 1087 1340 1114 in
1352 1088 1444 1123 pelago
1455 1089 1618 1124 navigemus.
1635 1091 1672 1118 Ne
1686 1091 1801 1119 turbet-is
1812 1100 1874 1128 pro-

1081 1132 1191 1160 fundum
1216 1134 1461 1170 audiens:Spiritu
1487 1144 1601 1172 namque
1623 1138 1708 1171 duce,
1732 1147 1784 1173 non
1810 1146 1869 1170 sunt

1079 1185 1156 1214 aqua:
1169 1179 1277 1215 ealigini
1290 1180 1424 1214 obnoxiae,
1439 1182 1488 1210 sed
1501 1182 1629 1211 facillima
1642 1184 1694 1212 erit
1706 1185 1758 1217 via,
1774 1187 1795 1214 si
1808 1194 1866 1214 eam

1079 1225 1275 1258 tantummodo,
1295 1233 1375 1261 quam
1393 1227 1486 1262 jubeo,
1505 1230 1630 1256 teneatis.
1647 1229 1686 1257 Ne
1709 1232 1865 1265 tnrbemini,

1078 1278 1168 1306 neque
1178 1272 1350 1300 moveamini.
1361 1272 1426 1306 Qum
1437 1274 1508 1301 enim
1521 1275 1600 1302 hodie
1610 1277 1756 1312 agitantur,
1767 1279 1867 1306 audito-

1079 1322 1136 1343 rem
1149 1316 1226 1344 initio
1237 1318 1355 1350 turbant,
1368 1318 1449 1354 inque
1459 1319 1655 1349 dubitationem
1666 1323 1829 1357 conjiciunt:
1843 1324 1865 1352 sl

1077 1367 1142 1388 vero
1157 1361 1238 1389 finem
1250 1368 1400 1398 exspectet,
1414 1365 1458 1391 ubi
1473 1372 1683 1394 consentaneam
1702 1369 1865 1397 solutionem

1077 1406 1187 1440 videbit,
1202 1409 1319 1443 jucunda
1334 1409 1438 1437 frttetur
1456 1412 1659 1446 tranquillitate,
1673 1418 1701 1440 et
1716 1415 1742 1441 in
1757 1421 1865 1450 portum

1076 1453 1157 1480 nullis
1166 1454 1294 1489 agitatum
1304 1454 1431 1482 fluctibus
1439 1456 1560 1484 animum
1570 1460 1704 1493 appellere
1713 1461 1821 1495 poterit.
1831 1461 1866 1488 Ut

1077 1506 1141 1534 ergo
1153 1499 1210 1527 haec
1226 1500 1262 1527 ita
1275 1508 1304 1527 se
1320 1501 1446 1534 habeant,
1465 1510 1499 1529 ne
1518 1503 1676 1538 turbemini,
1694 1513 1728 1532 ne
1744 1513 1865 1533 commo-

1076 1546 1204 1578 veamini,
1226 1546 1273 1573 sed
1289 1555 1351 1574 cum
1366 1547 1445 1574 omni
1470 1549 1599 1582 patientia
1619 1555 1646 1576 et
1663 1553 1865 1586 perseverantia

1076 1591 1147 1618 viam
1158 1592 1311 1626 sequiminil
1332 1601 1412 1628 quant
1429 1593 1503 1620 verbi
1518 1594 1639 1622 doctrina
1651 1597 1781 1624 ostendit.

1111 1638 1407 1674 Anonmzorumobjectia,
1419 1648 1475 1674 qua:
1483 1642 1570 1675 fucum
1581 1642 1663 1676 facere
1674 1646 1781 1675 poterat,
1793 1643 1868 1676 refel-

1075 1685 1145 1711 litur.
1154 1700 1189 1705 —-
1203 1686 1267 1718 Qua:
1281 1691 1342 1713 snnt
1352 1694 1415 1722 ergo
1427 1695 1485 1722 quae
1499 1687 1575 1714 nobis
1586 1688 1618 1715 ab
1627 1688 1678 1715 illis
1690 1689 1866 1724 objiciuntur?

1076 1731 1151 1757 Nihil
1167 1736 1258 1765 potest,
1280 1732 1410 1767 inquiunt,
1431 1734 1514 1768 facere
1536 1733 1627 1766 Filius,
1645 1734 1694 1760 nisi
1708 1734 1796 1761 viderit
1816 1735 1867 1762 ιά-

1074 1783 1138 1804 trem
1162 1777 1295 1812 facientth
1319 1778 1407 1814 (Joan.
1423 1780 1450 1806 5.
1474 1779 1530 1814 l9).
1553 1780 1632 1814 Atqui
1656 1780 1712 1807 hrcc
1732 1781 1867 1815 Scriptura

1074 1824 1149 1852 dixit.
1163 1825 1294 1858 Quorsum
1309 1833 1372 1860 ergo
1382 1825 1439 1852 lucc
1452 1825 1527 1852 nobis
1538 1825 1681 1860 objiciunt?
1692 1826 1749 1853 Non
1762 1834 1794 1854 eo
1807 1835 1867 1854 sen-

1073 1877 1115 1903 sn,
1131 1878 1183 1905 qtto
1195 1878 1210 1897 a
1225 1870 1359 1904 Scriptura
1372 1870 1440 1898 dicta
1451 1875 1522 1902 sunt,
1537 1871 1693 1898 afferuntur.
1705 1871 1774 1905 Quid
1794 1872 1864 1902 hinc.

1073 1915 1158 1948 aiunt,
1170 1916 1332 1943 concludere
1346 1917 1455 1943 volunt?
1472 1916 1552 1943 Vides
1564 1917 1697 1951 quomodo
1715 1917 1797 1944 Filius
1808 1919 1866 1949 Dei,

1074 1961 1204 1997 inquiunt.
1222 1962 1292 1989 illam
1304 1963 1463 1997 :eqnalitatis
1478 1963 1656 1998 suspicionem
1672 1964 1790 1991 auferat?
1800 1965 1866 1998 Quia

1073 2010 1143 2036 enim
1157 2009 1241 2037 Judaei
1255 2009 1280 2036 id
1295 2010 1505 2044 suspicabantur,
1523 2019 1617 2044 nempe
1631 2019 1691 2038 eum
1707 2011 1761 2038 Deo
1775 2019 1866 2046 :rqna-

1073 2055 1123 2082 lcm
1140 2063 1169 2083 se
1184 2056 1280 2088 facere,
1293 2056 1352 2083 ideo
1372 2057 1459 2083 intulit
1474 2057 1513 2083 his
1527 2057 1626 2090 verbis,
1642 2057 1702 2084 Non
1716 2063 1796 2092 potest
1817 2057 1864 2084 F5-

1073 2101 1122 2128 lius
1136 2110 1151 2127 a
1161 2102 1242 2136 seipse
1254 2104 1338 2137 facere
1349 2103 1498 2137 quidquam.

1107 2146 1134 2172 2.
1156 2147 1221 2173 Num
1238 2147 1335 2174 frustra
1358 2147 1488 2181 dicebam,
1515 2148 1572 2176 hare
1594 2149 1674 2176 verba
1691 2157 1739 2177 vos
1759 2150 1865 2177 turbare

1073 2199 1161 2226 posse,
1175 2198 1255 2227 atque
1270 2193 1345 2220 inltio
1360 2193 1509 2221 auditorem
1524 2195 1687 2229 percellcre?
1704 2196 1801 2222 Verum
1816 2203 1847 2223 ex
1857 2212 1864 2217 -

1073 2241 1199 2272 spectate,
1213 2242 1240 2265 et
1252 2238 1374 2266 videbitis
1384 2246 1430 2266 eos
1446 2240 1558 2274 propriis
1571 2239 1707 2268 confectos
1719 2241 1788 2268 telis.
1798 2242 1863 2268 Cum

1073 2283 1165 2317 primis
1177 2284 1247 2310 enim
1262 2283 1456 2312 observandum
1469 2285 1504 2318 id,
1515 2285 1587 2320 quod
1598 2285 1706 2319 dicitur,
1719 2294 1771 2313 non
1783 2286 1865 2314 fuisse

1071 2329 1221 2357 Judarorum
1244 2330 1525 2366 suspicionemzquod
1547 2332 1627 2359 etiam
1650 2333 1677 2359 in
1704 2333 1862 2367 prmccdenti

1072 2377 1249 2412 disputatione
1257 2384 1316 2404 cum
1326 2378 1398 2404 omni
1413 2378 1598 2413 perspicuitate
1611 2379 1794 2411 ostendimus;
1804 2387 1864 2414 qnze

1072 2431 1106 2450 ne
1117 2424 1210 2450 iterum
1221 2423 1364 2456 agitentur,
1374 2431 1406 2450 eo
1416 2423 1576 2451 remittimus
1589 2424 1747 2456 auditorem,
1759 2430 1785 2452 et
1793 2426 1863 2459 quod

1072 2478 1141 2497 nunc
1154 2469 1280 2504 objicitur
1288 2470 1392 2497 solvere
1400 2469 1540 2497 conabimu
1546 2477 1566 2499 r.
1575 2471 1769 2506 ostendereqne
1778 2472 1863 2507 ipsum

1072 2522 1124 2544 ’,ιοιι
1139 2519 1168 2542 ut
1180 2519 1311 2542 everteret
1325 2522 1417 2542 eorum
1433 2515 1610 2550 suspicionem
1626 2515 1683 2543 haec
1695 2516 1804 2549 dixisse,
1817 2516 1863 2543 sed

1071 2567 1099 2588 ut
1111 2569 1169 2588 eam
1183 2559 1382 2588 accuratissime
1397 2560 1517 2588 ﬁrmaret
1532 2568 1564 2588 ac
1578 2561 1718 2593 stabiliret,
1734 2561 1864 2596 nobisque

1071 2611 1256 2641 argumentum
1272 2606 1404 2640 prmberct
1414 2614 1469 2633 sua:
1482 2613 1541 2633 eum
1556 2606 1634 2634 Patre
1650 2607 1863 2642 propinquitatis,

1072 2651 1200 2679 naturalis
1214 2651 1423 2686 conjunctionis,
1446 2655 1526 2686 atque
1547 2652 1708 2679 concordim.
1734 2652 1768 2680 Ita
1792 2653 1862 2680 cutim

1074 2698 1133 2725 huic
1143 2698 1215 2725 dicto
1225 2697 1340 2729 confido,
1354 2702 1382 2724 ut
1397 2697 1442 2724 illo
1456 2698 1572 2725 maxime
1586 2699 1672 2726 dicam
1685 2698 1863 2726 demonstrari

1072 2744 1130 2778 ejus
1142 2751 1202 2770 cum
1220 2743 1297 2770 Patre
1316 2744 1542 2776 conjunctionem,
1559 2749 1585 2771 et
1598 2745 1754 2772 substantias
1774 2746 1864 2772 unita-

1073 2793 1135 2816 tem.
1153 2789 1244 2824 Neqne
1259 2788 1450 2823 perturbemini
1463 2797 1494 2816 ex
1508 2789 1653 2817 ratiociniis
1667 2790 1863 2818 hmreticornm.

1072 2835 1163 2870 Neque
1175 2836 1246 2862 enim
1257 2835 1335 2870 gladii
1352 2835 1377 2862 in
1393 2836 1475 2863 muris
1488 2836 1594 2870 depicti,
1610 2844 1697 2871 neque
1710 2837 1799 2867 hasne,
1818 2845 1865 2864 ne-

1072 2889 1124 2916 que
1138 2881 1237 2916 spicula
1250 2880 1338 2908 hostes
1349 2881 1456 2908 turbare
1471 2886 1589 2917 possent,
1604 2886 1707 2910 torvum
1721 2888 1748 2910 et
1761 2883 1863 2911 terribi-
