2072 3123
256 124 306 152 ἓ19

253 181 305 209 lein
317 186 453 216 aspectum
461 181 644 218 praeferentes.
660 181 791 217 Quidquid
803 181 873 209 enim
885 180 1035 216 hujusmodi

254 228 307 257 est.
320 227 415 254 umbra
424 227 547 262 qumdam
555 233 582 256 et
592 227 680 262 imago
690 230 742 259 est,
761 234 813 254 non
825 234 913 254 rerum
928 226 1035 254 veritas.

251 270 325 298 Talia
332 279 397 299 stult
409 271 592 301 lncrcticorum
606 272 740 299 ratiocmia
753 280 828 307 :quae
839 278 867 300 ut
880 272 1035 305 refutemus,

250 317 328 345 dictis
340 325 357 345 e
371 318 482 352 vestigio
504 319 663 352 htcreamus,
687 319 792 346 assidue
811 319 1012 352 illaversantcs
1028 329 1034 347 :

250 363 411 398 interimque
424 364 457 391 ah
471 363 522 391 illis
535 371 696 399 qumrainus,
710 364 843 398 quomodo
863 365 945 392 velint
966 364 1036 392 hunc

251 409 337 436 locum
352 409 530 443 interpretari.
547 409 636 443 Neque
658 410 728 437 enim
751 410 807 436 Sola
832 410 911 436 lectio
926 410 1034 437 sufﬁcit.

249 453 314 481 Nam
328 455 349 482 si
365 454 442 482 lectio
457 454 600 487 sufﬁceret,
617 462 665 481 cur
678 455 813 490 Philippus
828 455 950 482 eunucho
963 455 1036 483 (lite-

248 499 304 531 bat.
316 499 513 535 Numintelligis
525 508 579 534 quw
591 500 652 535 legis
664 501 732 534 (Act.
747 501 772 528 8.
789 500 850 535 50)?
866 500 940 528 Unde
954 501 1035 535 liquet

249 552 309 573 eum
325 545 374 573 etsi
388 545 499 580 legeret,
514 546 577 573 nihil
591 554 622 574 ex
643 546 748 581 scriptis
771 547 947 574 intellexisse:
963 546 1035 574 ideo-

248 599 299 626 que
311 591 432 620 dicebat:
447 592 486 619 De
498 601 556 626 quo,
570 601 664 627 qutcso,
681 593 790 627 loquitur
804 594 937 627 propheta,
947 593 978 620 de
995 601 1034 620 se-

247 636 314 671 ipse,
327 645 360 663 an
372 637 403 663 de
414 637 465 664 alio
476 636 555 672 (Ibid.
568 645 590 664 υ.
604 637 666 672 54ὶῖ
675 637 701 664 Si
716 637 794 665 lectio
804 637 960 670 sufﬁciebat,
968 644 1034 671 quo-

247 682 327 710 modo
337 682 423 710 Judati
436 683 498 710 dum
511 682 593 710 Vetus
605 683 803 711 Testamentum
820 684 919 718 legunt,
935 691 965 710 ea
973 691 1032 718 qua:

247 727 282 756 de
295 727 391 755 Christi
406 728 548 761 natalibus,
559 722 592 756 de
605 729 698 764 signis,
712 730 745 756 de
759 729 902 762 miraculis,
918 729 950 757 de
960 730 1030 762 loco,

246 773 280 801 de
294 778 422 808 tempore,
434 774 467 801 de
477 781 565 808 cruce,
577 774 610 801 de
620 775 764 809 sepultura,
779 775 812 802 de
826 775 1029 807 resurrectione,

245 819 279 846 de
293 820 484 854 assumptione,
508 820 541 847 de
565 820 684 847 sessione
703 828 717 847 a
732 820 857 853 dexteris,
873 821 906 848 de
917 820 1030 855 Spiritus

246 865 329 892 sancti
341 865 480 898 descensu,
491 865 524 893 de
537 866 717 904 apostolorum
733 869 807 893 exitu
822 874 868 901 per
881 867 1028 894 universam

246 913 353 941 terram,
365 909 398 937 de
410 910 540 945 ejectioue
550 919 699 946 synagogm,
714 911 747 938 de
758 911 883 939 Ecclesia:
894 912 1029 940 nobilitate

245 953 378 988 dicuntur,
391 955 507 983 nondum
521 956 598 983 hodie
612 957 796 984 crediderunt?
811 957 868 985 Non
881 965 943 992 ergo
956 957 1029 984 sufﬁ-

243 1000 280 1027 cit
293 1000 382 1033 lectio,
398 1002 447 1028 nisi
461 1002 530 1029 adsit
543 1007 569 1029 et
581 1003 706 1036 cognitio.
722 1003 948 1037 Quemadmodum
957 1004 1026 1031 enim

243 1046 265 1074 si
280 1046 338 1081 quis
351 1045 412 1074 edat
433 1047 550 1082 quidem,
567 1048 613 1075 sed
629 1049 717 1075 cibum
737 1056 790 1075 non
810 1053 915 1084 coquat,
937 1049 959 1076 is
973 1057 1026 1077 non

243 1092 329 1119 vivet:
345 1092 384 1120 sic
395 1093 417 1120 si
432 1093 493 1127 quis
502 1093 582 1129 legat,
592 1092 658 1119 nihil
666 1100 727 1120 vero
743 1094 871 1121 dictorum
888 1095 1024 1129 intelligat,

242 1137 265 1164 is
278 1137 315 1164 rei
335 1137 472 1165 veritatem
485 1146 538 1165 non
555 1139 691 1174 percipiet.
707 1139 745 1166 Ne
765 1140 828 1167 mihi
851 1148 915 1175 ergo
938 1141 1023 1169 locum

241 1184 420 1218 evangelicum
436 1185 576 1219 proponite
590 1190 701 1218 tantum,
717 1186 762 1212 sed
776 1186 849 1213 illum
867 1186 1025 1221 interprete-

241 1230 315 1257 mini.
332 1230 386 1258 lloc
398 1235 484 1258 autem
497 1231 530 1258 ab
545 1231 608 1266 ipsis
624 1232 739 1266 postulo,
755 1237 781 1259 ut
795 1240 855 1259 eum
871 1240 964 1267 pravas
979 1241 1025 1260 eo-

241 1283 298 1303 rum
309 1276 500 1311 explicationes
514 1278 694 1310 confutavero,
711 1282 765 1304 tum
785 1278 905 1306 veritatis
926 1278 1022 1306 funda-

239 1326 357 1349 mentum
378 1322 484 1357 iaciam.
509 1323 553 1350 Sic
574 1324 653 1350 etiam
677 1324 817 1351 architecti
840 1324 948 1357 faciunt,
969 1333 1021 1352 non

239 1367 313 1401 prius
333 1367 507 1395 mdiﬁciorum
531 1368 702 1396 fundamenta
723 1369 837 1403 jaciunt,
862 1377 940 1404 quain
961 1378 1021 1397 sor-

238 1412 286 1440 des
298 1412 435 1447 ejecerint,
450 1418 478 1440 ut
493 1417 549 1441 tuto
563 1413 705 1441 aediﬁcent.
730 1414 783 1442 llos
802 1418 829 1442 et
850 1423 898 1442 nos
917 1423 1021 1451 quoque

238 1459 381 1486 imitemur.

272 1505 411 1542 Responsio
422 1506 593 1546 Chrysostomi
607 1508 640 1534 ad
652 1508 822 1535 htereticorum
835 1514 1017 1544 argumentum.

236 1566 272 1572 -—
282 1552 328 1579 Die
341 1560 414 1587 ergo,
427 1553 529 1580 nihilne
544 1557 631 1588 potest
644 1553 730 1580 Filius
744 1562 758 1580 a
771 1554 859 1588 Seipso
872 1554 969 1587 facere,
980 1554 1020 1581 ni-

235 1597 307 1625 hilne
321 1597 443 1632 prorsus?
462 1597 553 1633 Neque
567 1599 637 1626 enim
659 1598 735 1631 dixit,
759 1606 788 1626 se
811 1599 916 1634 quidem
937 1606 1015 1634 posse

235 1642 356 1670 homines
369 1642 466 1676 facere,
480 1642 527 1670 sed
542 1643 650 1677 angelos
665 1651 717 1670 non
735 1651 826 1678 posse;
841 1652 927 1679 neque
939 1652 1019 1679 ange-

234 1688 275 1715 los
287 1696 375 1723 posse,
390 1688 435 1716 sed
448 1688 620 1724 archangelos
634 1697 684 1716 non
701 1696 793 1724 posse;
805 1697 896 1717 verum
909 1691 1017 1718 omnino

234 1734 310 1762 nihil.
325 1734 533 1762 lmbecillitatem
559 1742 622 1769 ergo
644 1734 696 1762 hoc
713 1735 812 1763 dictum
843 1734 1017 1764 testificatur?

233 1782 253 1808 si
267 1781 373 1816 quidem
390 1781 534 1808 secundum
551 1781 702 1815 opinionem
719 1786 789 1808 tuam
810 1788 862 1808 non
879 1786 974 1816 potest,
991 1782 1016 1810 vi

232 1831 259 1854 et
272 1827 429 1854 neceSsitate
444 1827 591 1859 cohibitus;
608 1827 630 1855 si
652 1835 747 1862 nempe
760 1835 775 1854 a
794 1828 962 1863 seipsoxnihil
976 1829 1015 1856 fa-

232 1872 278 1902 cit,
294 1872 344 1899 nisi
357 1878 416 1906 qure
430 1872 528 1899 viderit
541 1872 646 1899 Patrem
661 1872 811 1900 facientem.
826 1873 864 1901 En
877 1874 925 1901 hac
942 1879 1015 1909 post-

232 1917 338 1944 modum
358 1922 463 1952 reperta
485 1917 616 1951 doctrina,
637 1926 696 1952 qua:
720 1922 806 1945 tamen
822 1919 911 1946 omnia
927 1920 1014 1947 aliena

231 1966 292 1990 Sunt
306 1962 340 1990 ab
353 1963 508 1990 intemerata
521 1963 573 1995 illa,
590 1963 742 1997 immortali,
759 1963 936 1997 inenarrabili,
949 1965 1016 1992 inef-

231 2008 312 2041 fabili,
335 2013 362 2035 et
382 2008 642 2043 incomprehensibili
664 2009 820 2036 substantia.
843 2010 875 2037 Et
896 2010 958 2046 quid
981 2011 1014 2038 de

229 2053 334 2081 Christo
349 2053 458 2089 loquor?
473 2054 562 2089 Neque
583 2055 652 2081 enim
667 2055 699 2082 de
723 2055 824 2089 mcipso
839 2055 938 2089 inﬁmo,
956 2056 1011 2089 vili,

231 2104 338 2127 terreno
352 2099 408 2126 hzec
418 2099 478 2126 licet
491 2099 575 2132 effari,
590 2108 641 2127 non
655 2108 733 2136 posse
748 2108 789 2128 me
799 2108 813 2127 a
827 2102 928 2136 mcipso
939 2102 1015 2136 quid-

227 2153 307 2179 quam
328 2145 429 2173 facere:
443 2152 492 2172 nec
505 2145 539 2172 de
554 2150 579 2172 te
601 2145 651 2173 hoc
667 2145 719 2172 dici
740 2150 836 2180 potest,
853 2154 901 2173 nec
915 2147 948 2173 de
961 2147 1013 2175 alio

229 2190 350 2225 quopiam
367 2190 513 2217 hominum.
535 2190 599 2217 Natn
614 2191 635 2217 si
657 2191 707 2218 hoc
729 2199 820 2218 verum
842 2197 891 2223 est,
916 2192 1012 2219 frustra

228 2236 346 2270 gehenna
362 2240 388 2264 cl
402 2236 557 2270 supplicium
567 2241 593 2263 et
606 2244 682 2271 prena
692 2245 698 2267 ;
710 2237 806 2264 frustra
817 2245 933 2270 corona),
945 2246 1014 2272 pra)-

229 2283 290 2314 mia,
307 2282 385 2309 bona.
400 2282 491 2317 Neque
509 2283 579 2309 enim
605 2283 647 2310 illa
669 2283 868 2314 sustinebimus,
884 2283 904 2310 si
921 2291 1013 2318 pecco-

228 2335 302 2359 mus;
317 2335 402 2362 neque
417 2328 457 2355 his
472 2328 599 2361 fruemur,
611 2329 632 2355 si
647 2334 719 2356 recte
728 2330 869 2364 egerimus,
881 2330 1010 2364 siquidem

227 2380 241 2399 a
251 2373 326 2400 nobis
335 2374 398 2408 ipsis
411 2374 476 2400 nihil
488 2374 607 2401 facimus.
622 2374 731 2401 Praemia
743 2375 814 2401 enim
826 2383 877 2402 non
888 2376 1011 2410 operibus

227 2420 342 2454 proprie,
359 2420 405 2446 sed
415 2420 542 2447 voluntati
554 2421 666 2454 reposita
682 2426 753 2448 sunt.
773 2420 892 2455 Exempli
908 2429 986 2448 causa
1002 2431 1008 2448 :

228 2472 285 2491 cum
299 2465 357 2499 quis
368 2473 383 2492 a
398 2465 486 2500 seipse
500 2465 597 2492 bonum
607 2471 741 2500 operatur,
757 2471 818 2493 tunc
831 2470 973 2494 coronatur
980 2475 1011 2494 ac

227 2509 392 2543 celebratur;
412 2518 464 2536 non
485 2518 545 2537 cum
561 2511 644 2545 egerit
658 2510 822 2544 simpliciter,
844 2511 890 2538 sed
906 2512 1010 2546 quando

225 2562 285 2581 eum
300 2555 434 2582 voluntate
446 2559 472 2582 et
488 2556 635 2590 proposito.
652 2556 738 2590 Atque
753 2560 781 2583 ut
805 2556 861 2583 haec
875 2564 934 2583 vera
951 2563 1011 2585 esse

226 2599 333 2627 discatis
343 2610 350 2627 :
362 2600 429 2628 Sunt
444 2602 560 2634 eunuchi,
575 2602 668 2637 inquit,
684 2602 725 2636 qui
735 2603 838 2628 castrati
849 2607 908 2629 sunt
919 2602 950 2628 ab
964 2603 1010 2629 lio-

227 2646 347 2678 minibus;
361 2650 384 2673 et
397 2651 455 2674 sunt
467 2647 582 2678 eunuchi,
597 2647 640 2682 qui
653 2648 747 2682 seipsos
762 2652 932 2674 castraverunt
948 2656 1009 2683 pro-

226 2696 279 2726 pter
292 2700 396 2727 regnum
414 2692 531 2719 ctzlorum
551 2692 656 2727 (Matth.
677 2692 719 2719 l9.
743 2692 797 2723 Μ).
815 2692 956 2720 Eunuchos
967 2692 1010 2720 hic

226 2742 300 2764 vocat
313 2745 366 2764 non
381 2745 428 2764 eos
441 2738 483 2772 qui
497 2738 546 2765 sibi
561 2738 678 2765 membra
701 2738 879 2770 absciderunt,
894 2738 940 2765 sed
965 2738 1009 2773 qui

224 2782 413 2816 cogitationem
425 2790 531 2817 pravam
543 2791 574 2810 ac
589 2783 697 2810 libidine
712 2784 814 2817 plenam
828 2787 1007 2815 resecuerunt,

226 2835 277 2854 non
289 2828 379 2863 gladio
393 2827 490 2863 ferreo,
501 2828 548 2856 sed
561 2828 699 2857 ratiocinio
707 2832 732 2856 et
745 2824 924 2864 philosophia,
935 2833 960 2856 et
974 2828 1006 2855 ad

728 124 761 152 lN
781 123 891 158 ILLUD,
913 124 1023 153 FILIUS
1042 123 1089 151 EX
1107 124 1148 152 SE
1168 124 1263 153 NllllL
1282 125 1393 156 FACIT.

1827 133 1879 160 250

1093 181 1155 208 illud
1170 181 1216 209 Dei
1231 183 1329 210 auxilio
1342 184 1382 210 usi
1396 189 1466 211 sunt.
1483 185 1553 213 Ecce
1568 186 1621 213 duo
1635 188 1817 216 cunuchorum
1830 198 1877 225 ge-

1092 234 1164 261 nera,
1180 235 1292 263 quorum
1314 229 1359 256 alii
1380 232 1414 258 ab
1436 231 1588 260 hominibus
1609 235 1709 261 exsecti
1735 241 1806 269 sunt,
1831 237 1877 265 alii

1091 272 1186 306 pietate
1212 275 1324 308 permoti
1349 282 1456 310 pravam
1480 277 1670 312 cogitationem
1696 285 1875 314 amputarunt.

1091 317 1277 347 Verumtamen
1293 321 1343 347 etsi
1364 321 1469 349 diverso
1484 323 1563 350 modo
1579 325 1688 351 castrati
1711 331 1783 358 sunt,
1798 326 1877 354 atnbo

1090 367 1176 391 tamen
1190 365 1311 393 similiter
1324 374 1339 393 a
1353 367 1492 395 mulierum
1513 369 1654 396 concubitu
1675 369 1819 399 abstinent.
1835 372 1878 400 Si-

1088 410 1187 438 militer
1209 411 1274 446 dixi,
1299 420 1351 440 non
1376 414 1520 441 secundum
1536 416 1699 450 propositum
1720 417 1874 451 voluntatis,

1087 455 1133 482 sed
1144 457 1288 485 secundum
1302 459 1338 486 rei
1348 464 1479 487 naturam.
1489 459 1579 496 Neque
1591 462 1660 488 enim
1669 462 1805 491 eunuchus
1814 471 1874 491 cum

1087 502 1199 530 muliere
1221 511 1278 531 rem
1300 504 1398 532 habere
1420 506 1513 541 possit,
1538 515 1624 542 neque
1647 508 1805 542 monachus,
1829 510 1874 545 qui

1086 548 1203 583 seipSum
1216 555 1282 580 east:
1288 551 1350 578 avit.
1361 551 1414 579 Res
1423 552 1528 587 quidem
1540 561 1592 580 una
1600 553 1746 589 eademque
1757 559 1808 589 est,
1821 564 1873 583 non

1087 593 1148 621 item
1164 595 1233 624 ﬁnis.
1258 596 1320 623 ldeo
1342 604 1403 624 cum
1422 598 1455 625 de
1477 599 1529 625 illis
1543 599 1664 632 dixisset,
1680 600 1749 635 quod
1765 602 1873 628 castrati

1085 640 1139 667 sint
1157 641 1191 669 ab
1206 641 1367 675 hominibus,
1391 644 1492 671 nullum
1515 645 1550 672 ob
1565 645 1591 672 id
1606 645 1671 679 ipsis
1685 646 1788 674 addidit
1801 655 1872 682 prm-

1085 684 1183 712 mium:
1199 691 1301 714 natura:
1315 687 1422 722 quippe,
1447 696 1498 716 non
1518 690 1715 718 exercitationis
1736 691 1802 720 illud
1815 697 1872 721 erat

1084 736 1162 764 opus.
1176 730 1229 758 llos
1242 737 1330 759 autem
1343 732 1369 759 in
1384 733 1501 760 medium
1511 734 1639 762 adductos
1652 743 1735 771 regno
1745 737 1870 765 caalorum

1083 777 1228 809 coronavit,
1241 777 1343 812 dicens,
1358 778 1465 814 Propter
1476 788 1580 815 regnum
1591 781 1718 808 caelorum.
1732 782 1812 817 Atqui
1824 791 1872 810 ne-

1082 829 1134 856 que
1147 822 1200 854 hic,
1214 831 1299 858 neque
1312 823 1356 851 ille
1369 831 1428 851 cum
1441 825 1551 853 muliere
1564 833 1619 853 rem
1631 826 1727 854 habet:
1741 827 1789 855 sed
1799 828 1868 855 alter

1082 868 1250 902 necessitate,
1262 869 1331 897 alter
1341 877 1404 898 vero
1415 871 1550 906 proposito
1561 866 1633 900 recte
1643 873 1705 908 agit,
1717 877 1745 901 et
1754 881 1769 900 a
1781 875 1870 909 seipso

1081 913 1143 940 illud
1154 919 1271 948 prrestat.
1281 915 1451 949 Hominesne,
1464 917 1506 944 dic
1517 917 1591 950 mihi,
1602 925 1615 943 a
1627 918 1722 953 seipsis
1731 918 1782 946 hoc
1791 927 1870 954 agere

1079 963 1201 992 possunt,
1221 964 1249 987 et
1271 959 1463 996 philosophari,
1479 967 1506 989 et
1521 962 1602 997 loqui,
1626 968 1803 998 sexcentaque
1814 965 1865 992 alEa

1079 1004 1224 1038 perﬁcere:
1238 1006 1392 1040 angelorum
1408 1015 1471 1035 vero
1484 1008 1611 1036 Dominus
1626 1016 1675 1036 nec
1694 1017 1803 1044 parvum
1818 1018 1868 1038 nec

1078 1058 1203 1085 magnum
1218 1051 1280 1086 quid
1292 1060 1305 1079 a
1318 1052 1406 1087 seipso
1420 1061 1498 1088 agere
1512 1055 1627 1089 poterit?
1638 1055 1670 1082 Et
1683 1056 1743 1090 quis
1758 1056 1815 1083 [nec
1826 1056 1866 1083 fe-

1078 1097 1138 1124 rat?
1152 1097 1208 1124 Non
1223 1098 1297 1125 audis
1314 1098 1424 1126 Paulum
1440 1099 1570 1127 dicentem
1584 1107 1591 1126 :
1609 1109 1618 1125 (
1635 1100 1662 1127 In
1679 1108 1772 1136 magna
1786 1102 1866 1129 domo

1077 1150 1131 1170 non
1145 1144 1230 1170 solum
1246 1148 1308 1171 sunt
1323 1152 1384 1172 vasa
1395 1152 1474 1172 aurea
1488 1149 1516 1172 et
1529 1150 1664 1180 argentea,
1682 1147 1727 1173 sed
1740 1147 1820 1174 etiam
1833 1148 1864 1174 Ii-

1076 1196 1142 1224 gnea
1156 1193 1183 1216 et
1194 1189 1293 1222 ﬁctilia,
1305 1189 1426 1225 quaidam
1442 1191 1467 1217 in
1482 1190 1622 1224 honorem,
1634 1191 1754 1226 qutedam
1775 1197 1863 1221 autem

1075 1234 1102 1262 in
1116 1235 1311 1263 contumeliam.
1326 1235 1354 1262 Si
1368 1236 1426 1271 quis
1436 1243 1499 1271 ergo
1509 1237 1690 1265 cmundaverit
1704 1245 1733 1266 se
1743 1238 1861 1273 abjpsis,

1075 1280 1125 1307 erit
1137 1287 1183 1307 vas
1194 1282 1219 1307 in
1232 1280 1372 1314 honorem,
1387 1281 1578 1310 sanctiﬁcatum
1586 1283 1699 1311 Domino
1717 1293 1726 1310 ι
1741 1285 1779 1319 (2.
1795 1284 1862 1313 Tim.

1073 1326 1100 1354 2.
1114 1326 1160 1354 20.
1175 1326 1232 1363 ξι).

1109 1372 1135 1400 5.
1157 1371 1236 1400 Vides
1249 1371 1297 1400 hos
1309 1373 1388 1400 etiam
1410 1381 1440 1401 se
1451 1381 1484 1401 ex
1505 1373 1599 1409 seipsis
1613 1374 1774 1403 emendare?
1794 1376 1860 1404 Illud

1073 1417 1144 1444 enim
1166 1417 1316 1452 signiﬁcant
1339 1417 1412 1446 haec:
1425 1418 1456 1446 Si
1470 1419 1525 1454 quis
1548 1419 1658 1453 seipsum
1679 1421 1858 1448 cmundaverit.

1071 1461 1140 1496 Quid
1153 1469 1217 1497 ergo
1230 1462 1295 1490 illud
1310 1467 1350 1490 est
1361 1463 1431 1498 quod
1443 1464 1559 1491 dicitur?
1569 1463 1597 1492 Si
1611 1472 1671 1492 cum
1685 1465 1860 1494 familiaribus

1071 1512 1174 1536 tantum
1188 1513 1215 1536 et
1235 1509 1325 1536 amicis
1339 1516 1428 1536 sermo
1442 1514 1524 1544 esset,
1544 1512 1598 1546 jam
1620 1511 1776 1539 solutionem
1790 1517 1860 1540 attu-

1071 1553 1159 1580 lissem
1171 1562 1177 1580 :
1189 1554 1249 1588 quia
1262 1561 1325 1582 vero
1335 1561 1396 1582 cum
1412 1555 1526 1583 inimicis
1545 1560 1572 1584 et
1591 1556 1712 1585 hostibus
1725 1564 1768 1585 res
1783 1558 1859 1586 nobis

1069 1603 1120 1632 est,
1136 1605 1227 1626 eorum
1243 1607 1348 1634 quoque
1368 1605 1522 1635 argumenta
1543 1601 1704 1629 confutanda
1722 1604 1857 1637 sunt,~ad-

1070 1643 1147 1671 ducta
1164 1643 1252 1671 denuo
1265 1643 1291 1671 in
1303 1644 1419 1672 medium
1433 1645 1561 1679 clausula,
1574 1651 1602 1674 ut
1620 1654 1678 1674 eam
1700 1649 1738 1675 sic
1754 1650 1856 1683 perSpi-

1069 1697 1145 1716 cnam
1157 1689 1308 1717 reddamus.
1324 1691 1401 1724 Quod
1411 1691 1482 1718 enim
1495 1692 1628 1727 possimus
1647 1701 1679 1720 ex
1699 1694 1775 1721 nobis
1789 1695 1857 1729 ipsis

1068 1734 1155 1762 facere
1166 1738 1193 1761 et
1211 1735 1310 1769 dicere,
1323 1735 1388 1763 satis
1400 1741 1636 1764 commoustratum
1650 1743 1700 1765 est.
1715 1738 1772 1766 Nisi
1785 1740 1865 1776 enim

1068 1780 1132 1807 illud
1147 1785 1227 1812 esset,
1239 1788 1405 1816 nequaquam
1418 1788 1467 1816 pro
1481 1781 1557 1809 bonis
1574 1783 1699 1816 operibus
1711 1790 1856 1811 coronare-

1068 1833 1136 1852 mur.
1157 1825 1362 1860 lnterrogandus
1382 1826 1476 1854 iterum
1492 1831 1533 1854 est
1546 1827 1783 1861 haereticus:Quid
1804 1833 1855 1861 est,

1066 1870 1127 1898 Nisi
1140 1871 1202 1906 quid
1213 1871 1301 1899 viderit
1314 1871 1417 1898 Patrem
1438 1873 1579 1908 facientem,
1595 1873 1659 1900 nihil
1679 1881 1695 1900 a
1716 1874 1798 1908 seipso
1814 1875 1855 1909 fa-

1067 1924 1122 1943 cere
1134 1916 1233 1951 potest!
1245 1916 1286 1943 Ab
1306 1917 1356 1944 hoc
1367 1917 1438 1944 enim
1458 1917 1540 1950 dicto,
1553 1917 1670 1952 inquam,
1683 1926 1736 1945 non
1749 1919 1782 1946 ab
1797 1919 1855 1953 ejus

1067 1962 1301 1997 interpretatione;
1317 1963 1371 1990 imo
1384 1963 1472 1997 potius
1487 1970 1574 1998 neque
1585 1970 1599 1990 a
1612 1963 1694 1996 dicto,
1706 1963 1754 1991 sed
1767 1971 1781 1990 a
1792 1972 1855 1999 pra-
1895 1974 1903 1982 ι

1066 2017 1096 2036 va
1120 2009 1306 2036 hzcreticorum
1327 2009 1555 2044 interpretatione,
1579 2010 1677 2045 duplex
1701 2012 1855 2038 necessario

1065 2055 1203 2083 statuenda
1218 2055 1318 2083 creatio
1332 2055 1395 2083 erit.
1409 2056 1548 2089 Quomodo
1563 2060 1590 2084 et
1600 2064 1651 2091 qua
1662 2057 1783 2084 ratione?
1796 2057 1855 2084 Nisi

1064 2101 1125 2136 quid
1134 2102 1234 2133 uiderit,
1249 2101 1343 2136 inquit,
1358 2101 1461 2128 Patrem
1473 2101 1615 2136 facientem,
1629 2102 1693 2129 nihil
1706 2103 1789 2137 facere
1805 2111 1852 2137 po-

1065 2151 1120 2174 test.
1135 2146 1205 2181 Ergo
1218 2153 1328 2173 necesse
1340 2153 1447 2181 prorsus
1460 2147 1522 2179 erit,
1532 2153 1593 2174 esse
1605 2153 1685 2180 opera
1696 2146 1781 2174 Patris
1791 2154 1854 2181 per—

1065 2191 1148 2223 fecta;
1160 2195 1186 2218 et
1196 2198 1255 2218 esse
1265 2191 1314 2218 alia
1326 2190 1395 2224 Filii,
1409 2198 1468 2225 quae
1479 2191 1535 2226 ipse
1544 2192 1576 2218 ad
1587 2196 1694 2225 paterna
1706 2192 1853 2226 respiciens

1065 2237 1203 2265 creaverit.
1218 2237 1274 2264 Nisi
1296 2236 1441 2271 quidpiam,
1465 2236 1559 2271 inquit,
1580 2236 1719 2263 facientem
1744 2237 1849 2268 viderit,

1064 2290 1117 2310 non
1133 2282 1204 2310 facit.
1216 2282 1250 2310 Ut
1258 2289 1321 2317 ergo
1331 2281 1429 2314 videat,
1443 2289 1551 2309 necesse
1559 2286 1600 2309 est
1613 2289 1692 2317 opera
1701 2289 1771 2309 esse.
1783 2281 1850 2314 Quid

1063 2329 1146 2364 ergo?
1157 2336 1248 2364 qumso
1256 2334 1298 2356 te:
1311 2336 1391 2356 unum
1402 2327 1521 2355 videmus
1531 2329 1626 2360 solem,
1639 2336 1702 2355 num
1711 2327 1777 2355 duos
1785 2328 1851 2355 mihi

1063 2379 1211 2402 monstrare
1232 2379 1318 2409 potes,
1339 2377 1366 2400 ut
1385 2381 1466 2400 unum
1479 2381 1494 2400 a
1511 2373 1589 2400 Patre
1611 2372 1718 2406 factum,
1732 2373 1813 2400 alium
1835 2381 1849 2400 a

1063 2419 1130 2447 Filio
1149 2419 1285 2454 suspicer?
1300 2426 1361 2445 num
1375 2419 1441 2445 duas
1462 2418 1550 2450 lunas,
1568 2418 1611 2445 vel
1628 2422 1727 2450 terras,
1741 2418 1784 2446 vel
1796 2418 1849 2445 duo

1063 2466 1164 2493 maria?
1177 2471 1204 2493 et
1219 2466 1258 2492 sic
1271 2465 1304 2492 de
1317 2465 1423 2492 caeteris
1441 2464 1584 2491 omnibus?
1598 2464 1694 2491 Verum
1708 2464 1760 2491 hoc
1773 2473 1850 2491 ntim-

1061 2519 1139 2547 quam
1162 2511 1358 2539 dixeris:unus
1377 2510 1475 2545 quippe
1489 2510 1529 2537 sol
1551 2514 1602 2538 est.
1617 2510 1755 2543 Quomodo
1771 2510 1849 2545 igitur

1062 2557 1125 2584 nihil
1140 2556 1211 2589 facit,
1226 2556 1274 2583 nisi
1285 2556 1380 2583 viderit
1389 2556 1495 2582 Patrem
1508 2555 1665 2583 facientem?
1675 2555 1764 2583 Solem
1774 2555 1849 2589 cujus

1062 2609 1128 2637 opus
1141 2609 1200 2629 e5se
1213 2601 1269 2628 vis?
1282 2609 1316 2628 an
1332 2601 1433 2628 Patris?
1448 2601 1499 2628 Ubi
1513 2608 1577 2635 ergo
1594 2601 1654 2628 Filii
1667 2601 1725 2628 sol?
1746 2601 1787 2628 An
1803 2601 1847 2628 Fi-

1062 2647 1106 2674 lii?
1120 2647 1169 2674 Ubi
1184 2653 1247 2681 crgo
1259 2646 1298 2672 sol
1311 2645 1407 2679 Patris,
1419 2644 1496 2680 quem
1512 2646 1604 2673 videns
1614 2645 1708 2678 Filius,
1722 2645 1804 2672 alium
1813 2646 1848 2672 si-

1061 2692 1151 2719 milem
1164 2691 1272 2718 fecerit?
1282 2690 1420 2724 Quomodo
1431 2691 1511 2718 stabit
1521 2690 1595 2722 illud,
1609 2690 1702 2717 Omnia
1713 2699 1757 2726 per
1765 2691 1846 2725 ipsum

1062 2740 1129 2774 facta
1143 2741 1210 2769 runt,
1225 2737 1375 2770 etsineipso
1389 2738 1483 2772 factum
1496 2741 1531 2763 est
1544 2736 1608 2762 nihil
1622 2735 1710 2771 (Joan.
1723 2736 1748 2762 1.
1763 2736 1808 2769 5)?
1818 2735 1846 2761 Si

1062 2782 1132 2810 enim
1145 2783 1233 2810 omnia
1248 2789 1294 2815 per
1317 2781 1414 2815 ipsum,
1429 2780 1498 2814 quod
1513 2785 1617 2815 tempus
1630 2780 1744 2807 adscribi
1760 2783 1846 2814 potest

1062 2827 1123 2855 huic
1151 2818 1298 2854 divisioni?
1324 2825 1415 2854 Viden’
1437 2825 1598 2854 ratiocinia?
1628 2824 1761 2860 quomodo
1798 2829 1846 2849 vos
