2049 3133
219 142 248 167 Si
561 137 588 163 ς.
605 137 744 164 ,ΙΟᾹΝΝΙΒ
762 133 999 163 (lllllYSUS'l‘UMl

1054 132 1174 160 iCHlEP.
1194 130 1462 159 CONS'I‘ANTINUP.

201 201 274 235 ipsos
292 196 448 232 intplicalis,
471 203 501 222 ac
524 194 690 222 mendacium
714 194 831 228 seipsum
854 191 989 227 coarguit?

237 244 312 272 Aliud
328 248 501 279 argumentum
520 247 607 268 contra
631 241 772 268 Anomaeos.
799 239 855 271 Quo
876 238 901 265 in
924 242 991 265 statu

201 301 223 318 οι
231 292 266 318 bis
278 291 352 326 fuerit
367 295 424 316 ante
440 289 532 315 Christi
546 287 754 314 incarnationem.
769 301 804 305 ——
817 285 886 312 Ecce
900 291 991 311 eorum

201 338 279 365 allata
302 335 529 370 interpretatione,
552 333 685 368 quomodo
699 330 991 365 demonstravi,ipsam

202 393 215 410 a
231 383 318 418 seipsa
334 381 435 416 impeti.
449 380 501 408 Sed
515 385 541 407 et
555 379 618 406 illud
630 378 715 406 libens
730 377 815 404 adhuc
828 383 990 412 quaererem:

201 430 267 464 Quis
291 437 397 456 carnem
422 431 538 454 nostram
564 425 717 459 assumpsit,
741 429 767 451 et
792 425 817 451 in
839 423 992 458 virginalem

201 477 306 504 vulvam
319 474 624 503 descendit?Paternean
636 471 787 499 thus?dic
801 470 876 497 mihi.
888 469 992 501 Nonne,

203 529 231 550 ut
247 522 368 550 omnibus
379 521 463 556 palam
477 525 527 553 est,
549 519 700 554 nnigenitus
715 518 760 545 Dei
773 517 873 544 Filius?
889 515 992 543 Etenim

203 569 300 595 Paulus
313 568 351 594 sic
364 563 400 594 ait
415 576 421 594 :
439 576 448 592 ι
468 566 522 593 Hoc
540 567 635 592 sentite
660 564 686 591 in
708 563 798 594 vobis,
820 560 891 596 quod
915 564 943 588 et
968 561 994 587 in

203 615 309 641 Christo
332 613 406 645 Jesu,
422 612 466 648 qui
481 620 540 639 cum
560 611 585 638 in
601 610 683 637 forma
699 609 743 636 Dei
760 613 839 639 esset,
857 614 910 634 non
924 606 995 641 rapi-

204 668 265 687 uam
278 660 420 687 arbitratus
431 663 471 685 est
483 665 541 685 esse
553 664 582 684 se
598 656 726 691 aqualem
744 655 814 686 lico;
837 653 882 680 scd
895 657 994 679 semet-

205 707 289 740 ipsum
303 705 447 733 exinanivit
460 704 570 731 formam
585 710 653 730 servi
667 701 798 736 accipiens
814 710 822 725 ι
840 698 954 734 (Philip.
965 697 992 725 9..

204 752 292 787 5-7).
309 751 352 783 Et,
371 760 380 777 ι
396 750 462 777 Misit
475 750 545 777 Deus
557 749 650 776 Filium
666 755 742 775 suum
758 746 931 781 unigenitum,
957 744 996 771 fa-

204 803 275 825 ctum
301 805 333 824 ex
355 796 475 827 muliere,
498 795 594 822 factum
618 794 668 821 sub
695 794 751 827 lege
769 802 778 818 ι
805 791 882 827 (Gal.
907 791 934 817 4.
949 789 993 822 4).

205 843 349 878 Omnisque
360 843 505 877 Scriptura,
522 846 575 868 tum
590 844 665 867 vetus
680 845 734 866 tum
749 845 827 870 nova,
844 836 995 871 hujnsmodi

205 889 366 917 testimoniis
378 888 454 923 plena
472 892 523 919 c~t,
538 887 647 922 ipsaque
662 893 742 920 Opera
757 885 883 914 clamant,
898 882 996 917 Unigc-

207 937 292 962 nilum
312 935 476 962 incarnatunt
498 941 567 965 esse,
597 940 648 958 non
662 931 777 958 Patrem.
806 929 899 957 Utrum
918 928 997 962 igitur

207 982 299 1014 Filius,
315 983 373 1008 viso
387 981 608 1008 Patreiucarnato
618 979 769 1005 incarnatus
783 981 808 1004 et
823 977 879 1011 ipse
889 975 993 1009 cst‘t(n)

208 1027 217 1064 [
233 1028 322 1062 Neque
335 1027 405 1054 enim
422 1027 573 1054 incarnatus
587 1024 699 1061 fuissut],
721 1024 771 1050 nisi
786 1023 894 1050 vidisset
911 1022 995 1056 ips-nu

208 1074 369 1100 incarnattnu
388 1081 393 1098 :
407 1072 536 1107 siquidem
548 1070 606 1098 Non
622 1075 724 1105 patrata
735 1070 816 1104 seipso
830 1069 912 1103 facere
925 1067 998 1101 quid-

207 1127 292 1152 t/umn,
309 1118 358 1145 nisi
370 1118 457 1144 viderit
478 1116 580 1143 I‘ulrcm
595 1116 737 1151 facientem.
760 1113 933 1148 Quandonam
948 1113 997 1139 hoc

209 1164 313 1191 Patrem
334 1164 473 1190 facientem
496 1162 600 1194 viderit,
630 1162 720 1188 dicere
746 1169 798 1187 non
823 1159 918 1195 possis.
943 1158 998 1185 Nec

208 1217 272 1236 vero
295 1215 370 1244 putes
393 1216 501 1244 parvum
529 1208 553 1234 id
582 1215 650 1239 esse,
671 1206 740 1242 quod
757 1205 853 1233 factum
868 1209 917 1233 cst.
932 1204 996 1232 Nam

207 1261 285 1291 caput
297 1256 388 1283 salutis
402 1260 498 1283 nustrm
516 1254 661 1282 incat‘ualio
677 1253 808 1288 Unigeniti
824 1257 874 1285 est,
890 1256 917 1279 et
941 1251 998 1286 ejus

207 1303 239 1330 ad
256 1310 304 1329 nos
316 1309 398 1337 usque
412 1301 545 1329 demissio.
569 1303 716 1335 Antequam
732 1300 802 1327 enim
815 1299 895 1326 homo
912 1299 997 1330 lieret,

208 1349 307 1376 malitia
319 1348 485 1384 tyrannidem
497 1347 647 1380 cxchebat,
667 1351 694 1374 ct
717 1345 921 1381 profundissima
946 1352 996 1372 uox

208 1395 295 1422 omnia
309 1394 463 1429 occupabat,
476 1398 555 1429 atque
571 1393 667 1428 ubique
689 1400 742 1420 ara!
755 1397 781 1419 et
802 1392 898 1426 templa
916 1391 999 1418 idolo-

209 1449 278 1474 rum,
293 1440 379 1472 uidor,
397 1440 484 1467 fumus
498 1445 525 1466 et
549 1443 680 1466 torrentes
691 1437 836 1473 sanguinis,
853 1445 905 1464 non
920 1437 999 1464 modo

208 1487 296 1514 miunt
308 1486 451 1520 boumque,
467 1485 514 1513 setl
532 1485 609 1512 etiam
623 1484 769 1511 hominum.
782 1483 847 1510 Nam
860 1483 999 1517 Sacriﬁca-

209 1537 297 1566 t‘t't‘ujll
312 1533 377 1566 ﬁlios
388 1540 447 1558 suos
468 1535 492 1558 et
515 1531 581 1565 ﬁlias
603 1538 661 1557 snas
675 1530 805 1557 dminoniis
827 1529 919 1564 (Psal.
936 1529 998 1556 105.

209 1579 241 1606 37
255 1580 264 1614 )
281 1587 286 1604 :
303 1584 328 1605 et
342 1578 399 1605 hate
412 1578 531 1612 populus,
553 1577 596 1612 qui
620 1577 762 1612 prophetas
781 1575 896 1603 habebat
920 1580 1000 1609 atque

196 1625 305 1659 legem,
321 1624 365 1659 qni
382 1624 426 1650 Dei
443 1623 499 1650 visu
520 1623 665 1655 fruebatur,
688 1623 732 1657 qui
760 1622 785 1649 in
806 1626 845 1648 tot
866 1621 1000 1648 miraculis

210 1671 351 1698 innutritus
375 1675 440 1698 crat.
470 1669 544 1703 Quod
565 1670 586 1696 si
609 1669 634 1696 hi
649 1669 713 1696 tales
727 1672 812 1701 erant,
834 1668 918 1703 cogita
935 1674 1001 1702 quo-

211 1719 289 1746 moda
304 1718 413 1753 reliquae
434 1717 507 1744 orbis
522 1721 608 1751 partes
622 1715 723 1743 allectat
736 1714 844 1748 iuerint,
869 1722 883 1740 a
899 1714 999 1740 dauno-

211 1764 289 1791 nibus
301 1764 448 1798 exagitatm,
474 1762 524 1789 sub
539 1762 662 1796 nequitiae
678 1760 842 1796 tyrannidem
871 1759 999 1792 redactm,

211 1811 291 1839 animi
307 1810 406 1836 morbis
416 1809 539 1836 erunibus
549 1808 683 1842 subjectw,
697 1808 765 1842 ligna
781 1807 908 1840 colentes,
933 1807 1000 1842 lapi-

212 1856 259 1881 des
273 1855 425 1885 adorantes,
438 1859 550 1886 montes,
564 1854 656 1886 colles,
672 1854 764 1886 saltus,
781 1854 900 1885 arbores,
917 1854 999 1886 lacus,

214 1903 308 1932 lentes,
325 1901 428 1928 ﬂuvios.
453 1900 551 1935 Ecquid
566 1905 660 1928 ca'lcra
674 1901 935 1927 commemm‘etnns?
960 1900 999 1927 Ex

214 1947 368 1973 .ludzeorum
382 1947 451 1973 enim
465 1946 540 1973 malis
553 1951 649 1980 quanta
658 1951 748 1973 essent
763 1947 874 1973 aliorum
886 1945 1001 1974 facinora

214 1994 305 2020 videre
319 1998 369 2020 est.
390 2003 398 2018 ι
419 1993 482 2027 Equi
506 1993 622 2019 furentes
646 1993 671 2019 in
693 1992 805 2019 feminas
817 1996 902 2025 erant,
920 2000 1002 2020 unus-

212 2039 323 2073 quisque
331 2039 363 2065 ad
377 2046 485 2066 tnoreut
498 2038 608 2073 proximi
620 2038 659 2065 sui
673 2037 805 2066 hiauit-bat
818 2048 826 2063 ι
837 2037 906 2074 (Jer.
918 2038 944 2066 5.
955 2038 1001 2074 8).

217 2095 226 2111 ι
238 2085 369 2120 Cognovit
382 2086 428 2112 bos
445 2091 625 2120 possessorem
641 2092 727 2117 suum,
742 2089 769 2110 et
779 2081 871 2111 'asinns
885 2091 1004 2119 prmsepc

213 2131 313 2159 domini
330 2131 380 2164 sui,
395 2131 474 2158 Israel
487 2136 574 2158 autem
589 2139 632 2159 me
645 2139 696 2158 non
709 2131 830 2166 cognovit
848 2141 857 2156 ι
872 2129 952 2167 (Isai.
976 2131 1001 2158 1.

214 2180 252 2212 5).
265 2188 273 2204 ι
286 2179 372 2205 Canes
387 2179 461 2209 muti,
474 2179 517 2212 qui
529 2181 728 2212 nonpotuernut
740 2177 837 2204 latrare
848 2186 857 2202 ι
869 2176 945 2212 (Isai.
957 2176 1002 2205 56.

216 2226 250 2252 10
263 2226 283 2260 ).
298 2235 306 2251 ε
327 2224 420 2252 Facies
436 2224 582 2252 meretricis
605 2224 673 2252 facta
684 2228 724 2251 est
738 2223 795 2256 tibi,
821 2223 890 2258 apud
912 2230 1005 2251 omnes

216 2271 382 2305 lttlpitdettlel‘
392 2270 489 2305 agebas
504 2279 513 2296 ι
530 2269 602 2306 (Jer.
618 2270 644 2297 5.
657 2270 701 2304 5).
721 2278 730 2295 ι
742 2269 798 2296 Νοη
807 2270 1005 2304 estintelligeus

214 2322 258 2343 aut
283 2317 420 2352 requirens
443 2316 524 2343 Deum
542 2325 548 2342 :
568 2323 660 2343 omnes
685 2315 893 2347 declinavurunt,
927 2315 1005 2343 sinnd

217 2363 322 2390 inutiles
335 2363 394 2390 facti
410 2367 473 2390 sunt
488 2371 498 2388 ι
510 2362 524 2398 (
537 2362 610 2390 Psal.
626 2363 669 2390 l5.
685 2362 712 2390 2.
725 2363 768 2397 5).
787 2362 902 2390 Rursum
914 2363 982 2390 alius
997 2371 1005 2391 ε

219 2418 228 2434 t
249 2408 356 2436 Frustra
371 2409 535 2444 argentarius
549 2413 687 2443 argentum
701 2408 797 2435 confiat
811 2417 818 2436 :
839 2409 946 2435 malitia:
959 2415 1006 2436 co-

217 2463 275 2482 rum
305 2462 356 2482 non
380 2461 441 2482 sunt
468 2460 632 2490 consumpta:
650 2464 659 2481 ν
679 2455 750 2491 (lar.
775 2455 802 2484 6.
819 2455 883 2491 29).
909 2454 1006 2483 lterum

215 2502 284 2528 alios
299 2510 306 2528 :
324 2511 332 2526 α
352 2501 514 2534 Essecratio,
540 2506 568 2529 et
589 2501 766 2534 mendacium,
795 2507 822 2528 et
845 2501 954 2534 furtum,
981 2506 1007 2529 et

216 2546 321 2579 eriles,
334 2552 362 2574 et
378 2546 535 2574 adulterium
551 2547 632 2574 eil'usa
656 2552 715 2574 sunt
740 2555 821 2581 super
843 2552 939 2573 terram
952 2567 958 2578 ,
981 2551 1009 2574 ct

216 2593 371 2626 sanguinem
385 2591 411 2618 in
427 2592 555 2626 sanguine
573 2593 685 2619 miscent
700 2602 709 2619 ι
735 2594 743 2627 (
757 2592 820 2620 Osee
840 2593 864 2620 4.
876 2592 893 2619 2
904 2594 922 2626 ).
941 2592 1009 2620 Rur-

217 2646 276 2665 sum
305 2638 372 2665 alius
389 2647 396 2664 :
413 2637 461 2666 «Si
480 2638 724 2673 mutabitjEtbiops
751 2639 845 2673 pellem
872 2646 957 2670 suam,
982 2643 1010 2665 et

219 2684 316 2718 μιγείης
336 2685 456 2711 maculas
471 2691 542 2717 suas,
555 2689 581 2711 et
592 2685 703 2719 populus
719 2685 760 2712 hic
776 2685 1009 2720 poteritjndicitno

218 2733 314 2763 tacete,
323 2739 383 2758 ctnn
390 2730 512 2759 didicerit
520 2731 586 2758 mala
598 2741 607 2758 ›
619 2730 685 2766 (Jcr.
695 2732 737 2759 l5.
746 2731 803 2767 25).
813 2731 887 2759 Alius
896 2732 990 2758 iterum
1002 2740 1009 2759 :

239 2819 286 2850 \(n)
294 2854 297 2855 ν
303 2822 400 2855 itit-tots
412 2819 504 2855 inclusa
516 2827 547 2844 ex
560 2821 697 2853 conjectura
707 2821 863 2855 adjiciuntur;
873 2824 910 2850 his
921 2823 1011 2855 quippe

218 2851 322 2882 ueritatis
334 2857 381 2875 nou
392 2854 439 2876 stat
451 2857 548 2876 sensus.

1783 126 1834 153 1.19

1049 198 1058 214 ε
1079 189 1122 216 Va:
1137 187 1212 221 mihi,
1223 196 1240 215 o
1255 188 1352 220 anima,
1373 188 1432 221 quia
1448 186 1522 220 periit
1539 184 1596 220 pius
1611 184 1644 211 de
1660 188 1738 215 terra,
1751 189 1777 210 et
1792 191 1835 219 qm

1046 241 1118 263 recte
1133 235 1211 262 faciat
1219 235 1244 261 in
1255 233 1405 261 hominibus
1416 241 1467 259 non
1479 238 1517 260 est
1529 241 1534 258 ε
1545 238 1638 258 omnes
1648 231 1673 257 in
1682 231 1835 265 sanguinem

1043 282 1164 316 iudicant
1179 290 1188 306 ι
1199 279 1304 316 (ΜὶεΙι.
1320 280 1346 306 7.
1361 279 1408 314 9.),
1424 279 1493 306 Deus
1506 279 1601 305 iterum
1616 286 1622 304 :
1638 286 1648 304 ς
1665 277 1732 304 Odio
1746 276 1836 307 habui,

1049 328 1133 363 rcptlli
1148 327 1305 355 festivitates
1328 331 1441 358 vestras,
1462 329 1490 353 et.
1514 333 1565 352 non
1588 323 1721 351 odorabor
1737 322 1838 349 hostias

1048 375 1072 402 in
1088 374 1262 401 conventibus
1277 373 1372 400 vestris
1386 382 1395 399 ι
1411 372 1507 407 (ﬁmus
1522 371 1548 399 5.
1563 370 1594 398 2i
1609 370 1628 405 ).
1644 369 1716 397 Elias
1730 373 1817 396 autem
1830 377 1837 394 :

1050 430 1058 446 ‹
1077 421 1176 447 Altaria
1191 426 1234 447 tua
1243 419 1439 451 subverterunt,
1454 423 1480 445 et
1499 417 1640 452 prophetas
1662 420 1721 443 tuos
1732 415 1839 443 occide-

1047 471 1123 497 runt;
1140 469 1166 492 et
1176 473 1225 499 ego
1244 464 1354 492 relictus
1364 471 1423 491 sum
1435 463 1518 495 solus,
1541 466 1568 489 ct
1589 465 1711 496 qua-runt
1723 460 1838 487 animam

1048 518 1134 537 meam
1152 520 1162 537 ι
1181 511 1224 544 (5.
1243 511 1305 546 Reg.
1321 510 1364 537 19.
1383 509 1445 545 10).
1471 509 1586 536 Rursum
1603 508 1690 535 Deus:
1707 515 1716 532 ι
1735 506 1839 540 Ιὶριίηιιί

1047 555 1155 582 domum
1167 564 1264 589 meatu,
1285 555 1372 582 dimisi
1390 554 1564 582 hereditatem
1578 560 1675 585 meam,
1690 551 1750 579 dedi
1773 551 1839 579 dile-

1048 605 1116 627 ctam
1128 601 1243 628 animam
1252 608 1336 628 meam
1347 601 1372 627 in
1386 608 1479 627 manus
1491 600 1657 626 inimicorum
1671 598 1728 632 ejus
1742 607 1751 623 ι
1767 597 1839 632 (Jer.

1049 646 1092 672 12.
1109 646 1154 680 7).
1184 645 1265 674 David
1287 646 1407 673 iterum:
1433 654 1441 670 ι
1455 645 1660 672 immolaverunt
1684 643 1754 671 tilios
1776 649 1840 670 suos

1049 696 1074 718 et
1090 691 1157 718 tilias
1178 699 1238 718 snas
1251 691 1400 724 d;rmoniis,
1413 695 1439 717 et
1459 690 1609 718 cﬂ‘uderunt
1620 689 1775 724 sanguinem
1797 689 1839 715 in-

1047 742 1203 770 nocentem,
1229 738 1383 772 sanguinem
1404 737 1515 764 ﬁliorum
1537 743 1645 764 suorum
1661 741 1688 763 et
1699 735 1810 763 ﬁliarum
1828 744 1837 761 ι

1049 782 1139 817 (Psal.
1152 782 1211 810 106.
1227 784 1270 809 57.
1280 783 1314 810 ss
1324 785 1343 818 ).

1086 828 1112 855 4.
1129 827 1251 855 Vidistin‘
1269 827 1377 854 maliti:e
1393 827 1579 864 tyrannidem?
1593 826 1681 854 Canes
1695 820 1801 854 fuerunt
1815 830 1841 854 ct

1049 875 1120 909 equi.
1136 879 1163 902 et
1173 875 1254 902 asinis
1271 875 1441 909 stupidiores,
1461 874 1596 907 bobusque
1620 872 1839 904 insensibiliores,

1050 919 1076 946 in
1093 919 1228 954 ipsamque
1241 925 1361 946 naturam
1383 919 1555 946 insanierunt.
1567 918 1620 946 Sed
1645 922 1704 953 post
1718 918 1840 944 incarna-

1052 966 1150 992 tionem
1164 965 1261 993 Christi
1274 966 1336 1001 quid
1350 965 1387 992 ait
1399 965 1557 1000 Scriptura?
1569 964 1648 992 Pater
1658 970 1751 996 noster,
1763 964 1806 998 qui
1815 971 1841 990 es

1050 1011 1075 1038 in
1087 1012 1154 1038 aulis
1174 1012 1288 1047 (Matth.
1305 1012 1331 1039 6.
1347 1012 1394 1047 9).
1419 1011 1538 1039 Antehac
1557 1010 1661 1038 dicebat
1677 1010 1811 1045 Scriptura
1832 1018 1840 1036 :

1057 1057 1125 1084 Vnde
1134 1058 1167 1084 ad
1178 1059 1319 1093 tornum»,
1333 1057 1424 1092 pigcr(
1439 1056 1514 1084 Prov.
1534 1057 1560 1084 6.
1575 1055 1627 1092 6);
1641 1060 1701 1091 post
1711 1056 1767 1083 haac
1779 1062 1842 1082 vero

1051 1104 1130 1130 etiam
1146 1103 1290 1139 adoptione
1310 1103 1408 1138 dignati
1434 1110 1535 1134 sumus.
1559 1107 1586 1129 et
1608 1102 1674 1129 czelo
1699 1100 1841 1135 adscripti.

1051 1157 1111 1177 cum
1121 1150 1222 1184 angelis
1233 1150 1328 1176 choros
1343 1149 1455 1184 agimus,
1470 1153 1495 1175 et
1511 1149 1628 1183 ipsorum
1649 1151 1742 1174 cantus
1762 1147 1842 1181 parti-

1051 1196 1123 1230 ('ipes
1136 1203 1237 1228 smnus,
1249 1203 1280 1222 ac
1295 1203 1354 1222 cum
1371 1195 1534 1230 incorporcis
1546 1193 1720 1229 potestatibus
1734 1201 1844 1220 concer-

1053 1247 1148 1269 tamns.
1163 1243 1263 1270 Sublati
1278 1246 1339 1269 sunt
1357 1242 1449 1274 colles,
1465 1241 1551 1268 diruta
1566 1245 1628 1268 sttnt
1643 1240 1749 1275 templa.
1765 1239 1844 1274 Lapis

1051 1296 1111 1316 ese
1124 1288 1190 1322 lapis
1202 1288 1272 1315 visus
1285 1291 1334 1320 est,
1351 1292 1377 1314 et
1393 1288 1491 1322 lignum
1506 1295 1567 1314 esse
1582 1287 1679 1321 lignum
1692 1285 1844 1321 deprehen-

1051 1342 1109 1362 sum
1131 1338 1188 1367 est,
1214 1334 1377 1369 arboresque
1397 1334 1522 1366 arbores;
1548 1333 1633 1361 fontes
1657 1333 1720 1360 item
1745 1332 1842 1359 fontes.

1052 1380 1117 1414 Quia
1133 1381 1202 1408 enim
1228 1381 1274 1407 Sol
1297 1381 1407 1416 justitize
1430 1381 1515 1407 illuxit
1538 1380 1622 1415 (Mal.
1638 1380 1665 1407 4.
1682 1379 1728 1415 2),
1754 1386 1843 1406 rerum

1052 1427 1167 1454 ostendit
1180 1433 1312 1460 naturam,
1325 1435 1402 1462 quam
1414 1428 1486 1462 prius
1499 1426 1690 1454 obtenebrabat
1702 1434 1752 1452 nox
1767 1433 1843 1452 erro-

1053 1473 1104 1506 ris;
1124 1477 1151 1500 et
1164 1473 1320 1508 ignorantia:
1335 1473 1462 1508 profunda
1489 1474 1591 1508 caligo,
1614 1480 1673 1508 qua}
1694 1480 1785 1499 corum
1800 1472 1844 1506 qui

1052 1518 1155 1554 decepti
1170 1524 1247 1546 erant
1274 1519 1364 1546 oculos
1380 1518 1534 1546 oll‘uscabat.
1553 1517 1605 1546 Sed
1621 1522 1760 1552 postquam
1775 1517 1843 1544 den-

1053 1573 1110 1592 sam
1125 1565 1224 1593 erroris
1239 1565 1334 1592 nubem
1359 1564 1429 1592 Solis
1441 1564 1550 1600 justitite
1574 1564 1664 1592 radius
1690 1563 1843 1598 dissipavit,

1053 1612 1150 1646 ubique
1163 1611 1206 1638 lux
1220 1618 1261 1638 est
1273 1617 1298 1638 et
1310 1611 1378 1644 dies,
1399 1611 1451 1638 imo
1467 1610 1602 1645 splendida
1621 1610 1776 1645 stabilisque
1801 1610 1844 1636 lux

1054 1657 1210 1684 meridiana.
1235 1657 1324 1684 Persa:
1343 1656 1433 1689 etiam,
1450 1657 1494 1691 qui
1512 1661 1609 1683 matres
1633 1663 1695 1683 suas
1710 1656 1735 1682 in
1749 1663 1845 1682 uxores

1053 1704 1203 1738 ducebant,
1231 1704 1407 1739 virginitatem
1430 1711 1499 1730 nunc
1522 1709 1655 1730 exercent.
1680 1703 1712 1729 Et
1726 1703 1770 1737 qui
1784 1707 1845 1729 ante

1053 1751 1123 1779 ﬁlios
1134 1758 1197 1778 suos
1211 1752 1287 1785 quasi
1297 1758 1348 1778 non
1363 1755 1536 1785 agnoscentes
1549 1750 1709 1781 mactabant,
1727 1750 1845 1776 (auruum

1055 1797 1259 1824 mansuetissimi
1275 1802 1302 1823 et
1326 1796 1459 1824 mitissimi
1480 1801 1550 1822 sunt.
1568 1796 1632 1830 Lupi
1647 1796 1734 1822 ovium
1763 1796 1846 1822 instar

1055 1843 1185 1870 mansueti
1211 1847 1367 1875 evaserunt;
1391 1842 1444 1869 imo
1469 1841 1548 1868 etiam
1574 1841 1590 1868 ii
1616 1841 1661 1876 qui
1686 1841 1755 1875 lupis
1783 1840 1846 1876 ipsis

1055 1889 1225 1916 imumniores
1240 1894 1325 1916 erant.
1342 1886 1431 1923 Luptis
1444 1889 1514 1915 cnim
1535 1892 1655 1915 naturam
1667 1895 1719 1914 non
1731 1888 1845 1922 ignorat,

1055 1935 1101 1962 sed
1112 1935 1231 1970 agnoscit
1246 1934 1328 1962 fetum
1346 1945 1353 1962 :
1370 1935 1492 1961 homines
1502 1939 1589 1960 autem
1608 1934 1688 1961 etiam
1709 1934 1761 1961 illis
1775 1934 1844 1960 [cro-

1056 1982 1142 2009 ciores
1155 1985 1241 2008 erant.
1255 1980 1306 2008 Sed
1328 1985 1388 2015 post
1407 1981 1614 2008 incarnationem
1628 1979 1761 2016 Unigeniti
1777 1980 1847 2015 ejus-

1056 2035 1107 2062 que
1123 2027 1357 2062 dispensationem,
1371 2026 1455 2061 ejecta
1477 2025 1591 2059 i‘eritate,
1613 2026 1644 2053 ad
1661 2027 1776 2061 priorem
1802 2034 1846 2053 re-

1057 2072 1126 2100 versi
1141 2077 1203 2100 sunt
1215 2072 1381 2099 nobilitatem
1395 2081 1401 2105 ;
1418 2071 1471 2099 imo
1495 2071 1528 2099 ad
1552 2072 1697 2107 angelicam
1723 2072 1847 2099 virtutem

1057 2119 1141 2145 evecti
1152 2123 1222 2145 sunt.
1237 2117 1270 2144 Et
1283 2117 1396 2145 antehac
1407 2117 1486 2145 nrbes
1500 2117 1606 2152 quidem
1622 2121 1698 2145 erant
1711 2117 1848 2152 impietate

1057 2164 1144 2199 plena:
1169 2172 1176 2191 :
1200 2163 1279 2191 hodie
1299 2168 1388 2190 autem
1403 2163 1481 2190 etiam
1501 2163 1615 2190 solitudo
1629 2162 1847 2198 philosophatur.

1059 2217 1162 2237 necnon
1175 2209 1277 2244 tuguria
1293 2208 1484 2236 monachorum
1498 2209 1524 2236 in
1538 2209 1671 2236 montibus
1685 2213 1713 2235 et
1725 2208 1847 2241 saltibus,

1059 2255 1216 2282 imitantium
1241 2255 1323 2289 ipsam
1343 2254 1497 2289 angelorum
1515 2255 1605 2287 vitam,
1621 2258 1761 2289 postquam
1780 2261 1850 2289 prte-

1058 2306 1158 2329 sentcm
1171 2306 1310 2328 exuerunt.
1325 2301 1358 2327 At
1379 2299 1440 2335 quid
1455 2307 1522 2335 opus
1543 2305 1584 2328 est
1610 2300 1750 2327 verborum
1765 2307 1850 2334 appa-

1059 2353 1129 2380 ratu,
1143 2355 1203 2375 cum
1220 2355 1263 2374 res
1279 2346 1343 2382 ipsa:
1362 2346 1513 2381 loquantur.
1527 2351 1554 2373 et
1569 2346 1624 2373 sole
1639 2345 1735 2372 clarius
1757 2351 1849 2372 osten-

1059 2394 1123 2421 dant
1138 2393 1277 2426 beneiicia,
1289 2401 1348 2428 qua:
1362 2397 1421 2428 post
1439 2392 1621 2421 admirandum
1645 2392 1717 2419 illum
1744 2396 1771 2419 et
1797 2392 1852 2426 spi-

1060 2439 1182 2466 ritualem
1205 2438 1313 2474 virginis
1339 2443 1442 2473 partum
1456 2459 1463 2470 ,
1491 2446 1522 2465 ac
1546 2443 1605 2473 post
1627 2437 1851 2473 dispensationem

1061 2484 1332 2519 incarnationemque,
1346 2489 1428 2511 totum
1438 2484 1529 2511 orbem
1540 2483 1719 2518 occuparunt?
1729 2484 1852 2510 Attamen

1062 2534 1162 2557 tantum
1179 2534 1284 2564 tamque
1298 2530 1453 2564 praeclarum
1469 2537 1536 2564 opus
1546 2538 1560 2556 a
1574 2529 1661 2564 seipse
1687 2529 1759 2559 fecit,
1783 2529 1853 2564 quod

1061 2580 1088 2603 et
1100 2575 1196 2602 clamat
1211 2575 1306 2602 Paulus
1320 2574 1411 2602 dicens
1426 2584 1432 2601 ς
1449 2571 1498 2608 Qui
1510 2584 1566 2602 cum
1577 2575 1602 2601 in
1613 2577 1695 2611 {arma
1713 2573 1763 2602 Dei
1773 2580 1854 2608 esset,

1062 2630 1112 2648 non
1131 2621 1248 2656 rapinam
1265 2620 1401 2648 arbitratus
1419 2625 1455 2648 est
1478 2629 1532 2648 esse
1547 2629 1573 2647 se
1592 2621 1714 2656 wqualem
1734 2620 1798 2653 Deo,
1811 2621 1854 2647 sed

1063 2666 1224 2700 seutelipsum
1234 2666 1380 2699 exinanitiit,
1394 2666 1504 2701 formam
1518 2667 1582 2693 servi
1595 2667 1720 2702 accipiens
1735 2666 1744 2701 (
1756 2665 1854 2701 Philip.

1062 2712 1089 2740 2.
1104 2711 1131 2738 6.
1147 2711 1162 2738 7
1171 2710 1191 2747 ).
1204 2711 1298 2745 Audis,
1312 2711 1446 2745 btereticc,
1459 2711 1528 2747 quod
1538 2712 1653 2747 seipsqu
1662 2712 1858 2739 exinaniverit?

1064 2759 1103 2786 Ac
1115 2766 1208 2786 rursus
1219 2759 1299 2787 alibi:
1325 2768 1334 2786 ε
1353 2759 1427 2787 Sicut
1440 2763 1467 2786 et
1491 2758 1614 2786 Christus
1640 2758 1734 2786 dilexit
1756 2766 1816 2790 nos,
1831 2764 1857 2785 et

1066 2803 1173 2831 tradidit
1186 2804 1358 2840 semetipsum
1377 2812 1424 2839 pro
1439 2803 1515 2832 nobis
1527 2803 1688 2831 oblationem
1704 2809 1730 2831 et
1743 2803 1856 2831 hostiam

1068 2850 1122 2878 Deo
1134 2849 1159 2877 iu
1173 2850 1282 2878 odorem
1296 2850 1434 2878 suavitatis
1452 2859 1462 2878 ι
1480 2849 1591 2886 (Ep/tu.
1607 2850 1634 2878 5.
1647 2849 1693 2886 Β).
1709 2849 1758 2884 Qui
1776 2850 1855 2876 etiam
