2072 3123
244 177 297 204 ‘15?)

244 244 258 263 n
269 236 357 271 seipso
375 234 518 262 cruciﬁxus
530 239 554 262 et
569 242 583 261 a
599 235 686 269 seipso
701 234 850 261 immolatus
864 238 905 260 est
920 243 926 259 :
943 241 1036 268 qnam-

243 283 335 308 obrem
346 280 403 315 ipse
411 280 516 308 dicebat
530 288 536 306 :
552 289 561 305 ι
578 280 737 307 Polestalem
755 279 838 306 habeo
854 280 968 313 ponendi
980 279 1036 305 ani-

243 336 313 356 mam
337 334 436 359 meam,
459 331 486 354 et
508 330 665 361 potestatem
688 325 773 352 habeo
794 326 889 352 itcrum
916 323 1035 352 sumendi

244 381 314 400 eam.
339 372 424 400 Nemo
446 372 515 400 tollit
533 379 592 399 eam
608 379 622 398 τι
642 379 685 398 me
702 379 708 397 :
725 378 774 406 ego
789 378 859 406 pono
872 378 930 397 eam
949 378 964 397 a
978 378 1032 397 nte-

244 419 301 452 ipso
318 427 328 444 I
352 418 445 453 (Jaan.
471 417 514 444 10.
531 418 563 445 18
575 417 594 452 ).
610 417 678 451 Quid
692 417 734 444 hic
749 417 826 450 dicis,
846 416 979 447 Itatrelice,
993 417 1036 450 qni

244 464 294 492 hoc
304 464 402 491 dictum
415 463 601 498 Evangelicum
627 463 786 497 detorques,
814 462 896 489 Filius
918 471 934 488 a
954 463 1036 496 seipse

243 510 307 537 nihil
321 509 423 544 potest?
436 509 504 536 Ecce
520 509 575 543 ipse
583 509 630 540 ait,
646 507 700 543 Ego
713 516 777 542 pono
788 515 843 534 eam
864 515 879 533 a
898 507 1001 542 meipso,
1014 511 1036 534 et

243 564 344 583 assumo
359 564 415 583 eam
429 565 445 582 a
455 555 560 591 meipso.
581 554 673 590 Neque
686 562 749 582 vero
765 554 837 588 parvi
857 554 982 580 momenti
996 558 1037 581 est

244 603 295 631 hoc
315 603 427 634 dictum,
446 602 493 630 sed
515 601 633 629 maximi.
662 601 699 629 De
719 599 798 628 Patre
819 608 924 635 quoque
936 600 1036 627 dictum

242 652 293 680 est,
306 647 392 682 ipsum
405 647 503 674 habere
515 651 672 681 potestatem
697 646 758 672 vita:
774 650 800 672 et
815 645 918 672 mortis.
943 644 1036 672 Viden'

242 693 376 728 quomodo
394 693 421 720 in
438 693 504 720 retia
518 691 652 719 incidisti?
663 691 730 725 Quid
745 692 815 718 enini
827 685 858 718 ad
874 691 924 718 hoc
936 690 1034 718 dicttttn

243 736 437 773 respondebis?
449 737 506 773 Ego
517 746 584 772 pono
598 746 653 764 eam
670 746 685 763 a
698 737 802 772 nteipso,
818 741 841 763 et
865 744 966 763 assumo
980 744 1035 763 eam

242 793 258 810 a
271 784 375 819 meipso.
386 783 442 817 Qua
456 791 520 818 ergo
535 783 637 810 ratione
652 782 740 809 dixisti
753 782 838 816 ipsum
853 781 918 808 nihil
949 782 1035 808 facere

242 838 256 857 a
268 830 375 864 seipse?
391 829 499 862 Verum,
516 833 544 856 ιιι
558 828 698 861 dicebam,
719 828 742 855 si
759 827 864 862 quidem
878 824 911 854 ad
927 827 1034 854 lucreti-

241 884 288 910 c_os
301 875 378 903 nobis
391 882 480 903 sermo
493 879 574 906 esset,
588 874 651 908 ipsis
669 874 696 900 in
708 874 843 908 angustias
867 877 894 899 ct
918 873 943 899 itt
967 872 1034 899 retia

241 921 381 956 conjectis,
407 921 446 948 sic
472 921 637 952 resiliissem,
663 919 726 946 satis
747 918 883 953 splendida
900 922 1033 953 reportata

242 967 363 1000 victm-ia,
374 971 398 994 et
415 966 510 1001 insigni
528 970 618 993 erecto
643 970 754 1000 tropmo,
771 964 939 999 maximoque
953 964 1034 991 allato

241 1020 333 1040 eorum
355 1012 465 1040 insania:
487 1016 660 1046 argumento;
674 1015 698 1037 at
713 1010 773 1045 quia
787 1018 838 1037 non
854 1010 933 1037 modo
949 1010 1032 1036 hosti-

242 1058 292 1085 bus
305 1065 334 1084 os
345 1057 485 1084 occludere
500 1057 560 1083 volo
571 1077 579 1088 ,
605 1055 651 1083 scd
674 1056 753 1083 etiarn
769 1063 823 1088 eos,
837 1055 881 1090 qui
896 1055 1034 1082 nobiScum

242 1110 313 1137 sunt,
327 1104 473 1135 instituere,
490 1103 660 1137 membraque
676 1107 766 1129 nostra
789 1102 906 1135 erttdire,
923 1110 974 1128 non
991 1101 1033 1129 hic

243 1150 322 1178 linem
337 1149 441 1177 dicendi
457 1150 562 1182 faciant,
579 1149 624 1176 sed
640 1149 752 1176 ulterius
765 1148 886 1183 progredi
898 1150 1032 1181 conabor,

242 1196 313 1223 aliud
325 1196 413 1223 denuo
428 1203 494 1230 opus
507 1195 531 1221 in
546 1195 661 1222 meditnn
676 1194 819 1226 adducens,
834 1194 903 1229 quod
926 1199 1033 1221 contra-

243 1241 388 1268 dicentium
411 1240 601 1275 impudentiam
625 1245 759 1274 coarguat.
787 1238 855 1272 Quid
879 1238 949 1265 enim
975 1238 1033 1265 ait?

237 1286 322 1313 .Pater
332 1285 571 1321 nentincmjudirat,
584 1285 628 1312 sed
639 1293 724 1312 ontncs
737 1284 759 1311 F
760 1285 820 1312 ilius
834 1283 923 1320 (Joan.
935 1284 962 1311 5.
971 1284 1031 1319 Ἡ).

277 1333 304 1361 5.
314 1332 393 1360 Aliud
408 1336 497 1358 contra
512 1331 647 1358 Αηοηιαεοδ
661 1334 855 1365 argumentum.
869 1327 966 1356 Christi
982 1336 1030 1363 po-

242 1384 333 1406 testas.
349 1393 383 1398 —
405 1377 503 1410 Quaero
525 1377 606 1413 igitur
630 1377 664 1404 ab
686 1376 813 1404 haeretica
828 1384 834 1402 :
852 1374 879 1401 Si
895 1374 1032 1402 neminem

240 1425 345 1461 judicat
367 1425 456 1456 Pater,
475 1425 521 1450 sed
537 1423 621 1450 Filius
632 1422 746 1458 judicat,
763 1422 898 1456 quomodo
912 1421 1035 1455 judicat?

244 1470 273 1497 Si
290 1471 363 1498 enitn
383 1478 437 1497 non
452 1473 542 1504 potest
562 1468 652 1496 facere
672 1468 819 1503 quidquam
833 1475 847 1494 a
868 1466 966 1501 seipso,
983 1466 1036 1492 nisi

243 1516 342 1543 viderit
361 1515 469 1543 Patrem
487 1515 643 1545 facientem.
655 1519 683 1542 et
701 1514 780 1541 Pater
794 1521 848 1540 non
865 1512 978 1547 judicat,
990 1511 1038 1538 sed

245 1563 304 1596 ipse
328 1568 423 1588 omnes
447 1560 561 1596 judicat,
588 1559 723 1595 quomodo
755 1559 779 1586 id
800 1558 872 1593 quod
893 1565 947 1584 non
971 1556 1039 1583 vidit

246 1608 335 1635 facere
356 1607 464 1643 potest?
487 1607 527 1634 Ne
550 1614 614 1633 vero
637 1605 688 1632 hoc
710 1605 807 1631 leviter
824 1607 1037 1638 prretcrcnrras;

245 1662 334 1689 neque
350 1653 423 1681 enim
442 1654 494 1681 hoc
515 1661 627 1688 parvum
648 1656 701 1684 est,
716 1651 763 1679 sed
780 1651 903 1678 maximae
920 1648 1037 1676 virtutis.

245 1699 339 1735 Cogita
357 1704 489 1734 quantum
508 1699 542 1726 sit
562 1706 657 1726 mnnes
677 1698 721 1734 qui
741 1698 774 1725 ab
792 1697 896 1724 Adamo
915 1695 948 1723 ad
972 1703 1040 1723 con-

246 1745 456 1773 summationem
478 1753 562 1780 usque
583 1746 674 1773 saeculi
692 1744 818 1776 vixerint,
841 1741 967 1778 gentiles,
990 1741 1040 1768 Ju-

247 1791 330 1824 dzeos,
351 1792 507 1825 haereticos,
523 1801 619 1819 otnnes
632 1792 762 1826 denique,
777 1790 822 1825 qui
840 1790 874 1816 ab
890 1786 1041 1816 orthodoxa

248 1837 300 1864 ﬁde
330 1837 510 1870 aberrarunt,
541 1838 583 1864 illa
610 1838 654 1865 die
682 1836 833 1867 adducere.
864 1834 1041 1867 omniumque

247 1889 345 1908 arcatta
360 1881 389 1908 in
406 1883 525 1910 medium
546 1883 653 1915 efferre,
678 1887 762 1918 gesta,
787 1881 867 1912 dicta,
887 1879 972 1911 dolos,
996 1878 1039 1905 in-

249 1926 340 1959 sidias,
354 1933 458 1955 secreta
475 1929 589 1963 mentis;
604 1937 657 1956 non
672 1928 784 1964 prolatis
800 1926 970 1958 testimoniis,
983 1932 1038 1951 non

249 1972 465 2007 probationibus,
494 1983 548 2002 non
578 1975 751 2010 imaginibus,
776 1981 830 2000 non
857 1971 1037 2002 documentis,

249 2025 303 2045 non
315 2019 375 2047 aliis
385 2020 555 2054 hujusmodi;
569 2021 616 2048 sed
628 2021 736 2056 propria
746 2020 784 2047 uti
795 2022 928 2055 potestate
939 2017 970 2043 ad
982 2023 1041 2043 om-

248 2071 298 2091 nes
317 2067 511 2101 coarguendos.
529 2067 658 2094 Attamen
682 2071 786 2094 tantnm
804 2070 912 2099 tamque
929 2062 1041 2098 prima-

248 2112 305 2132 rum
318 2113 386 2140 opus
396 2113 452 2140 ipse
464 2107 590 2140 perﬁciet,
603 2105 663 2132 licet
671 2103 775 2132 Patrem
788 2104 812 2130 id
824 2108 884 2130 ante
897 2103 1036 2131 facientem

249 2159 301 2178 non
316 2151 420 2184 viderit,
436 2158 484 2178 nec
500 2151 572 2177 illutn
587 2151 620 2177 sit
634 2150 750 2177 imitatus
770 2158 775 2176 :
791 2157 852 2176 nam
867 2148 943 2176 Pater
957 2149 1037 2176 nenti-

249 2204 306 2223 nem
323 2197 433 2230 judicat.
456 2196 522 2223 Vide
547 2203 652 2230 quoque
677 2195 749 2221 illum
776 2195 838 2221 alibi
865 2194 953 2221 omnia
977 2201 1038 2221 cum

250 2246 379 2277 potestate
389 2246 553 2276 operantem,
569 2242 593 2268 in
606 2240 752 2273 miraculis,
765 2241 789 2267 in
802 2239 916 2268 ferendis
924 2240 1036 2275 legibus,

250 2287 362 2322 aliisque
374 2287 508 2315 omnibus.
525 2287 590 2313 Cum
607 2287 676 2313 enim
689 2286 855 2313 ascendisset
869 2287 894 2312 itt
909 2291 1037 2320 montem,

252 2340 346 2360 norum
361 2337 550 2360 testamentum
570 2332 680 2358 daturus
691 2331 728 2358 ait
753 2340 759 2358 :
784 2339 793 2356 ‹
824 2330 950 2363 Audistis,
977 2331 1039 2365 quia

251 2379 349 2406 dictum
359 2383 401 2405 est
414 2379 529 2412 antiquis
543 2388 548 2404 :
561 2377 618 2404 Non
631 2377 738 2404 occides
752 2387 760 2404 -.
776 2377 820 2411 qui
833 2380 919 2403 autem
936 2376 1040 2403 occide-

252 2425 295 2457 rit,
311 2432 372 2451 reus
386 2424 435 2451 erit
455 2424 570 2458 judicio;
587 2423 632 2457 qui
650 2427 738 2449 autem
754 2422 860 2455 dixerit,
871 2422 963 2455 Fatue,
979 2429 1040 2449 reus

252 2471 301 2498 erit
313 2470 441 2506 go-ltennte
457 2470 533 2504 ignis.
556 2469 594 2504 (τι)
617 2469 670 2503 ligo
686 2474 774 2496 autem
797 2468 857 2495 dico
870 2468 955 2499 vobis,
969 2466 1041 2503 quod

251 2516 369 2550 quisquis
388 2516 511 2543 irascitur
524 2515 597 2542 fratri
608 2522 657 2542 suo
672 2520 780 2546 temere,
799 2521 860 2541 reus
872 2511 1038 2546 eritjudicio.

253 2562 369 2589 Audistis
382 2553 442 2596 quia
463 2561 562 2587 dictum
576 2565 626 2592 est,
644 2559 753 2587 Oculum
774 2566 821 2593 pro
835 2559 922 2590 oettlo,
937 2558 1040 2585 etden~

253 2612 306 2635 tem
321 2615 368 2642 pro
382 2607 462 2634 dente
479 2615 484 2632 :
499 2613 547 2640 ego
569 2610 656 2632 autem
677 2604 737 2632 dico
753 2604 837 2637 vobis,
851 2611 903 2630 non
916 2604 1041 2631 resistere

254 2653 334 2685 malo,
343 2651 390 2679 sed
401 2652 424 2678 si
434 2652 492 2686 quis
501 2656 526 2678 te
538 2650 698 2686 percusserit
707 2650 732 2676 in
749 2649 882 2676 maxillam
892 2649 1040 2682 dexteram,

255 2699 342 2734 {mehe
356 2698 392 2725 illi
404 2703 430 2725 et
443 2698 552 2724 alteram
563 2706 572 2722 ι
584 2697 592 2731 <
604 2696 696 2723 Matth.
710 2696 736 2723 5.
746 2696 790 2722 21.
799 2695 843 2722 22.
854 2695 963 2730 58.59).
974 2695 1042 2728 Quid

255 2744 305 2772 hoc
313 2743 369 2772 est?
377 2743 421 2778 qui
432 2743 496 2770 nihil
507 2751 522 2769 a
532 2742 620 2777 seipse
629 2741 690 2768 facit
698 2741 778 2768 etiam
787 2741 873 2768 Patris
881 2746 977 2768 statuta
987 2749 1044 2768 eor-

255 2790 326 2825 rigit,
342 2787 369 2816 el.
378 2789 464 2824 legem
477 2788 501 2814 in
515 2787 609 2814 melitts
622 2784 761 2822 provehit?
779 2786 845 2814 Cum
858 2791 947 2814 autem
963 2786 1039 2817 dico,

256 2835 372 2870 corrigit,
387 2842 421 2861 ne
434 2833 619 2868 blasphemum
631 2832 692 2868 quid
710 2832 864 2866 suspiceris,
877 2832 951 2867 quasi
966 2831 1043 2858 Pater

290 2889 327 2920 (α)
344 2889 386 2914 Hic
397 2891 480 2914 textus
491 2887 571 2912 deﬁcit
579 2888 603 2912 in
613 2887 672 2911 mit.
685 2885 779 2911 Benzel.

717 175 749 203 IN
767 176 880 209 ILLUD,
901 175 1011 204 FILIUS
1033 176 1079 203 EX
1097 177 1138 204 SE
1157 177 1249 205 NIHIL
1269 177 1380 205 FACIT.

1825 179 1892 210 Ξείῖἦίο

1092 235 1220 261 intirmior
1235 235 1278 262 sit.
1290 235 1417 268 Quamvis
1430 235 1499 263 enim
1522 236 1564 264 lex
1578 237 1664 265 minor
1673 227 1724 271 sit,
1742 238 1877 268 id*‘tanten

1091 289 1141 307 mm
1159 281 1222 312 Deo,
1237 281 1283 308 sed
1296 282 1484 316 recipientibus
1499 283 1581 318 legem
1593 283 1890 314 adscribendum-imo-

1089 324 1171 352 etiatn
1189 326 1271 354 Vetus
1296 327 1496 355 Testamentum
1512 329 1643 364 Unigcniti
1660 335 1710 363 est,
1732 335 1760 358 et
1776 331 1889 359 Novum"

1091 370 1184 397 Patris.
1201 371 1342 404 Quomodo
1363 373 1452 407 igitur,
1467 363 1647 408 qttmso,inihil
1660 382 1675 401 a
1698 363 1786 410 scipso
1801 376 1878 408 facit,

1089 416 1132 449 qui
1146 417 1226 443 veteri
1240 417 1290 452 legi
1301 417 1408 452 adjecit,
1419 419 1464 453 qui
1475 423 1573 446 tantam
1586 420 1693 448 exhibet
1707 423 1880 455 potestatem!

1092 460 1188 488 Verum
1202 462 1264 497 quid
1279 463 1410 491 haereticis
1427 465 1583 493 imbecillius
1595 466 1693 494 fuerit?
1705 467 1789 495 Jodtci
1804 476 1892 496 natur

1089 515 1139 542 que
1154 509 1306 543 stupebant,
1320 511 1391 545 quod
1405 511 1461 538 hate
1472 511 1580 539 doceret
1593 521 1640 540 eos
1663 513 1743 547 Quasi
1767 519 1891 550 potestur

1090 559 1138 580 tem
1148 555 1251 588 habent,
1267 561 1290 583 et
1302 564 1352 583 non
1362 557 1425 584 sicut
1439 558 1527 584 scriba:
1539 562 1563 585 et
1584 559 1708 586 Pharisaei
1723 560 1732 595 (
1745 560 1838 587 Matth.
1852 561 1878 589 7.

1088 599 1139 634 28)
1156 599 1258 627 :Jndasi
1273 606 1430 636 potestatem
1447 604 1503 637 ejus
1524 605 1713 638 testiﬁcantur;
1739 606 1764 632 hi
1787 607 1880 634 testili—

1089 649 1183 672 cantur
1195 645 1280 679 ipsum
1294 654 1309 672 a
1332 654 1361 674 se
1380 648 1445 674 nihil
1470 657 1557 683 posse.
1574 649 1664 684 Neque
1686 652 1809 679 dixerunt
1823 653 1877 686 illi,

1089 689 1168 723 Quasi
1189 695 1348 726 potestatem
1377 693 1525 727 habiturus,
1544 695 1600 727 sed,
1630 697 1709 728 Quasi
1733 703 1879 733 paleslatem

1088 736 1190 762 habens.
1203 736 1260 763 Non
1272 737 1343 764 enim
1354 744 1444 772 postea
1457 740 1512 767 hzrc
1523 740 1559 768 illi
1570 746 1685 775 potestas
1695 745 1815 777 accessit,
1832 746 1878 773 sed

1089 781 1205 815 perfecta
1225 784 1339 816 potentia
1360 789 1420 811 erat
1441 786 1513 812 nullo
1538 794 1628 820 egens.
1644 787 1821 820 Quamobrem
1845 791 1878 818 de

1087 834 1169 862 regno
1185 828 1361 863 interrogatus
1382 830 1510 858 dicebat:
1532 831 1586 866 Ego
1609 833 1635 859 in
1657 833 1704 859 hoc
1724 840 1798 861 natus
1822 844 1877 862 sunt

1088 870 1182 908 (Joan.
1198 873 1242 901 l8.
1267 874 1328 909 57).
1345 875 1458 902 Rursum
1473 877 1576 904 oblatus
1588 883 1628 904 est
1651 879 1674 906 ei
1701 881 1876 915 paralyticos,

1085 921 1167 954 atque
1174 918 1393 956 dixit.pnstquam
1401 926 1509 956 peccata
1516 921 1574 956 ejus
1581 927 1734 951 curaverat:
1747 924 1779 952 Ut
1795 933 1876 954 autent

1087 964 1182 996 sciatis,
1193 964 1252 998 quia
1263 963 1346 992 Filius
1356 965 1464 993 hominis
1485 966 1557 994 habet
1569 974 1714 1002 potestatem
1737 971 1877 999 dimineudi

1086 1014 1188 1043 peccata
1203 1009 1229 1036 in
1243 1015 1318 1042 terra,
1336 1012 1371 1037 ait
1390 1012 1429 1038 illi
1449 1020 1459 1038 :
1475 1011 1545 1039 Tolle
1559 1013 1661 1046 lectum,
1679 1020 1702 1041 et
1716 1016 1778 1043 vade
1791 1017 1816 1043 in
1831 1018 1876 1044 do-

1085 1062 1153 1080 mum
1166 1059 1233 1080 tuam
1246 1054 1354 1090 (Matth.
1365 1056 1391 1083 9.
1406 1056 1451 1091 6).
1468 1057 1567 1092 Vulgus
1574 1059 1687 1092 dicebat,
1702 1060 1788 1094 ipsum
1800 1064 1875 1097 quasi

1087 1105 1246 1134 potestatem
1269 1101 1409 1128 habentem
1424 1103 1513 1129 omnia
1527 1104 1614 1131 facere
1631 1113 1637 1131 :
1651 1105 1707 1139 ipse
1731 1115 1803 1140 vero,
1829 1108 1874 1134 Fi-

1085 1146 1148 1172 lium
1164 1146 1280 1173 hominis
1303 1153 1459 1181 potestatein
1476 1149 1575 1177 habere
1599 1150 1748 1179 dimittendi
1769 1159 1875 1187 peceata

1086 1192 1112 1218 itt
1127 1198 1210 1223 terra;
1223 1196 1259 1224 et,
1276 1191 1428 1220 Potestalem
1443 1194 1521 1220 habeo
1532 1196 1640 1229 ponendi
1655 1197 1764 1223 animam
1778 1208 1872 1232 meum,

1085 1241 1107 1263 et
1133 1242 1278 1272 potestatem
1298 1238 1376 1265 habeo
1399 1240 1514 1266 sumendi
1539 1249 1595 1266 eam
1618 1241 1713 1277 (Joan.
1740 1244 1783 1270 lO.
1813 1245 1875 1279 18).

1085 1283 1170 1318 Leges
1192 1283 1244 1311 fert
1265 1292 1326 1311 cum
1348 1289 1490 1319 potestate,
1505 1290 1612 1320 peccata
1630 1288 1708 1315 solvit
1722 1297 1781 1316 cum
1801 1295 1874 1325 pote«

1086 1334 1169 1359 state.
1184 1329 1277 1356 mortis
1292 1335 1319 1357 et
1334 1330 1394 1357 vita:
1415 1335 1572 1365 potestatem
1592 1333 1686 1367 habet,
1700 1340 1727 1362 ct
1743 1337 1876 1370 quomodo

1085 1375 1163 1405 dicis,
1174 1375 1258 1410 ipsum
1273 1383 1288 1403 a
1306 1377 1395 1411 seipso
1415 1377 1480 1403 nihil
1503 1375 1670 1406 facere‘lﬂac
1683 1380 1791 1408 victoria
1813 1383 1875 1416 quid

1087 1420 1270 1448 manifestius?

1125 1468 1151 1496 6.
1159 1468 1328 1505 Difﬁcultatis
1334 1468 1438 1500 solutio,
1447 1474 1470 1496 et
1477 1469 1539 1496 dicti
1546 1469 1688 1505 euangelici
1694 1469 1878 1503 explicatio.—

1090 1514 1144 1542 Sed
1158 1515 1181 1542 si
1192 1514 1282 1543 velitis
1296 1515 1434 1550 deinceps,
1450 1515 1484 1543 ab
1499 1515 1636 1543 haereticis
1651 1515 1779 1550 expediti,
1799 1515 1878 1544 dictis

1086 1559 1244 1586 Solutionem
1259 1559 1399 1586 ali'erantus
1414 1568 1420 1586 :
1438 1560 1603 1595 primumque
1624 1569 1777 1595 monemus,
1799 1562 1873 1594 illud,

1088 1605 1148 1632 Non
1169 1609 1257 1641 potest,
1273 1605 1307 1633 de
1327 1606 1380 1632 Deo
1402 1606 1512 1637 dictum,
1537 1614 1588 1633 non
1611 1607 1808 1641 imbecillitatis,
1829 1608 1875 1635 sed

1086 1652 1210 1686 potentia:
1225 1655 1408 1685 argumentum
1425 1659 1494 1678 esse.
1509 1651 1564 1678 Hoc
1580 1651 1641 1679 licet
1654 1660 1751 1679 novum
1765 1653 1876 1681 fortasse

1086 1696 1216 1728 videatur,
1237 1700 1264 1723 at
1278 1695 1351 1723 vobis
1371 1697 1468 1723 claram
1484 1697 1522 1723 rei
1543 1696 1795 1725 demonstrationem
1810 1698 1876 1725 alle-

1086 1750 1185 1769 remus.
1200 1741 1228 1769 Si
1243 1741 1345 1774 dixero,
1361 1742 1443 1769 Deum
1458 1749 1509 1768 non
1525 1749 1602 1776 posse
1617 1750 1738 1777 peccare,
1757 1751 1809 1770 non
1826 1743 1876 1770 im—

1086 1787 1237 1815 becillitatis
1256 1787 1330 1814 illutn
1348 1795 1440 1822 arguo,
1459 1787 1506 1814 sed
1526 1789 1667 1815 maximam
1682 1789 1730 1822 ipsi
1752 1789 1878 1817 testiﬁcor

1088 1839 1257 1869 potestatem.
1268 1834 1297 1862 Si
1310 1834 1412 1867 dixero,
1428 1842 1481 1861 non
1496 1842 1574 1869 posse
1586 1835 1693 1862 mentiri
1710 1836 1803 1868 Dcum,
1817 1840 1878 1863 tunc

1087 1880 1202 1916 idipsum
1222 1881 1386 1908 demonstro.
1401 1880 1629 1913 Quemadmodum
1645 1885 1673 1908 et
1693 1881 1789 1909 Paulus
1804 1882 1878 1909 dicc-

1088 1927 1133 1954 bat
1148 1935 1155 1956 :
1171 1926 1202 1954 Si
1216 1927 1400 1960 sustinebimus,
1415 1931 1438 1953 et
1451 1927 1658 1962 conregnabimus
1667 1935 1676 1958 ;
1691 1927 1713 1954 si
1730 1935 1780 1954 non
1798 1927 1879 1954 credi-

1089 1981 1155 2006 mus,
1179 1973 1223 1999 ille
1241 1972 1324 2006 ﬁdelis
1344 1976 1494 2007 permanet:
1509 1980 1568 1998 nam
1589 1980 1680 2007 negare
1701 1973 1809 2007 seipsum
1830 1981 1880 2000 nou

1090 2023 1169 2054 potest
1184 2018 1231 2054 (‘2.
1245 2018 1313 2045 Tim.
1330 2018 1358 2044 '2.
1375 2017 1418 2046 12.
1436 2019 1499 2054 l3).
1514 2018 1606 2046 Viden’
1621 2018 1695 2048 illud,
1713 2018 1774 2046 Non
1789 2023 1877 2054 potest,

1090 2064 1213 2100 potentia:
1235 2071 1294 2092 esse
1316 2063 1440 2098 signum?
1465 2063 1565 2098 Ecquid
1579 2063 1673 2098 loquor
1691 2063 1725 2090 de
1746 2064 1821 2091 Deo?
1844 2065 1880 2091 De

1090 2110 1182 2138 sensili
1202 2110 1274 2138 enim
1294 2109 1404 2137 materia
1423 2109 1575 2143 exemplum
1598 2116 1710 2135 sumam.
1730 2108 1757 2136 Si
1775 2109 1878 2142 dixero,

1090 2156 1257 2184 adamantem
1280 2163 1333 2182 non
1354 2162 1432 2190 posse
1449 2155 1548 2190 rumpi,
1569 2163 1601 2182 an
1623 2154 1788 2189 fragilitatem
1810 2156 1879 2189 ejus,

1092 2209 1125 2228 an
1145 2201 1226 2228 robur
1240 2201 1298 2236 ejus
1313 2201 1457 2227 maximum
1481 2200 1650 2234 deprtedico?
1664 2199 1729 2227 Cum
1751 2208 1814 2236 ergo
1833 2208 1881 2227 au-

1091 2247 1183 2280 dieris,
1200 2254 1252 2273 non
1274 2253 1353 2281 posse
1368 2246 1451 2273 Deum
1466 2253 1585 2281 peccare,
1603 2254 1651 2273 nec
1665 2254 1743 2281 posse
1763 2247 1880 2279 mentiri,

1066 2291 1075 2333 ξ
1091 2300 1142 2320 nec
1156 2299 1234 2327 posse
1248 2292 1379 2326 abnegare
1389 2291 1516 2326 seipsum,
1534 2299 1568 2319 ne
1578 2296 1654 2326 putes
1668 2291 1729 2318 hinc
1742 2292 1881 2319 imbecilli-

1093 2342 1174 2366 tatem
1190 2337 1247 2372 ejus
1263 2337 1411 2372 praedicari,
1428 2336 1474 2364 sed
1490 2344 1616 2371 perquam
1631 2337 1772 2364 maximam
1786 2341 1880 2372 poten-

1093 2383 1173 2416 tiam,
1195 2382 1256 2417 quia
1269 2381 1326 2417 ejus
1338 2381 1486 2409 substantia
1506 2382 1603 2408 nttllam
1621 2381 1765 2416 nequitiam
1785 2382 1882 2409 admit-

1094 2433 1150 2456 tere
1171 2431 1269 2462 potest,
1294 2427 1364 2462 quod
1388 2426 1522 2454 inaccessa
1546 2426 1590 2460 sit,
1611 2435 1686 2461 pura,
1710 2431 1737 2454 et
1757 2435 1880 2462 superna.

1095 2474 1160 2507 Quia
1173 2480 1237 2508 ergo
1251 2473 1303 2500 hoc
1321 2477 1393 2500 recte
1407 2472 1555 2500 discussum
1571 2472 1628 2504 fuit,
1645 2481 1694 2508 age
1710 2474 1743 2500 ad
1760 2474 1882 2508 proposi-

1095 2524 1150 2545 tutn
1172 2518 1304 2546 sermonis
1317 2517 1535 2545 exercitationem
1553 2525 1750 2547 convertamus.
1770 2519 1851 2546 Filius
1869 2528 1883 2546 α

1094 2563 1176 2599 seipse
1194 2571 1245 2590 non
1264 2567 1345 2599 potest
1359 2565 1442 2598 facere
1461 2563 1606 2597 quidquam.
1629 2564 1696 2597 Quid
1715 2564 1779 2592 illttd
1795 2570 1847 2598 est,
1863 2566 1884 2591 Α

1094 2609 1194 2644 aeipso?
1208 2609 1265 2636 Hoc
1279 2609 1301 2636 si
1316 2609 1398 2643 probe
1424 2609 1580 2642 didiceritis,
1596 2611 1743 2644 agnoscetis
1767 2611 1824 2646 ejus
1839 2619 1884 2638 ar-

1095 2660 1164 2683 ctam
1177 2663 1238 2683 cum
1251 2655 1377 2683 Genitore
1387 2655 1611 2690 cenjunctionem,
1627 2657 1724 2683 nullam
1748 2665 1806 2684 esse
1822 2658 1885 2684 sub-

1095 2702 1199 2729 stantia:
1212 2701 1419 2734 distinctionem,
1433 2701 1604 2736 ejusdemque
1617 2709 1677 2729 eum
1691 2710 1749 2730 esse
1761 2703 1881 2730 substan-

1097 2747 1140 2774 tize
1161 2746 1236 2781 cujus
1254 2746 1343 2773 Pater.
1359 2745 1427 2779 Quid
1446 2746 1525 2780 igitur
1542 2747 1605 2773 illud
1625 2751 1676 2779 est,
1693 2746 1753 2774 Non
1776 2752 1853 2780 potest
1868 2756 1883 2773 α

1095 2792 1194 2827 seipse?
1211 2791 1268 2819 Non
1282 2796 1368 2826 potest
1384 2792 1514 2826 peculiare
1534 2792 1596 2826 quid
1611 2797 1706 2826 praeter
1726 2793 1828 2819 I‘atrem
1842 2792 1882 2819 ἴδε

1096 2845 1167 2870 cere,
1184 2845 1235 2865 non
1250 2842 1336 2873 potest
1348 2837 1514 2872 peregrinum
1528 2838 1589 2872 quid
1603 2843 1629 2865 et
1639 2843 1789 2872 separatum
1804 2846 1818 2864 ει
1831 2838 1880 2864 Pa-

1098 2888 1138 2911 tre
1152 2882 1249 2916 lacere,
1266 2889 1351 2918 neque
1361 2882 1474 2910 alienum
1490 2882 1552 2918 quid
1565 2883 1663 2916 facere,
1678 2882 1719 2910 vel
1730 2882 1799 2909 aliud
1809 2882 1884 2918 quid-
