2072 3123
194 184 246 212 255

195 241 266 276 piam
281 241 351 277 quod
364 249 418 269 non
428 241 507 269 faciat
522 241 618 269 Pater:
634 249 692 276 qu;e
704 239 775 268 enim
791 239 834 267 hic
848 239 918 271 facit,
932 238 989 265 lure

194 292 221 316 et
240 287 286 316 ille
305 287 377 316 facit.
399 287 464 316 lllud
483 288 571 324 igitur,
587 287 609 315 Α
627 288 709 323 seipse
719 295 769 314 non
791 290 870 321 potest
890 285 982 320 facere,

196 339 246 361 nec
259 333 419 366 libertatem,
435 341 483 361 nec
500 333 642 368 potcntiam
659 332 739 364 tollit,
760 331 806 358 sed
817 330 985 358 concordiam

193 378 370 411 demonstrat,
394 386 565 410 consensum,
588 382 615 406 ct
637 382 737 405 arctam
759 377 986 411 coniunctionem,

193 428 287 459 estque
300 424 405 451 unionis
416 423 540 458 perfecta:
555 423 669 458 signum.
684 422 751 450 Cum
763 422 834 449 enim
847 421 985 449 sabbatum

193 469 319 503 solveret,
341 474 368 498 et
383 469 607 505 praevaricationis
621 469 695 495 illum
710 474 876 499 accusarent,
893 468 984 495 dicen-

195 521 235 544 tes
249 525 256 543 :
273 517 331 544 Alia
348 516 416 544 Deus
441 516 576 551 praecepit,
592 515 643 542 alia
657 518 684 542 tu
704 514 786 546 facis;
810 514 878 541 hanc
893 521 985 541 eorum

193 563 383 598 impudentiam
398 562 577 596 comprimens
602 561 647 589 ille
670 561 708 588 ait
723 569 730 587 :
744 560 801 588 Non
816 560 886 588 aliud
904 568 918 587 a
932 568 984 594 me,

194 615 272 643 quam
286 607 356 643 quod
377 615 391 633 a
405 607 494 640 Patre,
510 606 606 634 factum
619 606 673 640 est;
690 614 775 642 neque
788 606 837 641 ipsi
849 613 908 633 sum
921 613 986 634 σου-

195 655 292 682 Iraritls
307 653 350 681 vel
371 653 467 681 hostis.
481 653 557 687 Quod
571 653 594 680 si
608 661 660 681 non
675 653 710 680 ita
731 653 855 688 loquutus
867 657 925 684 est,
939 652 985 680 sed

196 700 344 728 humaniori
360 705 386 728 et
399 700 522 728 crassiori
545 699 623 727 modo
635 707 786 727 sermonem
801 698 985 732 adumbravit,

192 747 292 782 cogites
301 754 362 774 eum
373 754 432 774 cum
444 746 543 774 Judazis
553 753 702 773 sermonem
715 744 848 777 habuisse,
857 744 902 780 qui
911 744 985 771 illum

194 793 249 821 Deo
272 793 434 821 contrarium
460 800 520 820 eSse
542 792 679 827 putabant.
700 791 772 824 Ideo,
796 798 829 818 ne
849 791 908 825 quis
934 789 986 818 tale

193 839 328 874 quidpiam
354 839 543 874 suspicaretur,
558 838 646 865 statim
665 837 765 864 addidit
780 847 786 863 :
802 836 886 872 Opera
908 836 984 868 enim,

192 893 249 919 qua
267 884 311 912 ille
324 884 393 918 facit,
413 889 435 911 et
449 883 532 910 Filius
542 883 657 910 similiter
671 882 732 917 facit
742 881 830 918 (Joan.
844 881 870 908 5.
889 881 943 916 19).
958 881 986 908 Si
1005 876 1011 886 ’

193 937 260 958 vero
271 929 335 957 nihil
351 937 365 956 a
379 929 466 964 seipso
477 928 548 960 facit,
563 927 696 963 quomodo
707 927 828 954 similiter
840 926 919 953 facit?
930 926 986 954 Non

193 975 264 1003 enim
279 974 365 1002 facere
379 982 501 1009 magnum
517 977 559 1001 est
575 982 581 1000 :
598 972 660 1000 illud
677 973 746 1000 enim
762 972 874 1008 agebant
888 976 911 999 et
923 979 987 1006 apo-

193 1022 266 1056 stoli,
289 1027 408 1048 mortuos
421 1021 582 1053 excitabant,
606 1019 726 1054 leprosos
747 1018 924 1050 mandabant;
939 1017 985 1045 sed

194 1075 246 1095 non
259 1067 381 1094 Similiter
392 1071 420 1094 ut
433 1067 500 1101 ipse.
512 1067 546 1093 At
559 1065 693 1100 quomodo
707 1064 764 1092 illi?
780 1063 847 1098 Quid
862 1064 933 1090 nobis
943 1068 985 1090 at-

196 1112 307 1145 tenditis,
324 1112 398 1146 quasi
409 1111 512 1146 propria
534 1111 623 1137 virtute
644 1114 687 1137 aut
710 1114 829 1144 [otestate
854 1109 987 1143 fecerimus

196 1158 263 1184 hunc
282 1157 413 1183 ambulare
425 1155 492 1192 (Act.
508 1156 534 1182 5.
552 1155 614 1190 l2)?
635 1155 773 1188 Quomodo
786 1159 872 1182 autem
891 1153 988 1181 Iesus?

197 1202 231 1230 Ut
245 1203 330 1229 sciatis
351 1202 409 1237 quia
429 1206 572 1237 potestatem
587 1200 660 1228 habet
679 1200 761 1227 Filius
775 1200 883 1227 hominis
903 1200 988 1226 dimit-

195 1248 265 1275 tendi
283 1252 383 1283 peccata
395 1248 421 1274 in
443 1253 508 1274 terra
534 1247 627 1283 (Marc.
646 1247 674 1274 2.
694 1246 734 1274 10.
751 1246 814 1273 Luc.
834 1247 861 1274 5.
884 1246 941 1281 ειυς
956 1253 987 1273 ac

196 1301 302 1322 rursum
313 1294 346 1321 de
358 1294 552 1321 resurrectione
563 1297 728 1320 mortuorum
741 1301 747 1318 :
763 1292 834 1320 Sicut
849 1291 927 1319 Pater
936 1300 987 1319 aut-

195 1340 255 1366 citat
275 1343 385 1366 mortuos
394 1360 401 1371 ,
416 1344 441 1365 et
455 1338 573 1372 vivi/icui,
585 1338 620 1364 ita
631 1342 654 1365 et
669 1337 754 1364 Filius
762 1345 825 1372 quos
839 1337 890 1363 vult
903 1337 986 1372 vivifi-

195 1390 237 1412 ται
248 1384 338 1421 (Joan.
351 1385 378 1412 5.
391 1383 448 1419 2i).
462 1384 536 1411 Licet
552 1383 617 1411 satis
631 1383 725 1410 fuisset
737 1383 844 1415 dixisse,
860 1381 923 1415 Ita;
939 1382 987 1410 sed

194 1439 228 1459 cx
240 1430 394 1463 abundanti,
410 1434 439 1457 ut
450 1429 639 1465 impudentiam
655 1429 759 1456 illorum
773 1428 928 1456 retunderet
941 1431 985 1464 qui

194 1476 377 1504 contradicere
389 1475 497 1509 vellent,
516 1474 580 1502 illud
594 1474 694 1502 addidit
708 1482 715 1501 :
732 1474 800 1507 Quos
813 1473 877 1507 vult,
892 1481 988 1510 nempe

194 1529 255 1550 cum
270 1522 342 1549 omni
359 1521 485 1556 potentia.
499 1520 602 1548 idcirco
614 1520 670 1547 ait:
687 1519 770 1555 Opera
784 1521 860 1552 enim,
874 1527 931 1555 quae
943 1519 988 1547 ille

195 1568 276 1604 facit:
295 1575 348 1594 non
362 1567 436 1599 dicit,
449 1566 551 1595 Similia
565 1570 592 1593 et
609 1565 692 1593 Filius
714 1564 792 1598 lacit;
814 1564 872 1598 sed,
887 1564 987 1592 Eadem

195 1614 252 1648 ipsa
267 1613 351 1640 Filius
363 1612 435 1648 facit.
450 1612 543 1640 Omnia
553 1613 620 1639 enim
635 1619 678 1646 per
691 1611 774 1646 ipsum
794 1611 862 1645 facta
881 1615 950 1644 sunt,
963 1615 988 1638 et

194 1659 248 1687 sine
260 1659 314 1694 ipso
328 1660 423 1694 factum
436 1658 544 1685 estnihil
558 1656 648 1692 (Joan.
663 1657 688 1684 ί.
701 1656 740 1692 5).
754 1656 836 1683 Vides
848 1655 985 1691 quomodo

195 1713 228 1733 eo
243 1705 361 1733 intendat
375 1705 533 1738 orationem,
549 1708 577 1732 ut
601 1704 699 1731 iudicet
719 1703 895 1730 arctissimam
910 1702 987 1729 unio-

195 1759 267 1784 nem,
285 1751 498 1787 conjunctionem
521 1755 549 1778 et
561 1758 732 1781 consensum,
753 1757 804 1776 non
827 1748 928 1777 Similia
948 1748 990 1776 di-

195 1806 269 1830 cens,
280 1798 338 1830 sed,
355 1797 394 1824 Ea
404 1798 469 1832 ipsa,
481 1802 508 1824 et
520 1796 650 1827 Similiter,
663 1801 691 1823 ut
704 1795 802 1822 Pater?
817 1795 918 1822 Idcirco
928 1802 988 1822 sese

196 1849 378 1878 attemperans
388 1851 418 1870 ac
429 1843 581 1873 demittens.
592 1842 644 1869 illic
656 1842 734 1868 etiam
748 1848 809 1868 cum
823 1847 916 1875 magna
926 1847 988 1867 cau-

196 1889 248 1917 tela
261 1889 332 1916 dicto
354 1888 503 1923 hujusmodi
517 1895 580 1915 usus
593 1891 643 1914 est.
666 1886 725 1914 Non
746 1887 818 1913 enim
835 1885 912 1918 dixit,
932 1885 987 1912 Nisi

196 1934 330 1970 quidpiam
343 1934 470 1961 doceatur
481 1941 495 1960 a
509 1933 597 1966 Patre,
613 1940 646 1959 ne
662 1937 689 1959 tu
705 1931 777 1958 illum
789 1931 935 1958 discentem
949 1930 988 1957 in-

196 1981 325 2012 duceres;
339 1987 424 2015 neque
434 1979 510 2012 dixit,
525 1978 584 2006 Nisi
593 1977 796 2013 quidjubeatur,
811 1984 845 2004 ne
859 1977 884 2003 in
900 1984 989 2003 servo-

195 2034 255 2053 rum
275 2025 368 2053 ordine
388 2025 474 2060 ipsum
489 2031 548 2052 esse
562 2023 755 2058 suspicareris:
771 2021 829 2054 sed,
850 2021 909 2048 Nisi
928 2021 989 2056 quid

196 2071 285 2099 viderit
302 2070 404 2098 Patrem
417 2070 558 2105 facientem.
580 2069 613 2096 Et
632 2069 683 2096 hoc
697 2068 776 2096 etiam
791 2067 835 2094 illo
850 2066 929 2094 modo
947 2066 990 2093 di-

195 2124 280 2151 ctum,
297 2125 418 2153 magnam
434 2116 531 2144 indicat
545 2124 604 2143 cum
625 2115 702 2143 Patre
721 2113 945 2149 eonjunctionem.
962 2112 989 2139 Si

196 2165 268 2193 enim
284 2168 372 2199 potest
387 2163 491 2191 Patrem
503 2161 593 2189 videre
606 2165 759 2196 operantem
772 2180 779 2192 ,
794 2164 821 2187 et
835 2159 904 2186 scire
924 2165 990 2192 quo-

197 2209 278 2238 modo
290 2213 425 2245 operetur,
436 2207 556 2243 ejusdem
576 2210 618 2234 est
636 2206 802 2233 substantiae.
817 2205 894 2239 Su‘pe
914 2211 990 2230 nam-

198 2263 250 2290 que
260 2253 423 2282 ostendimus
433 2258 522 2287 antea,
533 2251 706 2279 substantiam
715 2251 761 2278 Dei
770 2252 902 2277 neminem
913 2255 989 2283 posse

197 2305 319 2328 accurate
331 2299 432 2333 videre,
446 2305 531 2334 neque
541 2298 612 2325 clare
625 2303 795 2331 Cognoscere,
809 2295 858 2322 nisi
870 2293 990 2328 ejusdetn

197 2346 232 2374 sit
245 2350 357 2374 natum.
378 2345 506 2381 Angelum
521 2349 594 2371 certe
618 2343 687 2371 nuda
708 2342 854 2370 substantia
876 2348 995 2376 praesen-

565 184 593 212 S.
611 184 749 212 JOANNIS
767 180 1001 211 CIIRYSOSTOMI
1020 182 1177 210 Αιιαιιιειι.
1197 182 1464 212 CONSTANTINOP.

1779 187 1831 214 256

1044 243 1096 265 tem
1113 238 1202 272 homo,
1224 240 1285 267 licet
1299 248 1392 275 magna
1413 240 1509 268 virtute
1530 245 1650 275 ornatus,
1673 241 1765 270 videre
1779 251 1831 271 non

1041 285 1136 318 potuit,
1161 291 1256 320 nempe
1278 286 1380 313 Daniel.
1403 285 1465 314 ideo
1486 287 1553 314 hanc
1572 288 1647 323 quasi
1671 288 1831 324 singularem

1036 331 1140 358 natura:
1155 337 1210 357 sua:
1232 332 1433 366 praerogativam
1458 331 1597 365 elferebat,
1619 331 1712 361 dicens
1728 341 1736 362 :
1752 333 1833 361 Deum

1037 379 1114 399 nemo
1129 376 1191 402 vidit
1213 384 1348 411 umquam;
1362 378 1503 412 unigenitux
1523 377 1615 410 Filius,
1629 379 1672 413 qui
1685 384 1720 406 est
1736 379 1762 406 in
1775 381 1832 407 sinu

1041 419 1136 452 Patris,
1151 421 1204 456 ipse
1217 423 1342 449 enarravit
1364 422 1453 457 (Joan.
1466 423 1492 450 1.
1505 423 1560 458 18).
1574 423 1606 450 Et
1629 432 1734 451 rursum
1748 434 1755 451 :
1774 425 1832 451 Non

1038 466 1106 500 quod
1127 466 1229 494 Patrem
1253 468 1341 494 viderit
1354 469 1496 504 quisquam,
1513 470 1560 496 nisi
1582 470 1604 496 is
1616 471 1659 504 qui
1680 475 1716 497 est
1729 479 1746 497 a
1769 471 1832 503 Deo,

1038 513 1082 540 ille
1095 513 1155 540 vidit
1176 513 1278 541 Patrem
1299 515 1387 548 (Ioan.
1402 515 1428 542 6.
1443 515 1500 550 46).
1520 515 1576 542 Etsi
1599 515 1674 542 multi
1697 516 1751 548 alii,
1770 524 1832 551 pro-

1041 558 1136 593 phettc,
1159 559 1326 593 patriarchm,
1343 560 1407 594 justi
1421 565 1448 587 et
1463 561 1548 595 angeli
1572 561 1686 588 viderint
1703 569 1709 587 :
1724 562 1771 589 sed
1800 562 1833 589 de

1040 603 1157 638 perfecta
1175 606 1325 640 cognitione
1339 605 1462 641 loquitur.
1480 606 1518 634 Ne
1531 607 1619 642 itaque
1634 607 1752 634 dicamus
1771 615 1832 635 eum

1040 654 1102 678 tunc
1118 650 1216 685 facere,
1231 659 1292 679 cum
1309 652 1380 679 videt
1396 660 1456 680 eum
1480 661 1487 680 :
1505 661 1565 680 nam
1580 661 1630 688 qua
1644 654 1747 681 ratione
1769 653 1832 681 illud

1039 701 1182 730 constaret,
1206 697 1297 725 Omnia
1319 707 1363 733 per
1375 699 1458 733 ipsum
1477 699 1546 733 facta
1566 704 1634 732 sunt,
1660 704 1683 726 et
1699 700 1753 726 sine
1778 700 1832 735 ipsa

1040 743 1135 777 factum
1147 747 1182 769 est
1198 743 1262 770 nihil
1275 743 1363 778 (Joan.
1380 744 1404 770 l.
1416 744 1465 778 5)?
1476 751 1579 771 necnon
1591 744 1666 777 illud,
1682 744 1766 780 Opera
1776 753 1833 779 quin

1039 789 1081 815 ille
1092 789 1162 824 facit,
1179 789 1231 816 [nec
1253 794 1275 817 et
1298 789 1383 817 Filius
1397 790 1513 817 similiter
1533 791 1594 824 facit
1609 789 1698 825 (Joan.
1711 790 1737 818 5.
1760 791 1829 825 19)?

1039 835 1104 863 Nam
1119 836 1142 863 si
1164 836 1286 863 similiter
1309 837 1380 869 facit,
1400 836 1544 872 quomodo,
1567 844 1627 864 cum
1643 837 1715 871 prius
1737 837 1833 864 viderit

1040 881 1124 914 illum,
1142 885 1204 908 tunc
1219 881 1300 908 facit?
1319 881 1434 909 Necesse
1446 882 1519 908 enim
1540 881 1592 909 erit
1610 889 1642 908 ex
1661 881 1712 909 hoc
1732 886 1775 908 tuo
1792 882 1832 908 di-

1039 932 1082 954 cto
1105 927 1185 954 etiam
1208 927 1312 955 Patrem
1334 932 1396 955 tunc
1421 928 1525 962 operari
1548 935 1609 955 cum
1633 927 1730 955 viderit
1751 928 1832 955 alium

1039 979 1212 1008 operantem;
1233 974 1258 1001 id
1278 974 1348 1009 quod
1371 979 1497 1002 extremm
1512 973 1652 1001 dementia:
1673 973 1833 1009 insaniaeque

1040 1018 1129 1046 fuerit.
1604 1042 1610 1049 ,

1075 1065 1102 1092 7.
1123 1065 1175 1093 Sed
1198 1073 1232 1092 ne
1256 1065 1313 1093 haec
1335 1065 1465 1092 imbecilla
1485 1069 1511 1092 et
1531 1065 1643 1092 absurda
1658 1064 1826 1092 confutantes

1039 1118 1190 1138 sermonem
1208 1111 1311 1146 longius
1324 1111 1513 1146 producamus,
1540 1110 1591 1138 hoc
1603 1110 1731 1137 addemus
1746 1119 1755 1138 ε
1770 1111 1830 1146 quia

1039 1163 1098 1183 cum
1112 1156 1211 1183 Judazis
1231 1164 1381 1184 sermonem
1397 1148 1520 1188 habebat,
1542 1157 1585 1190 qui
1606 1156 1679 1183 illum
1699 1156 1754 1183 Deo
1767 1163 1832 1184 con-

1040 1202 1150 1229 trarium
1171 1202 1314 1236 dicebant,
1337 1208 1364 1229 et
1384 1202 1529 1236 legislatori
1545 1201 1695 1233 inimicum,
1717 1202 1787 1236 quod
1800 1209 1833 1229 ex

1039 1247 1072 1274 iis
1093 1255 1152 1283 qua:
1172 1247 1240 1275 facta
1254 1248 1359 1275 fuerant
1373 1248 1409 1275 illi
1425 1248 1600 1283 colligebant,
1617 1247 1656 1275 sic
1669 1248 1712 1275 ille
1727 1255 1832 1275 sermo-

1040 1301 1100 1321 nem
1127 1293 1284 1321 humaniore
1298 1298 1325 1321 et
1339 1293 1472 1321 crassiore
1485 1293 1564 1321 modo
1577 1293 1752 1325 concinnavit,
1771 1301 1834 1328 pru-

1039 1339 1111 1367 denti
1133 1339 1246 1366 auditori
1268 1340 1429 1374 relinquens,
1447 1339 1481 1366 de
1496 1339 1537 1366 his
1551 1339 1586 1366 ita
1599 1339 1697 1366 sentire
1708 1360 1714 1371 ,
1736 1343 1764 1366 ut
1779 1339 1834 1366 Deo

1039 1391 1248 1414 conscntaneum
1262 1391 1328 1420 erat,
1344 1391 1370 1414 et
1385 1394 1431 1414 eos
1446 1387 1490 1422 qui
1506 1387 1629 1413 crassiori
1653 1386 1732 1412 modo
1753 1385 1832 1412 intel-

1039 1433 1156 1469 ligebant
1167 1434 1319 1468 corrigens;
1343 1433 1514 1468 quamobrem
1529 1433 1634 1460 dicebat
1650 1441 1657 1458 :
1673 1433 1757 1467 Opera
1767 1432 1834 1459 enim

1038 1487 1094 1514 qua
1105 1479 1148 1506 ille
1157 1479 1228 1514 facit,
1244 1479 1297 1506 hiet:
1314 1484 1336 1506 et
1348 1478 1430 1506 Filius
1441 1478 1556 1505 similiter
1569 1478 1641 1514 facit.
1657 1478 1746 1513 Neque
1761 1478 1832 1505 enim

1039 1529 1187 1561 exspectat,
1203 1525 1288 1553 donec
1302 1525 1508 1552 videritPatrem
1522 1525 1672 1558 facientem,
1683 1530 1710 1551 ut
1722 1529 1784 1551 tunc
1796 1524 1834 1550 fa-

1039 1572 1102 1604 ciat,
1117 1579 1203 1606 neque
1216 1571 1355 1606 disciplina
1369 1578 1435 1605 opus
1448 1570 1527 1597 habet
1542 1577 1549 1597 :
1564 1570 1611 1596 sed
1623 1569 1695 1596 videt
1705 1569 1761 1604 ejus
1771 1569 1834 1596 sub-

1040 1617 1177 1651 stantiam,
1192 1617 1329 1652 ipsamque
1342 1617 1414 1644 clare
1428 1616 1500 1644 novit
1514 1625 1521 1642 :
1543 1616 1615 1643 Sicut
1626 1615 1698 1642 enim
1715 1615 1781 1641 novit
1795 1623 1834 1641 me

1041 1663 1128 1697 Pater,
1146 1668 1170 1690 et
1193 1671 1238 1699 ego
1253 1671 1360 1698 agnosco
1375 1661 1480 1689 Patrem
1499 1661 1588 1697 (Joan.
1602 1662 1645 1688 10.
1662 1660 1705 1696 15)
1720 1669 1727 1694 ;
1744 1661 1831 1688 omnia

1039 1714 1129 1737 autem
1144 1714 1269 1744 operatur
1279 1713 1306 1736 et
1320 1707 1400 1736 efficit
1421 1715 1480 1735 cum
1507 1711 1637 1742 potestate
1658 1707 1708 1742 ipsi
1731 1714 1830 1734 conve-

1041 1755 1134 1788 nienti,
1156 1762 1217 1782 eum
1241 1753 1415 1789 intelligentia
1439 1758 1466 1780 et
1487 1753 1616 1787 sapientia
1639 1753 1725 1787 ipsum
1749 1751 1833 1779 comi-

1041 1805 1128 1834 tante,
1143 1800 1186 1827 cui
1202 1799 1268 1826 nihil
1280 1804 1326 1826 aut
1338 1799 1441 1826 discere
1455 1802 1500 1825 aut
1515 1797 1604 1825 videre
1618 1805 1685 1831 opus
1703 1797 1746 1824 sit.
1761 1797 1832 1830 Quo-

1042 1846 1123 1874 modo
1138 1845 1208 1873 enim
1221 1852 1288 1880 opus
1297 1844 1385 1878 fuerit,
1399 1851 1460 1871 cum
1471 1843 1505 1870 sit
1517 1843 1631 1878 perfecta
1639 1842 1725 1870 Patris
1735 1842 1831 1877 imago,

1040 1897 1068 1920 et
1080 1891 1179 1924 omnia,
1193 1898 1253 1926 qua:
1268 1890 1324 1924 ille,
1339 1890 1462 1918 similiter
1475 1889 1554 1917 faciat
1566 1893 1664 1916 etcum
1679 1887 1772 1915 eadem
1787 1895 1833 1922 po-

1041 1937 1155 1966 testate?
1177 1937 1214 1964 De
1238 1941 1370 1972 potestate
1384 1936 1455 1964 enim
1470 1936 1582 1970 loquens
1601 1935 1657 1961 haec
1670 1934 1806 1969 subjunxit
1824 1942 1830 1960 :

1043 1983 1097 2019 Ego
1109 1988 1133 2010 et
1149 1982 1227 2010 Pater
1240 1990 1318 2009 unum
1337 1990 1422 2009 sumus
1442 1980 1532 2016 (Joan.
1549 1980 1593 2008 10.
1605 1980 1662 2015 50).
1679 1980 1740 2006 llzec
1755 1979 1833 2013 igitur

1041 2029 1148 2062 omnia,
1173 2036 1233 2063 qua:
1257 2028 1327 2056 dicta
1354 2031 1435 2060 sunt,
1461 2027 1575 2054 scientes
1592 2031 1618 2053 et
1637 2025 1832 2060 intelligentes,

1041 2082 1196 2103 aversemur
1211 2074 1394 2102 haereticorum
1406 2078 1501 2106 ct'etus,
1517 2076 1648 2107 rectaeque
1661 2071 1722 2100 ﬁdei
1736 2077 1832 2106 perpa-

1042 2126 1088 2149 tuo
1103 2122 1260 2154 liazreamus,
1276 2125 1303 2148 et
1326 2125 1476 2148 accuratam
1491 2126 1635 2154 paremque
1648 2117 1776 2144 doctrinae
1796 2115 1834 2142 vi-

1042 2173 1096 2196 tam
1112 2168 1289 2199 instituamus,
1311 2172 1340 2194 ut
1354 2167 1439 2193 futura
1454 2166 1523 2193 bona
1543 2171 1749 2199 consequamur,
1770 2170 1832 2197 gra-

1043 2215 1078 2241 tia
1093 2219 1120 2241 et
1134 2213 1348 2241 miserationibus
1364 2212 1468 2240 Domini
1483 2212 1566 2239 nostri
1580 2211 1643 2238 Jesu
1659 2209 1768 2241 Christi,
1791 2207 1832 2234 cui

1042 2260 1126 2296 gloria
1140 2265 1166 2288 e'.
1179 2259 1330 2294 imperium,
1347 2266 1397 2286 uua
1413 2266 1472 2286 cum
1489 2258 1566 2285 Patre
1580 2263 1607 2285 et
1618 2255 1719 2292 Spiritu
1730 2259 1832 2287 sancto,

1044 2313 1115 2334 nunc
1128 2310 1155 2334 et
1168 2313 1286 2341 semper,
1301 2309 1329 2333 et
1343 2305 1369 2332 in
1381 2305 1480 2332 saecula
1494 2303 1660 2331 seculorum.
1679 2302 1778 2329 Amen.

205 2592 1810 2611 mm

912 2667 1100 2698 MONITUM

237 2730 312 2759 lianc
326 2739 434 2766 quoque
458 2730 596 2758 liomiliam
614 2731 684 2757 eruit
707 2730 908 2758 tmtdatissimus
924 2731 965 2764 vir
987 2730 1081 2766 Erieus
1099 2729 1240 2757 Benzelius
1259 2738 1290 2757 ex
1314 2730 1461 2766 Codicibus
1480 2730 1636 2766 Anglicani.
1656 2735 1685 2760 et
1706 2731 1823 2766 Upsalize

201 2767 294 2794 edidit.
313 2765 361 2793 Est
379 2770 487 2796 autem,
506 2766 576 2800 quod
600 2771 705 2800 spectat
727 2766 788 2800 ejus
805 2770 908 2800 partem
925 2771 976 2800 non
994 2765 1132 2792 minimam
1145 2785 1153 2795 ,
1175 2765 1337 2799 praecedenti
1354 2773 1410 2793 non
1432 2765 1584 2793 dissimilis.
1598 2766 1675 2794 Licet
1695 2765 1768 2794 enim
1787 2767 1822 2794 de

202 2801 400 2829 Melehisedeco
412 2821 418 2830 .
435 2805 464 2828 ut
480 2798 532 2828 rm
547 2798 687 2835 inscriptio
699 2821 706 2832 ,
723 2798 826 2835 agatur,
845 2808 898 2827 non
921 2798 1031 2826 minima
1048 2805 1136 2826 tamen
1155 2798 1218 2834 pars
1237 2801 1354 2828 homilire
1373 2806 1466 2828 contra
1487 2802 1634 2830 Anomceos
1653 2807 1704 2829 est.
1720 2802 1822 2829 Deinde

202 2845 268 2864 vero
283 2840 378 2864 contra
397 2836 630 2864 Melehisedecitas
645 2836 809 2870 disputatur,
823 2836 868 2870 qui
884 2835 1010 2862 dicebant
1025 2835 1250 2871 Melchiscdeenm
1262 2843 1322 2863 esse
1335 2835 1403 2862 Filio
1419 2837 1548 2871 majorem
1562 2845 1569 2867 ς
1585 2837 1628 2864 alii
1641 2842 1730 2864 autem
1745 2842 1823 2871 puta-

203 2872 268 2898 bant
282 2880 343 2900 esse
358 2871 490 2906 Spiritum
506 2876 648 2903 sam-tum;
670 2876 699 2898 ut
720 2871 799 2898 docet
817 2871 898 2898 etiam
916 2870 1083 2904 Epiphanius
1104 2870 1201 2896 Ila'resi
1215 2870 1259 2901 46,
1273 2870 1309 2897 al.
1328 2871 1372 2901 55,
1389 2870 1502 2905 quodin
1519 2872 1591 2899 notis
1606 2871 1721 2899 dicimus
1742 2870 1820 2899 infra.

202 2906 274 2935 Cave
284 2905 466 2943 autem’putcs
478 2908 547 2936 hanc
563 2907 590 2934 in
603 2906 831 2935 Melchisedecum
843 2905 1046 2933 homiliamcam
1059 2913 1128 2937 esse,
1141 2913 1222 2940 quam
1234 2911 1429 2933 commemorat
1445 2907 1655 2942 (Lhrysostomus
1670 2907 1695 2934 in
1709 2907 1824 2935 liomilia
