2074 3126
196 197 250 225 257

835 195 880 223 DE
902 192 1172 224 MELCHISEDECO.

199 292 1805 304 ww

679 438 992 498 EJUSDEM
1033 438 1336 534 ΗΟΜΙΙᾸᾼ

860 567 907 597 De
926 565 1159 598 Melchisedeco.

215 824 240 851 l.
248 823 392 860 Scriptura
398 834 426 852 sa
430 834 481 854 ora:
488 827 515 854 di
516 827 631 862 fﬁcultas
641 833 665 856 ct
676 828 888 857 obscuritas.—A
892 833 979 864 posto.

188 871 269 899 licam
279 871 360 899 hodie
367 873 445 900 vobis
459 881 579 901 mensam
589 883 726 910 apponere
735 876 806 910 volo,
825 880 853 904 et
859 876 893 903 ad
906 875 979 911 pela-

187 925 238 952 gus
243 918 319 945 vocis
327 918 363 945 illi
368 927 398 945 us
404 919 435 945 D.
443 918 519 946 Pauli
525 928 678 948 sermonem
685 922 835 949 extendere
841 929 917 957 paro.
925 920 978 948 Sed

190 961 252 996 quid
267 961 380 988 faciam?
393 961 487 989 Haereo
499 963 631 997 timeoque
642 970 676 989 ne
688 970 702 989 a
717 967 793 997 portu
806 963 939 990 solventes
952 968 977 990 et

190 1007 223 1034 ad
235 1007 393 1041 profundum
406 1007 613 1041 apostolicarum
628 1009 818 1035 sententiarum
833 1009 975 1043 progressi,

189 1052 301 1087 caligine
312 1053 496 1086 corripiamur,
510 1058 539 1079 ut
551 1053 618 1080 solet
631 1053 752 1080 accidere
768 1058 904 1080 vectorum
929 1053 978 1080 im—

192 1098 368 1132 peritioribus.
382 1098 421 1125 Illi
437 1105 550 1133 namque
561 1103 698 1133 postquam
711 1098 801 1125 relicta
814 1099 976 1132 continente,

189 1143 224 1170 ab
245 1148 355 1178 utraque
377 1143 451 1170 navis
474 1149 548 1178 parte
573 1143 680 1178 pelagus
700 1143 835 1176 viderint,
859 1144 978 1179 nihilque

189 1189 260 1216 aliud
270 1196 347 1223 quam
364 1193 471 1223 pontum
485 1193 511 1216 et
524 1188 628 1222 czelum,
643 1189 771 1224 vertigine
783 1189 972 1224 corripiuntur,

190 1242 221 1262 ac
235 1234 321 1262 navim
342 1242 404 1262 cum
424 1234 489 1261 mari
512 1234 538 1261 in
560 1234 652 1261 orbein
676 1235 742 1261 verti
765 1239 865 1268 putant.
880 1235 977 1262 Verum

189 1288 243 1307 non
259 1288 291 1308 ex
307 1280 386 1307 maris
400 1285 493 1307 natura
504 1300 512 1312 ,
537 1279 584 1307 sed
604 1287 635 1307 ex
651 1280 831 1315 navigantium
846 1281 978 1316 imperitia

189 1325 333 1360 vertigines
355 1326 485 1352 oriuntur.
510 1324 563 1352 Alii
579 1325 648 1352 enim
665 1330 766 1358 natiue,
788 1325 866 1353 nudis
882 1333 977 1362 corpo-

189 1371 263 1397 ribus
282 1378 341 1397 sese
363 1371 513 1406 prmcipitcs
531 1370 596 1398 dant
609 1371 635 1397 in
658 1370 752 1404 undas,
774 1379 823 1398 nec
835 1371 977 1406 quidquam

190 1414 341 1450 hujusmodi
365 1415 498 1449 patiuntur
523 1424 529 1441 :
553 1415 601 1442 sed
621 1421 760 1451 postquam
774 1417 800 1444 in
815 1416 902 1451 ipsum
917 1424 978 1452 pro-

189 1461 298 1489 fundum
320 1462 493 1495 devenerunt,
518 1461 637 1489 securius
659 1460 768 1496 degunt,
792 1471 869 1497 quam
895 1464 911 1489 ii
934 1463 977 1498 qui

188 1507 216 1534 iu
232 1508 288 1542 ipso
301 1508 358 1534 solo
371 1507 473 1539 sedent,
494 1507 708 1543 salsuginemque
725 1514 782 1538 ore,
798 1507 892 1540 oculis,
910 1512 977 1535 toto-

189 1561 241 1588 que
255 1561 365 1588 corpore
379 1553 550 1587 excipientes,
567 1553 592 1580 id
609 1561 659 1580 non
673 1561 743 1588 aegre
757 1553 852 1580 ferunt.
865 1553 977 1581 Tantum

190 1599 295 1633 taleque
312 1603 352 1625 est
373 1599 512 1634 imperitite
532 1599 650 1632 malum;
671 1603 771 1626 tantum
793 1599 909 1627 vicissim
930 1608 978 1635 pe-

189 1645 256 1672 ritic
271 1644 379 1672 bonum.
407 1645 467 1672 lltec
479 1645 605 1673 terribilia
619 1653 730 1680 qumque
744 1645 906 1680 parvifacere
918 1654 980 1674 sua-

189 1691 250 1722 det;
275 1691 317 1718 illa
340 1698 416 1724 vero,
434 1691 513 1718 etiam
535 1699 576 1724 ea,
600 1700 659 1726 qua:
685 1696 739 1719 tuta
760 1687 832 1722 sunt.
854 1698 977 1727 suspecta

189 1736 287 1763 habere
301 1740 328 1763 et
342 1736 494 1763 formidare.
510 1737 560 1763 Alii
571 1737 641 1764 enim
656 1737 681 1763 in
698 1737 761 1771 ipsis
776 1737 892 1772 pra-altis
902 1738 979 1765 tabu-

190 1783 250 1810 latis
264 1783 338 1809 navis
352 1783 474 1810 sedentes
487 1783 599 1817 caligine
613 1782 802 1817 corripiuntur,
818 1783 862 1810 alii
879 1783 904 1810 in
921 1791 978 1810 me-

188 1827 240 1855 diis
262 1828 341 1854 etiam
371 1826 494 1855 fluctibus
521 1835 574 1854 non
607 1829 801 1863 perturbantur.
835 1828 891 1856 Hoc
915 1828 977 1856 item

189 1873 271 1900 tuenti
295 1877 392 1900 nostrai
417 1873 522 1900 accidit.
555 1869 619 1900 Nam
645 1873 716 1900 illam
740 1881 812 1908 smpe
836 1873 977 1901 aﬂ'ectuum

189 1918 285 1945 fluctus
298 1918 433 1950 invadunt,
456 1918 520 1953 ipsis
541 1919 649 1946 marinis
662 1919 785 1946 ﬁuclihus
799 1920 979 1947 vehementio-

190 1971 244 1995 res,
267 1963 321 1996 qui,
344 1964 508 1998 tempestatis
521 1964 615 1996 instar,
639 1964 754 1992 animum
774 1965 927 2000 deprimunt
948 1973 980 1993 ac

189 2010 314 2036 deorsum
336 2009 451 2040 trahunt,
466 2010 573 2044 spiritus
587 2010 715 2038 malarum
728 2011 911 2046 cupiditatum,
935 2011 979 2047 qui

190 2062 311 2088 magnam
337 2055 433 2082 animis
457 2056 679 2090 perturbationem
703 2057 830 2084 inferunt.
855 2057 908 2085 Sed
934 2058 978 2092 qui

189 2101 329 2136 imperitus
353 2101 549 2135 imparatusque
573 2105 624 2132 est,
650 2102 792 2136 incipiente
813 2102 859 2129 irae
879 2107 980 2138 tempe.

189 2151 273 2179 state,
289 2147 377 2174 statim
394 2147 571 2181 perturbatur,
588 2148 747 2181 concutitur,
762 2149 884 2183 agitatur.
900 2147 979 2176 Videt

189 2192 304 2219 animam
328 2192 466 2219 affectibus
491 2191 622 2227 demergi,
647 2197 673 2219 et
689 2193 852 2227 naufragium
867 2193 936 2228 pati;
951 2199 979 2221 at

189 2238 233 2272 qui
250 2242 357 2272 paratus
373 2238 567 2272 meditatusque
582 2242 632 2271 est,
649 2238 707 2265 haec
721 2243 829 2266 strenue
842 2240 954 2266 sustinet
969 2247 977 2271 ;

190 2288 324 2317 tamquam
348 2282 486 2309 nauclerus
510 2282 543 2308 ad
567 2282 774 2317 gubernaculum
797 2283 908 2317 sedens,
940 2285 978 2311 sic

188 2332 307 2355 mentem
334 2335 411 2362 supra
433 2333 521 2354 motus
545 2328 625 2354 animi
648 2329 822 2361 constituens,
841 2337 893 2356 non
906 2330 979 2364 prius

188 2369 288 2397 desinit
300 2370 389 2396 omnia
403 2369 501 2402 mohri,
517 2369 603 2396 donec
617 2369 741 2405 scapham
762 2370 796 2397 ad
810 2372 978 2406 tranquillum

189 2415 363 2450 philOSophim
379 2419 482 2448 portum
497 2414 646 2442 deduxerit.
669 2416 736 2443 Illud
759 2416 847 2450 itaque
865 2417 935 2451 quod
952 2417 978 2444 in

189 2461 255 2487 inuri
270 2460 376 2492 accidit,
391 2466 417 2488 et
431 2461 500 2495 quod
516 2461 605 2487 animo
618 2462 755 2497 contingit,
772 2462 851 2489 etiam
867 2463 892 2490 in
908 2463 978 2491 Scri—

189 2511 328 2540 pturarum-
341 2506 506 2541 expositione
520 2506 639 2533 accidere
656 2514 763 2535 necesse
780 2512 830 2540 est,
842 2513 872 2535 ut
883 2517 981 2542 nempe

187 2559 405 2579 commoveamur
417 2558 442 2580 et
457 2555 640 2587 perturbemur
654 2557 759 2591 quando
773 2558 798 2584 in
813 2558 895 2586 altum
906 2565 979 2586 vent-

188 2605 264 2629 mus;
290 2605 342 2624 non
356 2599 428 2633 quod
438 2599 633 2628 formidandum
645 2602 678 2628 sit
693 2602 816 2636 pelagus,
839 2604 886 2631 sed
909 2604 979 2639 quod

186 2651 246 2674 nos,
263 2644 306 2678 qui
321 2644 485 2679 navigamus,
500 2645 614 2680 imperiti
629 2648 722 2674 simus.
743 2648 818 2682 Quod
839 2649 909 2676 enim
935 2657 979 2677 ac-

185 2688 278 2715 cidere
290 2689 383 2723 possit,
397 2695 425 2716 ut
436 2697 525 2718 sermo
537 2696 628 2718 natura
644 2700 690 2719 sua
705 2693 798 2725 facilis.
816 2695 978 2722 audientium

186 2734 319 2769 imperitia
332 2733 449 2763 difﬁcilis
468 2736 573 2769 evadat,
591 2737 700 2765 Paulum
716 2739 791 2766 vobis
807 2744 901 2768 testem
914 2741 978 2769 alie-

160 2782 163 2785 ‘
187 2787 255 2806 ram.
272 2779 339 2807 Cum
359 2779 472 2808 dixisset
491 2783 562 2808 enim
577 2782 713 2810 Christum
730 2783 811 2812 fuisse
828 2785 978 2819 pontiﬁcem

185 2825 333 2851 secundum
346 2826 467 2853 ordinem
482 2826 666 2861 Melchisedec,
683 2833 710 2855 et
721 2829 889 2864 disquirerct,
906 2831 977 2865 quis-

185 2878 248 2896 nam
263 2875 336 2897 esset
349 2871 392 2898 ille
410 2871 596 2905 Melchisedec,
622 2874 709 2901 intulit
735 2883 741 2899 :
767 2874 804 2901 De
815 2883 863 2909 quo
875 2876 978 2911 grandis

186 2916 258 2943 nobis
289 2921 324 2943 ινει
348 2924 429 2943 sermo
450 2921 472 2943 et
496 2917 621 2952 explicata
643 2919 749 2955 difﬁcilis
770 2919 861 2956 (Hebr.
877 2921 903 2949 5.
922 2922 976 2957 ll).

1030 825 1098 859 Quid
1123 827 1204 860 dicis,
1227 829 1329 858 Paule?
1353 831 1393 858 Au
1414 834 1548 868 explicatu
1567 835 1683 865 difﬁcilis
1699 838 1759 873 tibi,
1773 841 1817 875 qui

1029 872 1158 906 spirituali
1172 874 1299 909 sapientia
1311 877 1438 911 prmditus
1453 880 1498 906 es?
1508 881 1553 915 qui
1569 889 1664 909 arcana
1676 872 1819 913 audivisti?

1029 917 1074 963 qui
1094 918 1128 957 ad
1150 920 1257 947 tertium
1276 922 1370 949 carlmn
1395 928 1484 958 raptus
1505 926 1556 952 es?
1574 926 1600 954 Si
1623 928 1668 955 tibi
1688 930 1818 963 explicatu

1029 962 1156 997 difﬁcilis,
1181 966 1223 993 cui
1247 968 1493 1001 comprehensibilis
1517 972 1588 1000 erit?
1612 973 1673 1000 Mihi
1687 962 1818 1009 explicata

1029 1009 1154 1043 difﬁcilis,
1177 1011 1269 1047 inquit,
1285 1018 1335 1046 est,
1359 1022 1411 1042 nou
1432 1015 1467 1043 ob
1485 1024 1570 1044 meam
1593 1019 1798 1049 imbecillitatem
1811 1041 1818 1054 ι

1028 1054 1077 1081 sed
1100 1055 1319 1091 ob'imperitiam
1343 1060 1505 1088 auditorum.
1529 1064 1595 1090 Cum
1615 1073 1679 1100 ergo
1689 1065 1818 1100 dixisset,

1029 1099 1166 1134 Explicuit:
1192 1102 1309 1137 diﬁcilis,
1335 1105 1470 1140 subjunxit
1495 1116 1502 1134 :
1533 1099 1659 1140 Quoniam
1685 1112 1820 1139 imbecilles

1030 1145 1090 1179 facti
1101 1146 1159 1172 estis
1174 1146 1207 1173 ad
1219 1148 1383 1176 audiendum.
1411 1151 1504 1179 Viden’
1520 1161 1571 1180 non
1585 1159 1706 1182 naturam
1719 1164 1821 1184 sermo-

1029 1190 1081 1222 nis,
1105 1191 1151 1218 sed
1167 1192 1332 1220 audientium
1354 1195 1511 1230 imperitiam
1524 1205 1580 1225 rem
1594 1207 1653 1234 qua;
1667 1208 1713 1235 per
1725 1209 1755 1228 se
1769 1202 1820 1229 dif-

1029 1234 1106 1263 ﬁcilis
1125 1244 1177 1263 non
1199 1242 1266 1270 erat,
1289 1238 1424 1268 difﬁcilem
1440 1242 1604 1272 reddidisse?
1628 1246 1724 1273 Eadem
1740 1255 1820 1281 porro

1028 1288 1108 1308 causa
1131 1289 1184 1310 non
1209 1283 1343 1312 difﬁcilem
1367 1287 1466 1320 modo,
1483 1289 1527 1315 sed
1543 1290 1622 1316 etiam
1642 1299 1714 1324 eum,
1731 1292 1819 1320 brevis

1029 1333 1089 1353 cum
1103 1328 1147 1360 sit,
1169 1329 1275 1363 longum
1297 1330 1393 1357 reddit.
1420 1332 1585 1368 Quapropter
1610 1343 1662 1362 non
1687 1338 1820 1372 explicata

1029 1371 1162 1400 difﬁcilem
1178 1374 1258 1402 modo
1270 1375 1345 1408 divit,
1362 1376 1409 1404 sed
1423 1379 1502 1404 etiam
1516 1380 1653 1413 grandem,
1670 1387 1697 1408 et
1707 1371 1821 1417 longitu-

1029 1418 1099 1445 diuis
1116 1423 1142 1446 et
1156 1419 1316 1448 difficultatis
1331 1429 1437 1450 causam
1453 1423 1590 1457 adjiciens,
1611 1427 1714 1454 aurium
1736 1428 1819 1455 imbe-

1029 1463 1176 1491 cillitatem.
1198 1465 1425 1498 Quemadmodum
1449 1469 1521 1496 enim
1540 1471 1646 1506 atgrotis
1667 1479 1720 1499 non
1740 1480 1822 1508 appo-

1030 1508 1115 1535 nenda
1135 1514 1176 1537 est
1200 1518 1290 1538 mensa
1310 1512 1384 1539 facile
1405 1515 1540 1548 parabilis,
1564 1516 1610 1543 sed
1629 1517 1709 1544 variis
1723 1518 1820 1545 referta

1029 1553 1104 1586 cibis,
1121 1559 1149 1581 ut
1163 1554 1186 1582 si
1200 1563 1270 1590 teger
1284 1557 1353 1584 lutnc
1366 1564 1494 1593 respuat,
1508 1560 1622 1588 alterum‘
1636 1562 1767 1597 accipiat,
1793 1569 1822 1591 et

1029 1599 1051 1626 si
1065 1599 1115 1626 hoc
1130 1607 1182 1627 non
1196 1601 1327 1635 admittat,
1341 1603 1411 1629 aliud
1426 1609 1530 1638 sumat,
1555 1606 1577 1632 si
1602 1606 1672 1634 hunc
1691 1609 1819 1642 repellat,

1029 1644 1142 1672 alterum
1161 1645 1269 1681 deligat,
1288 1653 1316 1674 ut
1328 1649 1455 1676 varietate
1468 1650 1652 1679 difﬁcultatem
1668 1653 1819 1687 vincamus,

1029 1697 1061 1717 ac
1082 1690 1235 1719 diversitate
1260 1693 1413 1728 lautitiaque
1432 1703 1531 1723 mensa:
1544 1697 1624 1724 animi
1640 1697 1745 1725 fastidio
1760 1708 1818 1727 tuc-

1030 1735 1139 1763 deamur
1162 1745 1169 1764 :
1192 1737 1229 1764 ita
1248 1746 1319 1773 saepe
1339 1739 1364 1766 in
1387 1741 1515 1768 concione
1534 1741 1693 1775 faciendum,
1709 1745 1816 1779 quando

1030 1781 1175 1810 imbecilles
1189 1791 1291 1817 sumus,
1307 1784 1385 1820 longa
1400 1787 1556 1820 apponenda
1572 1793 1612 1815 est
1624 1790 1725 1821 oratiu,
1740 1791 1820 1818 variis

1029 1827 1245 1855 similitudinibus
1260 1834 1286 1856 et
1300 1832 1429 1866 exemplis
1445 1832 1583 1865 instructa,
1602 1838 1729 1868 apparatu
1740 1835 1820 1863 etiam

1030 1880 1061 1899 ac
1081 1873 1205 1907 periodis,
1220 1874 1332 1909 aliisque
1346 1876 1485 1910 similibus,
1511 1882 1539 1904 ut
1550 1886 1582 1905 ex
1595 1880 1718 1907 omnibus
1737 1881 1821 1908 facilis

1030 1917 1107 1944 nobis
1120 1918 1154 1946 sit
1168 1919 1301 1947 utiliorum
1315 1921 1444 1949 delectus.
1471 1922 1567 1950 Verum
1590 1925 1692 1953 etiamsi
1712 1927 1821 1961 grandis

1031 1970 1119 1989 sermo
1133 1967 1207 1991 esset
1220 1965 1406 2001 explicatuque
1419 1967 1533 1995 difficilis
1543 1989 1549 2000 ,
1563 1978 1615 1997 non
1630 1975 1717 1999 tamen
1731 1972 1820 2007 priva-

1030 2008 1068 2034 vit
1080 2016 1126 2036 eos
1140 2009 1259 2037 doctrina
1274 2011 1308 2039 de
1320 2010 1513 2041 Melchisedeco
1536 2024 1543 2042 :
1567 2023 1627 2042 cum
1645 2018 1717 2044 enim
1735 2018 1819 2051 dicit,

1032 2054 1142 2083 Grandis
1155 2061 1177 2083 et
1192 2057 1318 2092 explicata
1334 2059 1450 2094 diﬁcilis,
1475 2067 1567 2088 eorum
1582 2062 1698 2090 studium
1710 2065 1819 2096 excitat,

1031 2109 1064 2128 ne
1077 2100 1110 2128 ad
1124 2102 1285 2130 audiendum
1297 2106 1432 2138 segniores
1445 2106 1498 2132 sint
1510 2115 1517 2132 :
1529 2114 1588 2134 cum
1603 2113 1692 2135 autem
1700 2117 1820 2137 mensam

1030 2148 1149 2182 apponit,
1163 2156 1256 2175 corum
1271 2150 1402 2177 desiderio
1417 2152 1588 2185 gratiﬁcatur.

1065 2192 1092 2220 2.
1110 2194 1164 2221 Iloe
1182 2199 1209 2220 et
1227 2202 1275 2221 nos
1294 2195 1428 2223 faciamus.
1456 2196 1566 2224 Etiamsi
1593 2198 1625 2225 ad
1660 2199 1768 2234 pelagus
1793 2206 1819 2228 ct

1030 2238 1190 2272 profundum
1214 2241 1404 2267 sententiarum
1430 2242 1578 2277 pertingere
1598 2251 1649 2271 non
1668 2246 1817 2280 possimus,

1031 2290 1080 2310 nos
1105 2282 1269 2312 confidenter
1291 2286 1356 2313 mari
1385 2288 1601 2322 committamus,
1634 2298 1686 2317 non
1721 2287 1836 2319 nostris?

1031 2328 1088 2356 freti
1111 2329 1227 2363 viribus,
1256 2330 1301 2357 sed
1323 2332 1407 2366 gratia
1433 2333 1507 2360 nobis
1528 2341 1642 2369 superne
1661 2335 1720 2362 data
1741 2346 1748 2363 :
1765 2346 1819 2364 non

1032 2374 1125 2402 ﬁducia
1149 2380 1249 2409 nostra,
1270 2377 1316 2403 sed
1341 2377 1376 2404 ob
1400 2378 1540 2406 utilitatem
1562 2385 1676 2407 vestram
1691 2382 1820 2410 marinos

1030 2422 1237 2454 committamus,
1263 2421 1313 2449 hac
1334 2423 1360 2450 in
1385 2431 1414 2450 re
1437 2424 1545 2452 Paulum
1572 2426 1716 2454 imitantes.
1744 2429 1820 2461 Quod

1029 2467 1102 2495 enim
1121 2476 1174 2495 non
1189 2469 1329 2504 privaverit
1341 2478 1387 2497 eos
1400 2478 1523 2498 sermone
1547 2472 1580 2499 de
1602 2473 1795 2502 Mclchisedeco
1809 2496 1816 2507 ,

1030 2513 1091 2541 audi
1115 2515 1260 2549 sequentia.
1286 2515 1353 2542 Cum
1375 2523 1438 2550 ergo
1460 2517 1589 2550 dixisset,
1604 2527 1613 2544 ‹
1628 2519 1663 2545 De
1677 2527 1729 2554 quo
1745 2521 1821 2548 nobis

1029 2559 1136 2594 grandis
1145 2564 1186 2586 est
1195 2567 1295 2593 sermo,
1303 2565 1329 2587 et
1338 2561 1471 2595 explicatu
1479 2561 1593 2590 difﬁcilis
1605 2572 1613 2588 ι
1625 2563 1716 2600 (Hebr.
1726 2565 1752 2592 5.
1765 2566 1820 2600 ll),

1030 2603 1165 2638 subjunxit
1190 2613 1196 2630 :
1223 2614 1232 2630 ι
1248 2605 1295 2631 llic
1317 2606 1387 2632 enim
1408 2606 1600 2640 Melchisedec,
1627 2616 1671 2636 rex
1696 2609 1816 2644 justitim,

1031 2648 1148 2682 itemque
1162 2657 1208 2676 rex
1226 2648 1325 2682 Salen),
1337 2650 1362 2677 id
1375 2655 1417 2678 est
1431 2659 1476 2678 rex
1492 2653 1574 2686 pacis,
1590 2653 1648 2680 sine
1661 2659 1746 2688 patre,
1763 2656 1822 2683 sine

1031 2699 1125 2727 matre,
1141 2695 1197 2722 sine
1208 2696 1370 2730 genealogia,
1385 2705 1473 2732 neque
1488 2698 1590 2725 initium
1605 2699 1720 2734 dierum,
1735 2709 1820 2735 neque

1031 2741 1109 2768 ﬁnem
1133 2746 1194 2769 vna:
1217 2742 1326 2774 habens,
1349 2743 1508 2771 assimilatus
1521 2750 1609 2772 autem
1628 2745 1705 2778 Filio,
1731 2751 1822 2774 manet

1029 2786 1154 2813 sacerdos
1167 2786 1193 2813 in
1203 2792 1358 2821 perpetuum
1375 2796 1384 2813 ι
1400 2786 1491 2823 (Hebr.
1504 2789 1530 2816 'l.
1547 2790 1616 2824 l-l).
1632 2790 1724 2818 Nonne
1739 2798 1820 2818 aures

1030 2837 1132 2858 vestras
1155 2831 1242 2864 feriit,
1265 2832 1327 2859 dum
1344 2833 1377 2860 de
1392 2833 1499 2862 homine
1523 2835 1634 2870 loquens
1655 2837 1730 2868 dixit,
1757 2837 1820 2863 Siue

1031 2882 1109 2911 patre,
1124 2877 1177 2904 sine
1197 2882 1285 2910 nmtre,
1307 2878 1360 2905 sine
1378 2880 1544 2914 gciteulagiu.’
1569 2881 1667 2915 Ecquid
1689 2882 1760 2913 dico,
1785 2881 1820 2909 de

1030 2922 1159 2951 homine?
1173 2922 1239 2952 Nam
1251 2924 1273 2952 si
1284 2924 1316 2952 de
1333 2923 1401 2953 Filio
1424 2924 1568 2961 diceretur,
1593 2934 1681 2954 annon
1696 2934 1816 2960 magnam
