2074 3126
273 193 327 220 959

273 254 393 278 moveret
406 248 603 281 quiestiouem?
626 247 692 276 Nam
714 246 735 273 si
751 245 808 272 sine
826 247 910 279 patre,
934 241 1067 277 quomodo

273 296 378 325 Filius?
399 297 427 324 Si
445 296 503 324 sine
518 301 613 327 matre,
634 291 768 329 quomodo
792 288 970 324 Unigenilus?
987 286 1069 314 Filius

275 343 345 370 cnim
369 347 471 378 patrem
495 341 590 368 habeat
614 342 730 374 oportet,
752 336 817 363 alias
838 341 903 362 vero
926 333 995 360 filius
1016 339 1068 369 non

275 388 364 416 fuerit.
375 387 428 416 Sed
450 388 508 414 sine
529 390 603 420 patre
626 389 653 412 et
673 383 732 411 sine
750 386 835 409 matre
847 385 889 408 est
902 379 984 407 Filius
1000 378 1066 409 Dei;

274 435 334 462 line
349 439 434 469 patre,
449 431 594 459 secundum
608 429 749 460 infernam,
771 427 829 455 sine
849 431 944 458 matre,
969 431 1067 452 secuit-

275 479 338 506 dum
351 485 495 513 supernam
514 476 723 512 generationem.
748 473 812 500 Nam
838 479 924 506 neque
946 471 972 497 in
999 475 1067 496 terra

275 530 377 560 patrem
391 524 492 556 habuit,
516 530 602 558 neque
616 522 642 548 in
656 521 728 548 ca-lis
747 524 870 547 matrem.
895 518 957 545 Sine
979 524 1069 552 genea-

277 570 355 606 logia.
378 570 494 597 Audiant
508 569 535 601 ii,
557 568 602 603 qui
628 565 802 595 substantiam
825 564 884 599 ejus
901 562 1005 590 curiose
1022 569 1069 588 ex-

276 616 390 651 plorant.
406 614 486 650 Atqui
506 614 582 646 illud,
599 612 662 640 Siue
678 610 835 648 genealogia,
851 613 945 644 putant
958 607 1067 644 quidatn

275 661 307 688 de
322 667 437 694 superna
451 660 508 694 ejus
522 658 691 694 generatione
703 657 802 684 dictutn
818 663 889 683 esse.

311 705 404 734 Contra
417 706 560 733 Anomam.
577 703 691 731 Christus
703 702 827 737 quomodo
844 701 897 728 sine
910 699 1066 736 genealogia.

282 769 306 775 —
325 753 447 780 llatretici
468 759 546 787 porro
565 758 651 786 neque
673 750 723 777 hoc
746 749 855 780 volunt;
871 754 931 774 nam
949 751 975 774 et
997 746 1068 773 illam

276 799 382 826 curiose
394 798 531 832 inquirunt
542 804 573 823 ae
592 799 757 827 scrutantur,
777 793 969 821 moderatiores
981 795 1068 818 autent

276 853 310 872 ex
326 843 378 871 illis
388 864 395 876 ,
410 843 453 870 illa
466 849 594 870 concessa
605 862 613 873 ,
628 841 661 868 de
674 840 723 867 hac
737 844 842 867 terrena
857 838 908 865 dici
927 841 1021 872 putant
1036 837 1068 863 il-

276 889 332 922 lud,
348 889 411 916 Sine
420 888 577 924 genealogia.
590 886 767 914 Ostendamus
777 892 840 919 ergo
852 883 886 910 de
899 888 1011 917 utraque
1024 889 1070 917 ge-

277 935 414 962 neratione
429 934 479 960 hoc
494 932 594 960 dixisse
607 932 728 964 Paulum,
743 929 777 957 de
789 936 901 964 superna
915 935 1010 962 tit-rupe
1022 947 1029 960 ,
1043 931 1070 954 et

275 981 309 1008 de
324 985 440 1007 terrena.
454 979 518 1006 Nam
533 982 561 1006 et
575 978 619 1005 illa
634 976 771 1004 tremenda
787 996 795 1009 ,
809 979 836 1002 et
855 974 912 1001 haec
926 973 1068 1000 admodum

275 1033 371 1053 arcana
395 1030 448 1053 est.
461 1025 627 1059 Quapropter
647 1023 727 1050 Isaias
739 1023 776 1049 ait
789 1032 795 1048 :
811 1021 1002 1048 Generationem
1015 1020 1070 1051 (ius

276 1072 332 1106 quis
345 1071 470 1098 euarrabit
484 1069 560 1104 (Isai.
577 1069 620 1097 53.
639 1068 689 1104 8)?
703 1068 814 1099 Verum,
832 1067 934 1101 inquies
947 1087 954 1099 ,
968 1065 1001 1092 de
1016 1072 1070 1092 ca:-

277 1118 336 1145 lesti
352 1117 395 1143 illa
409 1116 463 1151 agit
477 1115 613 1150 propheta.
629 1114 696 1148 Quid
709 1121 772 1148 ergo
793 1113 913 1140 dicemus
923 1111 956 1138 de
969 1111 1050 1138 l’aulo
1060 1131 1068 1144 ,

276 1163 320 1198 qui
343 1168 481 1197 postquam
501 1162 567 1189 duas
590 1161 775 1196 generationes
796 1162 1068 1189 commemoraverat,

278 1209 340 1236 illttd
355 1208 490 1243 subjunxit
501 1217 507 1235 z
521 1207 583 1235 Sine
593 1206 759 1242 genealogia?
771 1205 806 1233 Ut
821 1212 871 1232 non
885 1204 964 1231 modo
976 1211 1070 1231 secun-

277 1254 341 1281 dum
356 1254 427 1281 illam
449 1253 667 1288 generationem,
684 1259 734 1286 qua
749 1251 807 1278 sine
827 1254 912 1277 matre
932 1245 1007 1280 erat'.
1023 1249 1070 1276 scd

278 1301 358 1327 etiam
369 1300 513 1327 secundum
530 1298 598 1325 hanc
614 1302 744 1325 terrenam
756 1317 762 1330 ,
775 1304 825 1331 qua
837 1297 894 1323 sine
906 1301 980 1331 patre
993 1299 1050 1323 erat
1061 1316 1069 1328 ,

278 1346 350 1372 illum
365 1346 423 1372 sine
435 1344 589 1379 genealogia
602 1350 661 1370 esse
675 1342 800 1370 crederes
813 1351 819 1368 :
833 1341 892 1369 ideo
904 1349 965 1368 cum
978 1341 1070 1368 ambas

279 1392 427 1426 posuisset,
443 1395 505 1417 tunc
526 1390 609 1422 dixit,
625 1388 865 1424 Sinetgenealogia.
887 1387 991 1414 Etenim
1014 1387 1071 1414 haec

279 1442 383 1464 terrena
402 1435 677 1470 incomprehensibilis
690 1439 730 1462 est
743 1455 749 1465 ,
762 1439 790 1460 ttt
804 1434 936 1460 czelcstetn
952 1433 1022 1460 illam
1037 1439 1070 1460 ne

278 1483 385 1518 quidem
402 1482 532 1516 inspicere
545 1481 700 1508 audeamus.
716 1479 780 1506 Nam
796 1480 817 1506 si
834 1479 964 1506 vestibula
979 1478 1069 1512 templi

278 1529 313 1556 ita
328 1528 463 1556 tremenda
476 1533 501 1555 et
515 1528 648 1554 inaccessa
662 1531 746 1558 erant,
757 1525 789 1552 ad
803 1525 882 1560 adyta
896 1525 956 1560 quis
969 1524 1071 1559 ingredi

277 1582 358 1602 ausus
371 1574 460 1602 esset?
472 1573 547 1606 Quod
562 1580 576 1600 a
593 1573 671 1600 Patre
683 1572 789 1607 genitus
803 1572 837 1598 sit
851 1572 921 1604 novi,
936 1571 1070 1606 quomodo

277 1625 365 1647 autem
382 1620 481 1646 nescio.
497 1618 572 1652 Quod
585 1626 600 1645 a
613 1618 716 1652 virgine
728 1623 805 1644 natus
819 1617 853 1644 sit
867 1616 945 1648 novi,
963 1617 1070 1643 modum

277 1672 365 1694 autem
380 1674 465 1701 neque
478 1665 521 1692 hic
535 1667 621 1700 capio.
633 1664 748 1699 Utraque
758 1664 894 1699 generatio
907 1663 933 1690 in
948 1663 1071 1690 confesso

277 1716 328 1742 est,
341 1715 368 1738 et
379 1711 514 1746 utriusque
529 1710 623 1737 modus
637 1715 746 1736 tacetur.
762 1709 795 1736 Et
807 1709 874 1736 sicut
889 1709 930 1736 hic
941 1708 974 1735 de
989 1709 1071 1744 virgi-

278 1764 321 1788 ne,
331 1757 456 1792 ignorans
467 1756 601 1791 quomodo
613 1764 647 1783 ex
657 1756 758 1790 virgine
773 1760 850 1782 natus
860 1755 904 1787 sit,
916 1755 1001 1790 ipsum
1012 1762 1071 1782 esse

278 1808 367 1830 natmn
383 1803 511 1830 conﬁteor
523 1824 530 1836 ,
547 1810 633 1837 neque
655 1810 711 1829 rem
734 1802 797 1828 tollo
821 1806 928 1836 propter
947 1802 1071 1836 ignoran-

278 1851 341 1876 tiam
354 1859 360 1877 :
374 1849 409 1876 ita
423 1855 451 1876 et
466 1854 493 1876 tu
508 1849 549 1875 fac
561 1848 595 1875 de
610 1848 696 1880 l’atre,
708 1847 757 1875 etsi
773 1856 824 1874 non
841 1847 946 1874 navet-is
959 1854 1071 1881 quomo-

277 1895 312 1922 do
325 1895 428 1930 genitus
441 1895 475 1921 sit
488 1895 521 1922 ab
534 1902 566 1922 eo
577 1894 669 1924 Filius.
683 1894 810 1920 conlitere
825 1897 920 1920 tamen.
936 1893 963 1919 Si
975 1893 1072 1920 dixerit

278 1941 326 1967 tibi
342 1940 493 1972 hzcreticus,
507 1939 647 1975 Quomodo
660 1939 764 1974 genitus
777 1943 817 1965 est
831 1946 863 1965 ex
876 1938 953 1965 Patre
967 1938 1072 1965 Filius?

278 1986 337 2021 ejus
352 1986 448 2013 fastum
462 1986 489 2012 in
503 1990 601 2012 terram
613 1985 733 2019 deprime
745 2005 752 2017 ,
768 1988 795 2011 et
807 1984 849 2011 dic
865 1984 900 2010 illi
914 1993 920 2011 :
936 1984 1071 2012 Descende

279 2033 313 2060 de
334 2032 424 2064 caelis,
440 2037 466 2059 et
480 2031 591 2058 ostende
611 2031 743 2065 quomodo
764 2035 840 2057 natus
862 2038 893 2057 e.\
910 2030 1011 2065 virgine
1024 2051 1030 2062 ,
1045 2034 1073 2058 et

279 2083 342 2105 tunc
360 2077 394 2104 ad
415 2077 456 2103 illa
472 2076 584 2111 respit-e.
603 2076 694 2103 Detine
714 2076 819 2110 ipsum,
835 2080 861 2102 et
876 2075 1006 2102 conclude
1017 2096 1024 2108 ,
1039 2083 1073 2102 ne

280 2123 351 2151 sinas
367 2123 479 2155 resilire,
493 2127 520 2149 et
534 2123 560 2149 in
576 2121 755 2157 labyrinthum
769 2121 968 2148 ratiociniorum
983 2130 1073 2157 regre-

279 2169 323 2200 dt,
337 2168 383 2195 sed
398 2167 488 2195 detine
506 2172 534 2194 et
547 2167 646 2194 sull'oca
659 2187 666 2200 ,
682 2175 735 2194 non
749 2174 828 2193 manu
841 2187 848 2193 .
864 2167 911 2193 sed
931 2167 1021 2194 verbo.
1035 2167 1073 2194 Ne

278 2214 328 2241 des
350 2213 386 2240 illi
405 2213 558 2241 dilationem
581 2217 609 2240 ut
627 2212 735 2247 eli‘ugiat
755 2220 808 2246 quo
829 2212 902 2240 velit.
919 2211 985 2240 lhuc
1002 2213 1072 2239 enim

280 2259 421 2286 tumultum
436 2259 552 2285 excitant
562 2258 631 2285 inter
639 2257 838 2292 disputandum,
852 2258 913 2292 quia
926 2266 975 2285 nos
986 2259 1072 2293 sequi-

278 2312 338 2332 mur
351 2305 409 2332 illos
419 2325 427 2337 ,
441 2311 528 2339 neque
543 2303 698 2331 abducitnus
710 2311 756 2331 eos
770 2303 819 2331 sub
833 2304 905 2338 leges
925 2304 1072 2331 divinarmn

280 2347 489 2382 Scripturarum.
502 2346 604 2374 Murum
618 2347 667 2382 ipsi
679 2346 794 2382 undique
807 2347 988 2382 circumpone,
1001 2347 1074 2374 testi-

281 2394 367 2420 monia
378 2394 620 2428 Seripturarum,ac
631 2401 663 2420 ne
673 2393 775 2420 hiscere
785 2393 890 2428 quidem
902 2394 1008 2428 poterit.
1018 2394 1073 2426 Dic,

279 2439 412 2474 quomodo
432 2444 507 2466 natus
521 2443 563 2466 est
577 2447 608 2466 cx
624 2439 746 2474 virgine?
756 2438 813 2466 Non
826 2438 936 2474 gradum
958 2447 1053 2466 revoco
1065 2460 1072 2471 ,

281 2493 332 2511 non
344 2484 448 2512 recedo.
463 2484 557 2512 \‘erutn
567 2491 618 2511 non
631 2484 724 2519 poterit
735 2485 810 2512 nobis
821 2485 926 2512 modum
937 2492 1072 2519 enarrare,

280 2531 330 2558 etsi
341 2532 490 2559 sexcenties
503 2531 528 2558 id
541 2531 693 2558 contendat.
706 2531 773 2559 Cum
785 2531 856 2558 enim
871 2531 940 2558 Deus
954 2531 1074 2563 occlusa-

282 2578 325 2606 rit.
336 2577 394 2612 quis
404 2581 496 2611 postea
507 2577 626 2611 aperiat?
638 2577 699 2604 lltec
710 2577 766 2604 sola
781 2581 892 2612 possunt
901 2576 952 2604 [ide
961 2577 1072 2612 percipi.

282 2623 308 2650 Si
326 2630 403 2657 porro
416 2629 540 2656 nequeas,
552 2622 598 2649 sed
609 2622 744 2650 ratiocinia
754 2630 868 2657 qtueras,
879 2621 905 2649 id
919 2622 966 2649 tibi
976 2621 1073 2654 dicam,

281 2669 351 2703 quod
366 2668 488 2695 Christus
503 2667 647 2695 Nicodemo
658 2677 664 2694 ι
676 2668 706 2695 Si
718 2673 816 2695 terrena
827 2668 881 2694 diri
895 2668 972 2700 vobis,
986 2674 1010 2695 et
1024 2677 1075 2695 tum

280 2713 382 2741 creditis
395 2734 402 2746 ,
417 2714 543 2748 quomodo
562 2714 584 2740 si
598 2714 685 2740 dixero
699 2714 808 2740 ca'lestia
823 2713 927 2740 credetis
941 2713 1030 2747 (Joan.
1045 2714 1072 2741 5.

282 2760 347 2795 12)?
360 2760 397 2787 De
417 2764 476 2787 ortu
490 2768 522 2786 cx
539 2760 638 2794 virgine
659 2759 734 2791 dixi,
749 2764 775 2786 et
791 2767 843 2786 non
867 2759 1008 2794 intelligis,
1026 2767 1075 2789 nec

282 2806 385 2834 hiscere
397 2806 479 2833 audes
492 2827 499 2839 ,
515 2810 541 2833 et
556 2811 642 2832 tatneu
659 2813 799 2840 supernam
815 2806 1011 2840 generationem
1027 2814 1075 2833 cu.

283 2854 355 2880 riosc
374 2852 508 2886 exploras.
524 2853 609 2886 Atque
628 2852 727 2878 utinam
746 2852 839 2878 catlqu
856 2856 973 2884 tantum;
988 2852 1034 2879 sed
1049 2857 1075 2879 tu

283 2896 363 2926 etiam
377 2898 502 2927 caelorum
518 2897 658 2924 Dominum
674 2897 777 2925 curiose
795 2897 908 2925 rimaris.
930 2898 959 2926 Si
979 2903 1077 2926 terrena

499 188 527 216 S.
548 186 643 216 JOAN.
664 184 851 214 CHRYSOST.
873 181 1030 210 ABCHIEP.
1051 178 1320 208 CONSTAN'I'INOP.
1339 179 1382 207 DE
1402 179 1671 208 MELCIIISEDECO.

1861 177 1911 208 260

1125 240 1178 267 dixi
1193 241 1260 267 vobis
1270 261 1276 273 ,
1290 246 1312 267 et
1327 249 1376 266 nou
1389 240 1499 267 creditis.
1514 240 1569 267 Non
1590 239 1654 266 dixit
1668 261 1674 272 ,
1691 239 1746 267 Non
1769 242 1900 274 persuade

1123 286 1205 319 mini,
1220 286 1265 313 sed
1279 306 1287 318 ,
1304 285 1363 312 Non
1378 286 1492 318 creditis;
1503 286 1645 313 ostendi-ns
1659 286 1735 312 nobis
1747 305 1754 317 .
1771 287 1791 312 si
1808 290 1912 312 terrena

1122 332 1174 360 (ide
1195 340 1262 367 optts
1276 332 1409 364 habeant,
1422 332 1505 359 multo
1530 331 1613 365 magis
1631 332 1758 358 czelestia.
1781 332 1836 358 Etsi
1853 336 1913 360 tunc

1121 378 1266 405 Nicodemo
1279 378 1313 406 de
1327 383 1402 412 partu
1417 378 1570 412 loqueretur
1586 378 1663 412 longe
1681 377 1782 405 minore
1795 386 1802 409 ;
1817 377 1849 404 de
1866 378 1911 404 ha.

1123 424 1244 457 plistnale
1265 431 1380 457 namque
1402 430 1491 450 sermo
1513 426 1585 453 erat,
1610 427 1637 449 et
1657 422 1691 449 tle
1713 423 1914 456 regenerationc

1121 469 1248 502 spirittuli
1263 479 1268 495 :
1282 468 1327 495 sed
1345 469 1430 502 palam
1446 473 1528 495 estea
1549 469 1629 495 etiam
1652 469 1702 494 lide
1720 476 1778 495 esse
1794 476 1916 503 compre—

1122 514 1270 541 hensibilia.
1285 513 1397 541 Terrena
1410 519 1498 541 autem
1514 514 1557 542 illa
1572 514 1690 545 vocavit,
1706 523 1757 541 nou
1771 515 1841 549 quod
1858 520 1913 541 ter-

1122 567 1185 586 rena
1199 567 1262 587 vere
1274 559 1326 586 sint
1337 580 1344 592 ,
1358 560 1405 586 sed
1425 560 1493 594 quod
1510 560 1536 586 in
1553 564 1622 587 terra
1637 564 1854 586 consummentur
1865 581 1871 592 ,
1888 565 1916 586 et

1121 605 1320 639 comparatione
1334 605 1403 632 illitis
1417 605 1566 638 iuell'abilis,
1578 610 1605 632 et
1619 610 1726 633 omnem
1740 611 1855 633 mcntem
1867 614 1914 632 su-

1122 651 1238 684 perantis
1251 651 1430 685 generationis
1443 671 1449 682 ,
1468 652 1524 678 hare
1538 652 1591 678 sint
1607 655 1721 678 terrena.
1738 650 1765 678 Si
1781 659 1845 687 ergo
1861 660 1913 679 non

1122 701 1209 731 potest
1223 696 1330 731 intelligi
1344 717 1351 728 ,
1365 704 1417 731 quo
1431 701 1508 731 pacto
1523 704 1554 724 ex
1568 697 1642 731 aquis
1656 705 1852 732 regi-ueremur,
1868 699 1913 724 sed

1121 742 1176 768 Sola
1192 742 1242 769 title
1255 741 1280 768 id
1293 742 1428 776 percipere
1441 746 1572 776 oporteat,
1589 750 1675 777 neque
1688 742 1795 769 ntodum
1809 743 1915 771 curiose

1121 788 1261 821 explorare
1273 796 1279 815 :
1292 792 1396 822 quantm
1412 787 1522 814 insanire
1537 788 1616 815 fuerit
1630 787 1663 814 de
1677 796 1790 823 superna
1803 796 1915 824 genera-

1123 834 1193 860 tione
1204 833 1331 868 unigeniti
1340 833 1398 860 Filii
1411 833 1524 860 humana
1534 834 1669 860 ratiocinia
1681 842 1798 866 movere,
1806 841 1832 862 et
1843 836 1914 862 modi

1121 879 1302 914 generationis
1310 880 1426 906 rationes
1436 880 1578 914 expetere?
1589 880 1727 914 Quomodo
1737 881 1794 908 sine
1807 886 1880 916 paer
1889 887 1916 909 et

1122 926 1181 953 sine
1196 930 1279 953 matre
1293 926 1338 953 Dei
1353 925 1446 958 Filius,
1456 929 1482 953 ct
1494 925 1627 961 quomodo
1638 926 1694 954 sine
1705 926 1859 963 genealogia
1869 926 1913 958 sit,

1122 973 1187 999 satis
1200 972 1412 1000 demonstratum
1425 978 1476 1000 est.

1157 1019 1183 1046 5.
1200 1018 1252 1046 Sed
1273 1019 1397 1053 quoniam
1422 1019 1497 1045 multi
1524 1026 1576 1045 non
1601 1018 1778 1054 intelligentes
1801 1027 1859 1054 qum
1881 1020 1915 1047 de

1122 1063 1314 1092 Melchisedeco
1324 1065 1421 1099 scripta
1436 1069 1507 1095 sunt,
1521 1065 1606 1099 ipsum
1620 1065 1697 1091 etiam
1713 1064 1820 1091 Christo
1833 1065 1915 1098 majo-

1122 1118 1178 1138 rem
1194 1118 1252 1138 esse
1266 1111 1399 1142 dixerunt,
1415 1110 1590 1145 Ineresimque
1604 1111 1811 1141 constituerunt,
1826 1115 1853 1138 et
1867 1119 1914 1137 νο-

1122 1161 1217 1184 cantur
1235 1156 1455 1184 Melchisedeciku
1470 1156 1508 1192 (tt)
1521 1178 1529 1189 ,
1546 1157 1674 1191 nobisque
1689 1157 1853 1184 contendunt
1865 1178 1872 1189 ,
1888 1163 1916 1184 et

1124 1207 1259 1238 pugnant,
1277 1203 1361 1238 ipsum
1384 1211 1443 1230 esse
1465 1198 1570 1230 Christo
1589 1203 1716 1237 majorem
1729 1224 1736 1235 ,
1749 1203 1814 1231 illud
1832 1203 1915 1230 addu-

1122 1254 1213 1277 centes
1224 1271 1230 1281 .
1247 1249 1284 1276 Tu
1300 1258 1324 1277 ea
1337 1250 1452 1277 sacerdos
1471 1251 1497 1276 in
1512 1255 1636 1280 ,a-teruum
1653 1251 1788 1277 secundant
1802 1251 1915 1277 ordinem

1123 1296 1292 1323 Melcltiredec
1314 1296 1407 1331 (Psal.
1423 1297 1483 1324 109.
1499 1297 1527 1331 4)
1545 1306 1551 1324 ;
1573 1296 1624 1323 illis
1646 1304 1750 1331 qttoque
1773 1304 1916 1324 occurrere

1123 1346 1239 1376 oportet.
1256 1342 1349 1369 Dicunt
1362 1342 1432 1369 enim
1448 1342 1606 1375 :Quomodo
1622 1350 1673 1368 non
1689 1341 1767 1369 fuerit
1782 1343 1824 1369 ille
1837 1343 1914 1372 (Σωσί-

1122 1393 1164 1414 sto
1186 1387 1291 1422 major,
1306 1387 1452 1415 secundum
1477 1388 1553 1422 cujus
1577 1388 1716 1422 imaginem
1742 1393 1769 1415 et
1793 1388 1914 1415 ordinem

1122 1433 1242 1460 Christus
1253 1434 1428 1461 sacerdotium
1439 1435 1562 1461 exercet?
1572 1434 1626 1461 Nos
1634 1442 1697 1469 ergo
1707 1434 1818 1462 dicimus
1830 1435 1914 1470 ipsum

1124 1479 1257 1507 hominem
1282 1488 1360 1512 esse,
1378 1481 1488 1515 perinde
1510 1486 1588 1516 atque
1611 1489 1660 1508 nos
1680 1481 1845 1515 passionibus
1865 1482 1914 1508 ob-

1124 1526 1230 1552 noxium
1243 1547 1249 1557 ,
1265 1533 1314 1553 nec
1328 1526 1456 1561 majorem
1470 1525 1575 1554 Christo
1586 1547 1593 1559 ,
1612 1527 1664 1554 imo
1684 1536 1733 1554 nec
1746 1527 1847 1555 Joanne
1867 1528 1915 1556 Ba-

1124 1573 1217 1606 ptista:
1235 1572 1320 1608 Major
1333 1573 1404 1600 enim
1424 1573 1488 1606 illo,
1506 1573 1590 1608 inquit
1607 1572 1729 1601 Christus
1742 1594 1750 1606 ,
1766 1574 1831 1600 inter
1843 1578 1915 1600 natos

1124 1618 1258 1645 mulierum
1278 1626 1329 1644 non
1349 1619 1458 1645 surrexit
1478 1618 1582 1654 (Matt/t.
1600 1620 1643 1646 lt.
1660 1619 1716 1654 Η).
1738 1620 1789 1646 Alii
1811 1628 1915 1647 rursum

1123 1668 1245 1691 errantes
1258 1664 1348 1691 dicunt
1364 1665 1448 1699 ipsum
1461 1672 1520 1692 esse
1533 1665 1660 1699 Spiritum
1672 1671 1793 1692 sanctum
1806 1666 1854 1701 (b);
1869 1667 1915 1693 sed

1124 1709 1175 1737 ltoc
1199 1718 1250 1736 non
1270 1710 1385 1737 dicimtts
1409 1717 1466 1737 nos.
1486 1709 1551 1738 Nam
1573 1719 1633 1745 qua:
1654 1711 1800 1738 necessitas
1823 1711 1917 1739 fuiswt

1124 1754 1239 1783 Verbum
1257 1756 1303 1782 Dei
1323 1756 1454 1783 incarnari
1467 1776 1474 1788 ,
1490 1756 1511 1783 si
1524 1756 1577 1790 jatu
1597 1757 1660 1783 olim
1681 1757 1795 1792 Spiritus
1809 1762 1917 1784 sanctus

1125 1800 1204 1829 homo
1219 1801 1304 1829 factus
1319 1801 1432 1828 fuisset?
1446 1801 1511 1835 Quia
1535 1809 1599 1829 vero
1621 1809 1670 1829 nec
1692 1802 1777 1837 tnajor
1789 1802 1896 1829 Christo
1908 1824 1915 1834 ,

1125 1855 1173 1875 nec
1184 1848 1298 1882 Spiritus
1312 1853 1421 1876 sanctus
1435 1854 1475 1876 est
1487 1870 1495 1882 ,
1509 1849 1598 1876 dicant
1613 1849 1689 1876 nobis
1704 1849 1740 1876 illi
1753 1871 1760 1882 ,
1776 1850 1850 1884 cujus
1864 1850 1914 1877 loci

1125 1894 1211 1929 ipsum
1231 1902 1292 1922 esse
1314 1899 1430 1922 statuant
1444 1904 1449 1921 :
1464 1904 1497 1922 an
1513 1895 1648 1922 czelestis?
1662 1904 1695 1923 an
1717 1896 1870 1923 terrestris?
1883 1905 1915 1924 an

1124 1940 1312 1968 subterranei?
1326 1940 1353 1968 Si
1369 1948 1431 1975 ergo
1443 1941 1533 1968 dicant
1547 1941 1767 1969 Melchisedecum
1783 1942 1823 1970 vel
1834 1950 1850 1969 e
1862 1950 1917 1969 ca:-

1126 1986 1231 2014 lestium
1255 1995 1385 2019 numero,
1402 1987 1443 2014 vel
1466 1987 1533 2014 alius
1553 1988 1742 2022 cujuscumque
1764 1988 1813 2015 loci
1837 1996 1916 2021 esse,

1124 2032 1233 2059 audiant
1253 2031 1326 2059 illum
1348 2039 1416 2067 genu
1437 2032 1544 2060 ﬂectere
1562 2033 1744 2067 Christo,qui
1765 2032 1917 2060 incarnatus

1125 2082 1166 2104 est
1179 2085 1211 2104 ex
1234 2077 1344 2112 Deipara
1365 2078 1456 2105 Maria.
1470 2079 1513 2105 Ait
1527 2079 1596 2106 enim
1606 2079 1761 2113 Apostolus:
1774 2079 1830 2114 Ipsi
1844 2088 1918 2106 omne

1125 2131 1188 2158 gmu
1204 2124 1325 2157 flectetur,
1334 2128 1385 2150 etc.
1401 2123 1529 2159 (Phiiipp.
1542 2124 1569 2151 2.
1583 2125 1637 2159 10).
1651 2124 1678 2152 Si
1694 2131 1773 2151 omne
1787 2133 1855 2160 genu
1871 2125 1918 2152 ile-

1125 2170 1215 2202 ctitur,
1233 2178 1298 2197 Sane
1312 2170 1488 2198 Melchisedec
1502 2171 1608 2198 Christo
1624 2171 1710 2198 tninor
1722 2170 1809 2203 fuerit,
1823 2171 1918 2198 adorat

1126 2216 1195 2242 enim
1212 2215 1357 2243 Christum.
1372 2217 1399 2243 Si
1415 2216 1533 2244 infelices
1548 2216 1585 2243 illi
1599 2224 1631 2243 ac
1645 2217 1734 2244 miseri
1752 2224 1782 2243 ea
1797 2224 1856 2251 quae
1873 2224 1917 2243 se-

1126 2265 1242 2295 quuntur
1252 2261 1434 2293 considerent;
1445 2270 1506 2288 nam
1521 2262 1664 2296 snbjungit,
1677 2262 1836 2289 Animilalua
1850 2260 1916 2288 Filic

1127 2307 1173 2334 Dei
1187 2306 1276 2342 (Hebr.
1288 2307 1314 2335 7.
1327 2308 1355 2342 5)
1368 2317 1374 2334 :
1387 2308 1420 2334 ita
1436 2307 1634 2342 intelligendum
1646 2311 1696 2339 est,
1712 2307 1796 2342 ipsum
1810 2315 1917 2342 nempe.

1127 2353 1237 2388 perinde
1251 2359 1330 2388 atque
1345 2361 1402 2386 nos,
1413 2353 1445 2380 ad
1461 2354 1601 2388 imaginem
1617 2358 1642 2380 et
1654 2352 1855 2380 similitudinem
1873 2353 1917 2380 Dei

1128 2400 1225 2425 factum
1240 2399 1330 2426 fuisse.
1345 2399 1427 2426 Judaei
1451 2407 1530 2433 porro
1543 2400 1634 2426 dicunt
1652 2401 1737 2434 ipsum
1751 2406 1784 2425 ex
1806 2399 1916 2425 forniea.

1128 2445 1200 2472 tione
1215 2450 1304 2472 natttm
1320 2453 1379 2472 esse
1401 2446 1435 2480 (ε)
1450 2467 1457 2478 ,
1473 2445 1584 2480 ideoque
1600 2446 1657 2473 sine
1668 2445 1820 2480 genealogia
1837 2452 1896 2472 esse
1912 2454 1918 2475 ;

1127 2491 1222 2526 quibus
1236 2499 1284 2518 nos
1298 2491 1418 2518 dicemus
1429 2512 1436 2521 ,
1452 2491 1521 2526 quod
1541 2492 1588 2526 ipsi
1606 2499 1744 2526 perperam
1766 2492 1918 2526 loquantur.

1128 2537 1231 2565 Etenim
1243 2537 1404 2569 Salomonis,
1419 2538 1463 2573 qui
1476 2545 1510 2565 ex
1525 2538 1645 2565 adultera
1662 2537 1731 2566 Uria:
1747 2545 1830 2564 uxore
1843 2543 1921 2564 natus

1159 2593 1196 2624 (η)
1213 2596 1247 2617 De
1259 2593 1467 2622 lttelcltisetlecitis,
1480 2600 1542 2624 quos
1550 2598 1718 2624 ιιιλχιυιδυιωινοῑις
1732 2597 1802 2618 vocat
1822 2594 1920 2624 Epipha-

1160 2607 1196 2624 [ΙΙ]
1213 2607 1247 2617 IIIS
1260 2607 1467 2622 λιιιῖιὶΛιιδῠιιυιιιιιῡ,
1480 2607 1542 2624 ιμιυδ
1551 2607 1588 2619 Μιλ
1595 2607 1718 2624 turbamve“
1733 2607 1802 2618 ῚΙἈΛΙι
1822 2607 1920 2624 τιμ1111111¹

1128 2625 1191 2652 nius,
1215 2624 1270 2648 vide
1290 2625 1351 2655 apud
1376 2625 1453 2655 ipsum
1474 2625 1562 2648 lIaeresi
1585 2607 1625 2653 ἐϋ.
1641 2624 1739 2656 (11.75ὅι
1753 2632 1776 2656 p.
1794 2625 1839 2649 463
1860 2625 1920 2656 edit.

1129 2659 1220 2683 I'etav.,
1233 2662 1287 2686 (|II:L‘
1299 2655 1396 2679 omnino
1404 2662 1458 2679 cum
1471 2655 1508 2679 bis
1518 2658 1649 2679 consonant
1658 2662 1664 2685 ;
1672 2655 1704 2680 de
1717 2655 1758 2680 illo
1766 2655 1920 2680 etiam'l‘ln-o-

1127 2686 1236 2728 (Iuretus,
1256 2688 1366 2710 Ita-relic.
1383 2686 1463 2710 Fabul.
1485 2686 1500 2710 Ι.
1519 2687 1555 2714 lt,
1575 2693 1597 2710 c.
1609 2688 1634 2716 6,
1650 2690 1716 2711 Joau.
1740 2691 1844 2710 Ixnnasc.
1870 2689 1922 2710 Ihe-

1142 2725 1177 2741 (ἰ.Ἰ
1190 2724 1227 2740 "M.

1129 2724 1140 2741 Γ
1213 2748 1254 2776 Qui
1267 2747 1364 2772 diccbat
1381 2747 1579 2771 Mclrhiscducutn
1603 2754 1660 2772 esse
1679 2748 1790 2779 Spiritum
1813 2751 1921 2771 sanctum

1130 2779 1290 2832 rraﬁtlzljierax.
1306 2782 1370 2803 teste
1382 2779 1509 2810 rpiphanio
1527 2779 1551 2802 in
1571 2783 1632 2802 Hasr.
1651 2779 1921 2804 Mclchisetleeiatn-runt

1131 2817 1169 2832 lt.~
1197 2817 1219 2832 ζ.

1140 2821 1153 2834 ι.
1166 2817 1219 2832 τΗΖ.

1130 2817 1136 2840 Ι
1162 2843 1197 2870 (ι’)
1213 2839 1277 2868 Quod
1290 2847 1345 2863 mox
1358 2840 1453 2869 dicitur,
1470 2847 1560 2871 nempe
1578 2841 1673 2865 .Iudmos
1688 2841 1780 2865 dixisse
1794 2839 1921 2863 Melchise-

1130 2871 1216 2895 (lt't‘lllll
1228 2878 1258 2894 ev
1272 2870 1429 2902 Iornicatiouo
1448 2876 1528 2895 uatum
1542 2871 1625 2900 fuisse,
1643 2871 1720 2896 refert
1733 2873 1804 2896 etiam
1818 2870 1921 2902 r‘l-ipha-

1133 2909 1186 2927 mus
1199 2903 1222 2927 in
1235 2902 1324 2926 tta-rest
1336 2901 1602 2927 Mclolttscdccianorum
1613 2910 1635 2933 ιο.
1650 2903 1702 2927 475.
