2074 3126
183 138 231 164 261
632 138 770 168 ΟΟΝΤΒΕ
789 136 900 166 Ll‘DOS
918 135 963 163 ET

1031 133 1196 162 EATllA.—
1205 134 1370 166 MONITUM.

184 200 244 228 est,
257 194 411 229 genealogia
427 197 515 220 tamen
530 191 644 219 ducitur.
661 190 714 218 Sed
727 190 852 225 quoniam
869 187 978 216 Melchi-

183 240 265 268 sedec
275 247 352 277 typus
361 244 418 267 erat
428 238 544 272 Domini,
559 243 587 266 et
600 238 742 272 imaginem
757 235 859 264 ferebat
867 233 978 267 Christi,

183 285 408 321 quemadmodum
421 289 449 312 et
462 284 545 312 Jonas
556 303 564 317 ,
580 283 639 310 ideo
657 282 792 318 Scriptura
806 281 863 315 ejus
876 286 979 315 patrem

184 332 278 364 tacuit,
291 335 320 358 ut
334 331 360 359 in
373 331 430 364 illo,
445 336 579 366 tamquam
594 329 622 356 in
637 329 760 363 imagine,
774 328 920 359 Christum,
933 326 979 361 qui

184 386 248 405 vere
268 378 328 406 sine
347 383 422 413 patre
442 382 470 404 et
492 376 550 404 sine
571 376 726 411 genealogia
746 379 804 406 est,
817 374 977 400 intueamur.

186 423 242 451 lloc
257 424 336 451 etiam
352 423 428 449 nobis
441 421 571 456 objiciunt
590 419 810 448 Melchisedecila:
822 427 828 445 :
840 418 907 452 Quid
927 417 978 446 sibi

184 470 241 497 vnll
262 476 327 504 ergo
349 468 374 495 id
391 468 460 503 quod
481 468 545 495 dicit
558 467 583 495 ei
607 467 695 498 Pater,
717 465 755 492 Tu
776 474 802 492 es
816 465 931 492 sacerdos
952 465 979 490 in

185 521 307 542 a'ternum
320 514 457 542 secundum
472 513 586 541 ordinent
601 512 629 540 Μ
631 513 767 540 elchisedec
781 511 840 547 (Ps.
857 511 917 538 109.
929 510 979 544 4)?

185 561 287 594 Quibus
309 559 501 595 respondemus
514 579 521 592 ,
544 558 765 586 Nelebisedecum
791 557 876 584 virum
898 555 978 583 fuisse

1767 136 1827 163 232’

1030 188 1182 216 Judaorum
1197 196 1330 225 synagoga
1347 190 1492 217 secundum
1505 190 1626 218 ordinem
1648 191 1759 219 Aaronis
1773 193 1821 219 ho-

1030 234 1110 261 stiam
1122 234 1251 263 otl'erebat
1263 235 1329 269 Deo,
1339 243 1392 262 nou
1406 244 1501 270 panem
1512 242 1542 264 et
1552 244 1710 270 vtnum,seu
1723 244 1822 267 vttutoo

1031 285 1059 307 et
1074 288 1172 315 agnos,
1189 285 1217 309 et
1238 282 1355 309 cruentis
1375 282 1512 310 sacriﬁciis
1526 283 1638 317 gloriam
1655 283 1709 311 Deo
1723 285 1824 311 retere-

1031 327 1085 359 bat,
1101 327 1169 355 Deus
1182 327 1215 355 ad
1228 335 1288 355 eum
1296 329 1338 362 qui
1350 336 1383 356 ex
1393 328 1496 363 virgine
1507 328 1586 356 Maria
1596 329 1744 357 nasciturus
1752 335 1822 363 erat,

1031 372 1122 400 Jesutn
1137 373 1271 400 Christum
1288 373 1382 401 Filium
1404 374 1468 406 Dei,
1481 375 1578 401 clamat
1592 379 1619 402 et
1640 375 1703 402 dicit
1720 384 1726 402 :
1744 375 1782 402 Tu
1797 384 1824 403 et

1029 420 1148 447 utardet
1169 420 1196 448 in
1215 426 1338 448 internum
1357 422 1494 448 secundum
1511 421 1624 448 ordinem
1640 421 1822 454 Melchisedec,‘

1031 473 1083 493 non
1098 466 1243 493 secundum
1266 467 1386 493 ordinem
1409 467 1531 498 Aaronis.
1549 467 1592 502 qui
1606 467 1696 495 vitulis
1706 472 1733 494 et
1748 467 1824 503 agnis

1032 512 1086 539 Deo
1099 511 1198 539 cultum
1213 511 1343 539 referebat
1356 521 1364 546 ;
1380 513 1437 544 sed,
1453 512 1490 539 Tu
1500 521 1526 539 es
1540 512 1690 540 sacerdosin
1700 517 1823 540 talentum

1030 557 1167 587 secundum
1180 558 1293 585 ordinem
1309 558 1334 585 Μ
1338 559 1473 586 εΙοΙιίιειΙδε
1485 579 1493 591 ,
1508 566 1575 593 pane
1589 562 1616 587 et
1630 559 1692 587 vino
1710 559 1824 586 aﬂ'cren-

185 606 283 641 justum
295 626 302 637 ,
317 610 344 633 et
357 613 420 633 vere
434 604 575 640 imaginem
596 604 686 631 tulisse
706 603 814 630 Christi.
831 602 876 629 Ille
889 602 979 635 itaque

186 651 343 686 prophetico
365 651 458 685 spiritu
479 655 587 682 motus,
601 649 716 676 futuram
741 648 902 675 oblationem
931 653 979 681 pro

186 697 309 732 gentibus
323 696 512 732 proferendam
527 696 688 730 intelligens,
705 702 772 729 pane
782 699 808 722 et
822 694 884 721 vino
896 693 978 720 Deum

187 742 279 776 coluit,
295 741 433 771 Christum
447 747 586 770 venturum
606 742 734 770 imitatus.
749 740 880 775 Quoniam
899 740 979 776 igitur

1031 604 1095 632 tium
1111 612 1204 632 eorum
1216 608 1341 641 perpetua
1356 611 1465 632 munera
1479 604 1531 632 Deo
1543 604 1667 633 otl'erens.
1679 604 1731 632 Per
1744 612 1823 640 quem

1031 651 1103 678 Patri
1116 651 1199 686 gloria
1211 659 1270 678 cum
1284 652 1451 678 sanctissimo
1465 651 1573 686 Spiritu,
1587 660 1658 679 nunc
1667 657 1694 679 et
1704 659 1822 687 semper,

1031 701 1058 724 et
1072 697 1099 725 in
1113 697 1209 724 saecula
1225 697 1394 724 saeculorum.
1406 698 1503 724 Amen.

193 878 1807 898 Ἦ

723 1043 776 1073 ΑΙ)
805 1043 1009 1074 HOMILIAM
1031 1042 1280 1081 SEQUENTEM.

189 1159 449 1195 jusmodiltominet;
470 1163 499 1187 ut
512 1163 603 1187 autem
625 1158 755 1195 probetur
773 1158 862 1194 ipsum
877 1165 909 1185 ex
928 1158 1021 1186 animo
1036 1162 1064 1185 et
1086 1158 1192 1185 sincere
1207 1157 1264 1185 haec
1276 1156 1401 1190 edixisse,
1415 1157 1510 1193 paucis
1530 1157 1678 1192 interiectis
1692 1157 1732 1184 sic
1749 1158 1786 1184 ait
1802 1165 1810 1184 :

193 1218 223 1245 Si
245 1227 306 1246 vero
330 1219 516 1253 perhorruit“:
541 1218 610 1245 Itane
637 1218 773 1244 audientes
795 1217 952 1245 sententiam
979 1217 1064 1252 (video
1087 1225 1199 1252 namque
1230 1225 1318 1244 omne:
1343 1217 1538 1252 ingemiscentea
1562 1221 1587 1244 et
1613 1217 1808 1252 compunctas).

195 1280 360 1314 resipiscam,
386 1284 411 1306 et
436 1279 564 1306 sententia
589 1278 675 1306 soluta
702 1283 749 1311 est,
772 1277 978 1314 μεταϐαλλὲσθω

1030 1286 1043 1310 ι,
1064 1277 1111 1304 καὶ
1128 1277 1235 1304 λέλυται
1250 1277 1284 1303 τὰ
1298 1277 1348 1313 τῆς
1371 1277 1544 1312 ἀποφάσεως.
1563 1276 1629 1310 Quae
1649 1277 1732 1304 verba
1748 1284 1813 1303 sen-

195 1336 307 1364 tentiam
319 1343 382 1363 vere
397 1336 529 1372 prolatam
544 1342 600 1370 pra;
615 1341 645 1362 se
661 1333 732 1361 ferre
745 1333 880 1360 videntur.
904 1331 939 1359 At
967 1337 1033 1368 puto
1050 1332 1106 1360 haec
1131 1336 1236 1359 tantum
1250 1333 1431 1360 comminandi
1446 1333 1537 1361 animo
1551 1333 1585 1361 ab
1606 1333 1727 1361 antistite
1741 1333 1812 1360 dicta

197 1393 291 1426 fuisse,
307 1401 358 1421 nec
370 1394 422 1421 nisi
445 1401 538 1429 parem
559 1393 586 1420 in
601 1392 707 1428 culpam
723 1392 814 1420 denuo
827 1391 916 1426 lapsos
932 1397 990 1423 eos,
1015 1390 1061 1425 qui
1079 1390 1112 1418 ad
1130 1390 1283 1425 spectacula
1300 1395 1485 1423 accurrerant,
1502 1391 1808 1419 excommunicationem

196 1451 289 1478 subire
302 1451 431 1479 voluisse.

232 1507 310 1534 Aliud
327 1508 520 1543 explorandum
540 1508 711 1544 proponitur,
736 1515 790 1543 quo
804 1514 903 1542 nempe
921 1507 964 1534 die
987 1506 1062 1534 hanc
1089 1505 1248 1534 concionem
1265 1506 1391 1534 habuerit
1415 1506 1622 1542 Chrysostomns
1641 1515 1647 1533 :
1672 1514 1716 1534 res
1738 1507 1812 1534 enim

197 1563 353 1592 difﬁcultate
367 1573 422 1592 non
451 1573 547 1593 vacare
562 1565 676 1593 videtur.
701 1565 730 1592 ln
752 1565 802 1592 hac
817 1564 947 1592 concione
961 1571 976 1591 e

1030 1564 1094 1598 tait,
1120 1564 1172 1600 πρὸ
1196 1563 1280 1599 τριῶν
1306 1563 1416 1600 ἡμερῶν
1439 1565 1586 1600 ὲπομὸρία,
1602 1569 1664 1591 ante
1682 1570 1733 1592 tres
1752 1564 1809 1592 dies

197 1620 281 1647 imber
294 1621 394 1656 ingens.
413 1621 502 1648 lmber
513 1626 604 1649 autem
620 1621 664 1648 ille
675 1621 775 1649 decidit
800 1621 867 1648 feria
890 1625 986 1655 quarta
1002 1619 1185 1648 Hebdomadis
1208 1625 1319 1654 sancta,
1348 1621 1443 1655 quinta
1468 1621 1535 1648 feria
1557 1621 1585 1648 in
1603 1620 1686 1648 Coena
1707 1622 1815 1650 Domini

198 1678 265 1704 nihil
290 1683 455 1705 memoratur
486 1678 627 1711 incidisse,
641 1679 669 1706 in
682 1678 832 1707 Parasceve
851 1679 906 1706 ludi
924 1683 1066 1714 equestres
1092 1678 1193 1706 multos
1216 1683 1384 1712 averterunt,
1408 1678 1526 1707 Sabbato
1547 1679 1627 1706 iidem
1647 1680 1816 1708 theatrorum

198 1735 352 1769 spectacula
367 1735 503 1762 adierunt.
520 1735 588 1763 Hinc
599 1744 663 1763 vero
674 1737 750 1771 sequi
766 1737 873 1764 videtur
884 1737 954 1764 hanc
966 1736 1109 1764 llomiliam
1122 1737 1181 1772 ipso
1191 1737 1234 1764 die
1249 1740 1343 1764 sancto
1362 1736 1471 1763 Pascha:
1488 1736 1605 1764 habitam
1619 1736 1719 1770 fuisse;
1744 1737 1816 1765 inter

197 1801 277 1827 quem
293 1797 320 1820 et
334 1792 427 1820 feriam
439 1797 562 1828 quartam
577 1794 777 1829 prmcedentem
789 1799 861 1822 retro
875 1795 1055 1828 numerando,
1080 1799 1136 1822 tres
1150 1795 1355 1822 intercedebant
1375 1795 1431 1822 dies
1445 1795 1517 1830 pleni
1536 1800 1564 1823 et
1582 1797 1689 1832 integri,
1712 1795 1814 1824 Sabba-

199 1855 266 1883 tum,
279 1850 428 1879 Parasceve
443 1855 470 1878 et
482 1852 550 1879 feria
566 1852 670 1887 quinta.
684 1852 737 1880 Sed
756 1861 778 1880 st
794 1853 837 1880 die
850 1853 960 1883 Pascha!
971 1853 1062 1880 habita
1074 1853 1169 1881 concio
1182 1853 1244 1884 fuit,
1265 1855 1331 1881 cur‘
1352 1861 1385 1880 ne
1411 1854 1523 1881 verbum
1540 1854 1650 1889 quidem
1670 1855 1704 1882 de
1723 1862 1816 1882 resur-

198 1910 319 1936 rectione
335 1909 439 1937 Domini
457 1910 484 1937 in
509 1914 564 1937 tota
583 1910 691 1937 bomilia
709 1910 841 1938 habetur?
863 1910 929 1938 Nam
951 1911 1002 1938 etsi
1023 1910 1075 1938 dici
1094 1910 1210 1938 fortasse
1233 1911 1318 1944 possit
1339 1911 1562 1948 Chrysostomum
1586 1912 1630 1939 illa
1647 1912 1700 1945 die,
1726 1917 1756 1939 ut
1774 1912 1816 1939 in-

198 1967 383 2003 dignationem
397 1976 472 1996 suatn
488 1968 515 1995 in
529 1975 585 2001 eos,
601 1968 648 2003 qui
663 1968 768 1995 theatra
791 1968 887 1996 diebus
900 1968 1001 1995 sanctis
1015 1968 1148 2002 adierant,
1169 1972 1339 2001 exoneraret,
1357 1969 1516 1996 concionem
1534 1970 1669 2002 habuisse,
1693 1970 1816 2006 nihilque

197 2025 270 2053 aliud
290 2026 432 2061 cogitasse,
449 2034 482 2054 an
498 2027 588 2054 decuit
603 2027 630 2054 in
646 2027 689 2054 die
717 2030 811 2054 sancto
832 2027 942 2054 Paschze
963 2027 1034 2055 nihil
1057 2027 1169 2055 omnino
1186 2027 1220 2054 de
1247 2032 1321 2055 tanta
1344 2028 1512 2062 celebritate,
1532 2035 1567 2055 ne
1582 2028 1695 2063 carptim
1719 2028 1814 2055 saltem

197 2085 288 2120 loqui!
305 2084 332 2112 Si
348 2093 412 2112 vero
427 2085 456 2112 in
474 2091 632 2121 sequentem
649 2086 720 2113 diem
737 2085 880 2113 llomiliam
905 2085 1055 2119 mittamus,
1075 2086 1128 2113 alia
1141 2090 1268 2122 exsurget
1290 2085 1434 2113 dilﬁcultas
1450 2095 1456 2112 :
1473 2093 1528 2113 non
1553 2085 1627 2113 enim
1640 2090 1697 2113 tres
1709 2091 1815 2113 tatttum

196 2145 267 2178 dies,
283 2145 332 2172 sed
351 2151 465 2180 quatuor
480 2146 552 2181 pleni
565 2150 590 2173 et
607 2145 716 2181 integri,
733 2145 919 2178 intercedent;
946 2153 1042 2173 verum
1063 2145 1178 2173 fortasse
1198 2145 1407 2182 Chrysostomus
1420 2150 1474 2173 tres
1484 2146 1581 2173 dixerit
1600 2146 1658 2174 dies
1673 2154 1727 2173 non
1749 2154 1814 2180 sup-

197 2203 329 2238 putando,
355 2204 402 2231 sed
415 2204 525 2232 circiter
540 2209 645 2239 tempus
660 2204 833 2240 assignando,
857 2204 930 2240 quod
945 2204 1017 2241 apud
1033 2204 1121 2239 ipsum
1141 2211 1196 2232 non
1216 2204 1354 2234 insolitum
1371 2209 1421 2232 est.
1438 2203 1515 2238 Rem,
1536 2204 1654 2240 alioquin
1676 2212 1730 2231 non
1748 2205 1815 2232 tanti

197 2260 340 2293 momenti,
354 2260 463 2288 dubiam
482 2254 670 2294 relinquimus.

225 2360 236 2370 ⁹
254 2368 263 2384 t
276 2361 344 2385 Hanc
355 2360 525 2385 dilbeultatem
546 2359 619 2384 facile
640 2359 760 2391 cxpedire
772 2357 842 2388 licet,
861 2358 933 2383 modo
952 2361 1026 2384 antea
1037 2362 1132 2385 certum
1145 2359 1186 2389 sit,
1201 2360 1263 2384 hanc
1280 2359 1406 2384 homiliam
1427 2359 1535 2384 habitam
1548 2366 1604 2384 esse
1618 2360 1658 2385 die
1676 2360 1814 2385 Paschalis,

196 2402 240 2429 Uti
257 2405 324 2429 enim
337 2405 526 2435 Chrysostomus
543 2405 674 2435 presbyter
687 2402 815 2428 multoties
828 2406 882 2434 post
894 2402 1037 2434 episcOpum
1059 2405 1086 2427 et
1104 2403 1165 2428 alios
1176 2403 1264 2427 eodem
1274 2404 1315 2427 die
1330 2410 1358 2427 ac
1370 2403 1485 2427 continuo
1496 2398 1520 2427 in
1534 2401 1640 2427 ecclesia
1659 2402 1745 2427 habuit
1756 2409 1817 2427 con«

195 2447 302 2475 nionem,
315 2447 340 2470 id
349 2447 415 2476 quod
427 2453 459 2470 ex
471 2447 526 2477 ejus
541 2445 697 2470 sermonibus
709 2447 811 2476 apparet
822 2452 828 2468 ;
840 2445 876 2468 ita
889 2445 936 2468 hoc
947 2444 1022 2469 etiam
1033 2444 1075 2468 die
1085 2445 1149 2469 alius
1159 2449 1215 2474 post
1227 2451 1284 2468 eum
1296 2443 1449 2475 episcopum,
1459 2446 1511 2469 sive
1524 2445 1664 2476 presbyter,
1679 2446 1731 2469 sive
1742 2445 1816 2474 alius,

195 2488 332 2513 cntionem
351 2489 383 2513 de
402 2488 495 2513 Pascha
507 2487 600 2512 habere
612 2488 703 2518 potuit,
717 2489 845 2517 postquam
864 2487 918 2516 ipse
930 2485 1038 2516 graviter
1050 2488 1135 2512 contra
1156 2486 1295 2516 Spectacula
1307 2488 1333 2510 et
1353 2485 1448 2510 theatra
1461 2486 1618 2517 disputasset.
1638 2486 1723 2511 Habeo
1735 2485 1761 2511 in
1772 2486 1816 2513 hae

195 2535 225 2553 re
239 2529 439 2554 consentientem
454 2530 533 2560 ipsum
545 2525 768 2553 Montet‘alconium.
781 2525 843 2552 Vide
857 2529 914 2551 tom.
927 2526 960 2556 γ,
971 2533 994 2557 p.
1009 2525 1062 2556 ns,
1075 2525 1144 2551 not.b
1161 2544 1166 2550 .
1182 2533 1190 2549 ι
1205 2526 1263 2550 Haec
1279 2526 1321 2552 Ch.
1334 2526 1375 2552 Fr.
1392 2523 1499 2552 Mattbzei
1516 2527 1541 2552 in
1554 2527 1616 2552 libro
1632 2527 1675 2558 qui
1687 2529 1818 2559 inscriptus

197 2573 252 2594 est:
265 2571 292 2594 .I.
305 2569 468 2603 Chrysostomi
480 2568 596 2597 Homiliw
603 2568 645 2601 ιν,
657 2568 705 2595 vol.
718 2568 742 2600 Β,
754 2575 778 2600 p.
790 2568 829 2599 77,
844 2568 954 2600 Misene,
971 2568 1037 2593 t't92.
1052 2567 1146 2598 Quibus
1156 2567 1217 2592 adde
1230 2567 1312 2593 Moutf.
1328 2569 1400 2594 Praef.
1413 2568 1473 2594 tomi
1484 2569 1566 2601 hujus,
1580 2569 1599 2602 ᾗ,
1608 2569 1638 2601 ll,
1650 2571 1815 2601 eamdemque

196 2617 256 2640 tom.
272 2613 325 2645 ΧΠ,
336 2621 361 2646 p.
371 2613 427 2640 321.
