2074 3126
264 158 317 190 261

265 227 373 255 ramus,
398 222 583 256 perturbantur
597 232 603 249 :
620 227 648 250 tu
670 231 734 250 vero
753 229 868 258 superne
883 222 996 255 sedens,
1011 220 1055 248 ubi

266 273 367 296 tantum
388 274 428 297 est
439 270 471 297 ad
484 271 670 306 turpitudinem
686 271 896 302 incitamentum,
913 269 988 297 vides
999 277 1057 296 mu-

268 315 358 342 lierem
369 316 406 352 (η)
422 317 492 343 nudo
501 318 588 351 capite
600 324 659 344 cum
675 316 836 351 impudentia
851 323 945 350 magna
955 316 1057 343 intran-

263 367 319 389 -tem
333 383 341 395 ,
357 363 445 390 aureis
472 363 590 390 indutam
611 362 786 394 vestimentis,
801 361 916 389 delicato
930 361 1057 396 mollique

265 415 340 445 gestu
355 409 594 442 utentem,cantica
609 408 757 435 meretricia
777 412 928 441 canentem,
938 407 1056 434 carmina

270 456 383 489 lubrica,
399 455 483 490 turpia
506 455 587 482 verba
608 454 799 489 proferentem,
817 459 923 489 tamque
945 454 1057 488 turpiter

266 507 386 538 ageutem
399 523 406 534 ,
430 509 508 536 quam
531 505 559 528 tu
582 505 658 536 potes
671 500 716 535 qui
738 499 812 527 vides
826 500 851 527 in
867 504 956 527 mente
968 499 1058 526 conci-

268 555 342 582 pere,
359 551 385 574 tu
408 551 434 574 te
449 546 560 573 inclinas
574 550 604 573 ut
627 546 753 580 respicias
765 566 772 578 ,
786 549 813 573 et
834 545 916 572 audes
929 544 1018 572 dicere
1032 548 1057 570 te

265 593 332 620 nihil
349 593 492 620 humanum
504 592 578 627 pati?
593 592 660 620 Num
680 599 778 626 corpus
800 596 873 619 tuum
888 591 970 625 lapis,
993 598 1056 617 num

266 640 364 667 ferrum
376 639 437 667 est?
457 638 549 674 Neque
570 639 641 666 enim
656 638 749 666 eadem
773 643 895 673 repetere
916 637 1054 672 gravabor.

266 685 398 718 Numquid
415 689 441 711 tu
461 684 563 719 majore
576 683 743 718 philosophia
757 683 901 710 instructus
915 689 945 710 es
958 703 965 715 ,
977 689 1055 716 quam

265 732 352 766 magni
367 731 403 758 illi
419 739 449 758 ac
463 731 564 758 strenui
576 730 635 762 viri,
646 730 690 765 qui
702 737 748 765 per
759 729 907 764 simplicem
919 733 1056 763 aspectum

265 778 392 812 prostrati
404 777 487 804 sunt?
506 778 599 804 Annon
611 776 707 804 audisti
723 776 892 803 Salomonem
905 775 1035 802 dicentem
1048 782 1056 802 :

267 823 422 850 Ambulubit
439 824 496 857 quis
513 831 591 857 super
613 823 740 849 carbones
761 822 846 856 ignis,
866 826 891 848 et
908 820 985 855 pedes
1005 827 1057 846 non

266 870 419 897 comburet?
434 869 539 904 Ligabit
555 870 614 904 quis
630 869 715 904 ignem
732 868 759 895 in
776 869 848 900 sinu,
865 872 890 894 et
904 867 1058 894 vestimenta

266 925 318 944 non
337 916 475 944 intendet?
493 915 538 943 Sic
558 917 602 951 qui
621 915 768 951 ingreditur
785 915 820 941 ad
839 914 974 941 mulierem
993 912 1059 939 alie-

263 972 328 991 nam
346 963 437 999 (Prov.
451 964 479 991 6.
496 963 542 991 28.
556 963 601 990 27.
619 967 644 990 et
659 962 715 997 29).
733 961 791 989 Etsi
803 961 876 989 enim
888 967 952 988 cum
967 966 1058 987 mere-

265 1008 333 1034 trice
351 1015 404 1034 non
420 1006 533 1038 coivisli,
549 1011 575 1032 at
587 1005 804 1040 concupiscentia
818 1012 878 1032 cum
891 1005 933 1031 illa
947 1004 1057 1039 copula-

262 1057 309 1081 tus
323 1060 352 1081 es
362 1073 370 1086 ,
384 1057 409 1080 et
423 1053 511 1080 animo
522 1055 658 1087 peccatum
671 1051 840 1086 perpetrasti.
850 1050 941 1085 Neque
955 1054 1058 1077 tantum

265 1099 315 1127 illo
329 1104 463 1134 tempore,
476 1106 569 1125 verum
582 1097 663 1125 etiam
684 1097 772 1124 soluto
788 1095 904 1128 theatro,
919 1099 1058 1130 postquam

267 1145 312 1173 illa
325 1145 458 1177 discessit,
474 1144 531 1178 ejus
552 1143 639 1177 imago
654 1143 680 1169 in
704 1146 792 1170 mente
807 1146 850 1169 tua
874 1141 980 1173 insidet,
998 1148 1057 1168 ver-

268 1192 312 1223 ba,
330 1190 445 1222 habitus,
459 1193 595 1224 aspectus,
608 1189 729 1216 incessus
740 1209 747 1220 ,
764 1187 894 1222 elegantia
910 1187 957 1221 (Ii),
972 1193 1059 1214 mem-

266 1237 314 1264 bra
326 1236 476 1264 meretricia
496 1234 536 1270 (ε)
550 1243 558 1266 ς
574 1241 606 1261 ac
616 1233 751 1261 sexcentis
770 1232 886 1267 acceptis
900 1231 1057 1259 vulneribus

265 1281 392 1310 discedis.
409 1281 504 1308 Annon
520 1279 580 1307 inde
590 1278 730 1306 domorum
748 1276 954 1305 subversioues?
967 1283 1057 1304 annon

267 1327 330 1355 inde
344 1326 514 1354 continentia:
527 1323 678 1360 pernicies?
689 1330 777 1350 annon
791 1322 853 1353 inde
865 1321 1058 1350 connubiorum

269 1373 379 1400 divortia
393 1372 403 1398 ?
420 1379 507 1398 annon
522 1370 583 1397 inde
597 1369 656 1396 lites
669 1368 791 1403 etjurgia
803 1368 814 1394 ’ἶ
824 1375 912 1394 annon
926 1367 988 1395 inde
1002 1374 1060 1394 mo-

267 1419 351 1446 lestia:
365 1422 391 1445 et
414 1416 490 1444 tardia
515 1415 585 1442 nulla
599 1415 703 1442 ratione
723 1413 812 1441 fulta?
829 1413 972 1448 Postquam
986 1413 1057 1440 enim

269 1466 311 1493 fila
323 1464 441 1499 repletus
454 1462 557 1490 rediisti
571 1461 699 1496 captivus,
716 1460 762 1488 tibi
775 1467 842 1487 uror
852 1459 1019 1494 injucundior
1032 1463 1059 1486 et

269 1510 414 1538 deformior
427 1509 540 1539 videtur.
561 1511 588 1534 et
601 1506 677 1534 liberi
695 1505 913 1541 importuniores,
928 1509 954 1532 et
967 1504 1058 1532 famuli

267 1556 384 1590 onerosi,
399 1555 493 1582 domus
504 1553 609 1581 fastidio
622 1557 672 1585 est,
687 1552 823 1587 solitaeque
837 1558 908 1579 curae
919 1553 952 1578 ad
964 1550 1058 1578 dome-

266 1603 332 1630 stica
356 1600 560 1634 necessariaque
581 1598 685 1634 negotia
710 1597 825 1633 gerenda
849 1596 970 1624 molestae
993 1605 1000 1622 :
1027 1603 1058 1624 ac

268 1648 388 1684 quisquis
405 1646 507 1674 accedit
521 1644 597 1672 oneri
613 1644 659 1671 tibi
674 1648 752 1679 atque
774 1643 940 1677 importunus
953 1645 1003 1670 est.

303 1695 329 1722 5.
343 1694 369 1720 In
385 1700 464 1721 causa
479 1696 567 1719 autem
583 1691 646 1718 illud
664 1694 714 1722 est,
724 1689 794 1725 quod
807 1696 859 1716 non
871 1689 943 1716 solus
950 1688 1058 1715 domum

269 1740 363 1769 redeas
376 1759 384 1772 ,
398 1738 445 1766 sed
467 1737 634 1766 meretricem
651 1740 736 1763 tecum
762 1734 844 1762 ducas
865 1743 872 1761 :
889 1741 940 1761 non
953 1733 1057 1769 palam,

266 1794 320 1816 non
341 1790 454 1821 aperte;
470 1784 496 1812 id
520 1783 592 1818 quod
615 1789 680 1809 sane
704 1781 867 1808 tolerabilius
889 1784 979 1812 esset;
997 1787 1059 1807 nam

264 1840 334 1860 uxor
349 1831 419 1858 illam
429 1830 483 1858 cito
490 1829 636 1864 depelleret
649 1836 654 1854 :
671 1827 717 1855 sed
729 1827 754 1854 in
768 1827 867 1860 animo,
881 1827 906 1853 in
917 1825 1058 1854 conscien—

266 1880 302 1906 tia
313 1877 482 1909 insidentem,
496 1880 523 1903 et
536 1871 724 1910 Babylonicum
737 1873 871 1900 flammam
885 1873 956 1901 intus
965 1880 1060 1900 accen—

264 1924 394 1955 dentem;
414 1923 468 1950 imo
488 1921 637 1957 graviorem
652 1928 658 1946 :
676 1927 727 1946 non
745 1919 818 1946 enim
832 1923 925 1953 stupa,
942 1918 1058 1953 naphtha

264 1975 294 1998 et
306 1970 361 2005 pix.
377 1968 423 1996 sed
438 1975 497 2003 qua:
512 1967 592 2002 supra
606 1965 730 1997 diximus,
743 1971 803 1992 esea
819 1964 890 1992 illius
905 1964 973 1999 ignis
984 1968 1057 1997 sunt,

266 2020 295 2043 et
308 2015 396 2043 omnia
410 2021 455 2041 sus
470 2013 556 2047 deque
568 2015 684 2039 vertunt.
697 2011 735 2038 Ac
748 2010 971 2045 quemadmodum
986 2010 1004 2037 ii
1014 2010 1058 2045 qui

267 2062 334 2090 febri
347 2061 479 2094 laborant,
493 2059 544 2087 etsi
555 2058 653 2086 nullam
666 2065 711 2085 eos
722 2057 766 2092 qui
780 2057 830 2084 sibi
843 2057 998 2084 ministrant
1007 2057 1059 2084 cri-

268 2107 386 2138 minandi
406 2114 513 2135 causam
538 2105 671 2137 habeant,
687 2103 722 2131 ob
742 2103 827 2130 morbi
842 2103 894 2130 vim
915 2103 1059 2138 importuni

267 2154 393 2183 omnibus
407 2156 469 2180 sunt
481 2173 488 2183 ,
503 2150 628 2178 alimenta
639 2149 784 2184 repellunt,
798 2148 916 2176 medicos
932 2149 1002 2176 male
1012 2156 1057 2176 ae-

267 2201 370 2237 eipiunt
385 2198 437 2235 (d),
453 2196 625 2225 familiaribus
647 2195 815 2227 irascuntur,
836 2198 927 2221 contra
946 2193 1059 2221 famulos

267 2248 342 2277 rabie
357 2247 496 2274 feruntur:
511 2244 550 2271 sic
564 2242 609 2278 qui
630 2242 681 2270 hoc
702 2240 776 2276 gravi
798 2240 892 2267 morbo
911 2244 1035 2267 tenentur
1048 2259 1056 2272 ,

266 2292 381 2328 inquieti
393 2297 466 2323 sunt,
484 2290 671 2325 indignantur,
687 2294 795 2322 semper
808 2286 880 2313 illam
899 2293 955 2320 prae
969 2284 1057 2312 oculis

267 2339 408 2366 habentes.
430 2336 452 2364 Ο
473 2344 517 2363 res
539 2333 755 2370 indignissimasl
777 2333 879 2367 Lupus,
900 2331 954 2364 leo,
978 2335 1058 2358 caete-

267 2392 359 2420 raeque
382 2383 446 2411 ferae
468 2381 573 2418 sagittis
594 2380 724 2415 impetitze
749 2378 856 2414 fugiunt
879 2381 1057 2404 venatorem:

269 2431 352 2458 homo
362 2433 452 2457 autem
464 2427 570 2455 ratione
580 2425 722 2462 praeditus,
739 2424 906 2456 vulneratus,
925 2430 985 2450 eam
997 2430 1059 2457 qua:

270 2476 358 2511 ipsum
370 2473 522 2502 vulneravit
530 2471 662 2506 sequitur,
674 2470 711 2498 ita
722 2474 752 2497 ut
766 2469 845 2504 longe
856 2467 963 2504 gravius
976 2467 1059 2495 telum

271 2521 395 2556 exeipiat,
411 2524 438 2546 et
449 2519 475 2545 in
487 2519 599 2545 vulnere
614 2517 665 2545 sibi
679 2516 798 2551 placeat;
809 2514 929 2549 quodest
938 2514 1060 2541 omnium

271 2565 486 2595 acerbissimum,
500 2563 680 2597 morbumque
693 2560 870 2588 insanabilem
886 2559 977 2587 efficit.
991 2559 1059 2586 Nam

299 2643 338 2674 (α)
355 2642 382 2667 In
394 2645 484 2674 Gnaeo,
496 2646 569 2674 ερεινην,
578 2639 624 2674 hoc
637 2640 683 2666 est,
696 2635 1058 2674 nteretrieem§iehtbeatrales

268 2666 686 2730 rlegii'iasiaggfslg‘tthgggiitsutpmus.
696 2671 760 2697 Mox,
771 2666 836 2692 nudo
847 2666 942 2698 capite;
953 2667 979 2691 id
990 2668 1056 2692 enim

268 2713 282 2730 o
293 2713 323 2730 un
335 2712 359 2729 ιιι
378 2711 391 2728 e
620 2717 626 2723 .
965 2726 971 2730 _

266 2709 323 2731 olim
335 2709 475 2729 indecorum
481 2709 626 2727 MDBDatur.

299 2736 336 2791 (ὓ)
350 2736 377 2760 In
388 2738 481 2771 (ἶςωοον,
489 2738 500 2758 ό
510 2738 583 2764 ῥυθμὸς,
591 2737 603 2760 ἡ
614 2734 708 2761 διάκρισις.
718 2728 852 2765 rhythmi“,
867 2726 994 2765 elegantia,
1001 2735 1057 2754 Sive

267 2767 323 2791 rh-u
333 2773 394 2791 imus
406 2763 556 2791 intelligatur
567 2763 599 2786 de
611 2764 692 2787 cantu.
703 2767 757 2784 Slve
767 2766 798 2784 ue
809 2759 946 2784 saltatione.

267 2759 394 2795 rh’ftftmus
406 2759 556 2795 intelligatur
567 2759 603 2786 de
611 2759 692 2787 cantu.
703 2759 758 2795 sive
767 2760 798 2795 de
809 2759 946 2795 sanatione.

301 2775 304 2781 '
315 2774 394 2791 tltmus
406 2774 556 2795 ltlteutgatut‘
567 2774 599 2786 uc
611 2774 692 2787 ωιιιυ.
703 2774 757 2784 anc
767 2774 798 2784 uo
809 2774 946 2784 κικιιυμς.

298 2774 334 2830 ίε)
344 2797 426 2833 Yerba
442 2799 531 2833 Graeca,
555 2799 599 2824 μιλη
620 2797 704 2824 ιορνιιά,
720 2791 779 2815 licet
796 2791 869 2815 etiam
890 2791 1054 2822 interpretari,

267 2830 409 2855 meretricia:
420 2830 548 2852 mruumea.
834 2852 847 2858 η

498 2874 505 2888 ,
523 2861 632 2891 animus.
644 2860 699 2886 quae
722 2859 770 2879 vox
791 2852 880 2878 melius
898 2851 1054 2882 redderetur,

264 2888 389 2920 accusant.
398 2888 583 2917 reare/tendum.

603 166 630 194 S.
651 166 789 195 JOANNIS
808 163 1044 195 CHRYSOSTOMI
1064 165 1222 194 ARCIIIEP.
1242 165 1510 195 CONSTANTINOP.

1848 166 1900 194 968

1114 222 1158 258 qui
1174 222 1250 250 ulcus
1261 231 1313 250 non
1328 223 1385 250 odit
1397 244 1404 255 ,
1418 230 1504 257 neque
1516 222 1549 250 ab
1561 231 1593 250 eo
1610 223 1713 250 liberari
1729 224 1819 258 cupit,
1833 232 1900 258 quo-

1110 269 1189 297 modo
1208 269 1339 297 medicum
1354 269 1478 303 quaerat?
1498 269 1559 296 Ideo
1577 269 1670 296 dolore
1692 269 1793 297 afficior
1810 290 1818 303 ,
1842 270 1901 298 ideo

1111 315 1273 346 discrucior,
1289 315 1350 350 quia
1367 319 1438 342 tanta
1458 319 1566 349 accepta
1581 315 1699 350 pernicie
1713 316 1776 344 inde
1788 316 1902 344 discedi-

1111 362 1144 388 tis
1156 382 1162 393 ,
1179 366 1206 388 et
1216 365 1325 396 propter
1338 361 1459 395 exiguam
1473 361 1635 395 voluptatem
1653 365 1811 397 perpetuum
1827 361 1902 389 fertis

1110 407 1241 434 dolorem.
1257 406 1363 434 Etenim
1383 411 1445 433 ante
1468 406 1618 441 gehennam
1639 412 1666 434 et
1680 407 1837 443 supplicium
1858 408 1902 435 hic

1089 465 1093 469 «
1110 456 1243 479 extremas
1262 460 1277 479 a
1290 452 1364 479 vobis
1377 459 1470 486 pinnas
1483 452 1636 486 exposeitis.
1652 453 1747 480 Annon
1771 453 1822 481 hoc
1833 475 1840 486 ,
1858 454 1902 481 die

1111 497 1187 528 mihi,
1203 503 1351 524 extremum
1367 498 1526 532 supplicium
1540 503 1590 531 est,
1608 499 1687 526 talem
1708 500 1900 535 concupiscen-

1113 544 1176 570 tiam
1188 544 1270 576 alere,
1286 549 1414 579 perpetuo
1425 545 1465 571 uri
1478 565 1486 577 ,
1499 549 1526 572 et
1542 544 1678 572 fornacem
1697 546 1804 573 absurdi
1824 554 1898 573 amo-

1111 589 1148 617 ris
1164 590 1263 624 ubique
1284 589 1475 621 circumferre.
1491 597 1593 617 necnon
1606 591 1778 618 conscientiae
1793 599 1902 619 accusa-

1111 635 1233 664 tionem?
1260 636 1398 669 Quomodo
1418 635 1451 664 ad
1477 636 1566 663 limina
1594 636 1638 664 illa
1664 644 1738 664 sacra
1771 637 1901 665 accedes?

1111 682 1245 716 quomodo
1259 686 1351 717 tanges
1372 682 1507 710 caelestem
1531 684 1672 710 mensam“!
1685 682 1824 716 Quomodo
1846 691 1901 710 ser-

1112 735 1206 755 mones
1218 727 1253 755 de
1267 728 1430 755 continentia
1453 728 1592 755 auditurus
1604 736 1643 760 es,
1658 729 1792 756 ulceribus
1808 730 1901 764 plenus

1111 775 1245 810 tantisque
1259 775 1423 807 vulneribus,
1434 775 1607 809 animumque
1620 775 1720 803 habens
1734 775 1794 803 huic
1807 777 1901 803 morbo

1111 821 1292 848 servientem?
1303 820 1402 855 Ecquid
1415 827 1483 854 opus
1495 824 1535 847 est
1549 820 1599 847 alia
1615 820 1726 848 dicere?
1742 821 1781 848 Ex
1798 821 1828 848 iis
1841 829 1900 855 qua:

1111 875 1182 895 nunc
1194 867 1266 902 apud
1287 875 1336 894 nos
1351 872 1465 902 aguntur
1482 867 1545 894 licet
1565 866 1646 894 animi
1666 867 1785 894 dolorem
1799 867 1900 902 perspi-

1111 922 1182 942 cere.
1197 913 1255 942 Jam
1271 914 1342 940 enim
1353 913 1429 940 video
1439 912 1636 948 quosdam,qui
1649 912 1710 939 dum
1726 913 1782 940 haec
1796 913 1899 947 loquor,

1111 960 1212 988 frontes
1228 960 1276 988 sibi
1291 960 1452 994 percutiunt.
1466 960 1630 993 multamque
1643 959 1717 986 vobis
1727 960 1837 994 gratiam
1854 960 1901 986 ba-

1111 1006 1172 1037 beo,
1188 1005 1258 1041 quod
1270 1005 1382 1040 populus
1396 1005 1454 1032 sitis
1467 1005 1697 1032 commiseratione
1711 1005 1814 1040 plenus.
1834 1006 1911 1039 l‘uto‘

1111 1057 1201 1080 autem
1213 1053 1312 1080 multos
1327 1052 1441 1079 fortasse
1455 1059 1547 1079 eorum
1564 1051 1609 1089 qui
1624 1051 1690 1078 nihil
1712 1055 1859 1086 peecarunt
1873 1051 1899 1078 id

1111 1106 1200 1134 agere,
1209 1098 1331 1126 dolentes
1345 1097 1379 1125 de
1388 1097 1499 1125 fratrum
1516 1097 1678 1125 vulneribus.
1696 1097 1838 1132 Propterea
1851 1097 1899 1124 do-

1112 1146 1154 1174 leo
1167 1150 1193 1173 et
1206 1145 1365 1177 discrucior,
1381 1145 1452 1180 quod
1473 1144 1552 1172 talem
1577 1151 1682 1179 gregem
1697 1143 1817 1171 diabolus
1840 1151 1901 1179 pes-

1112 1193 1228 1221 sumdet.
1254 1191 1351 1219 Verum
1365 1191 1387 1218 si
1402 1191 1548 1222 volueritis,
1563 1190 1618 1218 cito
1638 1190 1675 1216 illi
1696 1191 1843 1224 ingressum
1854 1190 1901 1216 ob-

1112 1243 1254 1266 struemus.
1268 1237 1407 1272 Quomodo
1419 1242 1447 1264 et
1458 1244 1509 1272 qua
1522 1236 1644 1263 ratione?
1658 1236 1685 1263 Si
1697 1236 1816 1263 infirmos
1832 1235 1900 1263 bona

1112 1284 1264 1312 valetudine
1277 1290 1338 1311 esse
1351 1283 1508 1311 videamus:
1524 1283 1546 1310 si
1565 1282 1695 1310 doctrinae
1716 1283 1781 1310 retia
1796 1290 1901 1317 expan-

1112 1330 1206 1358 dentcs
1229 1329 1424 1357 circumeamus
1445 1328 1585 1363 quaesitum
1599 1335 1647 1355 eos
1666 1328 1739 1362 quia
1755 1326 1818 1354 feris
1830 1328 1901 1362 capti

1112 1381 1185 1408 sunt,
1200 1379 1228 1403 et
1237 1382 1269 1402 ex
1284 1375 1348 1410 ipsis
1362 1374 1448 1402 leonis
1459 1373 1579 1401 faucibus
1591 1382 1638 1401 eos
1652 1373 1845 1401 abstrahamus.
1862 1373 1902 1401 Ne

1112 1422 1177 1449 mihi
1188 1420 1262 1448 dicas
1276 1429 1283 1447 :
1305 1420 1388 1448 Pauci
1412 1424 1475 1448 sunt
1500 1420 1517 1447 ii
1539 1420 1583 1454 qui
1598 1427 1613 1446 a
1630 1426 1712 1454 grege
1725 1424 1787 1446 sunt
1803 1420 1899 1447 avulsi.

1113 1468 1224 1496 Etiamsi
1237 1467 1329 1495 decem
1345 1470 1445 1494 tantum
1461 1465 1576 1499 fuerint,
1588 1472 1640 1492 non
1656 1472 1766 1500 parvum
1782 1464 1843 1492 hinc
1855 1464 1903 1492 de-

1113 1513 1268 1541 trimentum
1285 1521 1291 1540 :
1308 1512 1413 1540 etiamsi
1438 1512 1566 1546 quinque,
1593 1510 1635 1538 vel
1658 1510 1729 1543 duo,
1753 1511 1796 1538 vel
1822 1519 1899 1538 unus.

1112 1557 1334 1594 Quandoquidem
1346 1558 1427 1585 etiam
1442 1561 1533 1591 pastor
1547 1556 1591 1584 ille
1601 1576 1608 1589 ,
1625 1555 1684 1583 ideo
1703 1556 1804 1583 relictis
1818 1563 1901 1582 nona-

1112 1606 1184 1642 ginta
1196 1612 1291 1632 novem
1303 1604 1407 1637 ovibus,
1419 1603 1452 1630 ad
1465 1610 1543 1630 unam
1557 1602 1683 1635 cucurrit,
1700 1610 1749 1629 nec
1763 1602 1838 1629 rediit
1851 1602 1901 1629 do-

1112 1660 1162 1680 nec
1176 1652 1247 1680 illam
1261 1651 1418 1682 reduceret,
1435 1654 1462 1677 et
1477 1649 1670 1677 claudicantem
1685 1653 1793 1676 centum
1808 1649 1898 1676 ovium

1113 1705 1253 1726 numerum
1264 1717 1271 1729 ,
1289 1703 1337 1731 per
1361 1695 1555 1723 restitutionem
1580 1695 1638 1730 ejus
1648 1714 1655 1727 ,
1670 1702 1729 1729 quae
1744 1699 1900 1727 erraverat,

1113 1742 1282 1779 eomplcvit(
1298 1741 1390 1768 Matth.
1411 1741 1454 1768 18.
1472 1740 1505 1768 12
1521 1740 1539 1776 ).
1557 1740 1595 1767 Ne
1608 1740 1691 1773 dicas,
1706 1747 1786 1767 unum
1802 1744 1902 1767 tantum

1113 1797 1173 1818 esse
1190 1798 1197 1816 :
1217 1789 1265 1817 sed
1278 1789 1363 1824 cogita
1374 1809 1381 1820 ,
1396 1795 1456 1815 esse
1470 1787 1597 1820 animam,
1619 1791 1729 1821 propter
1743 1794 1822 1821 quam
1837 1787 1902 1814 visi-

1112 1837 1177 1864 bilia
1192 1836 1281 1863 omnia
1306 1834 1374 1862 facta
1397 1839 1476 1866 sunt;
1493 1837 1601 1868 propter
1611 1840 1690 1868 quam
1704 1833 1787 1868 leges,
1802 1833 1904 1868 suppli-

1112 1884 1164 1918 cia,
1176 1887 1273 1910 statuta
1288 1886 1466 1916 sexcentaque
1481 1879 1605 1907 miracula
1617 1884 1728 1914 patrata,
1739 1879 1903 1914 diverszequc

1112 1930 1159 1958 Dei
1171 1928 1359 1964 operationes;
1382 1931 1490 1962 propter
1511 1933 1591 1960 quam
1617 1932 1668 1952 nec
1687 1924 1829 1960 Unigenito
1853 1932 1902 1952 suo

1112 1977 1244 2013 pepercit.
1259 1975 1351 2010 Cogita
1366 1978 1494 2009 quantum
1519 1979 1568 2007 pro
1584 1979 1636 1998 uno
1651 1971 1685 1998 sit
1699 1971 1814 2007 pretium
1828 1970 1903 1997 solu-

1112 2028 1178 2056 tum,
1189 2030 1221 2050 ac
1235 2029 1270 2050 ne
1282 2019 1459 2057 parvipeudas
1477 2020 1536 2053 ejus
1549 2018 1660 2045 salutem
1674 2038 1681 2050 ,
1700 2016 1747 2044 sed
1762 2016 1903 2044 discedens

1112 2069 1190 2097 nobis
1209 2068 1291 2096 reduc
1304 2066 1388 2098 illum,
1405 2064 1488 2092 suade
1502 2063 1539 2091 illi
1562 2070 1596 2090 ne
1611 2062 1637 2090 in
1653 2062 1725 2097 paria
1741 2062 1861 2094 incidat,
1875 2066 1902 2089 et

1112 2115 1288 2143 sufficientem
1301 2113 1429 2140 habemus
1443 2110 1636 2138 defensionem.
1653 2108 1699 2136 Sin
1714 2116 1764 2136 nec
1777 2115 1827 2135 nos
1838 2115 1903 2135 con-

1112 2161 1243 2193 sulentes,
1265 2166 1315 2186 nec
1327 2165 1375 2185 vos
1399 2157 1537 2184 hortantes
1551 2155 1629 2188 ferat,
1649 2158 1780 2189 potestate
1794 2154 1901 2180 dcntum

1112 2211 1171 2234 utar
1181 2213 1211 2233 ea
1223 2226 1231 2237 ,
1245 2211 1324 2239 quam
1341 2203 1412 2230 Deus
1424 2201 1504 2229 nobis
1521 2200 1596 2229 dedit
1610 2207 1663 2228 non
1684 2199 1716 2226 ad
1740 2198 1901 2226 destructio-

1111 2259 1186 2285 nem,
1200 2250 1246 2279 sed
1256 2249 1289 2278 ad
1304 2248 1519 2276 aedificationem.

1146 2298 1174 2325 4.
1191 2296 1253 2324 ldeo
1278 2294 1415 2330 praedico,
1440 2296 1467 2319 et
1490 2291 1629 2326 perspicua
1655 2296 1721 2316 voce
1739 2288 1847 2316 clamo:
1873 2288 1902 2316 Si

1110 2343 1170 2379 quis
1184 2346 1244 2378 post
1269 2340 1338 2367 hanc
1355 2338 1569 2366 cohortationem
1585 2341 1665 2370 atque
1684 2335 1852 2365 doctrinam,
1868 2334 1902 2360 ad

1111 2390 1229 2425 iniquam
1245 2387 1411 2416 theatrorum
1434 2383 1581 2420 perniciem
1605 2381 1744 2413 defecerit.
1759 2388 1812 2408 non
1827 2380 1903 2407 illnn:

1112 2438 1180 2466 intra
1203 2436 1261 2463 hate
1283 2437 1358 2469 septa
1379 2432 1417 2468 (ιι)
1432 2430 1558 2465 recipiam
1572 2449 1579 2462 ,
1596 2436 1649 2456 non
1664 2426 1856 2455 administrnbn
1877 2426 1903 2453 ei

1110 2481 1247 2518 mysteria,
1261 2487 1314 2506 non
1330 2477 1479 2513 permittam
1495 2479 1522 2502 ut
1533 2481 1635 2502 sacram
1647 2479 1765 2500 mensam
1778 2471 1901 2505 attingat;

1110 2517 1157 2557 sed
1172 2523 1395 2562 quemadmodum
1409 2526 1530 2558 pastores
1545 2526 1608 2547 oves
1621 2518 1710 2546 scabie
1726 2517 1817 2553 plenas
1828 2524 1842 2543 a
1858 2524 1903 2544 sa-

1110 2575 1152 2602 nis
1171 2575 1339 2608 sequestraut
1352 2590 1360 2603 ,
1375 2577 1409 2596 ne
1428 2567 1533 2596 caneris
1545 2565 1667 2593 morbum
1682 2563 1881 2592 communicent
1895 2571 1902 2589 :

1109 2617 1186 2649 ita‘et
1197 2625 1247 2653 ego
1261 2617 1367 2644 faciam.
1383 2614 1449 2642 Nam
1459 2613 1480 2641 si
1489 2611 1623 2647 quondam
1635 2610 1759 2646 leprosos
1767 2614 1843 2636 extra
1857 2615 1902 2636 ea-

1109 2672 1164 2694 stra
1176 2665 1270 2693 sedere
1287 2662 1445 2698 jubebatur,
1462 2664 1542 2695 atque
1555 2658 1660 2686 etiamsi
1673 2664 1719 2684 rex
1734 2660 1825 2688 esset,
1840 2663 1900 2682 eum

1109 2712 1259 2741 diademate
1267 2709 1423 2745 ejiciebatur
1434 2715 1442 2740 ;
1455 2706 1540 2733 multo
1554 2704 1638 2739 magis
1649 2710 1699 2731 nos
1711 2709 1771 2730 eum
1784 2701 1829 2737 qui
1843 2701 1904 2728 ani-

1139 2790 1177 2820 (α)
1194 2792 1242 2812 Hoc
1253 2786 1311 2820 guis!
1321 2786 1362 2814 sit.
1375 2785 1429 2820 ipse
1439 2789 1496 2820 ηιοξι
1509 2778 1764 2820 ἓξβῖῖὲἕτὲἓξὲἓὲίξ
1776 2778 1842 2820 θξξίξξι
1852 2777 1895 2820 .19;

1108 2809 1313 2845 cumqinuee-cl‘e—sia
1323 2809 1436 2847 septum,
1450 2813 1489 2839 vel
1501 2809 1624 2847 ubi'eraat
1641 2809 1772 2847 auditores,
1784 2809 1834 2847 "vel
1846 2813 1900 2847 quo

1108 2851 1229 2876 lttlrahaltl
1238 2855 1313 2874 saera:
1325 2846 1401 2873 caelia
1409 2851 1497 2872 causa:
1509 2846 1623 2876 mysteria
1634 2847 1698 2868 enim
1708 2846 1799 2866 sacram
1807 2846 1899 2865 cumam

1109 2881 1223 2914 appellat.
