2074 3126
221 135 275 164 269

223 209 266 228 tua
280 201 404 236 leprosos
417 205 459 228 est
479 209 512 229 ex
536 201 578 229 his
598 201 681 229 sacris
696 201 792 229 castris
805 200 1009 229 eliminabimus.

222 247 257 275 Ut
272 247 343 274 enim
362 247 448 282 primo
466 247 654 275 cohortatione
679 251 705 274 et
729 247 842 274 consilio
857 253 920 274 usus
935 253 1009 273 sum:

219 294 259 320 sic
273 298 301 321 et
313 301 385 321 nunc
398 298 459 329 post
471 298 571 321 tantam
591 293 807 322 adhortationem
823 296 850 320 et
863 291 1011 319 doctrinam

223 346 333 369 necesse
346 343 388 368 est
408 339 517 368 demum
543 339 688 367 sectionem
710 339 789 366 etiam
812 337 939 372 inﬂigere.
967 337 1014 364 Et-

221 385 292 412 enim
309 391 395 412 annus
417 385 522 412 tandem
547 390 590 412 est
612 385 717 419 elapsus
736 384 776 419 (α)
797 391 828 411 ex
857 390 909 419 quo
924 383 950 410 iu
965 389 1012 410 ve-

222 435 304 457 stram
327 430 461 457 civitatem
488 430 615 458 advectus
638 438 714 460 sum.
743 437 830 464 neque
843 428 944 456 cessavi
965 429 1013 456 hac

223 474 258 502 de
272 482 301 502 re
321 482 370 502 vos
385 474 539 510 frequenter
558 475 704 503 cohortari.
722 475 788 508 Quia
807 474 888 509 igitur
906 473 1013 509 quidam

226 520 252 547 in
269 520 318 547 hac
339 520 413 547 sanie
439 524 653 554 permanserunt,
668 528 717 555 age
740 520 846 548 demum
867 519 1013 547 sectionem

224 565 378 594 inferamus.
395 565 452 593 Etsi
474 566 546 594 enim
562 566 662 593 ferrum
683 574 736 594 non
759 565 881 597 habeam,
897 569 925 592 at
951 573 1013 593 ver-

224 613 289 640 bum
303 612 389 639 habeo
404 611 475 641 ferro
491 612 594 640 acutius
616 612 653 648 (ὁ)
667 620 673 638 :
689 612 739 639 etsi
761 612 848 647 ignem
864 619 916 638 non
931 610 1014 639 feram

225 658 273 694 (ε).
288 662 315 685 at
334 657 455 686 doctrina
473 657 549 686 adest
564 658 628 686 mihi
652 658 712 694 igne
725 658 884 690 ferventior,
898 665 956 692 qure
968 664 1010 684 ves

224 702 377 730 hcmcutius
389 710 467 733 urere
481 703 576 738 possit.

260 747 535 775 Excommum'cationis
546 749 668 777 sententia
681 749 707 776 in
721 749 778 776 illos
798 749 841 783 qui
858 748 1014 776 theatrorum

225 792 369 829 spectacula
383 793 469 820 diebus
483 793 576 821 nanctis
591 794 754 820 adierunt.-—~
765 794 803 821 Ne
816 801 926 828 spernas
936 793 1016 829 igitur

225 838 386 866 sententiam
397 842 526 866 nostram.
542 838 668 873 Quamvis
689 839 760 866 enim
784 839 850 867 viles
872 839 1015 866 admodum

226 891 259 911 ac
278 884 442 912 miserabiles
451 885 545 918 simus,
565 890 684 912 attamen
701 893 715 913 a
731 885 819 913 divina
834 885 918 920 gratia
932 885 1017 920 digni-

227 934 308 958 tatem
317 931 477 965 accepimus,
492 939 542 966 qua
557 931 689 966 possimus
703 931 760 959 lucc
774 931 890 958 efﬁcere.
907 931 1018 966 Ejician-

228 978 272 1002 tur
285 982 350 1009 ergo
359 975 510 1011 hujusmodi
519 976 650 1009 homines,
661 977 774 1012 utetqui
789 976 845 1004 sani
859 981 920 1004 sunt
932 976 1018 1004 valen-

227 1021 310 1048 tiores
321 1021 451 1054 evadant;
467 1026 494 1049 et
506 1023 551 1057 qui
567 1023 661 1050 morbo
672 1022 803 1056 laborant,
823 1030 837 1050 a
852 1023 925 1058 gravi
938 1023 1017 1058 agri-

228 1066 319 1094 tudine
332 1066 365 1094 ad
386 1067 527 1095 sanitatem
542 1075 602 1096 sese
624 1075 749 1095 revocare
771 1068 882 1102 possint.
906 1068 934 1096 Si
955 1076 1019 1096 vero

230 1112 421 1146 perhorruistis
431 1113 499 1140 hanc
512 1102 650 1141 audientes
662 1113 821 1141 sententiam
834 1114 843 1149 (
854 1114 930 1141 video
946 1121 1020 1141 nam-

229 1158 280 1192 que
291 1165 384 1185 omnes
394 1158 599 1194 ingemiscenles
610 1164 637 1187 et
647 1160 841 1195 compunctos),
851 1161 1018 1195 resipiscam,

229 1208 257 1231 et
271 1204 402 1231 sententia
414 1204 501 1232 soluta
514 1209 563 1232 est.
574 1205 803 1238 Quemadmodum
813 1206 882 1233 enim
895 1206 1018 1241 alligandi

229 1253 388 1284 potestatem
408 1250 577 1284 accepimus,
605 1250 643 1278 sic
670 1255 697 1278 et
717 1251 853 1284 solvendi,
876 1259 907 1279 ac
929 1260 1021 1279 rursus

231 1294 389 1322 sententiam
405 1294 517 1322 ferendi.
531 1295 588 1323 Non
602 1296 673 1323 enim
685 1295 780 1323 fratres
791 1301 898 1324 nostros
912 1297 1019 1325 abscin-

231 1340 296 1368 dere
317 1341 440 1369 volumus
451 1362 459 1374 ,
475 1342 522 1369 sed
538 1342 708 1377 opprobrium
730 1343 857 1372 Ecclesim
872 1344 1019 1378 depellere.

232 1386 306 1413 Nunc
316 1386 413 1421 quippe
426 1394 477 1414 nos
490 1390 517 1414 et
532 1387 645 1422 gentiles
657 1387 816 1422 irridcbunt,
833 1394 859 1416 et
872 1389 955 1417 Iudici
967 1394 1021 1417 tra-

233 1431 457 1466 ducent,quando
474 1440 523 1460 nos
545 1432 617 1467 ipsos
640 1437 783 1467 peccantes
800 1433 835 1460 ita
850 1434 1020 1469 despicimus.

233 1477 308 1505 Tunc
321 1482 409 1504 autem
422 1482 450 1505 et
463 1478 502 1505 illi
513 1477 654 1505 admodum
671 1486 719 1505 nos
732 1478 886 1513 laudabunt,
900 1484 927 1507 et
942 1481 1023 1507 mira-

233 1521 333 1550 buntur
346 1522 502 1556 Ecclesiam,
518 1523 590 1558 leges
603 1528 707 1551 nostras
715 1525 832 1552 reveriti.
842 1525 925 1553 Nemo
935 1526 1023 1561 itaque

234 1574 267 1594 ex
281 1567 323 1601 iis,
335 1568 379 1602 qui
391 1567 418 1595 in
426 1567 519 1595 eadem
535 1570 883 1603 permaneutfornicatione,
898 1572 923 1598 in
938 1572 1023 1599 eccle-

234 1612 301 1640 siam
313 1613 411 1644 veniat.
429 1613 476 1641 sed
489 1617 517 1641 et
531 1622 545 1641 a
560 1615 635 1642 vobis
653 1615 820 1651 corripiatur,
836 1621 862 1644 et
875 1618 1024 1645 communis

235 1658 270 1685 sit
285 1658 377 1686 hostis.
391 1659 423 1687 Si
432 1659 487 1694 quis
498 1668 548 1686 non
558 1661 640 1687 obedit
654 1661 725 1688 verbo
736 1667 819 1689 nostra
829 1671 872 1697 per
880 1664 1021 1697 epistolam,

236 1705 302 1732 hunc
312 1710 405 1739 notate,
421 1711 444 1733 et
455 1715 486 1733 ne
499 1707 709 1734 commisceamint'
719 1716 776 1734 cum
787 1708 830 1735 illo
842 1709 879 1745 (2.
891 1708 979 1737 Thess;
994 1710 1022 1738 5.

236 1750 295 1783 14).
311 1750 367 1778 [Inc
380 1756 468 1778 autem
483 1752 561 1779 facile
577 1761 584 1779 ε
610 1760 708 1788 neque-
721 1753 918 1788 colloquamini,
938 1763 1024 1790 neque

235 1797 306 1824 domi
322 1798 455 1832 recipiatis
465 1818 472 1829 ,
494 1806 581 1833 neque
595 1806 694 1826 mensae
708 1800 849 1834 participes
867 1800 1022 1835 admittatis,

235 1849 321 1876 neque
331 1842 466 1877 ingressus
477 1843 518 1870 vel
531 1850 666 1877 egressus,
680 1852 766 1879 neque
777 1845 802 1872 in
821 1845 879 1873 foro
900 1854 959 1873 cum
974 1847 1025 1875 illis

235 1888 376 1916 versamini
385 1896 392 1914 :
402 1893 429 1916 et
442 1889 480 1916 sic
489 1889 563 1918 facile
574 1889 634 1917 illos
647 1891 872 1926 recuperabimus.
883 1893 921 1920 Ac
929 1902 1023 1928 quem-

266 1954 302 1985 (a)
319 1954 502 1993 ilhrgsostomus
520 1958 725 1993 in‘episcopatum
733 1960 1024 1993 Constantinopolitanum

235 1989 360 2024 promptus.
370 1987 449 2024 fuerat
457 1994 520 2024 anno
597 1987 689 2024 mensis
701 1991 823 2016 Februarii
834 1993 875 2018 die
892 1987 933 2024 L26,
945 1987 979 2019 uti
988 1987 1025 2020 ait

234 2019 344 2047 Sua-atas
354 2017 371 2041 Ι.
385 2018 409 2047 6,
422 2024 445 2042 e.
457 2018 482 2042 2.
494 2019 657 2047 Monte/alcon.

265 2046 302 2082 φ)
319 2047 399 2072 Verba
410 2048 490 2082 divina
503 2046 624 2081 intelligit.
638 2053 761 2082 Expressit
770 2054 834 2078 enim
846 2055 918 2079 Hebr.
932 2055 955 2080 4.
970 2056 1008 2082 12.

231 2078 372 2137 “sepultam
384 2079 482 2109 medici,
494 2083 545 2110 aut,
564 2078 596 2106 ut'
611 2088 655 2107 nos
673 2078 801 2115 loquimur,
821 2078 928 2118 chirurgi
938 2078 1024 2112 etiam

777 141 915 169 CONTRA
931 139 1040 169 LUDOS
1059 138 1103 167 ΕΤ
1121 138 1293 167 THEATRA.

1793 135 1855 163 ’ΞΊΟ

1064 199 1206 227 admodum
1221 203 1360 226 venatores
1373 197 1442 225 feras
1456 201 1534 231 captu
1547 195 1670 223 difﬁciles
1685 202 1737 222 non
1752 202 1784 221 ex
1801 202 1853 221 una

1065 249 1151 279 parte,
1165 244 1212 272 sed
1226 244 1342 279 undique
1352 244 1480 279 pellentes
1490 264 1497 275 ,
1514 243 1540 270 in
1565 242 1630 269 retia
1641 240 1804 276 conjiciunt:
1818 239 1852 267 ita

1065 298 1092 319 ct
1105 299 1152 319 nos
1165 299 1223 325 eos,
1236 292 1280 326 qui
1294 290 1412 330 moribus
1424 290 1525 318 efferati
1541 293 1614 322 sunt,
1637 295 1690 315 una
1714 287 1852 322 pellamus,

1065 343 1092 365 et
1106 338 1159 364 cito
1172 338 1197 364 ln
1219 337 1311 365 salutis
1321 337 1387 364 retia
1399 335 1582 370 conjiciemus,
1599 340 1647 361 nos
1659 341 1692 361 ex
1703 339 1754 360 una
1769 335 1853 366 parte,

1065 389 1113 410 vos
1126 390 1158 410 ex
1169 383 1228 410 alia.
1242 382 1276 410 Ut
1290 381 1369 416 igitur
1381 381 1444 408 illud
1459 380 1573 413 eveniat,
1585 386 1632 406 vos
1645 385 1750 413 quoque
1761 377 1853 404 nobis-

1065 435 1127 455 cum
1150 427 1322 462 indignemini
1339 436 1346 454 :
1361 427 1414 453 imo
1427 426 1515 461 potius
1540 432 1588 460 pro
1611 424 1658 451 Dei
1681 423 1783 458 legibus
1807 421 1854 448 do-

1065 474 1128 505 lete,
1148 478 1176 501 et
1194 473 1320 508 paulatim
1336 472 1463 499 avertctis
1484 478 1530 498 eos
1544 478 1577 498 ex
1592 469 1728 501 fratribus,
1741 467 1786 502 qui
1803 465 1856 493 hoc

1065 518 1160 546 morbo
1182 518 1303 546 laborant
1325 521 1352 545 et
1378 517 1404 544 in
1429 516 1480 543 hoc
1501 519 1637 550 peccatum
1666 513 1801 545 incidunt,
1828 515 1855 538 ut

1066 568 1194 599 perpetuo
1214 563 1273 592 illos
1287 562 1424 590 vobiscqu
1439 562 1562 593 servetis.
1576 560 1667 595 Neque
1681 559 1752 588 enim
1771 565 1855 593 parvo

1066 609 1176 637 crimine
1195 609 1234 636 rei
1253 608 1338 640 eritis,
1353 607 1375 634 si
1391 612 1489 634 tantam
1505 606 1647 641 perniciem
1670 602 1853 639 neglexeritis,

1065 658 1113 686 sed
1125 665 1220 693 magno
1234 656 1364 692 supplicio
1378 655 1452 683 eritis
1464 654 1582 681 obnoxii.
1597 652 1663 680 Nam
1685 651 1708 678 si
1723 651 1749 677 in
1771 649 1857 678 homi-

1067 711 1130 730 num
1142 702 1254 734 mdibus,
1269 709 1329 731 cum
1343 701 1402 736 quis
1414 708 1447 728 ex
1471 699 1576 727 famulis
1589 702 1729 733 argentum
1743 696 1784 723 vel
1806 702 1853 722 au-

1067 757 1126 777 rum
1142 749 1243 777 furatus
1257 747 1473 783 deprehenditur,
1489 754 1541 773 non
1552 746 1608 781 ipse
1621 745 1693 772 solus
1703 742 1747 778 qui
1760 742 1857 776 depre-

1068 796 1166 823 hensus
1176 799 1227 828 est,
1238 794 1285 823 sed
1297 795 1376 823 etiam
1390 793 1499 825 conscii,
1510 797 1537 820 et
1548 791 1593 827 qui
1606 798 1658 818 non
1672 788 1856 820 revelaverint,

1068 850 1146 878 paena
1174 841 1343 877 plectuntur,
1368 839 1451 868 multo
1475 838 1559 873 magis
1583 837 1610 864 in
1635 835 1763 863 Ecclesia.
1782 834 1857 862 Tunc

1069 888 1139 916 enim
1151 887 1221 915 dicet
1235 886 1282 914 tibi
1297 886 1367 913 Deus
1383 893 1388 910 :
1405 884 1470 912 Cum
1482 883 1587 911 videres
1598 890 1629 910 cx
1642 881 1722 910 domo
1736 887 1793 907 mea
1805 886 1857 907 non

1069 938 1223 969 argenteum
1236 931 1278 959 vel
1292 938 1401 958 aureum
1414 937 1460 958 vas
1473 929 1544 956 furto
1557 927 1651 962 abripi,
1662 926 1708 954 sed
1720 926 1858 953 contiuncu-

1071 980 1134 1007 tiam
1152 978 1270 1012 auferri;
1293 984 1406 1011 eumque
1421 976 1464 1011 qui
1476 975 1621 1010 pretiosum
1635 980 1731 1007 corpus
1745 970 1841 1015 accipit
1851 991 1858 1002 ,

1070 1031 1097 1054 ct
1109 1025 1258 1061 hujusmodi
1274 1024 1396 1052 sacriﬁcii
1408 1023 1539 1058 particeps
1553 1025 1604 1054 est,
1624 1021 1649 1047 iu
1660 1019 1756 1047 diaboli
1773 1019 1858 1045 locum

1071 1060 1156 1105 abire,
1177 1075 1203 1099 et
1216 1071 1242 1098 in
1256 1074 1356 1098 tantum
1372 1072 1508 1104 peccatum
1524 1067 1656 1100 incidere,
1681 1073 1729 1093 cur
1750 1060 1857 1104 siluisti,

1071 1126 1118 1146 cur
1128 1119 1154 1146 id
1167 1118 1260 1151 tulisti.
1273 1125 1320 1145 cur
1333 1125 1387 1145 non
1397 1115 1557 1144 annuntiasti
1571 1113 1712 1146 sacerdoti,
1727 1121 1760 1140 ne
1774 1120 1861 1148 pinnae

1072 1165 1121 1192 abs
1135 1170 1161 1193 te
1173 1167 1356 1198 repeterentur
1370 1170 1423 1190 non
1437 1162 1524 1190 leves?
1545 1161 1605 1188 ldco
1615 1164 1642 1187 et
1654 1167 1703 1195 ego
1717 1158 1819 1186 etiamsi
1834 1157 1862 1192 id

1073 1210 1138 1238 mihi
1153 1209 1238 1237 dolori
1250 1208 1370 1237 futurum
1384 1208 1419 1235 sit
1432 1208 1482 1242 (α),
1500 1214 1534 1234 ne
1548 1214 1562 1233 a
1575 1205 1741 1241 gravioribus
1756 1204 1862 1239 quidem

1073 1256 1219 1284 inferendis
1238 1255 1324 1290 poenis
1337 1253 1487 1282 abstinebo.
1499 1253 1590 1287 Longe
1600 1251 1695 1279 melius
1710 1251 1807 1286 quippe
1822 1253 1863 1277 est

1074 1311 1124 1331 nos
1147 1303 1190 1332 hic
1213 1309 1330 1334 maerore
1351 1301 1477 1333 aifectos,
1495 1307 1510 1327 a
1534 1298 1624 1326 futuro
1645 1297 1730 1332 abripi
1750 1296 1861 1332 judicio,

1074 1356 1152 1384 quam
1166 1348 1308 1376 verborum
1321 1347 1406 1383 gratia
1420 1345 1579 1380 lenitatequ
1593 1351 1655 1372 usos
1667 1364 1675 1377 ,
1688 1343 1759 1370 hunc
1773 1342 1863 1370 vobis-

1074 1403 1134 1424 cum
1149 1402 1242 1431 poenas
1258 1395 1341 1422 luere.
1356 1393 1447 1428 Neque
1465 1392 1535 1419 enim
1550 1395 1636 1418 tutum
1656 1389 1730 1417 vobis
1745 1388 1787 1416 vel
1806 1388 1869 1415 sine

1074 1443 1194 1479 periculo
1222 1446 1284 1475 est,
1307 1448 1351 1471 res
1374 1438 1524 1475 hujusmodi
1545 1436 1650 1465 silentio
1675 1441 1773 1471 tegere.
1797 1434 1862 1462 Nam

1075 1490 1188 1525 quisque
1198 1492 1316 1516 vestrum
1338 1494 1385 1521 pro
1397 1493 1425 1513 se
1441 1492 1533 1520 poenas
1546 1483 1618 1511 dabit
1630 1490 1637 1508 :
1658 1489 1707 1516 ego
1721 1488 1785 1508 vero
1803 1487 1862 1506 om-

1076 1537 1149 1564 nium
1172 1535 1250 1563 saluti
1276 1541 1334 1561 sutn
1347 1532 1487 1561 obnoxius.
1502 1529 1679 1564 Quamobrem
1705 1535 1757 1554 non
1783 1526 1862 1552 linem

1076 1582 1171 1612 faciam
1197 1581 1286 1609 omnia
1311 1578 1404 1615 agendi
1420 1582 1446 1606 et
1468 1576 1584 1609 dicendi,
1607 1573 1710 1603 etiamsi
1729 1581 1774 1599 vos
1795 1579 1862 1599 inci:-

1076 1638 1138 1658 rore
1151 1629 1257 1657 afﬁcere
1269 1617 1399 1662 oporteat,
1410 1625 1514 1655 etiamsi
1527 1624 1653 1651 molestus
1663 1622 1752 1649 videar
1760 1625 1786 1649 et
1799 1627 1863 1647 one-

1077 1681 1164 1708 rosus,
1184 1679 1213 1701 ut
1231 1672 1330 1708 possim
1345 1671 1449 1699 adstare
1461 1674 1522 1698 ante
1543 1667 1656 1696 tribunal
1675 1666 1737 1694 illud
1753 1666 1864 1693 [torren-

1076 1721 1140 1749 dum
1152 1741 1160 1754 ,
1185 1720 1285 1747 nullam
1305 1717 1406 1746 habens
1424 1717 1553 1744 maculam
1569 1719 1614 1742 aut
1629 1714 1714 1741 labem
1736 1712 1778 1739 vel
1801 1710 1863 1746 quid

1078 1766 1239 1802 hujusmodi.
1262 1764 1368 1792 Utinam
1383 1767 1482 1795 autem,
1507 1760 1631 1796 precibus
1651 1762 1814 1788 sanctorum,
1846 1756 1864 1782 ii

1077 1800 1121 1847 qui
1135 1810 1253 1845 corrupti
1278 1813 1340 1837 sunt
1353 1808 1431 1836 citius
1445 1809 1629 1836 revertantur;
1645 1804 1680 1830 illi
1694 1810 1756 1830 vero
1771 1802 1815 1836 qui
1831 1800 1864 1827 il-

1077 1859 1135 1886 laesi
1145 1861 1310 1889 manserunt,
1319 1855 1345 1882 in
1357 1854 1484 1889 majorem
1495 1857 1617 1879 ornatum
1624 1848 1865 1882 centinentiamque

1078 1904 1218 1940 proficiant
1234 1906 1317 1930 :utct
1337 1907 1385 1928 vos
1399 1900 1511 1927 salutem
1531 1893 1748 1931 consequamini,
1771 1898 1796 1920 et
1818 1899 1866 1918 nos

1079 1952 1208 1981 laetemur,
1225 1953 1252 1976 et
1265 1949 1334 1975 Deus
1349 1945 1433 1982 gloria
1445 1944 1575 1971 afficiatur
1591 1948 1662 1969 nunc
1675 1944 1702 1968 et
1715 1945 1830 1973 semper.
1840 1942 1866 1965 et

1078 1998 1104 2026 in
1118 1996 1219 2025 inﬁnita
1235 1993 1331 2023 saecula
1344 1991 1512 2020 saeculorum.
1529 1989 1625 2016 Amen.

1110 2085 1147 2116 (η)
1163 2084 1190 2109 In
1201 2087 1290 2112 Graeco,
1312 2089 1370 2116 ιᾳὶιυι
1389 2085 1490 2116 “min.
1500 2084 1567 2116 ξυιιιν,
1578 2083 1640 2116 quas
1793 2076 1865 2103 opor-

1079 2105 1460 2146 tuiEQ’et'ihiéibié’iaii,’iju&nim
1473 2105 1578 2140 dolorem
1588 2105 1635 2132 sint
1646 2105 1765 2131 illaturus.

244 2242 1846 2269 ,πως-ππ

781 2367 835 2396 AD
851 2364 970 2396 HOMII
977 2365 1058 2395 .iAM
1077 2363 1328 2400 SEQUENTEM.

246 2474 336 2508 initio,
353 2474 525 2509 maximeque
542 2473 569 2500 in
586 2473 640 2502 ﬁne
656 2470 776 2499 homiliae
789 2470 834 2498 ait.
851 2470 920 2498 Cum
933 2474 1024 2497 autem
1038 2475 1109 2502 serpe
1121 2468 1223 2496 morbis
1237 2467 1351 2495 amictus
1367 2466 1457 2499 fuerit,
1476 2474 1530 2493 non
1543 2465 1578 2493 ita
1596 2465 1675 2493 facile
1690 2471 1741 2499 est,
1757 2466 1784 2493 in
1796 2466 1866 2500 quod

247 2531 432 2566 temptabant:
449 2530 571 2558 incidant
591 2529 814 2564 deprehendere,
836 2536 925 2563 neque
944 2527 1035 2555 dicere
1057 2527 1179 2554 valemus
1198 2518 1386 2553 Antiochiazne
1405 2532 1439 2550 an
1453 2523 1687 2558 Constantinopoli
1706 2523 1762 2550 lucc
1778 2523 1866 2550 habita

245 2589 345 2618 concio
361 2589 453 2617 fuerit.
467 2589 620 2616 Antiochia:
641 2592 730 2615 tamen
747 2587 845 2615 dictam
862 2587 976 2615 suadere
999 2586 1106 2614 videtur
1120 2585 1210 2621 ipsum
1224 2583 1386 2620 principium
1404 2581 1520 2610 homiiiae
1531 2602 1538 2614 ,
1556 2581 1602 2609 ubi
1617 2589 1645 2610 se
1659 2581 1694 2608 ad
1715 2580 1870 2608 docendum

247 2645 406 2681 imperitum
422 2645 566 2682 proﬁtetur
576 2644 792 2681 Chrysostomus.
