2074 3126
241 132 290 162 271

628 133 657 162 S.
676 133 816 163 JOANNIS
833 133 1074 164 CHRYSOSTOM!
1091 133 1250 165 ARCHIEP.
1268 138 1537 181 ICONSTANTINOP.

1828 149 1883 178 272

930 250 1164 291 HOMILIA

240 336 271 360 ιη
298 336 513 363 Διὀετοιῐαῠιι
534 334 656 356 DICTUII
686 335 693 355 :

716 334 778 356 HOC
800 335 908 356 AUTEM
930 334 1011 355 δαιτί

1065 349 1072 362 ,
1096 335 1181 362 QUOD
1208 339 1240 361 ΙΝ
1263 340 1438 365 NOVISSIMIS
1460 345 1574 368 DIEBUS
1596 347 1703 370 ERUN'I'
1728 348 1878 373 TEHPORA

881 394 998 416 suum
1021 384 1062 426 (2.
1079 387 1158 418 Tim.
1182 390 1212 420 3.
1237 393 1278 433 1).

944 468 1164 488 annumin»,

275 532 288 559 1
296 552 302 558 .
312 530 411 560 Caritas
420 530 593 567 Chrysastomi
603 538 662 566 erga
673 529 820 565 discipulos.
832 528 907 556 Fidei
921 528 988 556 oculi
1000 536 1030 555 ea

238 577 322 609 uident
335 585 391 606 aut:
403 576 515 604 Christus
530 575 616 612 agebat
627 583 637 608 ;
649 575 736 602 ,ιιιάωί
749 580 882 610 praesentes
894 583 944 602 non
962 574 1029 601 ride.

239 623 308 649 bant.
323 621 451 649 Abraham
465 621 524 656 ﬁdei
534 621 613 649 oculis
627 621 688 648 vidit
702 621 857 648 nasciturum
864 619 1030 647 [suasum——

238 666 361 694 Inﬁrmus
379 666 486 702 quidem
501 674 559 694 sum
576 666 629 702 (ιι)
649 671 676 694 et
689 673 806 702 egenus,
834 670 914 701 atque
934 665 966 693 ad
982 666 1030 693 do-

236 711 351 739 cendum
366 711 505 747 imperitus
518 719 524 738 :
538 711 583 740 sed
596 719 655 739 cum
670 716 787 739 vestrum
800 715 898 740 canum
913 711 1028 744 intueor,

236 757 399 791 inﬁrmitatis
420 757 573 791 obliviscor,
585 761 768 793 paupertatem
787 757 892 792 ignoro,
918 757 1027 792 imperi-

239 804 303 834 tiam
330 811 383 831 non
413 803 582 835 noviztanta
609 811 705 839 nempe
727 807 768 831 est
794 803 911 831 caritatis
932 807 1027 831 vestrae

235 849 365 884 tyrannis.
379 848 545 884 Quapropter
559 849 673 877 alacrius
682 856 761 884 quam
775 848 804 881 ii,
825 849 870 884 qui
892 848 1026 876 facultati-

236 896 286 922 hus
298 887 444 928 abundant,
467 895 593 930 egestatis
604 902 670 922 mete
685 902 804 922 mensam
818 894 893 922 vobis
908 902 1024 929 appono.

234 941 459 977 Magnanimitatis
471 949 551 977 porro
565 942 643 977 hujus
657 949 704 969 vos
719 946 841 969 auctores
862 941 927 968 mihi
948 943 1023 975 estis,

233 986 297 1014 dum
312 988 400 1022 lapsos
415 988 526 1023 erigitis,
537 988 598 1022 quia
611 988 644 1015 ad
665 987 825 1015 audiendum
841 988 918 1021 proni
941 988 1024 1021 estis,

233 1039 314 1070 atque
326 1036 359 1061 ab
374 1042 421 1062 ore
431 1039 523 1062 nostro
533 1034 664 1070 pendetis.
675 1034 719 1062 Sic
727 1039 753 1062 et
767 1034 831 1069 pulli
842 1034 1023 1068 hirundinum,

234 1085 294 1110 cum
307 1079 396 1107 vident
409 1073 576 1107 advolantem
592 1084 716 1114 matrem,
731 1087 746 1107 e
761 1079 823 1107 nido
838 1086 897 1107 sese
908 1079 1024 1107 eﬁeren-

187 1136 190 1156 τ
234 1129 276 1157 tes
287 1130 313 1153 et
323 1133 436 1160 pronum
449 1125 627 1153 obtendentes
641 1125 750 1159 collum,
764 1126 800 1153 ita
814 1126 902 1154 cibum
922 1126 956 1154 ab
979 1127 1023 1155 illa

235 1171 378 1208 accipiunt.
393 1171 494 1198 Eodem
505 1170 585 1198 modo
600 1175 627 1198 et
642 1178 689 1198 vos
702 1178 761 1198 cum
775 1171 875 1207 ingenti
888 1172 1023 1200 alacritate

186 1209 188 1220 ¹
231 1217 433 1251 concionantcm
463 1218 616 1251 intuentes,
638 1225 671 1245 ex
690 1217 779 1253 lingua
801 1225 861 1246 mea
877 1218 1022 1253 proiectam

230 1261 379 1290 doctrinam
402 1263 535 1300 excipitis,l
558 1267 584 1290 et
598 1267 738 1298 antequam
756 1264 837 1291 verba
849 1271 881 1291 ex
894 1271 941 1292 ore
954 1265 1022 1292 exsi-

233 1306 309 1340 liant,
325 1315 355 1334 ea
376 1308 465 1336 studio
478 1315 574 1343 magno
589 1309 678 1336 omnia
696 1308 829 1344 abripilis.
841 1309 906 1343 Quis
928 1317 981 1337 non
994 1314 1022 1338 et

227 1359 275 1380 vos
291 1357 317 1380 et
328 1361 377 1380 nos
390 1360 470 1388 super
483 1354 524 1382 his
538 1354 631 1382 beatos
645 1354 782 1389 praedicet,
796 1354 855 1389 quia
870 1363 965 1389 nempe
978 1355 1019 1382 lo-

227 1399 335 1433 quimur
347 1399 387 1426 Ad
395 1407 468 1427 aures
475 1400 631 1427 audientium
646 1399 738 1434 (Eccli.
756 1400 800 1428 25.
817 1400 880 1436 12)?
895 1400 1020 1428 Commu-

226 1439 268 1470 nis
284 1443 368 1476 labor,
393 1444 541 1472 communis
555 1448 583 1472 et
601 1452 716 1478 corona;
743 1452 886 1473 commune
902 1446 1016 1479 lucrum,

226 1490 376 1518 communis
399 1490 479 1519 etiam
503 1495 530 1519 et
552 1498 666 1519 merces.
688 1491 751 1520 Ideo
773 1491 896 1520 Christus
925 1493 1018 1521 beatos

226 1537 381 1571 prmdicavit
389 1536 533 1573 discipulos
540 1537 648 1566 dicens:
665 1537 747 1566 Vestri
754 1544 837 1565 autem
854 1538 919 1565 beati
937 1539 1014 1572 oculi,

224 1576 284 1615 quia
305 1583 399 1616 vident,
416 1588 440 1610 et
450 1591 523 1610 aures
534 1588 622 1611 vestra:
631 1605 639 1618 ,
653 1584 713 1619 quia
727 1584 834 1611 audiunt
853 1584 959 1620 (Matth.
969 1585 1015 1612 15.

223 1628 286 1664 16).
299 1629 442 1658 Concedite
454 1630 517 1658 mihi
532 1635 561 1658 ut
572 1631 613 1658 bis
624 1632 703 1659 etiam
717 1632 804 1660 verbis
820 1639 868 1660 vos
884 1631 1014 1667 alloquar,

223 1674 436 1710 quandoquidem
457 1680 556 1704 tantam
579 1676 712 1704 exhibetis
731 1676 914 1705 alacritatem:
932 1677 1015 1705 Vestri

222 1724 305 1746 autem
316 1719 379 1746 beati
388 1721 464 1754 oculi,
480 1721 538 1756 quia
550 1721 643 1754 vident,
655 1727 678 1749 et
693 1730 766 1750 aures
781 1728 877 1756 vestra,
889 1723 948 1758 quia
964 1732 1014 1750 au-

221 1765 304 1792 diunt.
319 1765 418 1793 Verum
433 1766 503 1801 quod
523 1775 600 1794 aures
611 1767 718 1802 quidem
733 1773 829 1796 vestrm
841 1769 949 1796 audiant
965 1777 1012 1804 pa-

222 1811 275 1847 lam
287 1815 326 1838 est
340 1819 346 1838 :
362 1812 433 1847 quod
453 1812 522 1840 oculi
538 1820 601 1840 vero
611 1813 693 1841 vestri
705 1814 822 1848 videant,
841 1815 911 1842 sicut
929 1815 1011 1843 disci-

220 1857 274 1892 puli
290 1862 352 1885 tunc
362 1858 497 1892 ridebant,
507 1858 534 1886 id
548 1859 732 1888 demonstrare
745 1861 872 1894 conabor,
883 1865 912 1889 ut
927 1861 1010 1890 beati-

220 1903 284 1930 tudo
301 1907 388 1930 vestra
401 1911 454 1930 non
479 1904 597 1938 dimidia,
620 1905 668 1932 sed
691 1906 800 1934 omnino
823 1907 939 1942 perfecta
963 1908 1007 1936 sit.

217 1948 286 1981 Quid
300 1956 364 1984 ergo
373 1953 436 1976 tunc
446 1949 571 1977 videbant
585 1950 720 1985 discipuli?
727 1951 845 1980 Mortuos
855 1953 1006 1988 suscitatos,

216 2001 303 2021 crecos
318 1994 402 2022 visum
417 1994 586 2029 recipientes.
603 1995 723 2030 leprosos
738 1997 894 2031 mundatos,
915 1999 1007 2033 pulsos

215 2039 363 2074 daemonas,
377 2040 487 2069 claudos
508 2041 683 2075 ambulantes,
699 2047 800 2072 natura:
815 2044 908 2072 vitium
926 2053 1007 2074 omne

213 2090 374 2113 correctum.
387 2086 450 2114 llaec
460 2091 486 2114 et
494 2095 564 2115 nunc
577 2095 625 2115 vos
638 2088 743 2121 videtis,
755 2089 859 2122 etiamsi
875 2099 927 2118 non
948 2099 1003 2125 cor-

213 2130 295 2164 poris,
319 2131 366 2158 sed
383 2131 442 2159 ﬁdei
456 2132 550 2159 oculis.
566 2130 721 2168 llitjusmodi
738 2142 851 2170 namque
862 2141 923 2164 suttt
941 2137 1002 2166 ﬁdei

212 2176 304 2202 oculi:
326 2183 386 2211 qua:
399 2184 451 2204 non
468 2182 598 2212 apparent
622 2179 728 2213 vident,
751 2185 778 2207 et
800 2189 859 2216 quae
883 2183 1002 2211 nottdum

213 2221 280 2249 tacta
299 2227 361 2249 sunt
375 2222 533 2258 intelligunt.
554 2223 692 2252 Undenam
722 2225 773 2253 ltoe
792 2226 999 2263 demonstratur,

210 2274 306 2301 nempe
321 2266 400 2294 ﬁdem
415 2275 474 2295 esse
487 2273 622 2303 aspectum
637 2274 666 2297 et
685 2276 870 2305 argumentum
886 2281 938 2300 non
953 2282 1001 2309 3p-

212 2313 459 2346 parenlium?Audi
474 2314 585 2342 Paulum
600 2314 732 2343 dicentem
748 2325 754 2343 :
768 2317 816 2344 Est
835 2323 917 2346 autem
935 2320 999 2353 ﬁdes

207 2358 390 2393 sperandam»:
399 2360 539 2387 substantia
556 2368 650 2394 rerum,
662 2367 836 2397 argumentum
853 2371 903 2391 non
922 2373 999 2400 appa-

205 2406 313 2432 rentium
327 2405 418 2441 (Hebr.
426 2407 470 2434 11.
478 2407 489 2433 1
497 2406 515 2441 ).
526 2407 558 2434 Et
569 2407 639 2441 quod
648 2408 768 2438 mirabile
776 2414 826 2443 est,
840 2409 866 2437 bi
876 2411 997 2439 carnales

204 2451 275 2480 oculi
289 2459 348 2485 quas
360 2452 409 2479 sub
421 2457 556 2487 aspectum
569 2453 685 2483 cadunt.
707 2454 809 2488 vident,
826 2463 886 2490 qua:
907 2461 995 2484 autem

204 2498 254 2525 sub
262 2502 397 2532 aspectum
412 2506 466 2526 non
479 2499 587 2532 cadunt,
602 2507 655 2530 non
671 2500 780 2529 vident;
796 2507 822 2528 at
844 2501 904 2532 ﬁdei
925 2503 995 2537 oculi

204 2543 313 2570 omnino
320 2547 423 2576 contra,
433 2551 492 2578 qum
502 2544 551 2571 sub
563 2549 698 2579 aspectum
707 2545 816 2579 cadunt,
828 2554 880 2573 non
892 2547 992 2581 vident,

203 2596 263 2625 quis
287 2596 351 2616 vero
365 2589 414 2616 sub
435 2594 571 2623 aspectum
599 2597 651 2617 non
679 2591 786 2624 cadunt,
800 2592 900 2619 vident.
917 2593 993 2626 Quod

202 2639 290 2667 autem
311 2643 370 2669 quae
385 2635 509 2662 videntur
531 2643 583 2663 non
599 2636 716 2670 videant,
741 2641 769 2664 et
795 2645 854 2673 qua:
880 2646 932 2666 non
951 2639 991 2666 vi-

200 2682 297 2709 dentur
317 2680 433 2713 videant,
462 2681 559 2709 Paulus
583 2681 730 2709 declaravit
744 2683 785 2710 his
799 2683 887 2710 verbis
903 2693 909 2711 :
925 2684 991 2712 Nam

200 2727 402 2761 Montentaneum
413 2731 435 2754 et
445 2726 497 2754 leve
509 2727 676 2755 tribulationis
688 2737 768 2762 supra
780 2729 882 2756 modum
892 2730 918 2757 in
930 2730 990 2758 sub-

200 2772 306 2803 limitate
319 2777 438 2799 telcrnum
457 2773 545 2808 glorise
557 2774 655 2808 pondus
666 2778 784 2808 operatur
796 2774 823 2800 in
835 2775 925 2806 nobis;
938 2783 990 2807 mm

227 2827 265 2864 (ι)
281 2827 463 2862 (‘Jtryspstomus
476 2827 613 2854 inﬁrmitate
624 2830 732 2860 corporis
744 2829 876 2856 laborabat.

1084 534 1300 564 considerantibus
1314 538 1385 565 nobis
1396 547 1452 574 quae
1465 540 1590 575 videntur,
1603 544 1648 570 sed
1657 552 1713 579 qua
1728 554 1779 573 non
1791 548 1876 575 viden-

1137 579 1164 615 (2
1179 579 1237 607 Cor.
1249 581 1275 608 4.
1293 582 1348 618 17).
1366 583 1399 611 Et
1411 586 1545 619 quomodo
1558 587 1689 622 quispiam
1703 597 1734 617 ea
1748 597 1808 626 qua:
1822 600 1874 620 non

1082 625 1206 653 videntur
1215 627 1331 656 viderit?
1342 630 1400 662 Quo
1410 631 1464 659 alio
1476 633 1565 666 modo,
1578 634 1628 662 nisi
1643 635 1703 663 ﬁdei
1718 638 1819 665 oculis?
1830 638 1875 666 Sic

1081 676 1110 719 et
1121 672 1183 700 alibi
1197 674 1232 701 ait
1245 683 1250 700 :
1268 674 1334 702 Fide
1344 677 1507 713 intelligimus
1514 683 1601 715 aptata
1610 689 1665 708 esse
1677 683 1770 710 sarcula
1781 683 1873 719 (Hebr.

1082 718 1126 746 11.
1137 719 1175 754 5).
1190 719 1350 753 Quomodo?
1365 731 1417 751 non
1431 724 1502 752 enim
1512 725 1641 756 videmus.
1653 728 1687 756 Ut
1699 737 1731 756 ex
1742 718 1874 759 invisibili-

1081 763 1127 792 bus
1139 765 1244 793 visibilia
1254 767 1352 801 ﬁerent.
1362 769 1448 798 Vultis
1456 771 1526 799 aliud
1535 773 1667 807 proferam
1681 776 1870 811 testimonium,

1081 811 1150 846 quod
1167 811 1227 840 ﬁdei
1241 814 1310 840 oculi
1323 821 1354 842 ea
1373 816 1477 845 videant
1497 826 1557 853 quae
1569 827 1622 848 non
1636 821 1777 850 videntur?
1791 823 1871 853 Gala-

1081 856 1114 884 tis
1127 857 1269 892 aliquando
1281 861 1402 889 scribens
1426 862 1524 892 Paulus
1536 865 1640 894 dicebat
1657 875 1663 894 :
1680 868 1744 896 Ante
1766 879 1871 905 quorum

1079 902 1166 930 oculos
1179 903 1254 931 Jesus
1267 904 1380 934 Christus
1393 910 1555 945 prwscriptus
1565 916 1601 939 est
1615 912 1640 940 in
1654 914 1721 941 vobis
1735 902 1871 951 cruciﬁxus

1079 947 1150 985 (Gal.
1165 950 1190 977 5.
1207 951 1244 986 ι).

1113 994 1140 1022 2.
1155 995 1223 1029 Quid
1237 996 1313 1030 dicis,
1325 1006 1342 1025 ο
1353 999 1431 1028 beate
1443 1000 1544 1030 Paule?
1557 1003 1583 1030 in
1598 1003 1735 1034 Galatians
1746 1006 1870 1037 viderunt

1078 1048 1138 1068 eum
1155 1042 1256 1071 Galatae
1267 1045 1445 1074 cruciﬁxum?
1460 1056 1549 1076 nonne
1561 1050 1719 1079 conﬁtemur
1733 1060 1825 1081 omnes
1841 1054 1868 1081 in

1077 1087 1217 1116 Palestina
1243 1090 1269 1117 in
1283 1091 1370 1119 media
1384 1092 1476 1121 Judaea
1491 1095 1627 1123 Christum
1650 1105 1710 1126 esse
1737 1101 1868 1134 passum?

1076 1134 1215 1168 Quomodo
1230 1144 1294 1173 ergo
1318 1138 1404 1173 ipsum
1426 1139 1526 1169 Galate:
1546 1143 1707 1172 cruciﬁxum
1723 1145 1866 1173 viderunt?

1076 1180 1168 1212 Fidei.
1183 1190 1237 1210 non
1263 1185 1370 1216 carnis.
1390 1186 1484 1214 oculis.
1511 1188 1634 1216 Vidistin'
1645 1191 1779 1225 quomodo
1802 1193 1863 1220 ﬁdei

1075 1229 1145 1256 oculi
1166 1237 1197 1257 ea
1221 1238 1280 1265 quae
1303 1239 1355 1259 non
1379 1238 1508 1267 apparent
1521 1235 1650 1263 videant?
1664 1237 1686 1264 A
1707 1241 1781 1266 tanto
1794 1239 1866 1266 enim

1074 1274 1213 1308 intervallo
1243 1283 1270 1304 et
1283 1284 1344 1313 post
1358 1284 1461 1307 tantum
1473 1285 1577 1315 tempus
1590 1282 1723 1310 Christum
1738 1284 1861 1312 viderunt

1073 1323 1242 1352 cruciﬁxum.
1253 1324 1297 1352 Sic
1309 1329 1337 1352 et
1350 1333 1398 1353 vos
1412 1326 1508 1354 videtis
1531 1332 1650 1356 mortuos
1671 1335 1840 1365 resurgentes
1855 1339 1863 1358 :

1072 1369 1111 1395 sic
1125 1369 1205 1397 hodie
1223 1371 1332 1401 cernitis
1349 1372 1484 1407 leprosum
1504 1373 1660 1402 mandatum
1676 1385 1683 1402 :
1702 1377 1740 1404 sic
1759 1378 1861 1413 paraly-

1072 1415 1154 1443 ticum
1167 1417 1270 1446 vidistis
1292 1423 1410 1448 erectum
1423 1439 1430 1452 ,
1446 1424 1473 1447 et
1487 1421 1571 1456 magis
1585 1421 1690 1450 vidistis
1701 1443 1709 1456 ,
1721 1431 1800 1458 quam
1814 1424 1860 1452 δυ.

1071 1461 1132 1494 ἀεὶ,
1148 1462 1193 1498 qui
1203 1468 1265 1491 tunc
1274 1463 1395 1492 aderant.
1411 1465 1451 1492 Illi
1462 1473 1576 1501 namque
1589 1471 1733 1501 praesentes
1749 1476 1800 1496 non
1815 1469 1862 1496 ads

1070 1508 1168 1536 misere
1191 1509 1366 1543 miraculum,
1385 1518 1433 1538 vos
1455 1515 1544 1539 autem
1569 1512 1695 1541 absentes
1719 1514 1797 1542 ﬁdem
1812 1515 1861 1542 ad-

1069 1554 1189 1582 misistis.
1212 1554 1302 1595 ltaque
1321 1556 1381 1591 jure
1402 1556 1457 1584 dixi
1476 1557 1656 1590 vobis,Beati
1674 1560 1749 1587 vestri
1770 1561 1838 1588 oculi
1851 1582 1859 1595 ,

1068 1601 1127 1636 quia
1149 1601 1233 1628 vident
1244 1601 1349 1638 (Matth.
1366 1603 1408 1632 15.
1422 1602 1476 1640 16).
1495 1604 1572 1637 Quod
1589 1605 1611 1632 si
1637 1606 1743 1634 aliunde
1755 1615 1860 1643 quoque

1067 1646 1172 1674 discere
1187 1647 1303 1675 volueris
1314 1669 1321 1681 ,
1338 1649 1399 1677 ﬁdei
1422 1649 1516 1678 oculos
1530 1657 1572 1684 ea,
1586 1658 1645 1686 quae
1657 1659 1711 1679 non
1725 1652 1859 1687 videntur,

1067 1693 1157 1721 vidch
1168 1714 1175 1726 ,
1187 1699 1215 1721 et
1229 1702 1259 1722 ea
1274 1716 1280 1727 ,
1297 1703 1356 1730 quae
1375 1695 1508 1729 videntur,
1530 1701 1736 1731 praetercurrcre
1753 1707 1758 1725 :
1774 1706 1859 1734 neque

1066 1739 1136 1766 enim
1158 1740 1210 1767 alio
1229 1740 1309 1768 modo
1327 1740 1440 1769 viderint
1452 1749 1483 1769 ea
1494 1763 1502 1776 ,
1517 1750 1576 1777 qua:
1591 1750 1644 1770 non
1659 1743 1792 1778 videntur,
1807 1745 1858 1772 nisi

1064 1792 1144 1820 supra
1164 1786 1234 1814 dicta
1249 1787 1420 1823 despexerint
1433 1797 1440 1815 :
1452 1788 1514 1817 audi
1529 1789 1639 1817 Paulum
1653 1789 1687 1818 de
1705 1790 1858 1819 Abraltamo

1063 1831 1240 1860 disserentem
1250 1854 1258 1867 ,
1273 1833 1344 1869 quod
1361 1842 1457 1870 nempe
1479 1834 1541 1862 ﬁdei
1561 1836 1647 1864 oculis
1661 1836 1759 1864 viderit
1771 1838 1855 1865 ﬁlium

1062 1885 1141 1906 suum
1156 1878 1229 1907 Isaac
1251 1880 1414 1908 nasciturum
1427 1901 1434 1913 ,
1453 1886 1480 1909 et
1492 1881 1532 1908 sic
1549 1883 1682 1917 acceperit
1701 1883 1855 1918 promissio-

1061 1932 1134 1952 nem.
1160 1924 1229 1959 Quid
1244 1925 1315 1953 enim
1330 1926 1388 1953 ait?
1401 1926 1436 1953 Et
1454 1935 1503 1954 non
1521 1928 1666 1962 inﬁrmatus
1685 1933 1720 1955 est
1731 1929 1791 1963 ﬁde,
1808 1937 1854 1956 nec

1060 1972 1226 1999 consideravit
1237 1981 1328 2008 corpus
1338 1981 1412 2001 suum
1425 1978 1566 2001 emortuum
1581 1974 1669 2009 (Rom.
1684 1975 1711 2002 4.
1727 1975 1783 2010 19).
1798 1975 1853 2002 Ma-

1058 2025 1110 2053 gna
1127 2018 1168 2045 vis
1188 2018 1262 2046 ﬁdei.
1286 2018 1514 2051 Quemadmodum
1529 2020 1601 2047 enim
1622 2019 1790 2055 Cogitationes
1803 2021 1851 2047 Ito-

1058 2066 1154 2093 mﬂmm
1180 2066 1275 2092 timidw
1299 2070 1357 2093 sunt
1372 2071 1395 2092 et
1414 2066 1524 2100 inﬁrma:
1545 2066 1622 2103 (Sap.
1638 2067 1665 2095 9.
1681 2067 1725 2103 14)
1738 2076 1745 2100 ;
1757 2068 1796 2095 sic
1818 2067 1850 2095 ﬁ-

1057 2112 1105 2140 des
1128 2112 1204 2140 l'ortis
1228 2116 1376 2148 potensque
1403 2117 1452 2140 est.
1480 2112 1541 2140 Non
1565 2114 1730 2141 consideravit
1757 2123 1849 2149 corpus

1055 2166 1128 2185 suum
1147 2163 1298 2185 emortuum.
1314 2157 1407 2186 Viden‘
1417 2158 1551 2193 quomodo
1564 2158 1677 2186 visibllia
1700 2159 1848 2187 dimiserit?

1055 2204 1188 2239 quomodo
1214 2211 1268 2231 non
1296 2204 1444 2238 respexerit
1467 2204 1493 2231 in
1523 2205 1710 2232 senectutem?
1735 2205 1848 2235 Etiamsi

1054 2250 1112 2277 inec
1132 2258 1187 2286 prae
1201 2250 1286 2277 oculis
1308 2254 1375 2283 erat,
1393 2249 1440 2277 sed
1464 2249 1526 2277 ﬁdei
1546 2250 1631 2277 oculis
1645 2250 1764 2284 videbat,
1791 2258 1845 2278 non

1052 2297 1137 2325 oculis
1162 2297 1294 2332 corporis.
1314 2296 1377 2324 ldeo
1393 2303 1446 2324 non
1466 2297 1584 2332 respexit
1604 2296 1637 2324 ad
1657 2301 1821 2324 senectutem
1834 2319 1843 2329 ,

1051 2352 1137 2380 neque
1151 2344 1192 2372 Ad
1207 2349 1346 2373 emortuam
1366 2343 1463 2370 vulvam
1479 2343 1567 2371 Sarrw
1580 2343 1667 2380 (Rom.
1683 2344 1709 2371 1.
1723 2343 1778 2379 19).
1795 2344 1845 2371 Hic

1050 2391 1217 2418 sterilitatem
1236 2390 1313 2419 nobis
1322 2389 1484 2417 subindicat.
1500 2389 1600 2424 Duplex
1615 2390 1686 2417 enim
1701 2390 1842 2416 inﬁrmitas

1049 2441 1106 2463 erat
1116 2445 1122 2469 ;
1132 2436 1182 2463 alia
1197 2444 1211 2462 a
1223 2440 1371 2468 senectute,
1383 2435 1434 2462 alia
1448 2435 1480 2462 ab
1495 2435 1650 2462 inﬁrmitate
1662 2439 1774 2462 naturae.
1786 2435 1840 2462 Ne-

1048 2490 1100 2518 que
1115 2482 1186 2509 enim
1209 2486 1310 2509 tantum
1337 2489 1434 2516 corpus
1458 2481 1493 2508 ob
1507 2486 1611 2509 (etatem
1634 2481 1667 2508 ad
1695 2482 1839 2509 liberorum

1046 2527 1258 2562 procreationem
1277 2526 1396 2561 ineptum
1417 2531 1491 2560 erat,
1507 2527 1553 2554 sed
1569 2527 1645 2553 vulva
1661 2534 1766 2561 quoque
1781 2527 1840 2561 ejus

1046 2579 1073 2602 et
1086 2579 1187 2602 natura:
1202 2573 1308 2601 ofﬁcina
1321 2578 1379 2601 erat
1391 2577 1511 2600 emortua
1524 2593 1531 2606 ,
1545 2573 1626 2600 etiam
1637 2577 1699 2600 ante
1712 2577 1838 2600 senectu-

1047 2626 1099 2648 tem
1112 2640 1120 2653 ,
1136 2627 1231 2654 nempe
1252 2619 1286 2647 ob
1302 2619 1480 2647 sterilitatem.
1496 2618 1586 2645 Viden‘
1600 2623 1699 2653 quanta
1725 2619 1838 2653 impedi-

1045 2667 1152 2695 menta?
1176 2667 1305 2694 Senectus
1328 2666 1396 2698 viri,
1420 2670 1544 2693 senectus
1572 2665 1663 2692 uxoris
1686 2665 1837 2692 :slerilitas

1044 2714 1129 2749 maior
1142 2714 1220 2745 obex,
1236 2721 1316 2748 quam
1329 2716 1453 2740 senectus
1465 2720 1472 2738 :
1483 2719 1543 2739 ttam
1559 2711 1624 2739 illud
1634 2716 1676 2739 est
1689 2712 1835 2739 maxitnum

1043 2760 1077 2788 ad
1091 2760 1235 2787 liberorum
1251 2759 1463 2794 procreationem
1477 2757 1707 2793 impedimentum.
1724 2757 1834 2784 Verum-

1044 2812 1131 2841 tamen
1148 2806 1204 2833 ha-c
1214 2804 1302 2833 omnia
1319 2803 1516 2840 prmtcrcurrit,
1536 2806 1616 2839 atque
1628 2802 1712 2830 oculis
1727 2801 1789 2833 ﬁdei
1804 2801 1832 2834 in
