2074 3126
135 147 190 176 971

1482 107 1495 121 Ρ

470 147 506 176 ΙΝ
522 148 637 182 ILLUD,
654 147 722 176 HOC
748 147 894 176 SCITOTE
910 148 1004 182 QUOD
1024 148 1058 176 IN
1077 146 1275 176 NOVISSIMIS
1289 147 1426 183 DIEBUS,
1446 147 1522 177 ETC.

1804 147 1859 177 272

916 401 1115 444 OMIAIA

136 551 192 584 Εἰς
217 549 251 578 τὸ
277 547 483 577 ἁποστολικὸν
495 547 593 582 ῥητὸν
621 548 654 575 τὸ
671 547 774 582 λέγον·
805 546 891 574 Τοῦτο
906 546 934 573 δὲ
963 547 1122 610 rigante,
1152 547 1192 574 ὅτι
1215 548 1244 574 ἐν
1270 547 1398 583 ἐσχάταις
1421 547 1539 584 ἡμέραις
1564 548 1669 575 ἔσονται
1700 547 1790 583 καιροὶ
1817 557 1863 584 χιι»

178 800 213 825 α’.
234 795 361 831 ’Δσθενὴς
385 794 435 832 μέν
449 795 508 830 εἰμι
522 794 569 821 καὶ
585 794 702 829 πτωχὸς,
719 795 766 821 καὶ
779 794 977 822 διδασκαλικῶν

141 840 256 875 ἄπειρος
274 839 371 874 λόγωνθ
397 838 454 865 ἀλλ’
470 839 534 865 ὅταν
551 838 598 865 ῖδω
621 838 667 864 τὸν
684 838 816 874 ὑμέτερον
837 837 976 872 σύλλογον,

142 883 356 917 ἐπιλανθάνομαι
372 882 421 918 τῆς
434 882 585 914 ἀσθενείας,
599 881 688 916 ἀγνοῶ
704 883 754 916 τὴν
771 881 916 917 πτωχείαν,
928 882 978 908 οὑκ

141 924 202 953 οἶδα
212 927 261 962 τὴν
275 925 413 962 ἀπειρίαν·
431 924 544 960 τοιαύτη
553 925 607 960 γὰρ
622 925 672 960 τῆς
685 925 821 960 ὑμετέρας
836 925 946 960 ἀγάπης
959 926 976 961 ή

141 971 280 1007 τυραννίς.
292 971 338 996 Διὸ
351 970 397 996 καὶ
409 969 464 996 τῶν
475 970 504 996 έν
513 969 629 1004 εὐπορία
648 969 826 996 καθεστώτων
841 969 978 1005 προθυμό-

140 1023 222 1050 τερον
242 1015 307 1049 ὑμῖν
326 1013 375 1048 τὴν
395 1014 445 1048 τῆς
472 1013 608 1048 πτωχείας
635 1012 806 1048 παρατίθημι
826 1013 977 1048 τράπεζαν.

141 1059 252 1094 Ταύτης
267 1058 296 1085 δὲ
310 1058 388 1093 ὑμεῖς
399 1057 481 1085 αῐτιοι
494 1057 544 1091 τῆς
560 1057 770 1092 μεγαλοψυχίας,
785 1058 819 1092 τῇ
838 1057 978 1092 προθυμίᾳ

141 1103 193 1137 τῆς
211 1102 369 1138 ἀκροάσεως
383 1103 447 1133 τοὺς
463 1101 693 1131 ἀναπεπτωκότας
707 1101 896 1137 διεγείροντες,
908 1101 977 1136 πρὸς

142 1148 193 1183 τὴν
212 1147 342 1183 ἀκρόασιν
359 1146 513 1181 κεχηνότες,
534 1145 581 1172 καὶ
597 1145 648 1180 τῆς
673 1145 720 1171 τοῦ
737 1145 862 1179 λέγοντος
877 1145 976 1180 ἐκκρε-

145 1192 263 1226 μάμενοι
275 1191 407 1225 γλώττης.
424 1189 502 1216 Οὕτω
512 1189 559 1216 καὶ
574 1189 678 1215 νεοσσοὶ
696 1188 849 1224 χελιδόνων,
869 1188 978 1215 ἐπειδὰν

143 1236 220 1262 ῐδωσι
236 1234 462 1270 προσιπταμένην
486 1233 535 1268 τὴν
553 1232 670 1268 μητέρα,
690 1232 739 1266 τῆς
759 1231 855 1263 καλιᾶς
872 1231 976 1266 προκύ-

143 1278 243 1313 ψαντες
264 1277 386 1308 καὶτοὺς
412 1277 528 1311 αὐχένας
552 1277 712 1311 ποιήσαντες
725 1276 880 1311 έκκρεμεῖς,
906 1275 978 1301 οὕτω

143 1322 266 1358 δέχονται
277 1321 326 1356 τὴν
340 1320 405 1356 παρ’
419 1321 525 1355 ὲκείνης
538 1320 652 1355 τροφήν,
667 1318 746 1345 Οὖτω
757 1319 803 1345 καὶ
813 1318 892 1353 ὑμεῖς
909 1319 978 1354 μετὰ

143 1369 245 1404 πολλῆς
261 1367 312 1403 τῆς
323 1366 476 1403 προθυμίας
486 1365 554 1401 πρὸς
569 1365 614 1392 τὸν
630 1364 741 1399 λέγοντα
762 1364 915 1400 βλέποντες,
934 1364 976 1390 δέ-

144 1413 225 1449 χεσθε
238 1412 287 1448 τὴν
299 1411 354 1438 ἀπὸ
367 1409 443 1447 [279]
456 1410 505 1445 τῆς
515 1409 637 1444 γλώττης
654 1408 836 1443 κομιζομένην
847 1408 910 1443 ὑμῖν
921 1407 978 1434 διά-

143 1456 227 1489 λεξιν,
239 1456 286 1482 καὶ
309 1455 375 1490 πρὶν
390 1454 407 1490 ἢ
424 1454 459 1480 τὰ
474 1454 584 1489 ρήματα
605 1452 759 1486 ἐκπηδῆσαι
781 1451 828 1478 τοῦ
845 1451 978 1486 στόματος

144 1499 235 1536 ἡμῶν,
247 1499 370 1534 ἥρπασεν
386 1498 404 1533 ή
418 1496 522 1524 διάνοια
535 1496 570 1522 τὸ.
585 1495 728 1530 λεγόμενα.
747 1494 793 1526 Τίς
811 1492 857 1521 οὖν
877 1495 926 1520 οὐκ
945 1493 978 1521 ἂν

145 1544 194 1571 καὶ
207 1543 278 1578 ὑμᾶς
293 1542 341 1569 καὶ
357 1541 431 1576 ἡμᾶς
456 1541 502 1567 ἐπὶ
521 1539 625 1570 τούτοις
655 1538 841 1575 μακαρίσειεν,
856 1537 979 1571 ὅτιλέγο-

147 1596 198 1623 μεν
213 1588 263 1619 Εὶς
278 1583 337 1612 ὦτα
348 1584 537 1615 ἀκουόντων;
550 1582 647 1614 Κοινδς
658 1583 672 1609 ὁ
689 1582 777 1613 πόνος,
792 1582 880 1612 κοινὸς
902 1581 949 1607 καὶ
965 1582 979 1607 ὀ

146 1631 287 1665 στέφανος·
302 1629 390 1657 κοινὸν
398 1628 428 1655 τὸ
435 1627 541 1663 κέρδος,
551 1624 639 1658 κοινδς
654 1626 725 1653 καὶό
739 1625 842 1660 μισθός.
856 1624 904 1651 Διὰ
919 1624 979 1650 τοῦ·

146 1683 178 1702 το
190 1674 256 1701 καὶὸ
268 1673 382 1708 Χριστὸς
398 1671 549 1706 ἐμακάρισε
564 1670 626 1701 τοὺς
646 1668 769 1704 μαθητὰς
783 1668 878 1702 λέγων’
888 1667 980 1702 Ὑμῶν

147 1718 182 1744 δὲ
189 1716 325 1752 μακάριοι
339 1717 366 1743 οι
380 1714 535 1750 ὀφθαλμοὶ,
550 1714 594 1740 ὅτι
613 1713 776 1745 βλέπουσι,
801 1711 850 1738 καὶ
864 1711 900 1738 τὰ
920 1708 979 1737 ὦτα

147 1761 242 1796 ὑμῶν.
258 1760 302 1787 ὅτι
326 1760 481 1787 ἀκούουσι.
503 1757 567 1784 Δότε
583 1765 627 1791 μοι
647 1755 777 1782 ταῦτατά
795 1755 904 1790 ῥήματα
932 1754 980 1780 καὶ

148 1805 216 1839 πρὸς
233 1804 304 1839 ὑμᾶς
324 1803 421 1833 εἰπεῖν,
435 1801 529 1835 ἐπειδὴ
555 1801 602 1827 καὶ
624 1799 674 1834 τὴν
697 1799 780 1834 αὐτὴν
794 1797 979 1824 ὲπιδείκνυσθε

149 1848 312 1884 προθυμίαν·
332 1846 429 1881 ’Υμῶν
443 1845 476 1872 δὲ
494 1844 632 1880 μακάριοι
646 1845 673 1870 ol
686 1842 841 1878 ὀφθαλμοὶ,
855 1841 899 1868 ὅτι
907 1840 980 1874 βλέ-

149 1900 252 1924 πουσι,
278 1891 327 1918 καὶ
349 1891 386 1918 τὰ
409 1887 469 1917 ὦτα
489 1889 582 1924 ὑμῶν,
601 1887 644 1915 ὅτι
667 1887 841 1914 ἀκούουσιν.
856 1885 924 1912 Ἀλλ’
939 1885 980 1911 ὃτι

150 1935 202 1971 μὲν
219 1934 295 1970 ὑμῶν
309 1934 342 1961 τὰ
355 1931 412 1961 ὦτα
427 1932 531 1965 ἀκούει,
547 1932 636 1967 δῆλον·
648 1932 688 1958 ὃτι
700 1930 728 1957 δὲ
747 1931 793 1956 καὶ⁴
807 1931 831 1956 οἱ
848 1928 981 1964 ὀφθαλμοὶ

151 1979 289 2016 βλέπουσι,
315 1978 440 2013 καθάπερ
465 1976 576 2003 ἔϐλεπον
601 1975 625 2001 οἱ
656 1974 775 2010 μαθηταὶ
799 1974 877 2006 τότε,
903 1972 981 1999 τοῦτο

148 2023 288 2056 ἀποδεῖξαι
301 2021 477 2057 πειράσομαι,
493 2020 535 2046 ἵνα
553 2019 589 2055 μὴ
601 2018 630 2050 ἐξ
641 2018 778 2054 ἡμισείας,
795 2017 851 2044 ἀλλ’
867 2016 980 2051 ὁλόκλη-

151 2076 197 2105 ρος
208 2066 285 2102 ὑμῶν
300 2067 315 2093 ὁ
336 2064 509 2101 μακαρισμὸς
574 2063 607 2089 Τί
621 2060 667 2090 οὖν
686 2062 800 2088 ἔϐλεπον
814 2061 874 2105 τότε
890 2061 914 2087 οἱ
932 2069 982 2095 μα-

150 2111 247 2146 θηταί;
264 2110 386 2144 Νεκρους
407 2107 617 2143 ἀνισταμένους,
632 2106 749 2141 τυφλοὺς
769 2104 981 2136 ἀναϐλέποντας,

150 2154 266 2190 λεπροὺς
281 2153 504 2189 καθαιρομένους,
519 2151 647 2186 δαίμονας
660 2149 865 2184 ἐλαυνομένους,
880 2148 983 2183 χωλοὺς

153 2198 320 2234 βαδίζοντας,
333 2197 404 2224 ἆπαν
419 2196 526 2231 φύσεως
541 2194 691 2230 ἁμάρτημα
706 2190 984 2227 διορθούμενον.Ταῦ-

150 2235 186 2268 τα
200 2241 312 2276 βλέπετε
327 2241 373 2267 καὶ
385 2240 462 2275 ὑμεῖς
479 2238 536 2271 νῦν,
553 2239 577 2264 εἰ
594 2238 641 2264 καὶ
658 2237 695 2272 μὴ
710 2238 766 2267 τοῖς
782 2236 828 2262 τοῦ
846 2235 982 2271 σώματος,

151 2285 220 2313 ἀλλὰ
236 2286 294 2316 τοῖς
311 2285 359 2322 τῆς
372 2283 488 2314 πίστεως
502 2281 660 2316 ὀφθαλμοῖς.
676 2279 804 2306 Τοιαῦται
818 2280 872 2315 γὰρ
893 2279 921 2305 αἱ
933 2279 982 2313 τῆς

151 2330 269 2361 πίστεως
280 2328 365 2363 ὖψεις·
384 2327 418 2353 τὰ
437 2327 474 2362 μὴ
486 2325 634 2361 φαινόμενα
645 2324 782 2359 βλέπουσι,
799 2324 844 2350 καῖ¹
857 2322 890 2349 τὰ
905 2322 985 2358 μηδέ-

152 2382 196 2399 πω
216 2372 372 2408 πραχθέντα
392 2370 564 2397 κατανοοῦσι.
585 2368 670 2396 Πόθεν
682 2367 762 2394 τοῦτο
774 2367 863 2402 δῆλον,
874 2366 915 2392 ὅτι
937 2366 983 2392 πί-

153 2425 211 2447 στις
219 2416 280 2451 ὅψις
289 2415 348 2442 ἐστὶ
361 2413 416 2441 τῶν
426 2414 464 2449 μὴ
475 2413 645 2449 βλεπομένων
660 2412 706 2438 καὶ
718 2411 827 2446 ἐλεγχος
836 2419 844 2443 ;
853 2410 985 2437 ’Ἄκουσον

152 2460 200 2486 τοῦ
215 2459 322 2486 Παύλου
342 2459 476 2492 λέγοντος·
493 2458 581 2484 Ἔστι
607 2456 641 2482 δὲ
665 2456 766 2488 πίστις
787 2453 986 2488 ἐλπιζομένων

153 2505 322 2536 ὑπόστασις
350 2501 537 2536 πραγμάτων,
565 2500 690 2534 ἐλεγχος
719 2500 753 2526 οὐ
776 2498 983 2532 βλεπομένων.

153 2548 210 2574 Καὶ
218 2547 248 2573 τὸ
264 2546 296 2582 δὴ
320 2545 486 2581 θαυμαστὸν,
509 2541 581 2571 οὗτοι
599 2544 647 2579 μὲν
661 2544 686 2570 οἱ
701 2543 751 2577 τῆς
762 2543 864 2578 σαρκὸς
884 2541 985 2576 ὀφθαλ-

158 2592 205 2626 μοὶ
217 2590 253 2617 τὰ
266 2590 316 2625 μὲν
338 2589 463 2625 ὁρώμενα
488 2588 624 2623 βλέπουσι,
647 2587 681 2614 τὰ
700 2587 728 2613 δὲ
756 2586 793 2621 μὴ
804 2585 930 2622 ὁρώμενα
955 2586 984 2612 οὐ

154 2634 308 2669 βλέπουσιψ
322 2634 347 2659 οἱ
361 2633 389 2659 δὲ
403 2633 452 2667 τῆς
469 2632 584 2662 πίστεως
593 2630 726 2665 ὀφθαλμοὶ
738 2629 892 2655 τούναντίον
903 2629 985 2661 ἆπαν,

152 2679 188 2705 τὰ
201 2677 251 2713 μὲν
265 2677 392 2713 ὁρώμενα
417 2677 447 2702 οὐ
471 2675 610 2710 βλέπουσι,
633 2674 667 2700 τά
684 2674 711 2700 δὲ
729 2673 766 2709 μὴ
785 2673 912 2709 ὁρώμενα
927 2672 987 2707 βλέ-

154 2721 312 2748 πουσι.Κα“ι
328 2721 368 2747 ὃτι
391 2720 426 2746 τὰ
445 2719 596 2754 Βλεπόμενα
621 2719 651 2744 οὺ
669 2718 806 2753 βλέπουσι,
831 2718 877 2743 καὶ
891 2716 925 2743 τὰ
950 2717 986 2752 μὴ

155 2764 309 2799 βλεπόμενα
327 2764 479 2798 βλέπουσιν,
498 2764 513 2789 ὀ
529 2762 634 2793 Παῦλος
651 2761 783 2796 ἐδήλωσεν
792 2760 877 2787 εἰπὼν
890 2761 986 2792 οὕτως·

156 2809 192 2836 Τὸ
205 2809 259 2844 γὰρ
279 2807 449 2842 παραυτίκα
461 2807 592 2841 ἐλαφρὸν
606 2805 661 2840 τῆς
675 2806 805 2839 θλίψεως
822 2805 886 2831 καθ’
898 2806 987 2838 ὑπερ-

154 2853 251 2887 ϐολὴν
274 2854 318 2885 εὶς
346 2852 514 2886 ὑπερϐολὴν
541 2851 658 2880 αἰώνιον
678 2849 772 2883 ,βάρος
799 2849 891 2882 δόξης
918 2848 988 2883 ἡμῖν

1029 793 1244 830 κατεργάζεται,
1253 794 1296 829 μὴ
1320 794 1517 822 σκοπούντων
1533 795 1618 830 ἡμῶν
1632 796 1668 823 τὰ
1676 796 1857 832 βλεπόμενα.

1028 839 1109 866 ἀλλὰ
1122 839 1158 866 τὰ
1170 839 1213 873 μὴ
1236 839 1421 873 βλεπόμενα.
1436 839 1491 865 Καὶ
1514 839 1572 871 πῶς
1586 839 1618 866 ἄν
1635 849 1675 871 τις
1703 841 1752 867 ἴδοι
1774 841 1809 867 τὰ
1825 842 1857 876 μδ

1029 883 1198 918 βλεπόμενα;
1213 882 1275 913 Πῶς
1289 881 1386 913 ἄλλως,
1403 882 1487 918 ἀλλ’ἢ
1501 884 1556 914 τοῖς
1569 884 1618 918 τῆς
1629 883 1747 915 πίστεως
1763 884 1862 917 ὀφθαλ-

1029 928 1104 962 μοῖς;
1122 926 1200 953 Οὕτω
1214 927 1261 954 καὶ
1277 925 1395 961 ἀλλαχοῦ
1414 935 1489 962 φησι·
1502 927 1607 953 Πίστει
1616 927 1746 961 νοοῦμεν
1759 937 1862 963 κατηρ-

1027 970 1125 996 τίσθαι
1143 969 1214 1002 τοὺς
1224 970 1343 1002 αιῶνας.
1360 969 1439 1002 Πῶς;
1460 969 1492 996 οὐ
1509 969 1563 1005 γὰρ
1582 969 1697 1004 εἴδομεν.
1711 970 1762 1003 Εἰς
1772 971 1803 997 τὸ
1818 971 1862 1006 μὴ

1026 1013 1061 1039 ἐκ
1074 1012 1261 1047 φαινομένων
1276 1013 1310 1039 τὰ
1318 1012 1495 1047 ,βλεπόμενα
1519 1013 1685 1047 γεγονέναι,
1703 1014 1781 1048 φησί.
1797 1014 1863 1041 Βού-

1027 1056 1105 1083 λεσθε
1117 1056 1164 1083 καὶ
1182 1056 1278 1091 ἑτέραν
1294 1056 1412 1091 παράγω
1425 1057 1588 1092 μαρτυρίαν,
1600 1057 1641 1083 ὅτι
1652 1057 1687 1084 τὰ
1707 1059 1745 1092 μὴ
1763 1057 1861 1092 βλεπό-

1029 1108 1097 1136 μενα
1130 1100 1275 1135 βλέπουσιν
1297 1100 1322 1125 οἱ
1345 1100 1394 1134 τῆς
1420 1100 1539 1131 πίστεως
1564 1101 1713 1136 ὀφθαλμοί;
1730 1101 1863 1133 Γαλάταις

1028 1144 1093 1170 ποτὲ
1106 1143 1241 1179 γράφωνό
1256 1143 1361 1175 Παῦλος
1376 1142 1539 1178 ἔλεγεν-Οἷς
1546 1145 1610 1171 κατ’
1621 1145 1794 1180 ὀφθαλμοὺς
1811 1147 1863 1180 Ἰη-

1027 1187 1102 1219 σοῦς
1113 1186 1238 1219 Χριστὸς
1250 1186 1419 1221 προεψάφη
1431 1187 1465 1213 ὲν
1477 1187 1547 1221 ὑμῖν
1555 1188 1790 1222 ἐσταιιρωμένος.

1064 1231 1097 1265 β’.
1111 1230 1143 1256 Τί
1156 1230 1254 1263 λέγεις,
1269 1229 1291 1256 ὦ
1305 1230 1423 1266 μακάριε
1433 1230 1539 1264 Παῦλες
1556 1232 1585 1257 ὲν
1599 1232 1716 1268 Γαλατίᾳ
1730 1233 1862 1268 σταυρού-

1029 1283 1109 1310 μενον
1128 1274 1209 1300 αὑτὸν
1226 1272 1295 1300 εἶδον
1317 1274 1453 1308 Γαλάταις
1473 1274 1533 1309 οὐχὶ
1551 1275 1651 1307 πάντες
1667 1276 1861 1311 ὁμολογοῦμεν,

1026 1319 1067 1345 ὃτι
1083 1319 1111 1344 ὲν
1127 1317 1293 1352 Παλαιστίνῃ
1317 1318 1346 1344 ἐν
1363 1317 1432 1353 μέσῃ
1452 1318 1564 1354 Ἰουδαία
1579 1319 1609 1345 τὸ
1632 1319 1716 1351 πάθος
1739 1320 1861 1353 ἐγένετος

1028 1361 1089 1393 Πῶς
1103 1359 1149 1387 οὖν
1166 1360 1245 1388 αὐτὸν
1264 1359 1334 1387 εἶδον
1359 1361 1557 1397 σταυρούμενον
1579 1363 1711 1393 Γαλάταιι
1734 1363 1796 1395 Τοῖς
1813 1364 1863 1400 τῆς

1028 1406 1145 1437 πίστεως
1164 1405 1322 1440 ὀφθαλμοῖς,
1338 1405 1368 1431 οὐ
1393 1407 1448 1437 τοῖς
1463 1405 1513 1440 τῆς
1535 1407 1646 1442 σαρκός.
1671 1405 1746 1439 Εἶδες
1761 1408 1819 1439 πῶς
1837 1409 1861 1434 οί

1028 1450 1078 1485 τῆς
1105 1449 1225 1479 πίστεως
1247 1448 1381 1484 ὀφθαλμοὶ
1403 1449 1439 1475 τὰ
1463 1449 1500 1484 μὴ
1525 1450 1676 1486 φαινόμενα
1700 1451 1861 1486 βλέπουσιν;

1034 1495 1101 1522 Ἀπὸ
1124 1494 1252 1522 τοσούτου
1281 1495 1346 1529 γοῦν
1369 1495 1554 1531 διαστήματος
1578 1495 1625 1522 καὶ
1645 1496 1714 1531 μετά
1736 1496 1861 1524 τοσοῦτον

1028 1539 1123 1574 χρόνον
1136 1539 1181 1565 τὸν
1193 1538 1310 1574 Χριστὸν
1328 1536 1397 1565 εἶδον
1411 1538 1620 1574 σταυρούμενον.
1629 1540 1707 1566 Οὕτω
1722 1540 1769 1567 καὶ
1784 1541 1862 1576 ὑμεῖς

1030 1582 1142 1617 βλέπετε
1174 1582 1236 1613 τοὺς
1260 1582 1373 1617 νεκροὺς
1405 1582 1613 1617 ἀνισταμένους
1642 1583 1712 1610 οὕτω
1744 1585 1862 1620 σήμερον

1029 1626 1112 1652 εῐδετε
1147 1625 1194 1652 τὸν
1219 1625 1318 1660 λεπρὸν
1352 1625 1565 1660 καθαιρόμενον·
1595 1625 1679 1658 οὕτως
1704 1626 1788 1653 εἴδετε
1817 1627 1861 1654 τὸν

1029 1669 1250 1704 παραλελυμένον
1270 1668 1433 1700 ἀναστάντα,
1448 1668 1523 1704 [280]
1542 1669 1589 1696 καὶ
1614 1669 1712 1704 μᾶλλον
1729 1670 1861 1698 Ἰουδαίων

1029 1712 1083 1739 τῶν
1107 1712 1249 1748 παρόντων
1272 1712 1367 1739 εἴδετε.
1389 1712 1502 1738 Ἐκεῖνοι
1527 1712 1576 1748 μὲν
1595 1713 1649 1748 γὰρ
1673 1713 1806 1748 παρόντες
1830 1715 1861 1741 οὺ

1030 1755 1211 1792 παρεδέξαντο
1227 1756 1258 1782 τὸ
1275 1755 1377 1791 θαῦμα,
1391 1756 1470 1791 ὑμεῖς
1492 1756 1520 1782 δὲ
1544 1757 1659 1789 ἀπόντες
1679 1757 1861 1792 παρεδέξασθε

1030 1801 1078 1837 τὴν
1092 1800 1192 1827 πίστιν.
1209 1800 1290 1826 Ὥστε
1303 1800 1414 1832 δικαίως
1437 1798 1512 1827 εἷπον
1528 1801 1595 1836 πρὸς
1609 1801 1691 1835 ὑμᾶς,
1705 1801 1746 1827 δτι
1762 1802 1862 1828 Μακά-

1026 1853 1087 1879 ριοι
1103 1844 1175 1878 ὑμῖν
1189 1845 1214 1871 οί
1231 1844 1387 1878 ὀφθαλμοὶ,
1403 1844 1446 1870 ὅτι
1456 1844 1639 1876 βλέπουσιν.
1658 1845 1688 1871 Εἰ
1705 1845 1733 1871 δὲ
1747 1846 1793 1871 καὶ
1806 1845 1860 1871 ἑτέ-

1033 1887 1118 1926 ρωθεν
1136 1887 1226 1922 βούλει
1248 1887 1343 1922 μαθεῖν
1365 1887 1406 1914 ὅτι
1427 1887 1460 1914 τὰ
1481 1887 1519 1922 μὴ
1541 1887 1694 1923 βλεπόμενα
1719 1888 1863 1923 βλέπουσιν

1031 1932 1055 1958 οἱ
1074 1932 1122 1966 τῆς
1136 1931 1253 1962 πίστεως
1266 1930 1408 1965 ὀφθαλμοὶ,
1421 1931 1456 1957 τὰ
1470 1931 1498 1957 δὲ
1512 1931 1664 1965 βλεπόμενα
1677 1930 1862 1967 παρατρέχουα

1033 1983 1074 2001 σιν
1084 1982 1091 1989 ”
1109 1975 1169 2001 οὐδὲ
1183 1975 1238 2010 γὰρ
1254 1975 1286 2001 ἂν
1300 1974 1385 2006 ἄλλως
1402 1975 1480 2001 ἴδοιεν
1496 1974 1530 2000 τὰ
1546 1974 1583 2010 μὴ
1605 1975 1766 2010 βλεπόμενα,
1782 1976 1807 2001 εί
1825 1975 1862 2011 μὴ

1032 2019 1269 2054 καταφρονήσαιεν
1291 2018 1345 2045 τῶν
1367 2018 1534 2053 εἰρημένων
1562 2018 1676 2046 ἄκουσον
1692 2019 1738 2045 τοῦ
1756 2019 1862 2046 Παύλου

1032 2063 1096 2098 περὶ
1113 2063 1161 2089 τοῦ
1177 2062 1302 2097 ’Δὸραάμ
1319 2062 1521 2097 διαλεγομένου,
1536 2063 1575 2089 ὅτι
1597 2064 1652 2094 τοῖς
1674 2063 1724 2097 ’τῆς
1747 2064 1864 2095 πίστεως

1032 2106 1179 2141 ὀφθαλμοῖς
1194 2103 1246 2132 εἶδε
1262 2106 1307 2132 τὸν
1321 2107 1377 2133 υἱὸν
1388 2106 1544 2142 τικτόμενον
1554 2106 1599 2133 τὸν
1616 2107 1718 2139 Ἰσαὰκ,
1731 2107 1777 2133 καὶ
1793 2106 1863 2133 οὕτω

1033 2149 1193 2182 κατεδέξατο
1218 2149 1267 2184 τὴν
1293 2149 1466 2184 ἐπαγγελίαν.
1500 2150 1532 2176 Τί
1551 2150 1605 2185 γάρ
1631 2158 1712 2185 φησι;
1736 2151 1790 2177 Καὶ
1819 2150 1862 2184 μὴ

1033 2193 1206 2226 ἀσθενήσας
1219 2192 1257 2227 τῇ
1269 2193 1377 2225 πίστει,
1389 2194 1425 2220 οὺ
1436 2194 1600 2228 κατενόησε
1613 2194 1646 2220 τὸ
1660 2194 1767 2220 ἑαυτοῦ
1779 2193 1864 2228 σῶμα

1033 2236 1264 2271 νενεκρωμένον.
1276 2236 1389 2272 Μεγάλη
1404 2237 1453 2272 τῆς
1466 2237 1583 2269 πίστεως
1597 2237 1613 2273 ή
1624 2237 1746 2271 δύναμις.
1760 2237 1864 2272 Ὥσπερ

1034 2280 1087 2315 γὰρ
1101 2279 1239 2314 λογισμοὶ
1263 2280 1424 2313 ἀνθρώπων
1440 2280 1531 2308 δειλοὶ
1549 2281 1598 2308 καὶ
1624 2280 1772 2314 ἀσθενεῖς,
1794 2281 1865 2307 οὕτω

1035 2323 1125 2355 πίστις
1143 2323 1241 2358 ἰσχυρά
1261 2323 1309 2350 καὶ
1332 2323 1443 2359 δυνατή.
1460 2325 1501 2351 οὐ
1515 2324 1682 2358 κατενόησε
1701 2324 1734 2350 τὸ
1756 2324 1864 2350 ἑαυτοῦ

1035 2366 1120 2401 σῶμα
1136 2368 1367 2401 νενεκρωμένον.
1389 2367 1469 2403 Ὀρᾷς
1493 2368 1552 2399 πῶς
1571 2368 1660 2403 ἀφῆκε
1672 2367 1706 2394 τὰ
1723 2367 1864 2402 ὁρώμενα;

1035 2411 1093 2442 πῶς
1107 2411 1157 2437 οὐκ
1172 2409 1242 2437 εἶδεν
1255 2411 1293 2442 είς
1316 2411 1346 2437 τὺ
1364 2411 1468 2446 γῆρας;
1497 2412 1592 2438 Καίτοι
1607 2420 1637 2446 γε
1656 2411 1720 2438 αὐτὸ
1741 2411 1793 2446 πρὸ
1812 2411 1866 2437 τῶν

1037 2454 1185 2490 ὀφθαλμῶν
1202 2454 1306 2481 ἔκειτο·
1334 2454 1401 2481 ἀλλὰ
1425 2456 1480 2486 τοῖς
1506 2455 1555 2489 τῆς
1573 2455 1690 2486 πίστεως
1719 2455 1866 2489 ὀφθαλμοῖς

1036 2499 1120 2535 ἐώρα,
1138 2499 1168 2526 οὒ
1183 2501 1239 2531 τοῖς
1253 2499 1298 2526 τοῦ
1314 2499 1447 2535 σώματος.
1463 2499 1508 2526 Διδ
1522 2501 1571 2527 οὐκ
1586 2498 1638 2526 εἶδε
1652 2501 1683 2527 τὸ
1699 2501 1796 2536 γῆρας,
1807 2492 1866 2527 οὺδὲ

1036 2543 1084 2578 τὴν
1106 2543 1239 2578 νέκρωσιν
1262 2543 1384 2578 Σάρῤας⁴
1416 2543 1446 2569 οὐ
1471 2544 1617 2578 κατενόησε
1638 2543 1698 2577 Τὴν
1720 2543 1868 2578 νέκρωσιν

1036 2587 1091 2620 τῆς
1115 2587 1231 2621 μήτρας
1256 2587 1382 2620 Σάρῤας.
1409 2587 1464 2622 Τὴν
1489 2588 1629 2621 στείρωσιν
1656 2590 1722 2624 ἡμῖν
1751 2589 1868 2616 ἐνταῦθα

1037 2631 1196 2658 αἰνίττεται,
1219 2630 1303 2665 Διπλῆ
1321 2630 1374 2666 γὰρ
1396 2631 1412 2666 ή
1435 2631 1559 2658 ἀσθένεια
1573 2630 1618 2668 ἦν,
1640 2633 1656 2668 ή
1682 2632 1731 2667 μὲν
1746 2633 1799 2659 ἀπὸ
1819 2633 1868 2667 τῆς

1038 2674 1155 2710 ἡλικίας,
1178 2675 1194 2709 ἡ
1216 2674 1244 2700 δὲ
1263 2674 1316 2701 ἀπὸ
1337 2675 1387 2709 τῆς
1408 2675 1550 2707 ἀσθενείας
1566 2676 1681 2710 φύσεως.
1705 2677 1743 2703 Οὐ
1764 2677 1817 2712 γὰρ
1838 2677 1868 2703 τὸ

1032 2717 1119 2752 ,σῶμα
1137 2717 1215 2752 μόνον
1229 2717 1273 2743 διὰ
1291 2717 1340 2752 τὴν
1362 2718 1469 2752 ἠλικίαν
1490 2719 1625 2754 ἄχρηστον
1638 2718 1672 2755 ἦν
1690 2720 1758 2755 πρὸς
1778 2720 1868 2746 παιδον

1038 2761 1142 2795 γονίαν,
1154 2760 1222 2788 ἀλλὰ
1233 2761 1280 2787 καὶ
1301 2761 1369 2796 αὑτὴ
1389 2763 1405 2796 ή
1429 2763 1520 2798 μήτρα
1543 2763 1702 2798 νενέκρωτο,
1720 2763 1807 2790 καὶτὸ
1820 2764 1868 2796 τῆς

1040 2806 1148 2840 φύσεως
1168 2806 1359 2841 ἐργαστήριον,
1378 2806 1425 2832 καὶ
1445 2807 1497 2842 πρὸ
1512 2807 1558 2833 τοῦ
1576 2808 1667 2842 γήρως
1684 2808 1819 2842 ἄχρηστον
1835 2805 1869 2840 ἦν

1039 2849 1083 2875 διὰ
1097 2848 1146 2882 τὴν
1164 2849 1314 2883 στείρωσιν.
1331 2847 1407 2882 Εῑδες
1421 2850 1471 2876 ὅσα
1483 2851 1649 2886 κωλύματα;
1668 2851 1704 2876 Τὸ
1720 2852 1805 2885 γῆρας
1821 2849 1868 2875 τοῦ
