2074 3126
209 131 264 160 975

208 194 254 217 aut
267 188 337 216 circa
353 187 397 215 illa
411 191 530 221 tempora
543 189 678 213 eventum
699 181 796 211 erant?
808 180 926 209 Minime.
941 177 995 206 Sed

207 238 243 265 iis
266 234 452 270 praetermissis
473 233 596 260 omnibus
615 231 677 265 quid
694 228 801 257 dicunt?
812 226 885 260 Quod
897 227 997 262 signum

208 284 330 310 adventus
343 282 396 314 tui,
411 286 435 308 et
447 278 667 308 consummationis
679 276 764 304 saeculi
777 274 883 310 (Matth.
898 272 943 300 24.
958 271 999 308 5)?

209 328 303 356 Videnâ€˜
317 328 377 355 illos
391 327 472 356 etiam
485 325 519 354 de
532 323 761 353 consummatione
781 321 871 349 saeculi
883 322 999 347 interro-

209 382 291 410 gare,
308 380 335 402 et
358 374 392 402 de
406 373 501 401 futuris
523 370 675 399 hominibus
696 376 757 397 esse
782 366 928 396 sollicitos?
941 366 1000 393 Non

209 421 280 449 enim
302 428 349 448 sua
362 420 453 447 vident
464 417 577 453 apostoli
590 437 597 449 ,
611 416 657 444 sed
672 423 732 451 quas
744 415 857 442 aliorum
872 417 951 445 sunt,
973 417 1001 440 et

211 467 291 495 simul
306 473 400 494 omnes
413 470 440 493 et
453 464 565 492 seorsim
582 462 690 497 singuli.
705 461 800 490 Petrus
823 461 911 495 itaque
925 459 1000 486 chori

212 514 284 541 illius
307 512 485 548 corypliaeus,
507 518 539 538 os
557 509 739 545 apostolorum
763 507 900 540 omnium,
922 511 1002 541 caput

211 559 282 587 illius
303 558 408 585 familias
419 578 427 590 ,
443 557 515 584 orbis
531 556 609 584 totius
625 555 765 591 praefectus
778 576 785 588 ,
801 554 1000 582 fundamentum

214 605 351 638 Ecclesiae,
366 603 464 631 ardens
480 603 577 631 Christi
591 607 706 634 amator;
718 609 779 628 nam
793 601 844 633 Ait,
860 600 947 632 Patre,
962 599 1002 626 di-

213 650 271 685 ligis
282 657 321 676 me
335 649 391 684 plus
402 649 440 675 liis
454 648 543 684 (Joan.
558 647 603 675 21.
616 648 677 682 15).
693 647 754 674 Ideo
768 647 825 681 ejus
837 646 929 673 laudes
941 653 1002 680 pro-

215 696 283 729 fero,
301 700 332 722 ut
346 695 454 722 discatis
473 702 534 722 eum
550 701 613 721 vere
623 693 759 721 Christum
772 692 897 720 dilexisse
910 701 916 718 :
928 696 1003 719 certe

213 741 272 776 ejus
294 749 356 776 erga
371 741 513 768 Dominum
535 740 634 768 amoris
657 744 841 775 argumentum
857 739 1003 766 maximqu

213 792 271 816 erat
294 787 446 815 sollicitudo
461 787 619 814 famulorum
634 786 701 821 ejus.
717 786 775 813 Non
792 793 842 821 ego
854 785 912 813 haec
924 785 984 813 dico
994 804 1003 818 ,

213 833 260 862 sed
276 834 332 870 ipse
340 834 453 862 dilectus
470 834 599 861 Dominus
613 843 620 861 :
637 833 667 861 Si
679 841 750 860 amas
763 841 810 866 me,
824 833 918 868 inquit,
930 839 1004 868 pasce

213 889 270 908 oves
283 889 361 908 meas.
380 880 521 908 Videamus
533 887 597 916 ergo
618 888 681 907 num
696 887 758 907 vere
779 879 893 914 pastoris
908 878 1004 914 prtere-

213 931 318 954 cturam
342 926 480 959 obtineat,
495 933 560 953 num
582 933 647 953 vere
661 933 726 953 oves
738 925 847 960 diligat,
864 933 926 952 num
941 931 1004 952 vere

213 973 300 1008 gregis
309 973 451 1005 amanssit,
460 977 489 1000 ut
496 972 629 1000 discamus
637 979 698 999 eum
706 971 785 1000 etiam
795 975 928 1006 pastorem
938 970 1005 998 dile-

218 1019 307 1046 xisse:
325 1018 388 1046 illud
402 1019 474 1046 enim
491 1018 569 1053 hujus
580 1025 639 1046 esse
658 1023 843 1053 argumentum
865 1017 941 1047 dixit.
956 1017 1005 1044 Hic

214 1064 304 1099 itaque
319 1065 412 1092 Petrus
425 1086 432 1098 ,
447 1070 586 1100 postquam
606 1065 694 1092 omnia
713 1072 759 1091 sua
780 1064 931 1099 abjecerat,
949 1068 1006 1091 rete

214 1118 312 1146 nempe
325 1115 351 1138 et
361 1118 534 1146 qumcumque
546 1111 570 1138 in
583 1111 703 1138 navicula
714 1115 800 1144 erant,
812 1110 911 1138 relictis
927 1109 1004 1144 mari,

215 1161 273 1183 arte
288 1161 314 1183 et
324 1156 413 1183 domo.
425 1156 463 1183 Ne
474 1163 553 1191 porro
564 1156 742 1189 attendamus,
752 1155 809 1183 hinc
821 1163 902 1191 pauca
913 1156 1004 1188 fuisse,

216 1202 263 1229 sed
277 1201 334 1230 haec
347 1202 435 1233 omnia
452 1202 521 1229 bona
539 1210 586 1230 sua
600 1202 744 1236 exstitisse,
758 1202 868 1237 ejusque
881 1201 1005 1229 alacrita-

216 1251 269 1274 tem
286 1247 432 1275 laudemus.
442 1247 507 1275 Nam
519 1255 550 1275 ea
565 1255 625 1282 qua:
634 1247 702 1275 duos
712 1247 836 1275 denarios
844 1247 1005 1282 conjecerat,

216 1301 270 1320 non
288 1301 410 1328 magnam
426 1295 598 1329 pecuniarum
623 1295 721 1322 molem
741 1294 881 1329 deposuit,
897 1294 943 1322 sed
965 1295 1005 1321 iii-

215 1343 310 1373 gentes
323 1339 404 1366 studii
419 1341 459 1366 sui
472 1339 578 1367 divitias
596 1339 730 1373 ostendit,
743 1339 964 1375 quemadmodum
979 1345 1007 1368 et

217 1383 260 1411 hic
273 1384 298 1411 in
312 1392 406 1419 magna
420 1389 576 1419 paupertate
590 1385 724 1420 ingentem
743 1386 887 1413 alacritatis
901 1386 1005 1420 copiam

216 1429 340 1464 praibuit.
354 1430 429 1464 Quod
444 1431 514 1458 enim
526 1431 601 1459 alteri
617 1436 693 1459 erant
703 1432 813 1467 praedia,
828 1433 909 1465 servi,
923 1432 1005 1466 aedes,

216 1485 320 1510 aurum,
331 1477 382 1505 hoc
396 1477 433 1505 illi
453 1483 530 1506 erant
544 1479 628 1512 retia,
644 1486 717 1506 mare
728 1500 736 1512 ,
752 1486 813 1512 ars,
827 1479 956 1506 navicula.
970 1479 1008 1507 Ne

218 1523 307 1558 itaque
323 1523 373 1551 hoc
393 1523 560 1552 attendamus
571 1545 579 1558 ,
595 1531 628 1552 an
647 1532 730 1559 pauca
744 1524 897 1560 reliquerit,
913 1525 959 1552 sed
974 1533 1006 1552 an

218 1569 309 1596 omnia
320 1569 468 1604 reliquerit.
480 1570 545 1597 Nam
562 1570 588 1598 id
601 1571 670 1606 quod
692 1572 822 1606 quaeritur
835 1577 892 1604 est,
908 1580 959 1600 non
974 1580 1007 1599 an

218 1622 312 1649 magna
328 1622 361 1642 an
374 1622 454 1650 parva
468 1615 630 1650 deponeret,
645 1617 691 1644 scd
715 1625 748 1644 an
764 1617 831 1644 nihil
855 1618 944 1646 minus
968 1619 1008 1646 in-

220 1659 311 1692 ferret,
327 1666 406 1696 quam
421 1661 519 1690 inferre
535 1667 634 1698 posset.
649 1663 781 1691 Omnibus
793 1664 881 1699 itaque
892 1664 1005 1699 relictis,

219 1707 313 1741 patria,
327 1707 418 1740 domo,
432 1709 524 1736 amicis
537 1729 543 1741 ,
557 1710 692 1744 cognatis,
709 1702 763 1737 iuio
775 1710 831 1745 ipsa
842 1712 984 1739 securitate
999 1719 1007 1738 :

219 1761 280 1780 nam
296 1754 345 1781 lioc
358 1754 438 1781 modo
447 1755 573 1790 populum
584 1755 722 1783 Judaicum
737 1756 785 1784 sibi
800 1757 934 1784 inimicum
945 1757 1009 1784 red-

220 1799 287 1827 didit
299 1808 305 1826 :
322 1799 383 1826 lam
393 1800 460 1827 enim
471 1820 479 1833 ,
491 1800 577 1835 inquit
590 1821 597 1834 ,
613 1802 816 1836 conspirauerunt
829 1802 915 1829 Judaei
924 1823 932 1835 ,
946 1807 972 1829 ut
987 1802 1009 1829 si

219 1846 276 1880 quis
290 1853 346 1872 eum
364 1846 524 1880 conï¬teretur
538 1855 591 1874 esse
609 1847 755 1880 Christum,
767 1853 838 1874 extra
855 1856 1010 1883 synagogam

222 1891 292 1926 fieret
307 1891 397 1927 (Joan.
412 1893 439 1921 9.
455 1892 490 1920 22
498 1893 519 1929 ).
544 1892 621 1921 Unde
636 1894 720 1929 palam
736 1894 781 1926 fit,
797 1901 859 1922 eum
872 1902 921 1922 nec
933 1894 1011 1922 dubi-

222 1942 313 1971 tasse,
330 1947 380 1966 nec
396 1939 515 1967 timuisse
537 1940 609 1967 circa
627 1948 737 1974 regnum
754 1941 880 1968 caelorum
895 1949 902 1973 ;
917 1941 962 1968 sed
976 1941 1011 1969 de

222 1985 268 2012 illo
278 1984 421 2012 admodum
435 1992 591 2020 persuasum
606 1985 698 2017 fuisse,
710 1991 790 2021 atque
805 1994 837 2013 ex
850 1986 906 2021 ipsa
921 1994 1010 2014 rerum

221 2029 453 2058 demonstratione
466 2052 473 2064 ,
487 2031 542 2059 imo
562 2036 623 2059 ante
643 2039 731 2058 reruin
755 2032 1010 2059 demonstrationem

222 2084 254 2104 ex
265 2076 410 2104 Salvatoris
422 2084 488 2104 voce
502 2076 648 2104 credidisse
660 2097 668 2108 ,
684 2084 714 2104 se
728 2077 816 2112 ipsum
827 2078 937 2105 omnino
951 2085 1012 2113 pos-

223 2129 362 2150 scssurum
383 2129 454 2150 esse.
480 2121 546 2150 Cum
561 2122 673 2150 dixisset
685 2123 755 2150 enim
768 2144 776 2156 ,
791 2123 845 2150 Nos
867 2124 1011 2159 reliquimus

222 2169 317 2200 omnia,
341 2172 364 2196 et
377 2169 474 2204 sequuti
487 2177 572 2196 sumus
585 2173 617 2200 te,
629 2169 689 2204 quid
702 2169 748 2196 erit
770 2169 863 2196 nobis?
878 2169 1014 2204 respondit

223 2214 263 2242 cis
275 2214 398 2242 Christus
413 2222 419 2240 :
438 2214 563 2242 Scdebitis
579 2223 654 2249 super
667 2215 798 2241 duodecim
812 2215 926 2248 thronos,
945 2216 1014 2250 judi~

223 2264 308 2286 cantes
328 2259 460 2286 duodecim
479 2260 557 2287 tribus
571 2259 765 2295 Israel(Matt/t.
780 2260 940 2296 {9.27.28).
952 2261 1015 2289 llaec

226 2311 306 2339 porro
320 2304 436 2339 prtemisi
447 2325 454 2337 ,
470 2310 499 2332 ut
512 2313 572 2333 cum
594 2305 680 2340 ipsum
695 2313 743 2340 pro
756 2306 894 2333 conservis
906 2308 1014 2334 anxium

225 2351 370 2379 ostendero
382 2372 389 2384 ,
403 2359 437 2378 ne
458 2351 531 2379 dicas
545 2351 633 2386 ipsum
654 2352 706 2379 sibi
724 2351 855 2379 timuisse.
875 2352 1014 2385 Quomodo

225 2397 297 2424 enim
318 2397 469 2430 timuisset,
484 2402 624 2433 postquam
639 2399 661 2425 is
681 2397 726 2432 qui
741 2397 825 2433 ipsum
839 2402 1016 2425 coronaturns

225 2448 299 2476 erat,
314 2443 474 2472 sententiain
496 2444 593 2472 tulerat
612 2443 648 2471 de
670 2443 768 2471 corona
792 2449 820 2472 et
839 2444 872 2472 de
899 2445 1016 2480 praemiis

176 2513 185 2520 ,
226 2490 277 2525 ipsi
293 2489 464 2517 conferendis
476 2490 488 2516 Ï„
502 2490 550 2517 llic
566 2490 655 2524 itaque
668 2489 778 2522 Petrus,
792 2491 837 2525 qui
851 2489 938 2518 omnia
953 2491 1016 2518 reli-

227 2539 332 2569 querat,
350 2535 394 2570 qui
408 2535 559 2563 confidebat
570 2535 603 2563 de
618 2544 699 2572 regno
713 2536 838 2563 ctelorum
850 2557 858 2569 ,
873 2536 1017 2564 aecedcnte

229 2582 374 2617 aliquando
393 2582 476 2610 divite
491 2583 605 2617 quodam
617 2604 624 2615 ,
641 2591 671 2610 ac
683 2583 789 2611 dicente
816 2583 865 2618 ipsi
888 2582 996 2610 Christo
1007 2603 1015 2615 ,

230 2629 298 2662 Quid
318 2630 410 2663 iaciam
433 2634 461 2656 ut
484 2635 560 2656 vitam
581 2635 699 2657 wternam
725 2630 859 2657 hereditate
881 2638 1018 2665 consequar

228 2675 336 2710 (Matth.
352 2675 396 2703 l9.
414 2675 480 2710 l6)?
495 2683 553 2703 cum
566 2676 748 2710 respondisset
760 2677 785 2703 ei
797 2675 928 2705 Christus.
942 2677 1018 2704 Sinis

228 2723 353 2757 perlectus
365 2730 426 2756 esse,
439 2723 511 2756 vade,
528 2725 605 2750 vende
617 2723 701 2750 omnia
715 2731 770 2755 quae
783 2723 867 2756 habes,
880 2729 902 2750 et
916 2723 950 2750 da
957 2732 1018 2759 pau-

230 2769 339 2806 peribus,
354 2773 377 2796 et
389 2771 454 2802 veni,
468 2778 570 2803 sequere
584 2778 622 2796 me
635 2769 715 2804 (Ibid.
731 2778 755 2797 Ï….
767 2769 826 2803 Si);
841 2769 935 2797 deinde
954 2769 996 2797 ubi
1008 2789 1016 2802 ,

232 2815 276 2842 illo
303 2816 408 2844 tristitia
433 2817 550 2850 affecto,
575 2817 695 2844 Christus
724 2816 862 2851 discipulis
893 2816 1016 2849 dixerat.

235 2862 321 2891 Videte
344 2873 417 2900 quant
438 2865 538 2900 difï¬cile
558 2865 645 2892 dii-im
667 2863 840 2899 ingrediantur
862 2865 887 2891 in
914 2871 1016 2898 regnum

562 128 592 156 S.
611 126 749 156 JOANNIS
766 121 1004 153 CHRYSOSTOMI
1023 122 1182 152 ARCHIEP.
1195 125 1458 156 CONSTANTINOP.

1788 132 1847 160 276-

1049 179 1168 208 cctorum
1179 189 1188 208 :
1199 190 1282 217 amen,
1293 192 1366 211 amen
1381 185 1438 212 dico
1451 187 1517 214 vobis
1531 207 1538 219 ,
1554 189 1656 224 [acilius
1669 195 1706 217 est
1718 196 1842 219 camelum

1052 235 1096 262 per
1118 229 1232 263 foramen
1256 238 1316 258 acus
1339 232 1454 267 ingredi,
1472 241 1547 268 quam
1565 235 1667 263 diuitem
1689 238 1716 264 in
1738 246 1841 273 regnum

1051 273 1099 301 Dei
1120 274 1226 310 (Matth.
1248 277 1291 305 l9.
1315 277 1362 312 24)
1378 287 1385 305 :
1399 277 1503 307 Petrus
1518 281 1649 310 bonorum
1673 285 1842 318 possessione

1051 328 1166 355 vacuus,
1182 323 1226 358 qui
1241 323 1274 351 de
1296 332 1378 359 regno
1400 326 1565 360 conï¬debat,
1579 329 1624 363 qui
1642 329 1677 357 de
1695 337 1742 358 sua
1757 332 1842 360 salute

1052 374 1104 394 non
1135 368 1262 401 timebat;
1291 371 1390 398 certior
1424 371 1509 400 factus
1534 373 1568 401 de
1589 373 1692 403 honore
1713 376 1763 404 sibi
1788 377 1841 405 illic

1052 413 1192 447 reposito,
1220 413 1262 441 his
1285 415 1382 444 auditis
1405 417 1526 451 dicebat,
1558 419 1620 452 Quis
1645 422 1734 455 poterit
1758 424 1843 450 salvus

1052 465 1106 485 esse
1119 458 1200 493 (Ibid.
1215 468 1239 487 Ï…,
1255 460 1301 496 25)
1314 460 1326 488 â€˜i
1337 461 1404 494 Quid
1421 462 1497 490 times
1509 484 1516 496 ,
1533 471 1550 491 Î¿
1572 465 1648 493 beate
1663 467 1760 494 Petre.â€™
1780 469 1841 503 quid

1053 506 1175 533 vereris?
1187 507 1250 542 quid
1273 508 1405 543 trepidas?
1426 509 1519 538 Omnia
1540 511 1678 546 abiecisti,
1696 514 1786 541 omnia
1800 515 1842 542 di-

1053 551 1148 579 misisti
1161 560 1168 584 ;
1183 552 1216 579 de
1230 553 1356 581 divitibus
1369 559 1410 582 est
1423 563 1525 589 sermo,
1539 558 1610 592 quod
1625 558 1722 586 dicitur
1737 560 1842 588 illorum

1054 600 1096 624 est
1115 598 1250 626 accusatio
1265 607 1275 626 :
1287 604 1314 626 tu
1328 607 1392 628 vero
1407 601 1432 628 in
1446 608 1603 637 paupertate
1617 609 1644 631 et
1661 605 1749 640 inopia
1762 607 1842 634 vitam

1054 642 1122 677 agis.
1137 642 1245 677 Verum,
1263 645 1347 680 inquit
1359 646 1404 674 ille
1415 667 1422 678 ,
1434 655 1487 674 non
1502 656 1532 676 ea
1548 657 1607 684 qua:
1623 650 1656 677 ad
1669 659 1711 678 me
1723 658 1845 686 spectant

1054 688 1173 721 attendo,
1187 689 1234 716 sed
1249 691 1362 719 aliorum
1380 693 1521 721 utilitatem
1543 703 1644 730 quaero.
1662 697 1726 725 ldeo
1740 698 1774 726 de
1788 701 1844 727 suis

1056 734 1137 762 rebus
1163 735 1260 764 ï¬ducia
1280 737 1391 772 plenus,
1405 739 1439 767 de
1453 740 1565 768 aliorum
1588 743 1673 771 salute
1691 745 1844 775 sciscitabaâ€”

1055 784 1108 814 tur,
1121 780 1223 816 dicens,
1232 783 1295 817 Qui:
1307 789 1387 820 potest
1398 786 1482 814 natm
1492 795 1544 814 esse
1551 789 1564 815 .9

1091 827 1118 854 5.
1133 827 1231 856 Paulus
1245 830 1276 856 de
1288 836 1444 865 posterorum
1458 833 1590 862 animabus
1607 835 1738 864 sollicitus.
1750 853 1785 858 ~â€”-
1796 839 1842 867 Vi-

1056 874 1146 903 distin'
1160 878 1342 912 apostolorum
1366 880 1570 909 sollicitudinem
1581 882 1594 908 â€˜i
1608 885 1742 917 quomodo
1763 894 1844 914 unum

1056 921 1111 949 sint
1129 925 1248 958 corpus?
1262 924 1379 952 vidistinâ€˜
1399 933 1452 960 quo
1467 932 1545 961 pacto
1565 933 1591 955 et
1606 936 1654 963 pro
1669 931 1846 964 praesentibus

1057 973 1083 995 et
1095 975 1143 1003 pro
1156 968 1250 996 futuris
1262 970 1368 998 timeret
1381 971 1496 999 Petrus?
1507 972 1551 1000 Sic
1563 974 1643 1001 etiam
1657 975 1763 1003 Paulus.
1776 976 1846 1010 Qua-

1058 1018 1167 1049 propter
1181 1015 1285 1044 dicebat
1301 1025 1308 1042 :
1327 1016 1441 1051 Scitote,
1466 1019 1534 1053 quod
1552 1019 1578 1046 in
1599 1021 1738 1048 novissimis
1760 1023 1846 1050 diebus

1057 1065 1129 1087 erunt
1149 1066 1262 1097 tempora
1276 1064 1363 1098 gravia
1376 1064 1421 1099 (2.
1433 1064 1500 1092 Tim.
1513 1066 1539 1093 5.
1554 1066 1597 1101 1).
1619 1067 1734 1103 ldipsum
1750 1070 1803 1104 agit
1820 1075 1846 1097 et

1058 1106 1131 1134 alibi.
1145 1108 1258 1141 Quando
1272 1109 1344 1136 enim
1360 1117 1394 1137 ex
1408 1110 1470 1137 Asia
1484 1111 1649 1140 discessurus
1662 1121 1728 1145 erat,
1744 1119 1771 1141 et
1793 1115 1847 1142 llo-

1058 1160 1128 1180 mani
1143 1153 1335 1188 departandus,
1351 1155 1466 1191 indeque
1480 1156 1506 1184 in
1520 1158 1617 1185 cmlum
1631 1159 1845 1187 transferendus:

1058 1205 1131 1225 mors
1146 1199 1244 1234 quippe
1258 1205 1411 1227 sanctorum
1425 1209 1498 1229 mors
1509 1210 1562 1230 non
1575 1208 1632 1236 est,
1649 1204 1694 1231 sed
1710 1206 1847 1233 translatio

1057 1250 1073 1270 a
1089 1248 1158 1271 terra
1172 1244 1198 1271 in
1214 1245 1307 1272 cadum
1320 1266 1327 1278 ,
1345 1253 1360 1273 a
1375 1246 1552 1275 deterioribus
1566 1248 1599 1275 ad
1613 1249 1737 1283 meliora,
1753 1257 1768 1277 a
1782 1258 1847 1278 con-

1058 1291 1142 1318 servis
1155 1291 1189 1318 ad
1204 1289 1343 1319 Dominum
1353 1313 1360 1325 ,
1380 1293 1414 1320 ab
1428 1293 1579 1322 hominibus
1593 1295 1626 1322 ad
1645 1296 1753 1330 angelos
1768 1307 1774 1323 :
1788 1298 1847 1332 quia

1060 1336 1140 1370 igitur
1151 1336 1272 1364 abiturus
1284 1343 1343 1365 erat
1355 1338 1387 1366 ad
1400 1339 1518 1367 omnium
1532 1340 1671 1368 Dominum
1683 1342 1777 1373 Deum.
1792 1350 1847 1370 0m-

1059 1382 1101 1408 nia
1114 1390 1173 1417 qua:
1186 1383 1218 1410 ad
1232 1383 1318 1418 ipsum
1337 1385 1503 1419 pertinebant
1521 1386 1602 1421 probe
1614 1387 1785 1421 dispensavit.
1802 1389 1847 1415 Et<

1059 1428 1130 1455 enim
1145 1434 1245 1463 quanto
1263 1433 1384 1464 tempore
1397 1438 1456 1458 cum
1471 1432 1607 1466 discipulis
1623 1433 1687 1466 l'uit,
1703 1442 1762 1461 cum
1776 1435 1848 1462 omni

1059 1474 1196 1510 diligentia
1211 1475 1360 1503 doctrinam
1376 1477 1440 1511 ipsis
1455 1478 1608 1513 impertivit.
1624 1486 1655 1506 ac
1667 1479 1733 1507 dixit
1752 1489 1758 1506 :
1773 1480 1849 1507 Munâ€”

1058 1521 1107 1548 dus
1121 1529 1178 1549 sum
1191 1530 1207 1548 a
1221 1523 1343 1557 sanguine
1364 1524 1475 1550 omnium
1491 1523 1565 1559 (Act.
1580 1525 1625 1552 20.
1638 1525 1709 1560 26)Í¾
1731 1526 1849 1561 nihilque

1061 1569 1235 1602 praetermisi,
1250 1569 1344 1604 inquit,
1364 1577 1456 1597 eorum
1475 1578 1534 1605 qua:
1551 1571 1584 1598 ad
1604 1572 1715 1607 salutem
1735 1572 1848 1600 admini-

1060 1614 1169 1641 stranda
1189 1619 1275 1642 erant.
1299 1615 1367 1649 Quid
1389 1615 1490 1651 igitur?
1514 1621 1652 1652 postquam
1674 1625 1720 1644 sua
1744 1618 1770 1645 in
1794 1623 1850 1646 tuto

1061 1661 1254 1693 collocaverat,
1277 1670 1337 1689 cum
1360 1663 1478 1690 accusari
1501 1671 1517 1691 a
1538 1663 1651 1691 Domino
1673 1672 1725 1692 non
1749 1671 1848 1700 posset,

1061 1706 1130 1734 circa
1152 1714 1183 1734 ea
1204 1715 1263 1742 quae
1285 1708 1317 1734 ad
1339 1708 1400 1735 vita:
1414 1715 1469 1735 suae
1491 1714 1594 1744 tempus
1617 1710 1801 1745 pertinebant,
1817 1719 1850 1738 an

1062 1752 1179 1787 neglexit
1191 1753 1297 1780 animas
1310 1757 1368 1788 post
1383 1753 1502 1782 futuras?
1516 1754 1687 1790 Nequaquam
1700 1765 1706 1783 Îµ
1719 1756 1765 1783 sed
1776 1757 1850 1791 quasi

1062 1797 1095 1825 de
1111 1797 1164 1825 illis
1176 1798 1256 1825 etiam
1271 1799 1401 1827 rationem
1416 1799 1541 1832 daturus,
1555 1800 1593 1828 sic
1609 1805 1636 1828 et
1651 1801 1694 1828 illa
1706 1809 1768 1828 cum
1779 1802 1851 1828 omni

1062 1844 1231 1872 accuratione
1244 1844 1312 1872 dixit
1323 1845 1372 1878 cis,
1386 1850 1414 1873 et
1428 1845 1496 1880 haec,
1509 1854 1569 1880 qum
1581 1854 1635 1880 jam
1651 1847 1779 1882 legemus,
1792 1855 1852 1874 vcr-

1062 1889 1095 1917 ba
1109 1889 1263 1923 :Attendite,
1278 1891 1373 1925 inquit,
1387 1890 1455 1918 vobis
1469 1892 1528 1926 ipsis
1539 1896 1562 1919 et
1575 1893 1689 1919 uniuerso
1699 1894 1770 1927 gregi
1782 1894 1850 1927 (Aet.

1062 1934 1108 1962 20.
1121 1934 1187 1972 28).
1202 1935 1324 1964 Vidistin'
1343 1941 1470 1971 quantum
1491 1937 1598 1964 illorum
1613 1938 1689 1965 sollic
1701 1937 1791 1965 tudine
1803 1939 1851 1965 de-

1063 1982 1168 2009 vinctus
1182 1983 1275 2010 esset?
1297 1982 1362 2010 Nain
1384 1983 1480 2018 singuli
1500 1988 1620 2011 nostrum
1640 1992 1699 2019 quae
1722 1992 1769 2012 sua
1792 1990 1853 2012 sunt

1063 2033 1172 2062 curant,
1189 2029 1237 2065 ille
1247 2036 1310 2056 vero
1324 2029 1482 2064 praepositus
1502 2038 1562 2064 quas
1583 2030 1616 2056 ad
1638 2037 1731 2057 omnes
1751 2035 1853 2065 specta-

1064 2073 1138 2101 bant.
1162 2074 1340 2107 Quamobrem
1361 2074 1396 2102 de
1417 2074 1572 2103 doctoribus
1595 2076 1632 2102 ait
1651 2084 1656 2101 :
1680 2075 1730 2107 Qui
1751 2065 1854 2110 Ï…á¿á¿‡á¼·Î¹Î±Î·Î¹

1065 2127 1139 2154 super
1152 2120 1249 2147 animus
1263 2126 1356 2147 vestras
1366 2141 1374 2153 ,
1397 2129 1467 2153 quasi
1481 2121 1604 2148 rationein
1616 2123 1740 2148 reddituri
1756 2122 1851 2157 (Hebr.
1885 2135 1889 2141 Î½-

1066 2166 1109 2193 ia.
1127 2166 1159 2192 l7
1172 2166 1190 2197 ).
1207 2165 1385 2194 Formidabile
1397 2174 1490 2194 revera
1506 2167 1630 2196 iudiciuin
1642 2187 1649 2197 .
1665 2175 1723 2194 cuni
1740 2176 1788 2201 pro
1802 2173 1853 2194 tam

1066 2211 1166 2246 ingenti
1179 2212 1276 2246 populo
1289 2213 1404 2239 rationes
1418 2217 1481 2239 sunt
1494 2212 1637 2240 reddendas
1652 2221 1658 2240 :
1673 2213 1730 2245 sed,
1744 2217 1769 2240 ut
1783 2213 1854 2239 dice-

1066 2258 1127 2285 bam
1137 2278 1144 2290 ,
1161 2259 1225 2292 ipsis
1237 2258 1329 2285 accitis
1341 2259 1379 2285 ait
1391 2267 1398 2285 :
1410 2259 1537 2286 Attendite
1548 2259 1616 2286 vobis
1630 2259 1690 2293 ipsis
1706 2265 1728 2285 et
1742 2261 1857 2286 universo

1066 2305 1146 2339 gregi,
1167 2305 1193 2330 in
1213 2312 1262 2339 quo
1281 2312 1323 2331 vos
1343 2304 1455 2336 Spiritus
1475 2310 1577 2332 sanctus
1597 2307 1681 2338 posuit
1701 2310 1813 2338 pastores
1834 2312 1857 2333 et

1067 2351 1198 2384 episcopos
1211 2350 1277 2384 (Act.
1289 2349 1333 2376 â€˜20.
1346 2350 1403 2384 28).
1424 2349 1492 2382 Quid
1512 2349 1609 2377 factum
1622 2352 1684 2377 est?
1704 2358 1752 2378 cur
1767 2351 1857 2378 horta-

1067 2396 1126 2424 ris?
1147 2405 1180 2423 an
1200 2397 1261 2431 quid
1283 2404 1362 2431 grave
1377 2397 1528 2431 prtevides?
1542 2404 1576 2424 an
1597 2397 1660 2432 quid
1675 2399 1771 2424 durum
1794 2406 1856 2432 pro-

1068 2442 1148 2477 spicis
1159 2444 1170 2468 ?
1182 2450 1214 2469 an
1230 2443 1299 2477 quod
1320 2443 1464 2473 periculum
1479 2443 1609 2475 imminet,
1625 2451 1658 2470 an
1674 2451 1733 2477 qua:
1747 2445 1857 2470 calauti-

1070 2493 1122 2519 tas,
1136 2496 1169 2515 an
1191 2488 1312 2515 bellum?
1336 2488 1391 2520 Dic,
1414 2496 1524 2520 quaeso:
1541 2495 1601 2515 nam
1622 2488 1700 2515 altior
1717 2489 1794 2516 nobis
1807 2496 1856 2516 es:

1069 2543 1119 2562 nec
1132 2535 1271 2568 prmsentia
1283 2534 1363 2562 modo
1373 2535 1456 2566 vides,
1468 2535 1515 2562 scd
1528 2535 1606 2562 etiam
1618 2535 1704 2562 futura
1717 2536 1854 2570 przevidcs.

1071 2580 1121 2609 Dic
1131 2579 1210 2614 igitur
1221 2589 1270 2609 cur
1280 2581 1336 2609 haec
1349 2582 1487 2616 prmcipias
1500 2585 1526 2609 et
1539 2581 1665 2609 horteris.
1679 2581 1750 2615 Scio,
1764 2583 1857 2616 inquit,

1069 2633 1136 2664 quod
1149 2633 1206 2662 post
1223 2629 1397 2656 discessionem
1416 2636 1497 2655 nteant
1511 2629 1640 2654 intrabunt
1654 2636 1680 2654 in
1692 2635 1792 2662 gregem
1805 2629 1858 2662 lupi

1070 2682 1158 2709 graves
1173 2673 1252 2709 (Ibid.
1266 2682 1290 2701 Ï….
1301 2673 1357 2705 29).
1374 2673 1465 2700 Viden'
1478 2673 1549 2708 quod
1562 2672 1700 2706 dicebant,
1725 2673 1861 2708 quomodo

1070 2729 1124 2748 non
1139 2721 1172 2748 de
1186 2721 1220 2748 iis
1232 2721 1318 2748 silum
1333 2721 1378 2755 qui
1392 2727 1441 2748 suo
1456 2725 1576 2755 tempore
1589 2724 1667 2747 erant
1680 2721 1775 2748 anxius
1788 2724 1859 2747 esset

1070 2773 1098 2795 ct
1122 2768 1236 2798 timeret,
1257 2767 1303 2794 sed
1319 2767 1398 2794 etiam
1423 2766 1456 2793 de
1478 2766 1511 2793 iis
1525 2767 1569 2801 qui
1585 2770 1644 2799 post
1667 2764 1856 2793 discessionem

1071 2814 1153 2848 ipsius
1168 2813 1248 2840 futuri
1262 2818 1346 2840 erant.
1369 2811 1504 2839 Intrabunt
1517 2813 1585 2839 enim
1599 2813 1653 2844 Î¹Î¹Î¹Ïá½¶
1663 2832 1669 2842 ,
1684 2812 1769 2845 inquit
1782 2819 1788 2843 ;
1810 2817 1857 2837 nc-

1073 2868 1124 2896 que
1145 2859 1317 2894 simpliciter,
1336 2858 1421 2894 Lupi,
1437 2858 1484 2887 sed
1498 2858 1578 2886 etiam
1598 2856 1664 2892 Lupi
1685 2864 1788 2892 graves,
1808 2864 1858 2884 non
