2074 3126
162 175 217 203 275

162 236 212 262 καὶ
228 234 284 269 τῆς
293 235 470 267 συντελείας
481 233 533 261 τοῦ
544 233 669 267 αἱῶνος;
683 231 760 265 Εἶδες
771 234 912 265 κάκείνους
922 233 991 268 ὑπὲρ

161 280 213 314 τῆς
229 278 384 309 συντελείας
402 277 449 305 τοῦ
474 277 570 307 αἰῶνος
585 277 755 313 ἐρωτῶντας,
781 278 826 304 καὶ
847 277 918 312 ὑπὲρ
939 277 993 303 τῶν

164 323 302 358 ἐσομένων
323 322 475 357 ἀνθρώπων
495 321 701 356 φροντίζοντας;
719 322 756 348 Οὐ
776 322 829 356 γὰρ
847 321 881 347 τὰ
891 321 994 347 ἑαυτῶν

163 366 264 402 ὁρῶσιν
278 367 303 392 οἱ
316 365 470 397 ἀπόστολοι,
487 365 554 392 ἀλλὰ
570 365 603 392 τὰ
618 365 672 392 τῶν
684 365 769 392 ἄλλων
784 365 831 391 καὶ
841 366 917 400 κοινῇ
929 364 988 391 πάν-

163 420 210 444 τες
229 412 277 438 καὶ
302 411 355 447 ίδίᾳ
377 410 501 445 ἕκαστος.
527 410 556 436 'O
576 408 622 436 οὖν
646 410 748 445 Πέτρος
762 411 776 436 6
789 411 932 445 κορυφαῖος
948 408 994 435 τοῦ
1011 434 1019 451 λ.

165 456 259 492 χοροῦ,
270 455 301 482 :6
313 455 399 490 στόμα
412 455 467 481 τῶν
481 454 637 481 ἀποστόλων
652 454 789 487 ἁπάντων,
802 455 818 489 ἡ
831 453 935 488 κεφαλὴ
947 454 996 488 τῆς

166 499 282 536 φατρίας
297 499 414 533 ἐκείνης,
429 500 443 525 6
456 499 505 533 τῆς
522 498 682 533 οἰκουμένης
700 498 809 533 ἁπάσης
830 497 994 533 προστάτης,

165 545 181 570 6
197 543 321 578 θεμέλιος
338 543 388 578 τῆς
405 542 577 576 Ἐκκλησίας,
589 543 603 568 ὀ
616 541 715 576 θερμὸς
728 540 844 576 ἐραστὴς
860 540 907 566 τοῦ
928 540 992 574 Χρι-

168 587 249 614 στοῦ·
270 586 371 621 Πέτρε,
391 585 455 621 γὰρ,
473 586 550 621 φησὶ,
567 585 663 619 φιλεῖς
680 593 719 619 με
742 584 847 611 πλεῖον
866 583 996 615 τούτων;

167 631 217 658 Διά
227 630 306 657 τοῦτο
315 630 387 664 λέγω
398 629 433 656 τὰ
444 628 579 664 ἐγκώμια,
596 628 639 655 ἵνα
656 628 758 663 μάθητε
773 628 813 654 ὅτι
832 629 915 659 ὅντως
925 627 997 661 φιλεῖ

166 675 213 701 τὸν
228 674 358 710 Χριστόν·
374 672 421 699 τοῦ
443 673 497 708 γὰρ
513 673 553 703 είς
572 672 617 698 τὸν
633 672 770 707 Δεσπότην
787 672 896 707 φίλτρου
914 671 930 706 ὴ
945 679 997 705 κη-

167 717 279 753 δεμονία
293 717 347 743 τῶν
359 716 458 743 δούλων
471 715 619 751 τεκμήριόν
639 716 697 742 ἐστι
719 715 856 750 μέγιστον.
876 714 931 741 Καὶ
947 715 996 741 οὐκ

168 761 224 795 ἐγὼ
242 760 328 788 ταῦτα
352 759 433 794 λέγω,
457 759 515 786 ἀλλ’
533 759 613 790 αὐτὸς
634 760 648 785 6
666 758 824 793 φιλούμενος
840 758 977 792 Δεσπότης
989 765 996 772 ·

168 806 205 832 El
220 804 316 838 φιλεῖς
336 811 383 838 με,
398 803 474 838 φησὶ,
493 802 630 837 ποίμαινε
650 802 686 829 τὰ
699 802 829 837 πρόϐατά
841 810 911 835 μου.
923 800 998 827 Ἴδω-

170 856 220 884 μεν
236 846 282 875 οὖν
303 847 387 879 ὅντως
411 848 435 873 εί
457 847 584 882 ποιμένος
607 845 682 882 [283]
699 846 754 881 ἔχει
774 845 950 881 προστασίαν,
973 845 998 871 εί

168 892 253 923 ὅντως
268 891 439 927 κηδεμονίαν,
453 891 476 917 εί
491 891 574 922 ὅντως
589 891 662 924 φιλεῖ
680 890 714 917 τὰ
730 889 862 925 πρόϐατα,
876 890 899 915 εἰ
914 888 997 920 ὅντως

169 934 348 969 φιλόστοργός
365 934 423 959 ἐστι
438 932 502 968 περὶ
514 933 563 967 τὴν
579 932 705 967 ποίμνην,
731 932 773 958 ἵνα
797 931 997 966 καταμάθωμεν

168 978 210 1004 ὃτι
229 978 276 1005 καὶ
291 977 336 1004 τὸν
351 977 469 1012 ποιμένα
485 977 573 1011 φιλεί-
591 976 672 1003 τοῦτο
689 975 743 1010 γὰρ
762 975 865 1002 ἐκείνου
887 975 998 1010 σημεῖον

169 1022 270 1058 ἔφησεν
286 1018 365 1048 εἶναι.
377 1017 460 1052 Οὗτος
479 1020 567 1047 τοίνυν
580 1021 594 1046 6
613 1019 714 1055 Πέτρος
730 1019 837 1046 ἅπαντα
854 1019 934 1054 ῥίψας
948 1019 998 1045 ὅσα

169 1063 237 1100 εἶχε,
251 1065 281 1091 τὸ
293 1065 409 1096 δίκτυον,
426 1064 461 1091 τὰ
477 1064 506 1090 ἐν
518 1063 556 1099 τῷ
573 1063 658 1098 πλοίῳ
673 1064 771 1095 πάντα,
794 1064 841 1090 καὶ
857 1063 936 1097 ἀφεὶς
949 1062 998 1098 τὴν

169 1109 313 1141 θάλατταν,
327 1109 375 1144 τὴν
387 1108 494 1144 τέχνην,
514 1108 563 1142 τὴν
575 1107 672 1134 οἰκίαν.
686 1107 792 1142 Μὴγάρ
804 1106 836 1142 δὴ
847 1106 925 1133 τοῦτο
939 1105 998 1132 ἴδω-

171 1161 232 1187 μεν,
247 1153 288 1180 ὅτι
303 1152 382 1186 ὀλίγα
394 1151 492 1184 ταῦτα,
510 1151 566 1177 ἀλλ’
580 1150 620 1176 ὅτι
635 1151 723 1177 πάντα
739 1150 772 1176 τὰ
794 1150 857 1177 δντα
868 1159 874 1167 ·
891 1150 938 1176 καὶ
949 1149 998 1184 τὴν

169 1195 325 1231 προθυμίαν
341 1195 537 1229 ἐπαινέσωμεν.
548 1194 602 1220 Καὶ
611 1193 665 1229 γὰρ
675 1195 691 1228 ἠ
704 1193 738 1220 τὰ
749 1193 795 1220 δύο
810 1193 999 1220 καταϐαλοῦσα

170 1239 286 1274 δηνάρια
309 1239 340 1265 οὐ
363 1238 446 1265 πολὺν
469 1238 548 1272 ὀγκον
583 1237 716 1272 κατέθηκε
745 1237 903 1272 χρημάτων,
931 1235 998 1263 ἀλλὰ

170 1284 255 1310 πολὺν
277 1283 389 1310 πλοῦτον
405 1282 561 1315 ἐπεδείξατο
586 1281 783 1317 προαιρέσεως.
806 1280 932 1315 καθάπερ
953 1280 999 1307 καὶ

170 1323 249 1359 οὗτος
272 1327 301 1354 ἐν
322 1326 405 1361 πολλῇ
438 1325 519 1361 πενίᾳ
544 1325 663 1361 μεγάλην
685 1324 814 1360 εὐπορίαν
847 1323 999 1359 προθυμίας

170 1370 333 1406 παρέσχετο.
356 1369 445 1405 Ὅπερ
460 1368 515 1404 γὰρ
541 1368 626 1403 ἑτέρῳ
648 1367 745 1403 χωρία,
768 1367 815 1393 καὶ
835 1366 997 1401 ἀνδράποδα,

170 1414 220 1440 καὶ
232 1414 378 1448 οἰκήματα,
406 1413 452 1439 καὶ
476 1411 595 1447 χρυσίον,
610 1411 691 1438 τοῦτο
713 1411 809 1446 ἐκείνῳ
831 1410 861 1437 :6
883 1410 998 1448 δίκτυον,

170 1458 220 1484 καὶ
234 1458 251 1493 ἡ
265 1446 392 1488 θάλαττα,
410 1457 458 1483 καὶ
514 1455 606 1491 τέχνη,
622 1455 669 1482 κα)⁵
684 1455 714 1482 :6
731 1454 831 1481 πλοῖον.
856 1454 899 1489 Μὴ
912 1446 1000 1480 τοίνυν

170 1499 251 1526 τοῦτο
263 1499 372 1534 ἴδωμεν,
383 1499 408 1525 εἰ
423 1498 501 1532 ὀλίγα
513 1498 628 1533 ἀφῆκεν,
639 1497 695 1524 ἀλλ’
709 1498 733 1523 εί
748 1497 785 1532 μὴ
800 1497 886 1524 πάντα
900 1497 998 1532 ἀφῆκε.

171 1543 257 1570 Τοῦτο
272 1544 324 1580 γάρ
341 1544 398 1570 ἐστι
408 1543 438 1570 τὸ
451 1542 624 1578 ζητούμενον,
638 1543 688 1569 οὐκ
698 1542 774 1576 ὀλίγα
788 1542 805 1577 ἢ
819 1541 903 1568 πολλὰ
917 1550 997 1567 κατα-

171 1587 269 1620 θεῖναι,
286 1586 354 1614 ἀλλά
375 1587 457 1622 μηδὲν
479 1587 581 1614 ὲλάττω
604 1587 653 1622 τῆς
677 1586 779 1617 οίκείας
794 1585 932 1620 δυνάμεως
943 1586 999 1611 εἰσ-

172 1632 302 1665 ενεγκεῖν.
314 1631 406 1658 Πάντα
419 1630 509 1657 τοίνυν
523 1630 612 1664 ἀφεὶς,
627 1629 674 1656 καὶ
693 1629 818 1665 πατρίδα,
833 1628 880 1655 καὶ
900 1628 998 1660 οἰκίαν,

172 1675 221 1702 καὶ
240 1674 343 1709 φίλους,
361 1675 408 1701 καὶ
430 1675 577 1708 συγγενεῖς,
598 1673 646 1700 καὶ
666 1672 750 1708 αὐτὴν
768 1673 816 1708 τὴν
836 1672 998 1706 ἀσφάλειαν·

172 1718 220 1745 καὶ
245 1717 300 1753 γὰρ
318 1717 364 1744 τὸν
389 1717 474 1753 δῆμον
499 1717 545 1743 τδν
566 1716 709 1743 Ἰουδαϊκὸν
737 1715 825 1751 ἐαυτῷ
850 1715 937 1750 τούτῳ
961 1714 1001 1750 τῷ

171 1760 266 1797 τρόπῳ
276 1760 482 1796 ἐξεπολέμησεψ
494 1760 564 1794 Ἤδη
580 1760 644 1795 γὰρ,
665 1759 740 1795 φησὶ,
756 1758 917 1786 συνέθεντο
934 1759 1001 1785 Ἰου-

172 1805 260 1838 δαῖοι,
275 1804 329 1835 ἐάν
352 1813 397 1836 τις
420 1803 593 1838 ὁμολογήσῃ
608 1802 700 1830 αὐτὸν
718 1802 854 1837 Χριστὸν,
869 1803 1001 1829 ἀποσυν-

172 1848 287 1883 ἀτωτος
296 1847 426 1883 γένηται.
436 1847 516 1874 Ὂθεν
529 1847 616 1882 δῆλον,
629 1847 669 1873 ὄτι
683 1847 732 1873 οὐκ
745 1846 926 1882 ἁμφέὸαλλεν,
942 1846 1001 1873 οὐδὲ

173 1892 302 1918 ἐδεδοίκει
316 1892 380 1927 περὶ
390 1892 440 1926 τῆς
453 1890 590 1926 βασιλείας
606 1890 661 1916 τῶν
677 1889 807 1925 οὐρανῶν,
819 1889 887 1916 ἀλλὰ
899 1889 1001 1924 σφόδρα

173 1936 328 1967 ἐπέπειστο,
351 1935 398 1962 καὶ
413 1935 460 1962 ἀπ’
474 1934 559 1969 αὐτῆς
576 1934 626 1969 τῆς
641 1934 694 1961 τῶν
711 1934 879 1969 πραγμάτων
895 1933 1002 1959 ἀποδεί-

174 1980 252 2012 ξεως,
271 1979 319 2006 καὶ
333 1979 385 2014 1:96
399 1978 447 2014 τῆς
459 1978 513 2005 τῶν
527 1977 694 2012 πραγμάτων
708 1976 869 2010 ἀποδείξεως
885 1976 938 2003 ἀπὸ
952 1977 1001 2011 τῆς

172 2023 220 2050 τοῦ
243 2022 370 2058 Σωτῆρος
392 2023 492 2057 φωνῆς,
509 2022 548 2048 ὅτι
567 2021 764 2057 κληρονομήσει
784 2021 891 2052 πάντως
907 2020 999 2056 αὐτήν.

173 2067 266 2094 Εἰπὼν
277 2067 340 2102 γὰρ,
354 2067 395 2093 ὅτι
410 2065 509 2100 Ἡμεῖς
522 2065 678 2100 ἀφήκαμεν
691 2064 798 2095 πάντα.
811 2064 859 2091 καὶ
873 2064 1002 2097 ἠκολου-

174 2110 310 2146 θήσαμέν
321 2117 381 2143 σοι,
401 2109 430 2136 τί
448 2109 521 2144 ἡμῖν
534 2109 634 2140 ἕσται;
654 2108 789 2144 ἀπεκρίθη
804 2108 896 2139 αὐτοῖς
909 2108 922 2134 6
936 2108 1003 2143 Χρι-

174 2155 247 2186 στὸς.
262 2155 303 2180 ὅτι
317 2152 494 2188 Καθήσεσθε
507 2152 556 2179 ἐπὶ
571 2151 685 2178 δώδεκα
700 2152 834 2186 θρόνους,
849 2151 1003 2186 κρίνοντες

173 2198 228 2232 τὰς
260 2197 373 2234 δώδεκα
404 2195 504 2230 φυλὰς
528 2195 581 2222 τοῦ
609 2195 737 2228 Ἰσραήλ.
765 2194 856 2221 Ταῦτα
884 2194 912 2220 δὲ
937 2203 1002 2220 κατ-

174 2240 322 2272 εσκεύασα,
337 2239 381 2266 ἴνα
402 2239 466 2266 ὃταν
489 2239 566 2272 δείξω
588 2239 667 2265 αὐτὸν
688 2238 846 2272 ἀγωνιῶντα
861 2238 930 2273 ὑπὲρ
948 2238 1002 2265 τῶν

175 2284 337 2316 συνδούλων,
362 2284 399 2319 μὴ
417 2284 496 2318 εἴπῃς
511 2283 551 2309 ὅτι
568 2283 637 2318 ὑπὲρ
657 2282 753 2309 ἐαυτοῦ
776 2282 914 2309 ἐδεδοίκει.
940 2282 1002 2313 Πῶς

173 2328 229 2362 γάρ
243 2327 276 2354 ἂν
287 2327 399 2360 ἔδεισεν,
419 2325 501 2353 αὐτοῦ
524 2325 570 2352 τοῦ
598 2325 737 2361 μέλλοντος
755 2326 835 2352 αὐτὸν
856 2325 1002 2359 στεφανοῦν

174 2371 384 2406 ἀποφηναμένου
401 2371 470 2405 ὑπὲρ
492 2369 539 2396 τοῦ
565 2369 696 2403 στεφάνου
716 2370 763 2396 καὶ
782 2369 836 2395 τῶν
853 2369 1000 2404 βραδείων;

174 2413 258 2446 Οὗτος
270 2415 358 2442 τοίνυν
371 2415 385 2441 6
405 2414 517 2448 Πέτρος,
536 2414 550 2440 6
567 2413 656 2440 πάντα
672 2413 761 2448 ἀφεὶς,
775 2414 788 2439 6
806 2413 915 2448 θαρρῶν
934 2413 1002 2449 ὑπὲρ

174 2461 223 2494 τῆς
235 2458 372 2494 βασιλείας
384 2457 437 2484 τῶν
452 2457 584 2492 οὐρανῶν,
596 2457 787 2492 προσελθόντος
799 2457 862 2483 ποτέ
876 2457 1003 2483 πλουσίου

173 2503 255 2534 τινὸς,
273 2502 321 2529 καὶ
335 2502 456 2533 εἰπόντος
472 2500 511 2537 τῷ
527 2500 644 2537 Χριστῷ,
660 2501 690 2527 Τί
701 2500 816 2533 ποιήσω
834 2500 883 2527 ἵνα
897 2502 1004 2535 κληρο-

173 2547 298 2582 νομήσω
314 2545 391 2581 ζωὴν
412 2545 530 2572 αἰώνιον
537 2553 547 2577 ;
564 2544 611 2571 καὶ
632 2543 678 2570 τοῦ
696 2543 813 2579 Χριστοῦ
834 2543 901 2580 πρὸς
925 2544 1003 2570 αὐτὸν

175 2595 408 2630 ἀποκριναμένου,
432 2594 467 2620 ιιι
485 2593 581 2625 θέλεις
594 2592 706 2625 τέλειος
720 2590 805 2624 εἶναι,
821 2591 926 2626 ὕπατε,
944 2591 1003 2618 πώ-

172 2645 275 2679 λησόν
295 2651 354 2670 σου
377 2643 414 2669 τὰ
433 2641 614 2676 ὑπάρχοντα,
640 2640 689 2667 καὶ
712 2639 765 2672 δὸς
789 2639 926 2674 πτωχοῖς,
955 2641 1002 2667 καὶ

173 2693 264 2726 δεῦρο
294 2692 453 2719 ἀκολούθει
472 2699 537 2726 μοι·
564 2688 623 2717 εἶτα
648 2689 714 2725 πρὸς
737 2689 816 2716 τοῦτο
841 2688 1004 2724 λυπηθέντος

173 2741 289 2771 ἐκείνου,
302 2741 350 2767 καὶ
364 2740 486 2774 λέγοντος
495 2739 552 2770 τοῖς
566 2738 700 2774 μαθηταῖς
714 2738 761 2764 τοῦ
772 2737 1004 2773 Χριστοῦ,’ορᾶτε

173 2789 238 2823 πῶς
256 2789 414 2821 δυσκόλως
427 2788 610 2822 είσέρχονται
625 2788 652 2814 οι
671 2787 810 2813 πλούσιοι
827 2787 871 2819 εις
885 2785 941 2819 τὴν
948 2786 1005 2818 ,ϐα-

172 2838 295 2866 σιλείαν
313 2836 372 2863 τῶν
391 2836 541 2870 οὐρανῶν·
564 2835 654 2870 ἀμὴν,
669 2834 749 2869 ἀμὴν
764 2833 841 2868 λέγω
857 2833 937 2868 ὑμῖν,
960 2834 1004 2860 ὅτι

175 2887 379 2922 εὐκοπώτερόν
392 2887 458 2915 ἐστι
472 2885 606 2921 κάμηλον
614 2885 663 2912 διὰ
675 2884 864 2919 τρυπήματος
875 2884 1001 2918 ῥαφίδος

517 174 551 202 ΙΝ
571 173 685 208 ILLUD,
706 173 774 203 HOC
792 173 938 203 SCITOTE
957 172 1051 208 QUOD
1069 172 1102 201 IN
1118 172 1313 202 NOVISSIMIS
1332 172 1467 208 DIEBUS,
1487 173 1564 203 ETC.

1822 177 1876 205 276

1044 232 1203 264 εἰσελθεῖν,
1222 233 1241 267 ἢ
1265 234 1413 260 πλούσιον
1423 234 1467 266 είς
1478 233 1536 266 τὴν
1544 233 1707 265 βασιλείαν
1720 235 1773 261 τοῦ
1785 237 1857 264 Θεοῦ
1868 247 1873 253 ·

1044 277 1058 302 ὀ
1070 276 1182 311 Πέτρος,
1195 277 1209 302 6
1221 277 1361 311 ἀκτήμων,
1375 277 1390 302 6
1409 276 1517 313 θαρῤῶν
1534 277 1603 312 ὑπὲρ
1617 278 1667 312 τῆς
1687 277 1836 312 βασιλείας,
1863 283 1877 308 6

1045 320 1113 354 ὑπὲρ
1132 320 1182 354 τῆς
1195 319 1291 346 ἑαυτοῦ
1306 320 1342 355 μὴ
1357 319 1483 351 δεδοικὼς
1502 320 1648 355 σωτηρίας,
1664 321 1678 347 ὁ
1694 324 1877 358 πεπεισμένος

1045 362 1138 397 σαφῶς
1153 364 1216 398 περὶ
1229 364 1279 397 τῆς
1296 363 1354 389 ἐκεῖ
1365 363 1439 398 αὐτῷ
1449 363 1633 399 ἀποκειμένης
1647 364 1740 399 τιμῆς,
1758 366 1876 399 ἀκούσας

1044 407 1130 433 ταῦτα
1152 406 1239 440 ἔλεγε·
1266 407 1313 440 Τίς
1331 407 1454 433 δύναται
1474 407 1625 442 σωθῆναι;
1642 408 1675 434 Τί
1699 408 1832 440 δέδοικας,
1854 407 1876 437 ὦ

1047 450 1165 485 μακάριε
1180 450 1287 486 Πέτρε;
1305 451 1331 476 τί
1352 450 1487 486 ἀγωνιᾷς;
1507 451 1533 476 τί
1550 451 1677 486 τρέμεις;
1698 452 1790 479 Πάντα
1803 453 1876 488 E99:-

1044 492 1108 527 ψας,
1125 493 1213 519 πάντα
1239 494 1363 528 ἀφῆκας·
1392 493 1526 528 περὶτῶν
1547 493 1732 521 πλουτούντων
1753 495 1768 521 ὁ
1787 495 1875 530 λόγος,

1046 535 1156 563 ἐκείνων
1181 536 1330 571 κατηγορία
1352 536 1383 562 :6
1397 536 1559 571 λεγόμενον·
1583 537 1614 564 σὺ
1632 537 1661 563 δὲ
1680 538 1708 564 ὲν
1728 539 1808 574 πενίᾳ
1830 540 1877 566 καὶ

1047 579 1225 615 ἀκτημοσύνῃ
1240 580 1370 612 διατελεῖς
1385 580 1449 613 ζῶν.
1466 580 1534 607 Ἀλλ’
1549 581 1579 607 οὐ
1594 581 1625 607 :6
1638 582 1756 616 ἐμαυτοῦ
1772 583 1875 614 σκοπῶ,

1047 624 1141 659 φησὶν,
1155 624 1223 650 ἀλλὰ
1236 624 1282 650 καὶ
1305 623 1335 650 :6
1350 624 1451 659 ἐτέρων
1471 624 1612 659 συμφέρον
1633 625 1715 660 ζητῶ.
1736 626 1786 653 Διὰ
1799 627 1878 653 τοῦτο

1048 668 1118 702 ὑπὲρ
1141 668 1195 693 τῶν
1217 668 1277 694 καθ’
1299 667 1393 693 ἑαυτὸν
1415 667 1532 703 θαρρῶν,
1554 668 1624 703 ὑπὲρ
1643 669 1697 695 τῶν
1719 669 1807 696 ἄλλων
1830 670 1878 705 τὴν

1047 710 1122 746 [284]
1135 710 1229 737 πεῦσιν
1241 711 1399 745 προσήγαγε
1419 710 1515 745 λέγων,
1532 711 1579 743 Τίς
1589 711 1713 739 δύναται
1729 713 1878 746 σωθῆναι;

1082 753 1113 780 ε’.
1123 751 1200 785 Εἶδες
1207 753 1260 779 τῶν
1274 753 1428 780 ἀποστόλων
1441 754 1489 789 τὴν
1500 754 1676 789 κηδεμονίαν;
1688 755 1747 787 πῶς
1757 756 1785 782 ἓν
1799 756 1878 792 σῶμά

1047 797 1132 828 είσιν;
1149 794 1219 828 εἶδες
1233 797 1292 828 πῶς
1306 796 1353 823 καὶ
1368 797 1437 832 ὑπὲρ
1449 798 1503 824 τῶν
1517 799 1658 834 παρόντων
1679 800 1725 825 καὶ
1740 800 1808 836 ὑπὲρ
1824 800 1878 826 τῶν

1049 840 1199 876 μελλόντων
1211 840 1336 867 ἐδεδοίκει
1347 842 1361 867 6
1377 841 1493 876 Πέτρος;
1510 841 1587 868 Οὕτω
1600 843 1647 868 καὶ
1669 844 1684 869 6
1704 843 1817 875 Παῦλος.
1833 845 1878 870 Διὸ

1048 885 1133 919 ἔλεγε·
1159 884 1335 917 Γινώσκετε,
1356 885 1401 912 ὅτι
1421 885 1455 912 ἐν
1470 886 1612 920 ἐσχάταις
1626 887 1749 921 ἡμέραις
1767 889 1877 923 ἐνστή-

1047 937 1152 955 σονται
1172 929 1267 963 καιροὶ
1288 930 1425 963 χαλεποί.
1449 931 1504 956 Καὶ
1528 930 1644 966 ἀλλαχοῦ
1667 932 1695 958 δὲ
1713 932 1792 958 τοῦτο
1807 934 1879 958 ποιεῖ

1048 972 1137 999 πάλιν.
1153 972 1261 1007 Ἐπειδὴ
1270 973 1324 1008 γὰρ
1333 973 1427 1008 ἔμελλε
1437 972 1528 1000 λοιπὸν
1539 974 1703 1008 ἀφίστασθαι
1716 974 1766 1009 τῆς
1774 975 1875 1007 Ἀσίας,

1047 1016 1094 1043 καὶ
1111 1017 1156 1043 ἐπὶ
1170 1016 1219 1052 τὴν
1236 1016 1343 1052 Ῥώμην
1361 1016 1484 1050 ἄγεσθαι,
1498 1017 1545 1044 καὶ
1564 1018 1668 1044 ἐκεῖθεν
1680 1019 1725 1044 ἐπὶ
1739 1019 1783 1045 τὸν
1795 1019 1877 1054 οὐρα-

1047 1059 1092 1086 νὸν
1109 1059 1275 1094 ἀποδημεῖν·
1294 1061 1307 1086 ὀ
1331 1059 1443 1091 θάνατος
1457 1060 1511 1095 γὰρ
1523 1060 1576 1087 τῶν
1593 1061 1677 1094 ἁγίων
1688 1061 1737 1088 οὐκ
1757 1062 1813 1088 ἔστι
1831 1062 1877 1089 θά-

1048 1111 1136 1135 νατος,
1155 1103 1222 1129 ἀλλὰ
1244 1103 1408 1138 μετάστασις
1421 1104 1474 1130 ἀπὸ
1487 1105 1538 1139 γῆς
1552 1105 1592 1136 είς
1608 1105 1732 1140 οὐρανὸν,
1749 1105 1804 1132 ἀπὸ
1822 1106 1877 1132 τῶν

1047 1146 1195 1173 ἐλαττόνων
1211 1147 1250 1177 είς
1269 1146 1304 1172 τὰ
1324 1147 1428 1181 βελτίω,
1451 1147 1505 1174 ἀπὸ
1528 1148 1580 1174 τῶν
1598 1147 1745 1174 συνδούλων
1768 1150 1813 1175 ἐπὶ
1831 1150 1877 1175 τὸν

1048 1190 1195 1225 Δεσπότην,
1208 1190 1262 1216 ἀπὸ
1275 1190 1329 1217 τῶν
1342 1190 1491 1225 ἀνθρώπων
1500 1191 1567 1225 πρὸς
1575 1192 1638 1222 τοὺς
1651 1192 1781 1226 ἀγγέλους
1792 1201 1798 1207 ·
1817 1194 1877 1220 ἐπεὶ

1047 1232 1096 1261 οὖν
1109 1234 1221 1269 ἔμελλεν
1243 1235 1352 1262 ἀπιέναι
1375 1235 1444 1270 πρὸς
1457 1236 1503 1261 τδν
1522 1235 1576 1262 τῶν
1594 1237 1720 1263 ἁπάντων
1740 1238 1877 1274 Δεσπὸτην
1901 1250 1904 1252 ·

1048 1278 1124 1311 Θεὸν,
1143 1279 1189 1304 κα)⁴
1203 1278 1238 1305 τὰ
1252 1278 1312 1305 καθ’
1327 1278 1420 1304 ἑαυτὸν
1434 1278 1522 1305 πάντα
1539 1279 1628 1310 καλῶς
1640 1279 1806 1316 ᾠκονόμησε.
1824 1282 1878 1309 Καὶ

1048 1321 1102 1356 γὰρ
1120 1321 1164 1347 τὸν
1177 1321 1281 1357 χρόνον,
1305 1321 1335 1348 ὃν
1355 1321 1436 1357 συνῆν
1454 1323 1510 1353 τοῖς
1531 1322 1674 1357 μαθηταῖς,
1698 1323 1766 1358 μετὰ
1788 1325 1878 1361 πάσης

1048 1365 1190 1400 ἀκριϐείας
1207 1364 1256 1400 τὴν
1275 1365 1446 1399 διδασκαλίαν
1458 1365 1549 1398 αὐτοῖς
1568 1366 1711 1403 παρέθετο,
1728 1368 1774 1394 καὶ
1790 1368 1876 1403 λέγει’

1049 1409 1184 1443 Καθαρὸς
1199 1409 1256 1443 ἐγὼ
1278 1409 1336 1436 ἀπὸ
1360 1409 1413 1436 τοῦ
1432 1410 1555 1444 αἵματος
1581 1410 1711 1443 πάντων,
1734 1412 1780 1438 καὶ
1803 1413 1878 1439 οὐδὲν

1050 1452 1181 1484 ἐνέλιπον,
1199 1452 1276 1487 φησὶ,
1291 1452 1345 1478 τῶν
1360 1452 1520 1486 ὀφειλόντων
1537 1453 1719 1490 εἰσενεχθῆναι
1739 1455 1805 1490 πρὸς
1826 1464 1878 1482 σω-

1049 1496 1156 1532 τηρίαν.
1178 1496 1211 1522 Τί
1235 1493 1297 1528 οὗν;
1321 1496 1413 1532 ἐπειδὴ
1436 1497 1470 1523 τὰ
1501 1497 1562 1523 καθ’
1584 1498 1679 1525 ἑαυτὸν
1700 1499 1876 1533 ἠσφαλίσατο,

1050 1540 1142 1576 ἐπειδὴ
1157 1540 1328 1574 ἐγκαλεῖσθαι
1339 1541 1389 1566 οὐκ
1407 1540 1522 1576 ἤμελλεν
1536 1541 1589 1567 ἀπὺ
1601 1541 1647 1568 τοῦ
1660 1543 1794 1569 Δεσπότου
1810 1544 1878 1579 ὑπὲρ

1050 1584 1103 1610 τῶν
1120 1585 1179 1610 κατ’
1195 1584 1277 1610 αὐτὸν
1299 1584 1413 1619 χρόνων,
1426 1582 1479 1619 ἆρα
1496 1584 1616 1620 ἠμέλησε
1634 1585 1688 1612 τῶν
1707 1587 1775 1621 μετά
1793 1587 1878 1613 ταῦτα

1049 1628 1160 1663 ψυχῶν;
1174 1627 1305 1663 Οὐδαμῶς
1317 1636 1324 1643 ·
1342 1627 1398 1654 ἀλλ’
1412 1627 1504 1663 ὥσπερ
1519 1627 1622 1663 μέλλων
1637 1629 1683 1655 καὶ
1703 1630 1814 1657 ἐκείνων
1834 1630 1878 1656 εὐ-

1051 1672 1132 1703 θύνας
1147 1672 1269 1707 ὑπέχειν,
1281 1671 1366 1704 οὕτως
1378 1673 1492 1699 κάκεῖνα
1513 1673 1582 1707 μετά
1597 1674 1686 1709 πάσης
1700 1675 1789 1706 αὐτοῖς
1805 1674 1878 1709 λέγει

1049 1717 1099 1751 τῆς
1116 1715 1268 1750 ἀκριόείας,
1284 1716 1331 1742 καὶ
1342 1715 1411 1742 αὐτὰ
1428 1715 1445 1742 ἀ
1461 1716 1541 1742 πάλιν
1560 1716 1759 1753 ἀναγνὼσωμεν
1777 1718 1811 1744 τά
1829 1719 1878 1753 ρή-

1052 1767 1133 1794 ματα·
1149 1759 1325 1793 Προσέχετε,
1343 1760 1435 1795 φησὶν,
1453 1759 1569 1793 ἑαυτοῖς
1591 1760 1639 1786 καὶ
1657 1761 1745 1788 παντὶ
1760 1761 1799 1794 τῷ
1813 1770 1878 1788 ποι-

1048 1802 1134 1837 μνίῳ.
1151 1800 1226 1834 Εἶδες
1251 1803 1309 1834 πῶς
1328 1800 1362 1837 ἦν
1382 1802 1570 1837 συνδεδεμένος
1588 1803 1677 1830 αὐτῶν
1693 1805 1725 1839 τῇ
1741 1805 1878 1839 φροντίδι;

1056 1846 1149 1881 Ὴμῶν
1167 1847 1216 1881 μὲν
1236 1847 1290 1881 γὰρ
1309 1846 1422 1877 ’έκαστος
1435 1846 1468 1872 τὰ
1488 1847 1548 1873 καθ’
1561 1847 1654 1873 ἑαυτὸν
1670 1849 1798 1883 μεριμνᾷ,
1817 1849 1831 1873 6
1850 1849 1879 1874 δὲ

1052 1889 1190 1925 προεστὼς
1206 1890 1241 1916 τὰ
1262 1890 1380 1916 πάντων.
1402 1889 1447 1916 Διό
1467 1899 1533 1925 φησι
1547 1890 1610 1925 περὶ
1630 1890 1683 1917 τῶν
1699 1891 1878 1918 διδασκάλων·

1053 1934 1167 1966 οἵτινες
1188 1933 1395 1967 ἀγρυπνοῦσιν
1416 1932 1492 1968 ὑπὲρ
1519 1933 1578 1960 τῶν
1599 1934 1707 1969 ψυχῶν
1725 1935 1816 1969 ὑμῶν,
1840 1936 1880 1968 ὼς

1051 1978 1145 2012 λόγον
1161 1977 1382 2010 ἀποδώσοντες.
1403 1977 1518 2012 Φοὸερὸν
1537 1977 1619 2009 ὅντως
1639 1978 1669 2004 τὸ
1683 1979 1850 2014 κρυπτήριον
1865 1986 1878 1999 ι

1052 2022 1122 2057 ὑπὲρ
1134 2021 1261 2047 τοσούτου
1282 2020 1367 2055 δήμου
1387 2021 1435 2053 τὰς
1451 2020 1563 2052 εὐθύνας
1583 2021 1706 2056 ὑπέχειν
1730 2022 1798 2054 ἀλλ’,
1812 2023 1880 2057 ὅπερ

1052 2065 1156 2099 ἔλεγον,
1173 2064 1290 2095 καλέσας
1303 2063 1401 2095 αὐτούς
1416 2072 1482 2099 φησι
1492 2072 1499 2079 ’
1515 2065 1681 2099 Προσέχετε
1694 2065 1810 2098 ἑαυτοῖς
1829 2067 1879 2093 καί

1052 2109 1141 2136 παντί
1159 2107 1199 2140 τῷ
1215 2108 1351 2141 ποιμνίῳ,
1369 2108 1404 2134 ἐν
1416 2104 1441 2140 ᾧ
1455 2107 1534 2142 ὑμᾶς
1553 2108 1636 2135 ἔθετο
1654 2108 1687 2134 τὸ
1706 2109 1827 2143 Πνεῦμα
1847 2110 1880 2136 τὸ

1053 2152 1138 2186 ἅγιον
1158 2151 1300 2185 ποιμένας
1321 2150 1371 2176 καὶ
1387 2150 1582 2184 ἐπισκόπους.
1602 2151 1634 2177 Τί
1652 2151 1777 2186 γέγονεν;
1808 2152 1880 2184 τίνος

1053 2196 1144 2223 ἕνεκεν
1160 2195 1317 2230 παραινεῖς;
1334 2194 1370 2229 μή
1384 2203 1410 2220 τι
1424 2195 1541 2229 προορᾷς
1555 2195 1656 2227 δεινόν;
1673 2195 1710 2230 μή
1725 2204 1750 2222 τι
1767 2196 1880 2231 προὸλέ-

1053 2248 1115 2271 πεις
1127 2239 1257 2274 χαλεπόν;
1275 2239 1311 2274 μή
1329 2245 1369 2269 τις
1381 2237 1512 2270 κίνδυνος,
1528 2239 1563 2274 μή
1579 2247 1620 2269 τις
1637 2238 1773 2274 συμφορὰ,
1787 2240 1823 2275 μή
1838 2248 1880 2271 τις

1053 2283 1188 2318 πόλεμος;
1207 2282 1273 2308 Είπέ
1284 2289 1291 2296 ·
1308 2281 1416 2317 καὶγὰρ
1430 2281 1592 2316 ὑψηλότερος
1603 2282 1681 2317 ὴμῶν
1694 2282 1821 2317 ἕστηκας·
1833 2283 1881 2309 καὶ

1053 2327 1083 2353 οὐ
1096 2327 1130 2353 τὰ
1140 2326 1261 2361 παρόντα
1274 2325 1381 2360 βλέπεις
1395 2324 1484 2359 μόνον,
1495 2324 1561 2361 ἀλλὰ
1576 2325 1621 2352 καὶ
1630 2325 1664 2352 τὰ
1675 2325 1806 2361 μέλλοντα
1816 2335 1881 2361 προ-

1053 2372 1128 2407 ορᾷς.
1141 2370 1208 2398 Εἰπὲ
1222 2370 1310 2396 τοίνυν
1327 2369 1398 2400 τίνος
1416 2369 1507 2396 ένεκεν
1522 2369 1721 2404 παραγγέλλεις
1735 2370 1820 2397 ταῦτα
1834 2372 1881 2398 καὶ

1055 2416 1205 2449 παραινεῖς.
1222 2412 1305 2446 οἶδα,
1322 2412 1413 2448 φησὶν,
1426 2412 1470 2439 ὅτι
1476 2413 1551 2447 μετὰ
1563 2413 1620 2447 τὴν
1631 2414 1735 2448 ἄφιξίν
1746 2423 1806 2449 μου
1820 2417 1882 2442 εἱσ-

1052 2459 1229 2486 ελεύσονται
1244 2458 1332 2484 ,λύκοι
1344 2456 1448 2490 βαρεῖς
1461 2457 1503 2489 εὶς
1517 2456 1550 2483 τὸ
1562 2457 1708 2492 ποίμνιον.
1727 2456 1801 2490 Εἶδες
1813 2459 1881 2494 ὅπερ

1053 2503 1156 2537 ἔλεγον,
1167 2502 1224 2533 πῶς
1234 2501 1283 2536 οὐχ
1293 2501 1363 2536 ὑπὲρ
1372 2500 1425 2527 τῶν
1438 2501 1499 2527 καθ’
1507 2501 1602 2527 ἐαυτὸν
1610 2501 1711 2536 χρόνων
1720 2502 1824 2537 ἀγωνιᾷ
1834 2504 1880 2530 καὶ

1053 2548 1155 2575 δέδοικε
1168 2547 1257 2582 μόνον,
1267 2546 1335 2573 ἀλλά
1348 2546 1395 2573 καὶ
1404 2546 1473 2582 ὑπὲρ
1481 2546 1535 2573 τῶν
1547 2546 1615 2580 μετά
1627 2547 1676 2582 τὴν
1686 2546 1776 2581 ἄφιξιν
1787 2548 1879 2581 αὐτοῦς

1054 2591 1288 2619 Εἱσελεύσονται
1302 2590 1356 2625 γὰρ
1368 2590 1465 2622 λύκοι,
1480 2590 1555 2625 φησι·
1568 2590 1616 2617 καὶ
1623 2592 1672 2625 οὐχ
1683 2590 1785 2623 ἁπλῶς,
1794 2591 1880 2624 λύκοι,

1054 2635 1131 2666 ἀλλὰ,
1148 2635 1238 2662 Λύκοι
1245 2633 1361 2668 βαρεῖς,
1376 2632 1420 2668 μὴ
1429 2633 1596 2668 φειδόμενοι
1611 2634 1663 2660 τοῦ
1676 2634 1825 2669 ποιμνίου.
1837 2636 1883 2661 Δι-

1054 2679 1137 2711 πλοῦς
1156 2679 1171 2704 6
1195 2678 1322 2713 πόλεμος·
1337 2677 1455 2704 ἀπουσία
1470 2677 1587 2710 Παύλου,
1606 2678 1652 2704 καὶ
1662 2677 1754 2713 ἔφοδος
1768 2678 1822 2705 τῶν
1834 2679 1882 2705 λύ-
1904 2707 1907 2709 λ

1054 2730 1119 2750 κων”
1129 2722 1189 2749 οὐδὲ
1199 2723 1212 2748 ὀ
1220 2721 1377 2752 διδάσκαλος
1386 2720 1526 2756 πάρεστιν,
1534 2721 1580 2747 καὶ
1587 2721 1611 2747 οἱ
1621 2721 1882 2757 διαφθείροντεςὲπι-

1054 2767 1199 2793 κείσονται.
1210 2766 1264 2792 Καὶ
1282 2765 1377 2792 σκόπει
1396 2764 1562 2800 κακουργίαν
1576 2764 1688 2801 θηρίων,
1700 2766 1747 2793 καὶ
1756 2765 1880 2805 πονηρῶν

1087 2888 1100 2903 ⁸
1112 2887 1152 2913 Sic
1163 2894 1204 2912 ms.
1218 2886 1267 2912 Sed
1275 2887 1340 2911 haud
1352 2886 1425 2912 dubie
1446 2887 1578 2919 legendum
1589 2886 1714 2917 κριτήριον.
