2074 3126
162 191 216 219 977

162 255 295 285 parcentes
318 248 399 285 gregi.
423 247 523 283 Duplex
547 247 645 275 bellum
667 255 675 275 :
698 245 772 274 Pauli
796 245 915 273 absentia
929 250 956 272 et

165 295 282 325 tncursio
296 294 421 331 luporum
436 303 444 322 :
458 294 553 321 doctor
565 301 617 320 non
631 292 733 325 aderit,
747 296 773 319 et
786 296 957 325 corruptores

164 342 351 371 imminebunt.
370 342 409 370 Ac
423 341 557 378 perpende
576 340 694 368 ferarum
709 339 851 373 vafritiem,
867 343 894 366 et
907 338 958 365 im-

165 390 310 425 proborum
330 388 470 416 hominum
484 387 626 415 versutiam
642 395 649 413 :
671 386 817 413 absentiam
840 385 957 412 doctoris

165 435 350 466 observarunt,
364 438 391 462 et
405 438 467 461 tunc
478 440 586 468 gregem
600 431 764 459 invaserunt.
779 430 846 464 Quid
860 427 957 465 igitur?

166 488 216 508 nos
230 480 289 508 sine
304 476 371 508 duce
383 483 411 507 et
425 478 572 514 patrocinio
585 476 697 510 deseris,
714 479 869 510 tantumque
887 472 958 502 cala-

167 526 272 553 mitates
295 524 428 560 przedicis,
451 531 537 559 neque
552 523 633 550 ullam
654 521 787 557 excogitas
799 519 958 548 consolatio-

166 570 248 598 nem?
262 570 360 598 Verum
375 568 398 598 si
411 570 462 597 hoc
474 568 566 600 facias,
578 568 701 595 timorem
714 573 804 602 auges,
817 570 844 593 et
854 565 957 592 animos

166 618 274 653 dejicis,
298 623 396 645 nervos
417 616 550 649 dissolvis,
574 620 654 650 atque
676 620 771 641 manus
784 612 953 641 audientium.

169 663 232 691 Ideo
258 662 335 696 prius
357 661 412 688 illis
431 660 566 695 Spiritum
588 659 814 686 cmnmemoravit
832 666 838 684 :
863 658 896 685 In
909 665 957 693 quo

168 717 212 735 vos
226 708 341 742 Spiritus
355 711 457 734 sanctus
480 707 562 741 posuit
577 711 689 741 pastores
709 712 732 732 et
746 705 876 740 episcopos
889 703 955 737 (Act.

168 755 214 782 20.
228 753 286 790 28).
302 753 413 781 Etiamsi
429 753 526 780 Paulus
539 753 633 784 abeat,
649 752 749 786 inquit,
762 755 789 777 at
805 750 958 778 Paracletus

171 801 257 828 adest.
274 800 366 828 Viden‘
380 799 513 835 quomodo
532 806 623 826 eorum
640 798 725 826 erexit
736 797 852 824 animum
864 816 870 827 ,
889 795 958 822 divi-

169 852 234 874 num
249 852 461 873 commemorans
472 844 621 875 doctorem,
637 842 712 877 cujus
722 849 772 876 ope
787 846 813 868 et
828 841 884 875 ipse
896 839 957 866 dum

170 897 289 926 prasens
298 895 369 918 esset
382 889 487 917 valebat
496 889 508 916 2
518 889 571 916 Cur
586 895 651 923 ergo
666 887 788 915 timorem
802 885 912 920 injecit?
926 884 959 912 Ut

170 936 299 964 desidiam
322 935 480 963 eliminaret.
496 934 644 968 Utrumque
656 933 726 960 enim
742 936 868 967 praestare
881 930 960 958 debet

170 982 194 1009 is
206 981 250 1016 qui
263 980 310 1008 dat
321 980 476 1008 consilium:
489 986 537 1007 nec
551 979 705 1014 permittere
719 982 746 1004 ιιι
760 976 865 1003 auditor
877 974 958 1002 conﬁ-

171 1027 228 1061 dat,
240 1034 273 1054 ne
287 1026 394 1062 segnior
407 1025 518 1058 evadat;
532 1032 618 1059 neque
629 1023 833 1059 perlerreiacere
847 1025 957 1053 tantum,

171 1082 207 1102 ne
228 1074 255 1101 in
277 1073 388 1101 nimium
410 1076 509 1100 metum
532 1071 640 1099 incidat.
665 1068 731 1096 Cum
751 1076 814 1103 ergo
830 1067 959 1102 Spiritum

172 1119 391 1148 commemoravit
404 1139 412 1151 ,
427 1117 556 1146 timorem
568 1115 665 1152 ejecit;
679 1124 742 1143 cum
752 1115 831 1149 lupos
844 1113 958 1145 addidit,

172 1166 312 1202 segnitiem
327 1165 438 1200 depulit.
454 1164 519 1199 Lupi
540 1171 643 1199 graves,
665 1170 715 1189 non
730 1165 859 1196 parcentes
879 1159 958 1195 gregi.

173 1206 301 1239 Attendite
313 1209 391 1238 vobis.
408 1209 483 1237 Nihil
495 1209 617 1241 sublraxi,
631 1208 716 1242 inquit
730 1216 737 1234 τ
749 1214 879 1234 memores
889 1210 960 1234 esto—

175 1262 201 1285 te
217 1257 279 1285 mei.
301 1256 404 1285 Sufﬁcit
418 1256 489 1283 enim
502 1254 575 1282 Pauli
593 1253 719 1281 memoria
732 1253 765 1280 ad
781 1252 901 1279 ﬁduciam
918 1252 959 1279 in-

173 1302 298 1330 dendam.
314 1302 372 1330 Non
388 1300 542 1328 memoriam
557 1300 596 1327 sui
612 1298 694 1333 tangit
708 1299 804 1331 solum,
820 1298 867 1325 sed
879 1298 959 1325 etiam

175 1348 332 1375 memoriam
345 1352 491 1383 gestorum.
502 1345 577 1379 Quod
589 1345 659 1372 enim
672 1352 724 1371 non
738 1344 893 1379 simpliciter
905 1350 961 1371 me-

174 1393 287 1420 moriam
303 1393 343 1420 sui
359 1392 494 1427 postulet:
516 1390 563 1418 sed
576 1395 605 1417 ιιι
625 1389 755 1417 recordati
775 1390 850 1424 ejus,
874 1389 960 1424 ipsum

175 1437 336 1467 imitentur,
360 1435 489 1462 audituro
512 1433 600 1461 cuivis
622 1433 733 1469 subjicit
753 1443 759 1460 :
783 1434 962 1461 Recordamim’

173 1483 222 1508 mei
234 1502 242 1515 ,
258 1482 376 1517 quoniam
398 1490 442 1517 per
456 1482 589 1508 triennium
612 1485 683 1507 nocte
702 1484 725 1507 et
746 1479 787 1506 die
801 1488 851 1506 non
868 1479 962 1506 cessavi

173 1536 231 1554 cum
246 1527 364 1563 lacrymis
376 1532 400 1555 et
412 1527 543 1563 gentilibus
555 1526 606 1553 illis
618 1525 732 1552 omnibus
755 1533 858 1551 monens
871 1532 962 1551 unum-

172 1578 294 1608 quemque
305 1578 413 1600 vestrum
428 1571 495 1608 (Act.
509 1571 553 1599 20.
566 1570 621 1606 5|).
636 1570 692 1598 Non
705 1570 791 1597 solum
805 1568 859 1597 mei
870 1577 961 1596 recor—

173 1618 232 1646 dari
247 1625 294 1646 vos
309 1618 409 1653 cupio;
428 1617 476 1646 sed
495 1617 577 1645 etiam
599 1616 740 1651 temporis,
761 1614 960 1648 admonitionis,

173 1671 264 1697 curre,
288 1663 465 1699 lacrymarum
489 1667 516 1690 et
540 1662 686 1698 gemituum
706 1661 811 1687 illorum
831 1659 960 1687 omnium.

174 1708 404 1744 Quemadmodum
416 1708 487 1736 enim
500 1712 659 1743 aegrotorum
673 1706 787 1742 Cognati,
798 1714 859 1733 cum
872 1705 963 1733 vident

174 1755 235 1782 illos
247 1755 326 1782 dictis
349 1754 403 1782 suis
425 1753 568 1788 multisque
592 1752 699 1779 rnonilis
721 1760 773 1778 ιιοιι
797 1751 892 1778 cedere
912 1757 963 1778 nec

174 1801 315 1829 admittere
329 1801 454 1828 alimenta
469 1805 496 1827 et
517 1799 658 1834 pharmaca
681 1798 758 1833 aegris
771 1798 961 1833 competentia,

175 1848 366 1883 lacrymantur,
386 1851 414 1874 ut
427 1847 490 1874 illos
510 1846 615 1873 facilius
629 1845 735 1873 ﬂectant
750 1854 757 1872 :
772 1845 811 1872 sic
825 1848 851 1871 et
865 1844 963 1871 Paulus

173 1899 236 1928 erga
260 1892 402 1927 discipulos
426 1899 455 1919 se
476 1891 602 1926 gerebat;
625 1899 684 1918 cum
709 1891 815 1918 videbat
835 1890 963 1917 doctrinae

175 1945 325 1966 sermonem
336 1938 369 1965 ad
383 1937 547 1966 suadendum
560 1937 693 1965 inﬁrmum
703 1944 774 1969 esse,
786 1936 961 1971 lacrytuarum

174 1983 305 2011 medelam
320 1983 472 2011 inducebat.

209 2029 236 2058 6.
256 2030 321 2063 Quis
335 2034 424 2058 autem
438 2036 490 2056 non
506 2028 638 2056 reveritus
650 2032 738 2061 esset,
753 2027 863 2055 Paulum
877 2026 962 2063 lacry-

174 2080 290 2103 nantem
302 2083 417 2103 cernens
431 2083 463 2103 ac
478 2079 631 2110 gementem
642 2095 649 2107 ,
664 2073 767 2101 etiamsi
781 2081 859 2100 settsu
879 2073 963 2108 magis

175 2120 320 2149 destitutus
332 2120 445 2154 fuisset,
460 2128 538 2156 quam
554 2119 673 2155 lapides?
696 2119 816 2147 Vidistin’
830 2119 962 2153 quomodo

175 2169 255 2196 etiam
270 2167 324 2195 iltic
338 2166 426 2195 futura
440 2165 611 2201 praedixerit?
627 2165 674 2192 Hic
689 2166 768 2193 etiam
783 2164 896 2198 idipsum
909 2164 963 2199 agit

174 2215 267 2243 dicens
283 2223 290 2240 :
305 2213 362 2242 Hoc
374 2218 457 2241 autem
472 2213 568 2245 scitote,
584 2213 703 2248 quoniam
716 2212 742 2238 in
756 2211 894 2238 novissimis
907 2211 962 2237 die-

173 2263 220 2289 bus
234 2265 307 2289 erunt
321 2265 433 2295 tempore
447 2260 534 2295 gravia
547 2259 586 2294 (2.
601 2258 666 2285 Tim.
678 2259 704 2286 3.
717 2257 754 2293 1).
769 2256 822 2284 Cur
835 2261 921 2283 atttem
936 2256 961 2284 id

174 2307 315 2336 Timotheo
327 2307 385 2339 ait,
409 2314 458 2334 nec
472 2306 536 2333 dicit
553 2315 559 2332 :
575 2305 667 2333 Sciant
690 2304 706 2331 ii
731 2303 775 2338 qui
799 2308 859 2338 post
882 2303 963 2330 futuri

173 2357 245 2385 sunt,
268 2353 325 2380 fore
345 2357 465 2386 tempora
487 2351 599 2387 gravia?
621 2350 666 2378 sed
676 2350 751 2378 Scito
768 2353 812 2382 tu,
833 2353 862 2375 ut
876 2348 962 2376 discas

173 2399 331 2434 discipulum
347 2398 455 2433 perinde
475 2402 554 2432 atque
575 2397 730 2431 magistrum
750 2395 794 2422 illa
809 2394 888 2421 etiam
904 2402 963 2428 qua:

173 2446 260 2474 futura
275 2450 337 2473 sunt
349 2452 453 2473 curare.
467 2444 494 2472 Si
510 2445 582 2472 enim
595 2450 648 2470 non
661 2447 791 2475 curasset,
804 2450 857 2469 non
872 2449 961 2476 parem

173 2491 209 2519 illi
225 2491 431 2519 sollicitudinem
447 2490 626 2525 imposuisset.
647 2489 685 2516 Ita
700 2488 760 2516 fecit
780 2493 804 2515 et
820 2487 940 2515 Christus
955 2495 961 2513 :

173 2537 234 2572 quia
247 2537 319 2565 enim
334 2539 504 2568 accesserant
519 2534 650 2569 discipuli,
665 2533 734 2568 quod
749 2533 848 2560 vellent
861 2540 890 2559 ea
903 2540 962 2566 qum

172 2583 206 2611 ad
220 2582 480 2611 consummationem
497 2581 651 2616 spectabant
674 2580 795 2607 ediscere
807 2600 814 2612 ,
838 2579 875 2606 ait
889 2578 940 2606 illis
956 2587 961 2605 :

173 2629 290 2656 Auditun‘
312 2629 371 2655 estis
386 2628 474 2662 prtelia
490 2625 605 2663 (Matth.
623 2625 668 2652 24.
683 2625 731 2659 6).
748 2624 828 2658 Atqui
850 2632 902 2651 tton
924 2623 962 2650 illi

172 2674 286 2702 audituri
307 2677 394 2702 erant.
413 2673 499 2701 Unum
514 2679 628 2706 namque
651 2675 692 2697 est
713 2677 810 2705 corpus
835 2669 961 2696 ﬁdelium.

172 2721 212 2748 Ac
222 2718 449 2755 quemadmodum
469 2718 486 2745 ii
505 2717 550 2752 qui
565 2721 627 2743 tunc
646 2720 738 2748 erant,
759 2716 793 2742 de
807 2714 962 2749 postfuturis

173 2765 325 2798 audiebant,
337 2766 377 2793 sic
387 2768 415 2792 et
430 2771 479 2791 nos
492 2763 526 2790 de
539 2763 592 2790 illis
604 2762 648 2797 qui
662 2767 723 2789 tunc
737 2755 814 2789 fuere
824 2761 960 2789 discimus.

174 2811 207 2840 Ut
219 2813 289 2840 enim
302 2812 377 2845 dixi,
401 2818 484 2838 unum
498 2816 596 2844 corpus
617 2816 678 2835 curn
700 2808 751 2835 illis
766 2814 873 2840 sumus,
890 2811 962 2833 arcte

173 2863 264 2886 mutuo
275 2858 423 2894 conjuncti,
435 2856 540 2885 etiamsi
552 2860 697 2883 extremam
711 2854 890 2881 membrorum
902 2860 962 2887 par-

173 2909 225 2932 tem
238 2911 399 2940 occupamus
414 2913 421 2931 2
437 2909 586 2938 corpusque
598 2901 649 2929 hoc
663 2907 712 2928 nec
726 2904 829 2934 tempus
842 2902 960 2934 separat,

466 188 499 216 IN
518 183 631 221 ILLUD,
651 186 717 215 HOC
735 183 877 213 SCITOTE
894 184 986 218 QUOD
1006 184 1037 212 IN
1056 184 1242 216 NOVISSIMIS
1260 186 1394 221 DIEBUS,
1414 186 1490 216 ETC.

1744 190 1798 221 278

1012 251 1061 272 nec
1075 245 1148 272 locus
1165 253 1172 271 :
1189 250 1281 273 mutuo
1295 246 1365 274 enim
1379 246 1495 282 colligati
1510 253 1617 280 sumus,
1634 255 1686 275 non
1701 256 1797 276 nervo-

1010 298 1067 317 rum
1081 291 1253 324 circuitibus,
1275 291 1321 319 sed
1338 292 1455 320 caritatis
1474 293 1586 320 vinculis
1602 294 1718 328 undique
1731 300 1798 321 con.

1008 336 1105 363 stricti.
1120 335 1182 364 ideo
1196 340 1223 364 et
1242 337 1300 364 illos
1315 337 1385 365 circa
1399 345 1448 365 nos
1461 338 1620 373 alloquitur,
1634 344 1660 366 et
1675 346 1725 367 nos
1738 348 1797 375 qua:

1008 380 1042 409 ad
1061 380 1122 409 illos
1143 386 1264 416 spectant
1286 382 1434 410 audiamus.
1460 383 1554 418 Opera:
1575 385 1691 419 pretium
1708 389 1750 412 est
1771 391 1797 413 et

1009 425 1072 454 illud
1095 434 1232 462 qumrere,
1247 435 1294 455 cur
1315 428 1411 463 ubique
1434 429 1519 456 tristia
1541 436 1634 457 versus
1655 431 1796 464 prmsentis

1009 472 1070 499 vita:
1095 472 1174 500 ﬁnem
1196 480 1337 501 accessura
1356 474 1438 501 dicat.
1464 475 1568 502 Etenim
1588 474 1649 502 alibi
1663 475 1728 502 dicit
1743 484 1750 502 :
1766 475 1799 503 In

1008 519 1150 545 novissimis
1162 519 1249 546 diebus
1259 519 1386 546 discedent
1398 521 1500 555 quidam
1512 529 1527 547 a
1539 520 1589 555 ﬁde
1601 521 1623 557 (l
1631 521 1712 548 .Tim.
1720 522 1746 549 4.
1755 523 1796 557 1);

1009 567 1037 590 et
1050 563 1092 590 hic
1105 571 1210 591 rursum
1225 565 1262 590 ait
1278 573 1286 591 :
1298 564 1332 591 In
1345 565 1489 592 novissimis
1501 565 1588 592 diebus
1601 571 1674 592 erunt
1686 571 1799 601 tempora

1008 609 1094 643 gravia
1111 608 1156 643 (2.
1171 608 1235 635 Tim.
1251 609 1277 636 5.
1292 610 1304 636 1
1318 612 1337 643 ).
1355 609 1475 637 Christus
1494 618 1600 646 quoque
1621 611 1663 638 his
1683 619 1799 640 consona

1011 655 1192 689 praenuntiant;
1206 656 1294 683 aiebat
1308 665 1314 683 ε
1330 656 1395 684 Nam
1410 656 1444 682 1η
1462 657 1676 684 consummatione
1687 659 1800 685 audituri

1009 701 1067 727 estis
1081 701 1171 735 prwlia
1184 705 1206 727 et
1222 701 1352 735 opiniones
1368 702 1513 735 praeliorum
1524 723 1532 735 ,
1548 707 1570 729 et
1586 704 1666 738 fames
1683 708 1705 730 et
1721 709 1800 738 pestes

1010 745 1122 779 (Matt/1.
1135 746 1180 773 '24.
1192 746 1218 773 6.
1231 746 1273 782 7).
1290 746 1343 774 Cur
1358 754 1421 782 ergo
1436 747 1462 774 in
1479 749 1707 776 consummatione
1723 754 1760 776 tot
1775 755 1801 776 et

1011 794 1091 817 tantae
1103 791 1182 817 simul
1194 791 1378 818 calamitates?
1393 792 1505 825 Quidam
1519 793 1619 826 dicttnt,
1633 793 1799 821 fatiscentem

1010 842 1036 864 et
1051 837 1228 864 inﬁrmanlem
1245 842 1376 871 naturam,
1389 838 1457 865 sicut
1469 846 1566 874 corpus
1578 839 1710 873 quoddam
1726 840 1801 867 senio

1012 881 1162 909 confectum
1177 883 1275 911 multos
1288 883 1398 910 attrahit
1412 883 1529 916 morbos,
1546 885 1584 911 sic
1596 891 1655 910 eam
1669 892 1798 912 conserte-

992 924 996 928 ’
1011 933 1128 955 scentem
1143 928 1239 955 multas
1252 929 1386 956 attrahere
1397 928 1570 956 calamitates.
1585 930 1620 956 At
1633 937 1729 964 corpus
1743 931 1800 964 qui-

1010 973 1071 1000 dem
1091 973 1126 1000 ob
1146 972 1266 1008 corporis
1287 974 1467 1002 inﬁrmitatem
1491 974 1636 1002 secundum
1661 975 1745 1008 legem
1766 975 1800 1002 ad

1011 1019 1115 1047 senium
1137 1020 1231 1047 venit:
1248 1020 1407 1054 pestilentiae
1428 1024 1535 1053 autem,
1562 1020 1649 1052 bella,
1672 1024 1700 1048 et
1724 1025 1801 1048 terra:

1011 1070 1100 1093 motus
1110 1086 1117 1098 ,
1139 1073 1191 1093 non
1206 1065 1240 1093 ob
1254 1069 1355 1093 naturae
1370 1070 1533 1093 senectutem
1556 1066 1687 1093 accidunt.
1710 1065 1802 1101 Neque

1011 1111 1082 1138 enim
1096 1111 1156 1138 ideo
1175 1111 1298 1138 accidunt
1313 1111 1340 1138 lti
1357 1111 1458 1144 morbi,
1473 1110 1544 1145 quod
1566 1117 1695 1139 creaturas
1708 1119 1802 1139 conso~

1011 1161 1121 1184 nescant
1137 1165 1144 1184 :
1160 1156 1253 1183 Fames
1274 1164 1386 1191 nempe,
1409 1157 1568 1191 pestilentia,
1588 1161 1612 1183 et
1632 1161 1704 1183 terra:
1721 1162 1802 1184 motus

1012 1210 1057 1237 per
1068 1202 1123 1229 loca
1136 1210 1145 1229 :
1159 1203 1205 1230 sed
1226 1203 1287 1237 quia
1308 1202 1445 1229 hominum
1464 1203 1568 1229 animos
1580 1203 1715 1237 corrumpi
1731 1204 1801 1229 lutu-

1012 1256 1071 1275 rum
1085 1253 1126 1275 est
1143 1257 1149 1275 :
1167 1248 1224 1276 hmc
1244 1249 1340 1283 quippe
1360 1249 1448 1275 omnia
1470 1252 1532 1275 sunt
1545 1248 1658 1276 ulliOnes
1678 1253 1802 1283 peccato—

1011 1301 1081 1327 rum,
1097 1299 1125 1322 et
1137 1295 1337 1330 egritudinibus
1358 1294 1482 1322 humanis
1496 1294 1624 1322 remedia.
1646 1294 1712 1322 Nam
1727 1296 1803 1330 :rgri-

1014 1339 1118 1367 tudines
1139 1340 1262 1367 humana:
1283 1345 1346 1367 tunc
1366 1344 1505 1375 augentur.
1529 1340 1563 1367 Et
1581 1347 1663 1374 quare
1678 1344 1740 1367 tunc
1753 1348 1802 1367 att—

1012 1386 1130 1421 gentur?
1144 1386 1256 1420 inquies.
1271 1387 1412 1420 Quoniam,
1428 1392 1456 1413 ut
1471 1386 1535 1413 tnilti
1549 1386 1662 1419 videtur,
1674 1386 1801 1421 judicium

1012 1436 1039 1458 et
1053 1438 1138 1466 paena:
1153 1432 1178 1458 in
1198 1431 1351 1458 diulurnutn
1374 1435 1478 1466 tempus
1499 1431 1657 1458 diﬁeruntur
1668 1452 1674 1464 ,
1690 1439 1721 1458 ac
1734 1439 1802 1459 non-

1013 1477 1076 1504 dutn
1098 1477 1206 1504 advenit
1230 1477 1331 1508 Judex,
1357 1477 1401 1511 qui
1425 1478 1555 1504 rationem
1578 1477 1705 1504 reddituri
1730 1482 1801 1511 sunt,

1013 1522 1150 1557 segniores
1165 1523 1289 1549 evadunt.
1307 1522 1334 1549 Id
1350 1522 1420 1557 quod
1437 1524 1516 1549 etiam
1535 1522 1659 1549 Christus
1673 1523 1706 1550 de
1726 1530 1802 1550 servo

1014 1575 1129 1602 nequam
1143 1568 1218 1600 dicit,
1235 1568 1320 1603 ipsum
1336 1568 1396 1595 ideo
1410 1568 1630 1603 negligentiorem
1645 1568 1734 1596 fuisse.
1750 1569 1805 1596 Mo-

1014 1621 1058 1641 ras
1073 1613 1155 1641 trahit
1169 1614 1292 1641 dominus
1307 1621 1392 1647 meus,
1408 1614 1494 1649 inquit
1507 1614 1550 1641 ille
1564 1621 1658 1643 serVus
1669 1635 1678 1648 ,
1692 1614 1806 1649 ideoque

1015 1666 1160 1687 conservos
1174 1660 1346 1693 verberabat,
1369 1664 1396 1687 et
1410 1659 1506 1687 heriles
1520 1659 1660 1688 facultates
1680 1668 1805 1696 pessum-

1013 1705 1102 1732 dabat.
1128 1705 1227 1733 ldcirco
1250 1705 1370 1735 Christus
1393 1706 1579 1733 accedentibus
1601 1706 1751 1742 discipulis,
1773 1712 1804 1734 et

1014 1751 1194 1786 qumrcntibus
1209 1751 1329 1780 ediscere
1344 1752 1412 1779 diettt
1427 1753 1681 1785 consummationis,
1698 1760 1750 1779 non
1765 1752 1806 1780 in—

1014 1797 1130 1831 dicavit,
1146 1803 1175 1825 ut
1188 1797 1335 1825 futurorum
1356 1798 1472 1825 incertos
1485 1806 1534 1826 nos
1547 1798 1654 1826 assidue
1669 1798 1695 1826 in
1710 1798 1806 1826 timore

1014 1847 1113 1876 servet,
1128 1848 1154 1870 et
1168 1841 1265 1878 singuli
1278 1851 1384 1879 semper
1398 1844 1513 1871 futurum
1527 1848 1726 1879 exspectantes,
1738 1849 1765 1872 et
1779 1844 1805 1871 in

1014 1895 1062 1922 spe
1074 1888 1173 1916 Christi
1187 1888 1318 1916 adventus
1332 1894 1485 1923 versantes,
1502 1888 1684 1924 diligentiores
1704 1894 1804 1916 essent.

1014 1934 1077 1962 ldeo
1099 1935 1225 1963 admonet
1243 1935 1375 1971 quispiam
1395 1935 1487 1963 dicens
1504 1944 1510 1962 :
1527 1935 1567 1963 Ne
1580 1935 1683 1968 differas
1696 1935 1806 1962 converti

1014 1981 1048 2007 ad
1058 1979 1206 2013 Dominum,
1227 1989 1304 2016 neque
1316 1986 1441 2016 exspectes
1464 1981 1495 2007 de
1509 1981 1549 2008 die
1562 1981 1587 2007 in
1602 1981 1684 2013 diem,
1698 1989 1729 2007 ne
1741 1982 1806 2016 forte

1015 2027 1077 2054 dum
1092 2027 1191 2060 tardas,
1206 2027 1344 2054 conteraris
1359 2026 1459 2062 (Eccli.
1474 2027 1500 2054 5.
1515 2027 1542 2054 8.
1555 2026 1599 2061 9).
1615 2025 1717 2053 Incerta
1733 2033 1806 2053 mors

1014 2077 1066 2107 est,
1083 2073 1179 2109 inquit,
1194 2078 1221 2101 et
1241 2073 1300 2101 ideo
1322 2073 1436 2106 incerta,
1454 2077 1483 2100 ut
1495 2080 1601 2108 semper
1614 2073 1742 2101 sollicitus
1756 2073 1804 2099 sis.

1015 2118 1182 2153 Quapropter
1194 2118 1262 2145 sicut
1282 2118 1323 2144 fur
1336 2122 1415 2145 noctu
1426 2138 1432 2150 ,
1449 2117 1487 2144 sic
1506 2118 1564 2144 dies
1579 2117 1681 2144 Domini
1696 2109 1783 2144 veniet
1796 2126 1803 2144 :

1016 2171 1068 2191 non
1083 2169 1111 2190 ut
1126 2164 1239 2196 furetur,
1254 2163 1299 2190 sed
1313 2168 1342 2190 ut
1355 2171 1403 2190 nos
1416 2162 1547 2190 cautiores
1560 2162 1663 2190 reddat.
1678 2161 1743 2189 Nam
1759 2163 1804 2196 qtti

1014 2214 1154 2236 venturttm
1170 2209 1255 2236 iurent
1269 2209 1405 2244 praevidet,
1420 2209 1445 2235 in
1460 2208 1556 2243 vigiliis
1570 2208 1633 2243 agit,
1648 2213 1675 2235 ct
1693 2215 1804 2235 accensa

1015 2255 1120 2282 lucerna
1136 2262 1241 2289 semper
1251 2255 1350 2289 vigilat.
1365 2254 1408 2281 Sic
1422 2259 1448 2281 et
1460 2261 1507 2281 vos
1521 2254 1607 2288 itaque
1618 2261 1729 2280 accensa
1742 2253 1805 2280 ﬁdei

1015 2305 1042 2327 et
1054 2300 1118 2327 recti
1129 2300 1189 2327 vitae
1204 2300 1313 2327 instituti
1330 2300 1388 2326 luce
1399 2320 1406 2331 ,
1421 2298 1571 2334 splendidas
1582 2298 1704 2326 habetote
1719 2298 1805 2325 lucer-

1015 2353 1079 2377 nas,
1095 2345 1122 2373 in
1137 2345 1252 2373 assiduis
1267 2345 1371 2380 vigiliis.
1387 2344 1453 2379 Quia
1469 2345 1539 2371 enim
1561 2344 1696 2371 nescimus
1718 2352 1803 2379 quan-

1015 2392 1112 2423 donam
1134 2399 1249 2427 sponsus
1273 2397 1399 2419 venturus
1422 2391 1474 2423 sit,
1498 2398 1603 2425 semper
1619 2394 1723 2425 paratos
1745 2398 1805 2418 esse

1015 2442 1130 2473 oportet,
1146 2442 1175 2464 ut
1188 2445 1248 2464 cutn
1261 2437 1373 2470 venerit,
1389 2444 1438 2464 nos
1452 2436 1591 2470 vigilantes
1606 2435 1732 2463 inveniat.

1051 2485 1076 2510 7.
1095 2483 1287 2518 Clu-ysostomus
1301 2483 1446 2516 inﬁrmitate
1465 2481 1576 2515 corporis
1596 2481 1710 2516 exposita
1723 2481 1800 2515 ﬁnem

1015 2529 1123 2556 orationi
1146 2529 1262 2563 imponit.
1285 2543 1320 2548 -—
1340 2528 1420 2555 Plura
1441 2526 1531 2554 dicere
1551 2526 1646 2554 vellent
1663 2526 1728 2553 :sed
1748 2526 1804 2553 hac

1016 2576 1134 2611 proferre
1147 2575 1288 2602 inﬁrmitas
1303 2574 1421 2609 corporis
1434 2574 1476 2601 vix
1493 2573 1623 2608 permisit,
1637 2580 1688 2608 qua
1702 2580 1717 2600 a
1731 2573 1805 2600 vobis

1016 2622 1094 2656 longo
1116 2626 1236 2655 tentpore
1257 2620 1363 2647 avulsus
1384 2627 1452 2646 sutn.
1479 2619 1598 2653 Longum
1620 2618 1683 2645 mihi
1701 2624 1806 2652 tempus

1015 2667 1074 2700 fuit,
1090 2675 1141 2694 non
1165 2674 1275 2694 numero
1298 2664 1469 2699 dicrnm,scd
1491 2664 1636 2692 secundum
1652 2670 1804 2691 mensuram

1015 2713 1123 2740 allectus
1138 2712 1229 2740 animi.
1251 2711 1407 2739 Amantibus
1418 2712 1505 2744 enim,
1520 2710 1568 2737 etsi
1582 2710 1664 2737 breve
1678 2707 1807 2736 absentia:

1016 2762 1130 2793 tempus,
1143 2758 1252 2784 multum
1270 2762 1356 2784 tamen
1373 2757 1518 2791 ingensque
1526 2756 1640 2783 videtur.
1658 2754 1721 2782 Ideo
1735 2754 1806 2781 l‘att—

1015 2804 1055 2831 lus
1068 2811 1128 2831 cum
1141 2811 1154 2829 a
1170 2802 1451 2830 Thessalonicensibus
1458 2801 1563 2829 modico
1575 2805 1693 2835 tempore
1706 2797 1807 2825 abfuis—

1015 2855 1066 2883 set,
1078 2850 1200 2877 dicebat:
1218 2859 1226 2875 ι
1240 2849 1303 2883 Nos,
1320 2849 1430 2881 fratres,
1446 2849 1541 2884 privati
1560 2848 1635 2875 vobis
1650 2846 1682 2874 ad
1699 2851 1803 2878 tempus

1017 2897 1099 2930 horae,
1119 2896 1202 2930 vultu,
1227 2903 1278 2924 non
1302 2895 1392 2929 corde,
1419 2894 1595 2923 abundantius
1620 2890 1803 2920 festinavimus
