2049 3133
281 165 334 195 279

281 223 377 250 facient
390 225 507 249 vestram
520 221 621 250 videre.
635 232 644 248 ι
665 222 694 250 Si
707 222 804 250 Paulus
817 222 862 257 qui
878 222 997 248 omnium
1011 228 1069 248 ma-

280 268 352 294 xime
366 266 549 302 philosophari
559 267 669 301 sciebat,
681 275 714 295 ne
725 268 758 294 ad
768 273 872 302 tempus
879 267 986 302 quidem
998 268 1071 295 hora:

280 313 350 346 tulit,
365 312 500 348 quomodo
513 320 564 340 nos
577 317 615 340 tot
628 312 724 340 diebus
735 313 925 341 sustinebimus
935 313 948 340 Ἰ
962 313 1015 341 Sed
1026 312 1071 341 ille

279 359 388 394 quidem
402 357 442 394 (a)
453 357 500 395 [ne
515 357 550 386 ad
567 357 660 386 horam
675 358 784 394 quidem
797 358 874 392 tulit;
888 366 938 394 ego
952 365 1015 386 vero
1033 362 1072 386 tot

279 405 385 432 dierum
407 402 569 441 absentiam]
580 412 635 434 non
647 404 717 432 ultra
731 404 830 438 ferens,
842 403 1012 432 manentibus
1024 404 1071 432 ad-

279 449 332 477 huc
355 449 442 477 morbi
466 449 597 485 reliquiis,
610 449 644 477 ad
657 457 706 478 vos
723 450 841 484 cucurri,
853 450 999 478 maximum
1027 456 1072 477 me

310 559 347 590 (ιι)
363 562 419 588 Quae
428 559 524 584 undnls
534 558 676 585 claudamur
687 558 859 585 desiderantur
869 561 895 586 tu
905 563 987 586 meo
999 562 1025 586 et
1037 566 1070 586 ex

278 591 419 615 coniectura
428 591 517 622 scripta
528 593 592 616 sunt.

633 163 662 192 S.
680 162 817 191 JOANNIS
835 162 1071 191 CllIlYSOSTOMI
1090 162 1247 191 ARCIIIEP.
1266 162 1533 191 CONSTANTINOP.

1857 164 1912 192 280

1124 225 1222 256 putans
1238 219 1385 248 remedium
1400 219 1544 252 adhibere,
1563 219 1683 248 caritatis
1696 224 1792 248 vestra:
1806 227 1917 249 consor-

1125 269 1202 296 tium.
1225 267 1253 294 ld
1266 267 1338 294 enim
1351 266 1416 294 mihi
1428 266 1484 302 ipsa
1498 266 1664 294 medicorum
1677 274 1759 301 opera
1771 267 1878 301 utilius,
1889 271 1918 294 et

1124 313 1196 342 omni
1213 312 1283 348 quod
1297 312 1359 340 inde
1370 311 1486 340 mutuari
1509 312 1611 348 possim
1632 311 1728 340 solatio
1749 312 1917 340 commodius

1125 363 1177 392 est,
1192 363 1279 386 vestra
1294 357 1398 386 scilicet
1410 357 1461 385 frui
1477 358 1608 390 caritate;
1623 365 1675 392 qua
1693 357 1794 385 utinam
1816 357 1916 386 diutius

1123 404 1240 440 gaudere
1254 403 1333 432 liceat
1343 423 1351 436 ,
1365 403 1489 438 precibus
1503 407 1530 430 et
1547 403 1784 430 intercessionibus
1797 403 1917 430 omnium

1126 453 1292 482 sanctorum,
1314 448 1347 476 ad
1360 448 1472 483 gloriam
1487 447 1592 475 Domini
1616 448 1700 475 nostri
1721 447 1785 475 Jesu
1805 447 1916 481 Christi,

1125 502 1172 530 per
1182 502 1262 530 quem
1273 499 1370 522 etcum
1383 501 1436 530 quo
1448 493 1518 521 Patri
1529 493 1624 528 gloria,
1639 493 1725 520 honor
1733 514 1741 527 ,
1755 493 1898 529 imperium
1908 514 1916 528 ,

1124 548 1177 568 una
1186 548 1247 568 cum
1260 544 1353 567 sancto
1366 539 1477 574 Spiritu,
1494 546 1565 567 nunc
1577 543 1604 567 et
1614 543 1765 575 semper,et
1776 540 1803 567 in
1816 539 1915 567 saecula

1125 585 1294 615 surculorum.
1307 587 1404 613 Amen.

295 653 1894 675 mw

989 774 1179 805 MONITUM

318 879 360 909 Ad
383 880 455 909 hanc
481 881 621 910 homiliam
638 881 696 909 haec
721 885 798 909 notat
824 881 952 917 Savilius,
966 890 996 919 p.
1015 881 1089 910 815:

1108 889 1118 906 ε
1133 879 1249 908 liomilia
1266 885 1309 908 est
1323 880 1444 909 melioris
1466 885 1538 910 nota:
1555 886 1583 910 et
1598 881 1792 918 Chrysostomo
1807 882 1902 917 digna.

283 953 409 990 quamvis
423 953 451 981 in
463 953 592 990 Catalogo
605 954 762 990 Augustano
775 954 887 982 minime
897 954 1059 990 reperiatur.
1072 951 1276 997 Descripsimus
1289 958 1348 978 eam
1363 959 1397 979 ex
1415 951 1518 987 optimo
1543 951 1727 988 Manuscripto
1741 952 1769 979 in
1792 951 1897 979 Biblio-

286 1024 364 1052 theca
374 1024 531 1061 Augustana
549 1034 556 1052 :
577 1033 666 1061 neque
680 1025 754 1053 aliud
777 1029 909 1061 preterea
931 1025 1093 1061 suppetebat
1115 1021 1261 1058 exemplar.
1278 1022 1363 1050 Porro
1382 1022 1450 1050 illud
1471 1023 1638 1051 monendum
1656 1022 1792 1056 duximus,
1818 1022 1904 1050 multa

285 1090 399 1126 reperiri
411 1091 439 1118 in
456 1090 572 1120 Homilia
584 1096 678 1120 octava
697 1091 725 1119 in
741 1091 856 1127 primam
868 1093 902 1120 ad
917 1092 1175 1121 Thessalonicenses
1191 1090 1283 1118 afﬁnia
1299 1089 1343 1123 iis,
1359 1098 1421 1126 qua:
1441 1091 1493 1119 hac
1510 1091 1537 1119 in
1550 1091 1673 1120 oratione
1685 1090 1832 1123 habentur,
1848 1094 1904 1118 tam

294 1196 352 1206 υ-

927 1195 1898 1209 _—__—__—..————-——.

869 1282 1284 1327 CHRYSOSTOMI

400 1368 443 1390 DE
464 1369 628 1393 PERFECTA
646 1369 816 1400 ΩΔΕΠΔΤΕ,
832 1371 874 1393 ΒΕ
894 1372 1045 1395 HERCEDE
1066 1372 1196 1395 OPERUM
1210 1373 1271 1396 Ριιο
1292 1373 1414 1397 MERITO
1434 1374 1628 1404 TRIBUENDA,
1652 1374 1758 1402 DEQUB

916 1423 1161 1446 COIPUNCTIONE
1182 1411 1239 1456 (α).

899 1494 1176 1514 mmmam

296 1567 323 1594 1.
342 1565 428 1594 Omne
451 1573 518 1601 opus
541 1565 640 1594 bonum
655 1566 773 1594 caritatis
794 1565 895 1594 fructus
913 1571 954 1595 est
968 1575 975 1594 :
989 1567 1051 1596 ideo

261 1612 344 1640 multa
359 1611 428 1640 circa
444 1611 517 1639 illam
535 1611 605 1640 dicta
625 1611 859 1646 circumferuntur,
879 1612 986 1641 Christo
1010 1613 1053 1640 di-

259 1663 337 1686 cente
357 1657 415 1686 :In
434 1658 481 1686 hoc
497 1664 647 1694 cognoscent
669 1667 765 1692 omnes,
778 1660 838 1694 quia
859 1659 978 1694 discipuli
1003 1659 1052 1686 mei

258 1705 332 1738 estis,
344 1706 366 1732 si
377 1705 537 1732 dilectionem
560 1704 695 1733 habueritis
715 1705 750 1732 ad
768 1705 873 1732 invicem
891 1705 982 1742 (Joan.
1004 1706 1049 1734 15.

258 1750 324 1785 55);
340 1750 423 1778 Paulo
436 1754 525 1778 autem
538 1750 689 1778 clamante:
702 1749 805 1778 Nemini
814 1751 951 1786 quidquam
959 1751 1051 1778 debea-

258 1796 300 1828 tis,
317 1796 366 1823 ιιὶεἱ
379 1801 404 1823 ιιι
417 1796 524 1823 invicem
537 1796 648 1832 diligatis
661 1796 749 1833 (Rom.
765 1797 808 1825 15.
824 1796 863 1833 8).
881 1796 947 1824 Illud
960 1801 1050 1825 autem

258 1849 313 1868 non
328 1841 385 1868 sine
394 1849 474 1868 causa
489 1841 566 1875 dixit,
575 1841 621 1869 sed
634 1847 664 1869 ut
673 1847 794 1870 mutuum
801 1850 860 1870 esse
871 1842 988 1871 debitum
999 1842 1050 1870 do-

258 1890 341 1914 ceret.
355 1886 582 1920 Quemadmodum
595 1887 666 1915 enim
672 1888 777 1923 corpori
785 1887 938 1916 alimentum
944 1895 1051 1923 semper

258 1932 398 1966 debemus,
414 1933 517 1968 ipsique
530 1933 624 1962 damus
638 1934 696 1970 (per
704 1939 786 1962 totam
798 1935 895 1971 quippe
905 1936 986 1964 vitam
998 1936 1051 1964 hoc

258 1979 376 2006 debitum
402 1979 585 2016 extenditur):
600 1981 639 2008 sic
660 1981 732 2008 circa
757 1981 894 2009 caritatem
916 1982 1050 2017 agendum

258 2025 358 2053 docet:
372 2025 426 2054 imo
445 2025 523 2061 longe
549 2025 644 2061 majori
669 2026 769 2061 studio,
783 2034 817 2054 eo
837 2027 907 2062 quod
921 2027 954 2055 ad
967 2028 1048 2055 vitam

257 2073 371 2101 deducat
395 2077 535 2106 aeternam,
550 2080 582 2100 ac
603 2081 664 2100 cum
684 2073 736 2100 illis
756 2073 800 2108 qui
814 2081 846 2101 ea
860 2073 963 2108 praediti
986 2078 1049 2102 sunt

256 2126 365 2154 semper
375 2123 490 2146 maneat.
505 2118 573 2146 Nam
585 2118 701 2152 Manent,
715 2119 810 2154 inquit,
825 2120 874 2146 tria
886 2120 939 2146 [nec
949 2140 957 2153 ,
973 2120 1048 2155 ﬁdes,

256 2175 324 2201 spes,
340 2165 449 2197 caritas,-
462 2167 545 2200 ntajor
569 2169 654 2192 autem
674 2165 765 2192 horum
781 2170 817 2193 est
830 2166 922 2193 caritas
937 2165 975 2202 (1.
988 2165 1048 2194 Cor.

257 2213 302 2240 15.
319 2211 374 2247 15).
390 2211 449 2239 Non
460 2211 548 2239 verbis
557 2216 646 2239 autem
658 2211 747 2244 modo,
766 2211 813 2239 sed
827 2212 907 2239 etiam
923 2211 1050 2246 operibus

257 2258 330 2286 illam
355 2257 491 2285 discimus.
519 2257 557 2285 Ac
580 2257 666 2292 primo
680 2257 785 2292 quidem
800 2265 847 2292 per
862 2257 970 2285 modum
989 2264 1043 2292 quo

257 2313 306 2332 nos
320 2304 454 2340 propagati
465 2311 568 2332 sumus.
579 2303 644 2331 Cum
654 2304 725 2331 enim
737 2304 806 2331 Deus
815 2311 897 2331 unum
907 2303 1049 2332 ell'ormas-

257 2355 297 2378 sel
310 2350 457 2384 hominem,
478 2358 512 2378 ex
535 2350 581 2377 illo
603 2350 683 2384 jussit
705 2357 799 2377 omnes
813 2349 887 2381 oriri,
901 2354 930 2376 ut
954 2356 1050 2376 omnes

257 2402 349 2424 tnutuo
363 2397 438 2432 quasi
450 2405 530 2425 unum
542 2404 602 2424 esse
615 2400 778 2431 reputemus,
787 2401 814 2423 et
828 2395 854 2423 in
868 2395 978 2423 caritate
989 2403 1048 2424 mu-

258 2448 302 2470 tua
311 2443 408 2478 degere
419 2443 582 2472 Studeamus.
595 2442 695 2471 Deinde
707 2450 753 2478 per
760 2442 919 2470 commercia
931 2446 1049 2470 mutuam

257 2490 429 2518 dilectionem
437 2490 572 2524 sapienter
584 2489 705 2517 curavit:
719 2496 770 2523 quo
784 2494 872 2516 autem
886 2488 966 2516 modo
975 2489 1046 2516 audi.

257 2537 324 2565 Cum
342 2536 432 2564 multis
441 2536 534 2563 orbem
548 2536 694 2571 compleret
716 2535 803 2568 bonis,
817 2535 925 2563 cuilibet
946 2536 1048 2571 regioni

257 2584 392 2619 propriam
407 2582 538 2610 fructuum
559 2583 675 2617 speciem
697 2582 807 2618 largittts
825 2587 876 2615 est,
889 2586 917 2609 ut
939 2588 1050 2618 propter

258 2637 322 2657 usus
336 2629 522 2656 necessitatem
535 2635 584 2655 nos
595 2634 686 2656 tnutuo
698 2628 837 2662 adeuntes,
848 2633 875 2655 et.
887 2635 947 2663 qua:
955 2636 1050 2663 super-

257 2682 373 2702 vacanea
386 2679 448 2701 sunt
462 2674 585 2709 utrinque
606 2674 740 2701 tradentes
751 2694 759 2708 ,
771 2681 804 2701 ac
817 2681 876 2709 quae
890 2673 987 2701 desunt
1000 2680 1048 2701 ποι

257 2721 298 2749 his
308 2719 644 2754 accipientes,congeneres
652 2724 758 2746 nostros
766 2719 918 2754 diligamus.
930 2718 1046 2754 ldipsum

257 2767 337 2794 etiam
353 2766 379 2793 in
394 2764 504 2800 singulis
517 2764 579 2792 fecit
593 2764 752 2794 hominibus.
764 2764 823 2792 Non
834 2765 905 2793 enim
916 2765 1049 2794 concessit

288 2867 325 2899 (a)
341 2866 432 2892 musta
443 2871 498 2891 cum
508 2864 597 2891 (lodice
608 2864 748 2890 Colbcrlino
758 2865 815 2890 9'10.

1177 1494 1259 1514 utrm

1107 1571 1137 1595 ut
1151 1574 1245 1595 omnes
1258 1566 1348 1594 omnia
1363 1567 1480 1601 scirent,
1494 1567 1542 1595 sed
1556 1567 1618 1596 huic
1632 1567 1707 1596 dedit
1720 1567 1896 1600 medicinam.

1104 1613 1143 1641 illi
1156 1613 1277 1641 fabrilem
1290 1618 1388 1647 artem,
1405 1614 1450 1641 alii
1464 1614 1542 1642 aliam
1553 1635 1561 1648 ,
1577 1619 1606 1642 ut
1619 1615 1718 1643 mutuis
1731 1621 1841 1651 egentes
1853 1616 1897 1644 of-

1105 1658 1182 1692 ﬁciis,
1199 1666 1248 1686 nos
1264 1663 1356 1686 mutuo
1373 1659 1524 1694 diligamus.
1546 1660 1575 1687 In
1589 1660 1771 1695 spiritualibus
1790 1655 1898 1696 quoque

1103 1704 1218 1739 idipsum
1232 1704 1324 1733 videre
1338 1709 1389 1738 est,
1404 1710 1434 1732 ut
1453 1705 1491 1733 ait
1503 1705 1600 1734 Paulus
1614 1714 1622 1733 :
1639 1715 1648 1732 ε
1660 1706 1712 1734 Alii
1723 1706 1831 1742 quidem
1846 1707 1896 1734 da-

1103 1754 1147 1778 tur
1159 1758 1248 1779 sermo
1262 1751 1399 1786 sapientia:
1408 1772 1416 1785 ,
1429 1752 1474 1779 alii
1487 1759 1577 1780 sermo
1596 1752 1716 1780 scientiae
1726 1773 1734 1786 ,
1748 1753 1793 1780 alii
1807 1758 1897 1780 autem

1103 1797 1256 1832 prophetia,
1270 1798 1315 1825 alii
1329 1798 1413 1833 gratia
1427 1798 1594 1826 curationum
1604 1820 1612 1832 ,
1626 1799 1669 1826 alii
1683 1806 1781 1834 genera
1795 1799 1897 1834 lingua—

1103 1852 1174 1878 rum,
1185 1844 1229 1872 alii
1238 1844 1423 1880 interpretatio
1435 1851 1588 1872 sermonum
1606 1853 1616 1871 ι
1629 1845 1667 1880 (1.
1677 1844 1736 1872 Car.
1748 1845 1791 1873 12.
1802 1845 1895 1880 8.10).

1102 1891 1202 1919 Verum
1228 1891 1295 1919 nihil
1319 1898 1399 1926 supra
1426 1892 1563 1919 caritatem
1593 1899 1600 1918 :
1625 1891 1800 1926 quamobrem
1823 1891 1896 1918 illam

1102 1938 1226 1965 omnibus
1237 1937 1293 1972 ipse
1306 1936 1424 1972 pra-fert,
1439 1936 1481 1964 his
1492 1936 1583 1964 verbis
1599 1944 1606 1963 :
1623 1945 1633 1962 t
1651 1936 1680 1964 Si
1701 1936 1797 1971 linguis
1811 1936 1898 1964 homi-

1102 1991 1166 2010 num
1187 1983 1281 2017 loquar
1297 1987 1324 2011 et
1337 1983 1502 2018 angelorum,
1517 1983 1656 2010 caritatem
1674 1987 1763 2010 autem
1774 1990 1827 2010 non
1848 1983 1897 2010 ha-

1102 2029 1191 2063 beam,
1205 2028 1289 2057 factus
1302 2036 1361 2056 sum
1373 2029 1445 2056 velut
1454 2036 1492 2056 aes
1503 2036 1612 2062 sonans,
1620 2033 1666 2056 aut
1677 2029 1827 2064 cymbalum
1842 2029 1896 2056 tin—

1103 2075 1180 2102 niens
1195 2083 1202 2102 :
1218 2079 1246 2102 et
1261 2074 1284 2102 si
1301 2073 1420 2102 habuero
1432 2074 1611 2109 prophetiam,
1640 2074 1777 2110 sciamque
1798 2081 1897 2102 arcana

1102 2120 1203 2152 omnia,
1213 2124 1241 2147 et
1255 2119 1277 2147 si
1291 2119 1409 2147 habuero
1423 2119 1513 2152 fidem,
1523 2119 1559 2147 ita
1574 2123 1603 2147 ut
1613 2125 1716 2147 montes
1725 2119 1895 2152 transferam,

1101 2166 1240 2194 caritatem
1254 2170 1342 2194 atttem
1355 2173 1408 2194 non
1422 2165 1550 2199 habuero,
1561 2166 1627 2193 nihil
1637 2173 1712 2193 sum:
1726 2166 1763 2201 (1.
1776 2165 1835 2194 Cor.
1851 2167 1896 2194 15.

1102 2213 1129 2241 1.
1144 2212 1188 2249 2).
1203 2212 1295 2247 Neque
1317 2212 1361 2240 hic
1379 2212 1471 2246 stetit,
1484 2212 1538 2240 imo
1550 2212 1629 2239 etiam
1644 2217 1757 2240 mortem
1782 2219 1830 2247 pro
1852 2212 1896 2247 pia

1102 2258 1232 2294 religione
1246 2257 1312 2286 nihil
1324 2258 1390 2285 lucri
1405 2257 1504 2285 habere
1519 2258 1688 2293 pronuntiat,
1705 2258 1754 2286 nisi
1768 2257 1837 2285 adsit
1850 2265 1899 2285 ca-

1101 2306 1176 2333 ritas.
1192 2305 1282 2340 Neque
1292 2305 1350 2332 sine
1363 2312 1443 2332 causa
1458 2304 1516 2332 hazc
1528 2304 1562 2332 de
1573 2304 1683 2332 caritate
1693 2304 1761 2332 dixit
1773 2312 1780 2330 :
1793 2304 1900 2332 sciebat

1102 2351 1184 2383 enim,
1199 2351 1278 2386 plane
1287 2350 1396 2383 sciebat,
1412 2355 1505 2385 utpote
1526 2355 1719 2385 praeceptorum
1734 2350 1780 2378 Dei
1797 2350 1898 2384 cultor,

1103 2396 1153 2423 hac
1168 2396 1258 2423 ﬁrmas
1279 2396 1384 2423 radices
1410 2399 1537 2430 ponente,
1551 2396 1669 2423 omnium
1693 2395 1826 2423 honorum
1842 2395 1900 2423 fru-

1101 2447 1161 2470 ctus
1170 2443 1265 2470 emitti.
1277 2442 1343 2469 Illud
1354 2441 1435 2474 enim,
1448 2441 1509 2469 Non
1524 2441 1700 2474 maechaberit,
1712 2450 1763 2469 non
1776 2443 1876 2469 occides
1889 2463 1898 2475 ,

1102 2497 1153 2515 non
1165 2488 1299 2524 fut-aberis,
1316 2496 1367 2515 non
1380 2487 1474 2524 [altum
1485 2488 1653 2515 testimonium
1663 2487 1730 2514 dices
1740 2486 1839 2522 (Exod.
1850 2487 1898 2515 20.

1103 2534 1209 2569 13-16),
1238 2538 1265 2562 et
1279 2533 1300 2561 si
1314 2541 1365 2569 qua
1387 2534 1437 2560 alia
1454 2538 1595 2568 praecepta,
1608 2533 1634 2560 in
1651 2534 1702 2561 hoc
1721 2541 1784 2567 uno,
1805 2541 1855 2562 ceu
1870 2534 1899 2561 in

1103 2581 1190 2616 capite
1202 2579 1477 2615 comprehenduntur,
1492 2579 1587 2615 Diliges
1599 2580 1742 2614 proximum
1752 2584 1823 2606 tuum
1834 2579 1899 2606 sicut

1103 2629 1209 2663 teipsum
1223 2627 1296 2662 (Leu.
1309 2627 1353 2655 19.
1366 2626 1410 2654 18.
1422 2625 1480 2654 Gal.
1497 2626 1523 2654 5.
1536 2626 1590 2661 11).
1601 2625 1702 2661 Ecquid
1713 2633 1780 2661 opus
1790 2631 1832 2654 est
1841 2626 1899 2653 hare

1103 2682 1184 2710 parva
1208 2673 1313 2707 dicere,
1330 2680 1478 2708 magnaque
1493 2672 1601 2700 tacere?
1617 2672 1730 2707 Propter
1756 2673 1898 2700 caritatem

1102 2721 1137 2749 ad
1159 2728 1210 2748 nos
1230 2719 1370 2748 descendit
1393 2719 1506 2747 dilectus
1520 2719 1567 2745 Dei
1582 2718 1676 2752 Filius,
1696 2718 1741 2753 qui
1757 2718 1898 2746 nobiscum

1104 2767 1257 2796 hominibus
1280 2770 1401 2794 versatus
1424 2769 1466 2793 est
1478 2769 1506 2793 et
1520 2764 1659 2798 habitavit,
1671 2769 1699 2791 ut
1711 2764 1898 2799 multiplicium

1104 2815 1214 2843 deorum
1228 2820 1322 2841 errore
1336 2812 1450 2846 sublato,
1464 2819 1579 2846 veraque
1591 2811 1744 2839 annuntiata
1757 2810 1896 2846 religione,

1106 2865 1225 2888 mutuam
1239 2860 1377 2888 caritatem
1403 2858 1525 2888 homines
1541 2857 1659 2893 doceret,
1673 2856 1897 2893 quemadmodum
