2074 3126
211 189 259 217 281
603 189 630 218 S.
649 189 789 217 JOANNIS
807 186 1048 217 CIIRYSOSTOMI
1068 185 1228 212 ARCHIEP.
1250 185 1526 214 CONSTANTINOP.

209 254 269 281 πης
288 246 340 274 τοῦ
356 245 485 282 Χριστοῦ
495 256 504 279 ;
521 246 616 282 λέγων’
629 249 742 281 θλίψις,
759 247 778 281 ἣ
797 247 872 284 [289]
889 253 1037 280 στενοχων

208 292 266 325 pla,
288 291 307 325 ἢ
331 290 468 325 διωγμὸς,
483 290 502 325 ἣ
521 291 617 325 λιμὸς,
634 291 654 325 ἢ
674 292 832 325 γη-μνότης,
848 291 867 325 ἢ
888 290 1035 322 κίνδυνος,

208 334 228 369 ἢ
241 333 387 369 μάχαιρα;
401 335 619 369 Καταφρονήσας
633 335 661 361 δὲ
679 335 781 362 τούτων
793 335 831 366 ὡς
844 334 970 365 εὐτελῶν,
993 334 1039 360 καὶ

208 378 243 404 τὰ
257 377 347 413 πολλῷ
358 377 459 405 τούτων
475 377 584 413 μείζονα
597 378 712 404 τέθεικεσ
735 379 801 414 φησὶ
813 380 877 414 γὰρ,
898 379 961 405 ’Ὁτι
972 379 1039 405 οὔτε

209 421 346 454 θάνατος,
362 422 434 448 οὔτε
446 420 512 456 ζωὴ,
527 421 596 448 οὔτε
610 421 769 453 ἐνεστῶτα,
789 422 858 449 οὔτε
869 422 1037 457 μέλλοντα,

210 465 278 492 οὔτε
289 465 404 500 ὕψωμα,
417 466 486 493 οὕτε
493 466 598 498 βάθος,
610 467 680 493 οὔτε
692 475 736 499 τις
744 468 843 500 κτίσις
851 468 936 501 ἑτέρα
945 467 1039 500 δυνή-

210 516 294 536 σεται
308 509 387 543 ἡμᾶς
404 510 527 544 χωρίσαι
546 509 605 536 ἀπὸ
622 509 675 543 τῆς
691 510 808 545 ἀγάπης
822 511 875 538 τοῦ
893 511 966 538 Θεοῦ
985 511 1039 545 τῆς

209 552 244 578 ἐν
256 551 371 585 Χριστῷ
397 552 498 585 Ἰησοῦ
519 551 559 585 τῷ
580 553 678 587 Κυρίῳ
692 553 784 588 ἡμῶν.
809 553 947 580 Ἐντεῦθεν
964 554 1039 581 οὐδὲν

209 594 321 629 ἠδύνατο
331 601 344 615 ε
362 595 475 631 χωρίσαι
489 595 534 622 τὸν
552 596 684 631 μακάριον
694 597 796 624 ἐκεῖνον
812 597 919 632 ὑπὸτῆς
930 597 1040 633 ἀγάπης

209 639 442 674 πυρπολούμενον,
457 640 507 666 οὐκ
519 640 644 676 οὐρανὸς,
657 641 686 667 ού
706 641 752 676 γῆ,
768 641 798 667 οὐ
811 641 941 674 Θάλασσα,
956 642 986 668 ού
1006 642 1040 668 τὰ

208 682 237 708 ἐν
251 683 306 713 τοῖς
319 682 442 718 οὐρανοῖς
456 683 588 718 βασίλεια,
608 684 638 710 οὐ
665 683 700 710 τὰ
720 685 749 710 ἐν
774 684 837 720 ᾅδου
854 684 1020 720 κολαστήρια
1031 693 1037 700 ·

209 725 318 752 πάντων
332 726 386 761 γὰρ
402 726 546 762 ὑπερεώρα
560 727 604 753 διὰ
615 726 660 753 τδν
673 728 800 762 Χριστόν.
824 729 857 756 Εί
873 729 901 756 δὲ
917 729 964 756 καὶ
977 730 1040 760 τοὺς

207 767 302 800 ἄλλους
315 768 491 804 ἐξετάσωμεν
500 770 604 804 ἁγίους,
612 770 716 803 πάντας
726 772 877 808 εὑρήσομεν
887 773 920 800 δι’
930 773 1040 807 ἀγάπην

208 811 458 848 εὐαρεστὴσαντας.

244 855 277 890 β’.
287 856 320 882 Ἦ
330 856 424 891 ἀγάπη
435 857 553 884 δείκνυσί
567 866 607 884 σοι
621 858 666 885 τὸν
681 858 794 894 πλησίον
807 859 844 890 ὡς
858 859 979 891 σεαυτὸν,
994 860 1040 887 καὶ

208 898 313 933 χαίρειν
331 907 361 925 σε
373 899 492 926 διδάσκει
515 901 560 927 ἐπὶ
574 902 630 932 τοῖς
644 902 749 928 ἐκείνου
765 902 867 935 καλοῖς,
886 902 978 939 ὥσπερ
993 903 1040 929 ἐπὶ

206 943 262 973 τοῖς
277 943 344 973 σοῖς,
361 943 409 969 καὶ
426 943 519 978 φέρειν
531 945 613 971 αὑτοῦ
631 945 665 972 τὰ
680 945 869 981 ἐλαττώματα,
887 946 981 982 ὥσπερ
993 947 1040 973 καὶ

207 984 242 1012 τά
261 986 304 1012 σά.
327 986 359 1012 Ἦ
374 987 467 1021 ἀγάπη
489 987 518 1014 ἓν
534 988 614 1023 σῶμα
633 990 696 1021 τοὺς
707 989 821 1021 πολλοὺς
843 990 1038 1025 ἀπεργάζεται.

207 1029 254 1055 καὶ
269 1029 427 1065 Πνεύματος
443 1031 522 1065 ἁγίου
541 1032 632 1067 δοχεϊα
653 1033 702 1064 τὰς
724 1034 825 1060 τούτων
842 1034 1040 1066 κατασκευάζει

206 1069 305 1105 ψυχάςι
320 1071 350 1098 οὐ
364 1071 418 1107 γὰρ
432 1072 606 1108 διῃρημένοις
621 1074 752 1110 ἀλλήλων,
763 1075 913 1110 ἡνωμένοις
928 1076 956 1103 δὲ
969 1077 1039 1103 κατὰ

206 1113 294 1150 ψυχὴν
306 1115 336 1141 τὸ
345 1115 394 1151 τῆς
406 1117 517 1152 εἰρήνης
529 1118 751 1144 ἑπαναπαύσεται
767 1118 888 1154 Πνεῦμα.
902 1119 935 1146 Ἦ
946 1119 1039 1155 ἀγάπη

207 1158 287 1184 κοινά
305 1159 378 1185 ποιεῖ
394 1160 461 1186 πᾶσι
477 1159 511 1186 τά
527 1161 641 1188 ἑκάστου
658 1161 821 1197 ὑπάρχοντα,
844 1162 936 1194 καθώς
958 1172 1040 1199 φησιν

208 1202 224 1236 ή
242 1201 333 1236 βίϐλος
349 1202 402 1229 τῶν
416 1203 555 1238 Πράξεων·
572 1204 626 1232 Τοῦ
645 1204 680 1231 δὲ
694 1205 829 1239 πλήθους
847 1205 906 1233 τῶν
919 1213 1040 1235 πιστευ-

207 1245 327 1272 σάντων
339 1243 378 1281 ἧν
390 1247 409 1281 ἢ
425 1247 530 1281 καρδία
551 1248 599 1275 καί
614 1249 633 1283 ἡ
649 1249 734 1284 ψυχὴ
745 1249 809 1284 μία”
832 1250 881 1277 καί
896 1251 997 1284 οὐδείς
1012 1260 1039 1278 τι

207 1287 267 1315 τῶν
279 1289 474 1323 ὑπαρχόντων
492 1290 572 1323 αὺτῷ
587 1291 693 1326 ἔλεγεν
718 1292 795 1319 ίὸιον
811 1291 898 1326 εἶναι,
914 1294 983 1321 ἀλλ’
1001 1292 1040 1329 ἦν

206 1332 312 1365 αὐτοῖς
323 1333 440 1360 ἅπαντα
455 1334 549 1361 κοινά·
563 1335 611 1362 καὶ
625 1335 770 1363 διεδίδοτο
787 1336 914 1369 ἑκάστῳ,
937 1339 1039 1365 καθότι

207 1375 246 1402 ἂν
257 1384 302 1408 τις
313 1377 419 1411 χρείαν
431 1375 504 1412 εἶχε.
519 1379 598 1405 Ποῖον
611 1378 682 1406 οὕτω
695 1381 783 1415 τεῖχος
797 1381 925 1416 ἀῤῥαγὲς,
954 1382 1039 1417 ἁρμο-

207 1419 252 1454 νίᾳ
270 1419 352 1448 λίθων
368 1421 524 1456 εὐμεγεθῶν
544 1422 741 1458 ὠχυρωμένον,
762 1424 915 1460 ἀπόρθητον
935 1425 1039 1460 γίνεται

206 1463 265 1494 ταῖς
279 1463 333 1489 τῶν
356 1464 460 1499 ἐχθρῶν
477 1465 590 1500 ἐφόδοις,
607 1465 644 1498 ὡς
660 1467 690 1493 τὸ
705 1467 830 1503 σύστημα
843 1469 897 1496 τῶν
909 1469 1039 1504 ἀλλήλους

207 1505 386 1540 ἀγαπώντων,
411 1509 458 1535 καὶ
480 1509 509 1535 ἐν
527 1509 700 1546 ὁμοφροσύνῃ
714 1512 966 1547 περιεσφιγμένων;
984 1513 1039 1540 Καὶ

206 1550 292 1582 αύτάς
305 1551 352 1578 τοῦ
369 1551 490 1578 διαϐόλου
505 1553 679 1588 προσϐολάςδ
692 1555 883 1590 ἀποκρούεται”
901 1556 948 1583 καὶ
966 1556 1040 1592 μάλα

207 1593 329 1625 εἰκότως.
341 1596 372 1622 οι
385 1595 440 1630 γὰρ
453 1597 511 1631 μετ’
525 1596 648 1632 ἀλλήλων
666 1598 726 1624 κατ’
746 1599 850 1626 ἐκείνου
863 1601 1039 1636 παρατασσό-

208 1646 292 1672 μενοι,
302 1638 349 1665 καὶ
362 1638 399 1674 μὴ
408 1641 467 1674 μετ’
478 1639 581 1667 ἐκείνου
593 1641 652 1667 κατ’
660 1641 780 1676 ἀλλήλων
791 1643 927 1678 ἱστάμενοι
937 1649 961 1676 ο,
973 1645 1040 1679 ἀήτ-

206 1690 281 1715 τητοι
295 1682 413 1716 γίνονται
425 1685 481 1715 τοῖς
492 1684 574 1710 αὑτοῦ
596 1686 784 1720 μηχανήμασι,
807 1685 842 1712 τὰ
860 1687 973 1723 λαμπρὰ
989 1687 1039 1722 τῆς

206 1724 316 1760 ἀγάπης
332 1725 483 1760 ἐγείροντες
494 1726 623 1762 τρόπαια.
642 1728 696 1754 Καὶ
713 1728 836 1764 καθάπερ
847 1730 875 1756 αί
888 1730 938 1764 τῆς
955 1729 1038 1766 λύρας

206 1769 309 1804 νευραὶ,
327 1769 423 1795 πολλαὶ
442 1769 491 1804 μὲν
511 1768 607 1803 οὖσαι,
629 1772 668 1802 είς
692 1771 755 1806 μίαν
775 1772 804 1799 δὲ
823 1773 949 1800 νεύουσαι
967 1782 1038 1809 συμ-

207 1812 320 1846 φωνίαν,
340 1813 520 1848 τερπνότατόν
541 1823 566 1841 τι
589 1814 668 1849 μέλος
681 1815 791 1850 ἡχοῦσιν
804 1824 811 1831 ·
829 1816 916 1848 οὕτως
928 1817 952 1844 oi
971 1817 1039 1853 πρὸς

208 1855 273 1890 μίαν
290 1857 506 1891 συγκεκραμένοι
517 1857 639 1892 γνώμην,
662 1858 760 1894 εὔηχον
777 1860 973 1895 άνακρούονται
990 1862 1039 1897 τῆς

206 1899 316 1935 ἀγάπης
332 1899 378 1927 τδν
393 1900 520 1935 φθόγγον.
543 1901 592 1927 Διά
614 1901 692 1928 τοῦτο
712 1902 888 1937 συμϐουλεύει
902 1905 916 1930 ό
933 1904 1039 1937 Παῦλος

206 1944 237 1970 τδ
255 1944 319 1970 αὐτὸ
345 1946 467 1979 φρονεῖν,
491 1944 538 1972 καὶ
559 1945 657 1979 λέγειν,
684 1947 731 1972 καὶ
755 1946 886 1982 ἀλλήλους
913 1948 1038 1983 ἡγεῖσθαι

208 1987 388 2024 ὑπερέχοντας
403 1988 516 2019 ἑαυτῶν,
534 1988 603 2015 ὥστε
623 1988 706 2024 μὴτῇ
729 1989 868 2025 φιλοτιμίει⁸
883 1990 1037 2019 διαλύεσθαι

206 2031 255 2067 τὴν
272 2032 391 2067 ἀγάπην,
411 2031 478 2058 ἀλλὰ
493 2031 541 2067 τὴν
556 2033 637 2068 τιμὴν
657 2033 951 2069 ἀντιπαραχωροῦντας
964 2035 977 2055 (1
993 2036 1038 2061 ἁλ-

206 2075 307 2110 λήλοις,
331 2076 360 2102 ἐν
376 2075 485 2111 ὁμονοίᾳ
502 2075 615 2109 διάγειν.
637 2076 690 2102 Καὶ
706 2077 786 2103 πάλιν
809 2077 892 2112 φησί’
907 2079 946 2105 Δι’
968 2079 1038 2114 ἀγά-

207 2125 264 2152 πης
281 2118 441 2145 δουλεύετε
459 2119 614 2152 ἀλλήλοις.
637 2119 668 2146 '0
685 2119 739 2154 γὰρ
760 2119 819 2153 πᾶς
837 2121 928 2155 νόμος
945 2121 980 2148 ἐν
993 2122 1039 2149 ἐνί

206 2162 286 2196 λόγῳ
310 2161 494 2196 πληροῦται,
516 2162 551 2189 ἐν
571 2162 620 2195 τῷ,
642 2163 822 2197 Ἀγαπήσεις
835 2164 889 2191 τὸν
905 2165 1040 2199 πλησίον

204 2213 265 2232 σου
279 2205 473 2238 ὡςισεαυτόν.
494 2205 524 2232 '0
548 2205 661 2240 ἀγαπῶν
679 2206 729 2232 οὐκ
744 2207 898 2234 ἐπιτάττειν
915 2207 1038 2243 βούλεται

210 2249 298 2283 μόνον,
307 2249 376 2275 ἀλλὰ
390 2249 436 2275 καὶ
444 2249 645 2276 ἐπιτάττεσθαι·
659 2250 705 2276 καὶ
719 2250 808 2285 χαίρει
822 2250 922 2285 μᾶλλον
932 2252 1039 2279 ἐπιτατ-

207 2293 329 2328 τόμενος,
344 2293 415 2328 ἥπερ
429 2292 588 2319 ἐπιτάττων.
611 2293 639 2320 Ὀ
655 2293 768 2327 ἀγαπῶν
789 2294 949 2329 χαρίζεσθαι
975 2295 1037 2330 βού-

207 2337 282 2363 λεται
297 2335 407 2371 μᾶλλον,
424 2336 441 2372 ἢ
456 2336 535 2372 χάριν
550 2336 698 2372 λαμϐάνειν
709 2345 716 2352 ·
733 2337 806 2364 θέλει
829 2338 883 2373 γὰρ
898 2339 1039 2374 ὀφειλέτην

207 2380 278 2414 ἔχειν
289 2380 335 2406 τὸν
350 2379 434 2414 φίλον,
448 2380 519 2415 ἢπερ
532 2380 611 2412 αὐτὸς
622 2381 739 2415 ὀφείλειν
753 2382 860 2417 ἐκείνῳ.
879 2383 908 2409 '0
923 2383 1037 2417 ἀγαπῶν

209 2424 254 2449 καὶ
268 2423 391 2458 βούλεται
407 2423 565 2458 χαρίζεσθαι
581 2424 619 2458 τῷ
637 2425 820 2460 ἀγαπωμένῳ,
840 2426 886 2452 καὶ
901 2427 931 2453 ού
948 2426 1037 2461 βούλε-

208 2476 253 2494 ται
266 2467 353 2493 δοκεῖν
371 2467 547 2502 χαρίζεσθαι,
574 2468 620 2494 καὶ
639 2468 732 2503 ἄρχειν
758 2469 840 2501 αὐτὸς
863 2469 1037 2506 εὐεργεσίας,

209 2511 256 2538 καὶ
273 2511 309 2545 μὴ
326 2510 412 2537 δοκεῖν
434 2511 527 2546 ἄρχειν
547 2511 715 2546 εὐεργεσίας.
739 2513 815 2547 Τάχα
829 2513 900 2545 τινὲς
914 2514 1039 2547 ἀγνοοῦσι

209 2553 238 2579 τὸ
254 2553 356 2588 λεχθέν·
369 2553 467 2581 οὐκοῦν
480 2554 512 2580 δι’
530 2554 725 2590 ὐποδείγματος
742 2556 808 2582 αὐτὸ
823 2557 929 2591 ποιήσω
944 2557 1037 2590 σαφές,

212 2598 342 2632 ’Ἐμελλεν
352 2598 366 2624 ὀ
381 2596 569 2632 φιλάνθρωπος
584 2597 660 2634 [290]
672 2599 809 2634 Δεσπότης
821 2599 867 2626 τὸν
881 2599 944 2626 Υἰὺν
959 2600 1038 2626 αὐτοῦ

210 2641 369 2676 χαρίζεσθαι
385 2641 455 2676 ὑπὲρ
470 2641 564 2676 ἡμῶν
589 2642 646 2669 ἀλλ’
664 2643 707 2669 ἵνα
726 2642 763 2678 μὴ
784 2642 847 2678 δόξῃ
867 2642 1038 2678 χαρίζεσθαι,

242 2748 254 2778 ξ’
272 2748 338 2774 Colb.
351 2749 427 2778 ἡμῶν.
441 2749 487 2773 Καὶ
502 2749 567 2773 οὐδὲν
578 2749 688 2778 ἠδύνατο.

241 2775 257 2797 Β
267 2779 335 2811 Colb.
349 2775 391 2807 τ’ἆς
399 2780 443 2811 γὰρ
454 2779 496 2803 τοῦ
508 2775 619 2804 διαϐόλου
628 2780 715 2811 προσϐ.

212 2840 217 2845 γ
242 2811 252 2824 ’ἶ
268 2809 395 2865 “signasti
405 2809 436 2841 μὴ
449 2811 497 2841 μετ’
510 2811 599 2834 ἐκείνου
610 2809 662 2834 κιιιτ⁷
674 2810 782 2839 ἀλλήλων
798 2810 928 2841 ἱστάμενοι,
949 2810 1039 2834 desunt

212 2847 234 2864 In
248 2847 292 2864 m~:.
318 2847 337 2864 ,ο
368 2859 372 2864 .

221 2847 227 2863 ι
248 2848 254 2863 ι
276 2847 292 2863 ς.
318 2847 344 2864 ,οι
368 2859 372 2864 .

210 2847 487 2903 Νόηςίιῖιιῖιὲὴ.νςίινὶι.
511 2877 569 2895 vero
591 2871 797 2903 παραχωροῦντας.
823 2871 884 2896 Infra
902 2871 1036 2902 legendum

211 2905 269 2931 pulo
284 2902 328 2926 οὐκ
342 2902 472 2926 ἐπιτάττειν
483 2903 509 2926 οὐ
524 2903 640 2933 βονὶεται.

1870 186 1925 214 282

1094 244 1150 271 ἀλλ’
1166 244 1276 280 ὀφειλὴν
1294 245 1458 277 ἀποδιδόναι,
1476 244 1625 280 προσέταξε
1641 244 1680 280 τῷ
1695 244 1820 281 Ἀϐραὰμ
1833 245 1925 272 δοῦναι

1092 288 1137 314 τὸν
1154 288 1211 314 υίδν
1225 288 1318 321 αὑτοῦ,
1333 289 1376 315 ῐνα
1390 288 1469 315 τοῦτο
1480 288 1527 315 καὶ
1538 288 1618 319 αὐτὸς
1630 287 1724 319 ποιῶν,
1745 288 1781 323 μὴ
1793 287 1831 319 ὡς
1843 288 1926 324 χάριν

1092 333 1189 366 διδοὺς,
1201 333 1257 360 ἀλλ’
1271 334 1309 365 ὡς
1334 334 1413 369 χρέος
1435 334 1577 365 ἀποδιδοὺς
1602 333 1699 368 εὑρεθῇ
1717 332 1760 359 διὰ
1776 332 1821 359 τὸν
1840 333 1926 368 ὑπερ-

1093 377 1223 404 ϐάλλοντα
1237 377 1350 405 πλοῦτον
1363 378 1412 412 τῆς
1429 377 1511 404 αὑτοῦ
1526 374 1702 412 ἀγαθότητος.
1717 374 1782 403 Οἶδα
1795 377 1837 403 ὅτι
1850 376 1926 410 ξένον

1094 420 1218 454 φαίνεται
1232 422 1287 452 τοῖς
1302 421 1409 453 πολλοῖς
1425 420 1455 447 τὸ
1468 420 1572 456 λεχθέν.
1587 421 1624 446 Τὸ
1642 420 1670 446 δὲ
1684 421 1770 447 αἴτιον
1780 440 1787 453 ,
1799 420 1842 455 ῥτι
1861 419 1926 456 περὶ

1094 465 1254 500 πράγματος
1273 465 1431 500 διαλέγομαι
1444 465 1489 492 τὸν
1503 464 1615 500 οὐρανὸν
1628 464 1766 496 οἰκοῦντος
1783 464 1840 491 νῦν.
1860 465 1926 490 Ὥσ-

1093 516 1146 544 περ
1163 509 1217 544 γὰρ
1237 509 1261 535 εί
1278 509 1370 543 ἔλεγον
1384 509 1448 544 περί
1466 517 1537 539 τινος
1559 508 1642 543 φυτοῦ
1660 509 1688 535 ὲν
1707 508 1784 544 Ἰνδίᾳ
1799 507 1926 543 τικτομέ-

1093 561 1149 586 νου,
1164 553 1211 579 καὶ
1232 549 1262 579 οὗ
1285 553 1379 588 μηδεὶς
1398 554 1496 588 πεῖραν
1519 552 1634 586 ἔλαϐεν,
1658 552 1708 579 οὐκ
1732 552 1765 579 ἂν
1790 552 1897 587 ίσχυσεν
1911 551 1926 578 ὸ

1093 595 1171 631 λόγος
1183 597 1368 632 παραστῆσαι,
1386 597 1437 623 κᾶν
1453 596 1537 632 μυρία
1557 597 1620 634 περὶ
1634 596 1715 624 αὐτοῦ
1735 596 1837 630 ἔλεγον·
1853 595 1926 622 οὕτω

1093 640 1141 666 καὶ
1156 639 1203 667 νῦν
1216 641 1266 667 ὅσα
1277 640 1310 667 ἆν
1322 641 1400 674 εἴπω,
1418 641 1506 675 μάτην
1522 640 1586 676 ἐρῶ·
1603 641 1634 667 οὗ
1647 640 1702 675 γὰρ
1717 639 1836 666 συνιοῦσι
1853 647 1926 670 τινες

1093 684 1127 711 τά
1137 683 1280 719 λεγόμενα.
1303 684 1347 710 Ἐν
1356 684 1462 720 οὐρανῷ
1473 685 1537 718 γὰρ,
1551 684 1588 716 ὡς
1603 684 1686 719 έφην,
1701 683 1778 710 τοῦτο
1792 682 1927 717 πεφύτευ-

1094 736 1136 754 ται
1155 727 1185 754 τὸ
1199 728 1291 762 φυτόν.
1311 728 1379 754 Ἀλλ’
1399 728 1446 755 ἐὰν
1467 728 1602 763 Θέλωμεν,
1625 727 1672 754 καὶ
1694 727 1759 762 παρ’
1776 727 1844 762 ἡμῖν
1859 724 1925 752 αὐτὸ

1094 771 1258 807 φυτευθῆναι
1269 771 1390 799 δυνατόν.
1405 771 1454 798 Διά
1472 771 1551 797 τοῦτο
1573 771 1627 806 γάρ
1647 771 1823 806 ἐδιδάχθημεν
1837 770 1925 804 λέγειν

1094 815 1161 851 πρὸς
1183 815 1227 842 τὸν
1252 817 1281 842 ἑν
1297 815 1421 850 οὐρανοῖς
1445 815 1554 850 Πατέρα
1565 823 1571 830 ·
1590 814 1749 848 Γενηθήτω
1762 814 1795 841 τὸ
1811 813 1926 849 θέλημά

1094 866 1153 886 σου
1167 859 1202 886 ἐν
1213 858 1329 893 οὐρανῷ
1344 859 1392 886 καί
1407 858 1457 885 ἐπὶ
1470 858 1525 893 τῆς
1537 858 1604 893 γῆς.

1127 906 1162 937 γ’.
1183 904 1227 938 Μὴ
1244 903 1332 930 τοίνυν
1348 903 1477 930 ἀδύνατον
1496 901 1566 929 εἶναι
1581 902 1736 938 νομίσωμεν
1752 902 1782 929 τὸ
1804 901 1925 929 τοιοῦτον

1093 947 1193 981 ἀγαθὸν
1214 947 1375 982 κτήσασθαι.
1394 947 1511 974 Δυνατδν
1531 947 1595 982 γάρ,
1609 946 1693 978 ὅντως
1712 946 1833 979 δυνατὸν,
1850 946 1876 973 εί
1891 955 1924 980 γε

1095 991 1243 1026 βουλόμεθα
1267 991 1378 1027 νήφειν·
1394 990 1425 1018 οὺ
1442 990 1519 1018 τοῦτο
1533 991 1561 1018 δὲ
1575 991 1662 1026 μόνον,
1683 990 1750 1017 ἀλλά
1773 990 1819 1018 καὶ
1837 992 1925 1017 πᾶσαν

1094 1029 1263 1071 κατορθῶσαι
1291 1035 1341 1070 τὴν
1367 1035 1479 1070 ἀρετήν.
1509 1034 1678 1070 Λὺτεξουσίῳ
1694 1034 1748 1071 γὰρ
1768 1035 1926 1070 προαιρέσει

1094 1078 1298 1114 κυϐερνώμεθα,
1314 1079 1361 1105 καὶ
1376 1079 1425 1114 οὐχ
1440 1079 1608 1115 εἱμαρμένης
1624 1079 1740 1115 ἀνάγκη,
1755 1079 1825 1106 κατά
1839 1087 1924 1110 τινας,

1094 1122 1271 1157 ὑποκείμεθα,
1289 1124 1317 1149 ἑν
1332 1122 1370 1158 τῷ
1388 1123 1473 1150 θέλειν
1494 1123 1540 1150 καὶ
1557 1123 1594 1158 μὴ
1611 1123 1696 1149 θέλειν
1711 1121 1861 1158 ὁριζόμενοι
1880 1124 1927 1148 καὶ

1094 1166 1127 1193 τὰ
1143 1166 1212 1193 καλὰ
1230 1167 1335 1194 κεῖσθαι
1351 1167 1399 1194 κα)⁸
1415 1167 1449 1194 τὰ
1461 1167 1543 1194 κακά.
1570 1166 1619 1193 Διὰ
1645 1166 1722 1193 τοῦτο
1746 1166 1800 1200 γὰρ
1823 1166 1837 1192 ὀ
1860 1166 1926 1198 Θεὸς

1094 1210 1140 1236 καὶ
1157 1210 1292 1244 βασιλείαν
1307 1210 1449 1246 ὑπέσχετο,
1469 1211 1516 1237 καὶ
1539 1210 1673 1245 τιμωρίαν
1688 1210 1846 1245 ἠπείλησεν.
1867 1210 1926 1236 Οὐκ

1093 1253 1126 1280 ἂν
1140 1253 1167 1280 δὲ
1183 1255 1239 1286 τοῖς
1252 1254 1357 1289 ἀνάγκῃ
1369 1254 1520 1290 δεδεμένοις
1536 1253 1621 1286 οὕτως
1647 1254 1757 1289 ἐποίησε
1769 1262 1776 1269 ·
1797 1254 1851 1280 τῶν
1870 1253 1925 1289 γὰρ

1093 1296 1147 1323 ἀπὸ
1161 1296 1272 1332 γνώμης
1286 1297 1434 1332 γινομένων
1459 1297 1591 1328 ἀντίδοσις
1605 1297 1677 1324 ἐστιν
1698 1297 1843 1332 ἑκατέρων.
1868 1297 1925 1323 Οὐκ

1094 1340 1127 1367 ἂν
1140 1341 1237 1376 νόμους
1251 1341 1359 1376 έθηκεν,
1370 1341 1421 1368 οὐκ
1432 1341 1464 1368 ἃν
1478 1341 1652 1376 παραινέσεις
1664 1340 1772 1372 ἔδωκεν,
1783 1341 1807 1367 εί
1817 1340 1927 1374 δεσμοῖς

1093 1384 1262 1420 εἱμαρμένης
1276 1385 1472 1424 κεκρατημένοι
1487 1383 1569 1420 ἦμεν.
1592 1384 1662 1411 Ἀλλ’
1680 1384 1773 1420 ἐπειδὴ
1789 1383 1926 1419 ἐλεύθεροί

1094 1429 1187 1463 ἐσμεν,
1200 1428 1246 1455 καί
1261 1428 1310 1463 τῆς
1325 1428 1394 1460 ιδίας
1407 1429 1592 1464 προαιρέσεως
1613 1427 1712 1463 κύριοι,
1730 1428 1778 1454 καὶ
1798 1427 1851 1454 ἀπὸ
1875 1427 1926 1462 μὲν

1094 1472 1229 1508 ῥᾳθυμίας
1240 1473 1371 1508 γινόμεθα
1385 1472 1490 1508 φαῦλοι,
1505 1473 1559 1499 ἀπὸ
1572 1473 1601 1499 δὲ
1617 1473 1733 1508 σπουδῆς
1743 1471 1864 1507 χρηστοὶ,
1882 1472 1926 1499 διὰ

1092 1516 1172 1542 τοῦτο
1183 1516 1270 1543 ταῦτα
1285 1517 1469 1544 κατεσκεύασε
1491 1517 1527 1544 τὰ
1547 1517 1698 1552 φάρμακα,
1718 1517 1757 1551 τῷ
1779 1516 1853 1551 φόϐῳ
1876 1518 1925 1551 τῆς

1094 1560 1230 1592 κολάσεως
1250 1561 1297 1587 καὶ
1310 1562 1343 1596 τῇ
1365 1560 1511 1596 προσδοκίᾳ
1524 1560 1573 1596 τῆς
1587 1560 1724 1596 βασιλείας
1737 1560 1925 1596 διορθούμενος

1093 1604 1176 1638 ἡμᾶς,
1195 1603 1242 1630 καὶ
1258 1604 1412 1639 φιλοσοφεῖν
1431 1604 1573 1632 παιδεύων.
1586 1605 1643 1631 Ούκ
1659 1606 1691 1631 ἐκ
1705 1603 1805 1631 τούτων
1823 1604 1851 1630 δὲ
1875 1604 1924 1639 μό-

1093 1656 1148 1680 νον,
1175 1648 1242 1675 am
1265 1649 1312 1675 καὶ
1336 1648 1366 1681 ἐξ
1387 1646 1424 1676 ὧν
1439 1649 1518 1684 ἡμεῖς
1532 1649 1608 1675 αὐτοὶ
1624 1648 1764 1684 ποιοῦμεν,
1788 1648 1866 1683 δῆλον
1883 1649 1924 1675 ὅτι

1093 1691 1154 1718 οὔτε
1168 1692 1331 1728 εἱμαρμένη,
1347 1692 1408 1719 οὗτε
1424 1693 1504 1728 τύχη,
1526 1693 1587 1720 οὗτε
1607 1693 1729 1727 γένεσις,
1748 1692 1808 1719 οὕτε
1827 1692 1925 1728 δρόμος

1093 1735 1216 1772 ἀστέρων
1235 1736 1269 1763 τά
1285 1737 1346 1763 καθ’
1361 1738 1435 1772 ἡμᾶς
1449 1737 1554 1764 διοικεῖ.
1574 1737 1606 1764 El
1626 1737 1680 1772 γὰρ
1696 1737 1798 1763 ἐκεῖθεν
1808 1737 1925 1772 ἤρτηται

1092 1780 1126 1806 τὰ
1145 1781 1273 1816 γινόμενα
1296 1781 1395 1813 πάντα,
1418 1782 1465 1807 καὶ
1487 1781 1516 1807 ού
1539 1781 1589 1816 τῆς
1606 1781 1792 1816 προαιρέσεως
1811 1780 1864 1807 τῶν
1879 1781 1926 1807 ἀν-

1094 1823 1220 1859 Θρώπων,
1231 1825 1302 1856 τίνος
1317 1825 1410 1851 ἑνεκεν
1427 1826 1567 1860 μαστιγοῖς
1579 1825 1624 1852 τὸν
1635 1825 1742 1859 οίκέτην
1758 1824 1924 1858 κεκλοφότα;

1093 1867 1164 1899 τίνος
1181 1868 1272 1894 ἕνεκεν
1291 1868 1478 1904 μοιχευθεῖσαν
1492 1868 1540 1904 τὴν
1553 1869 1669 1903 γυναῖκα
1691 1868 1730 1900 είς
1750 1868 1925 1903 δικαστήριον

1093 1910 1200 1944 ἑλκεις;
1217 1911 1288 1943 τίνος
1303 1911 1394 1938 ἕνεκεν
1414 1911 1527 1947 αἰσχύνῃ
1543 1912 1668 1948 πράττων
1686 1912 1720 1938 τὰ
1731 1912 1817 1938 άτοπα
1830 1920 1836 1945 ;
1852 1911 1925 1942 τίνος

1092 1954 1185 1981 ’ἐνεκεν
1200 1955 1260 1982 ούδὲ
1273 1955 1306 1982 τὰ
1327 1956 1435 1991 ῥήματα
1451 1956 1544 1990 φέρεις
1560 1955 1753 1991 ὀνειδιζόμενος
1763 1975 1770 1988 ,
1797 1955 1854 1981 ἀλλ’
1877 1955 1924 1981 ἐάν

1092 1998 1134 2030 τίς
1151 2007 1180 2024 σε
1193 1999 1293 2034 καλέσῃ
1308 1999 1437 2034 μοιχὸν,ῆ
1453 1999 1560 2034 πόρνον,
1579 1999 1595 2034 ἦ
1612 1999 1743 2033 μέθυσον,
1761 1999 1778 2034 ἦ
1795 2007 1821 2024 τι
1836 1997 1925 2024 τοιοῦ-

1092 2051 1147 2074 τον,
1165 2041 1242 2078 ὕϐριν
1257 2043 1288 2069 τὸ
1304 2044 1417 2078 πρᾶγμα
1433 2043 1544 2075 καλεῑς;
1560 2043 1591 2068 Εἰ
1606 2042 1658 2078 γὰρ
1675 2042 1712 2078 μὴ
1728 2043 1778 2077 τῆς
1791 2043 1840 2077 σῆς
1855 2041 1925 2076 γνώ-

1094 2095 1147 2122 μης
1159 2086 1190 2113 τὸ
1206 2087 1380 2122 ἁμαρτάνειν,
1404 2085 1466 2113 οὕτε
1487 2086 1612 2121 ἔγκλημα
1635 2086 1666 2112 τὸ
1688 2086 1838 2121 γινόμενον,
1861 2085 1924 2112 οὔτε

1094 2130 1170 2165 ὕϐρις
1186 2130 1216 2156 τὺ
1237 2129 1392 2165 λεγόμενον.
1415 2129 1472 2156 Νῦν
1495 2129 1523 2156 δὲ
1544 2130 1591 2156 καὶ
1607 2130 1640 2156 δι’
1656 2125 1693 2157 ὧν
1716 2130 1771 2160 τοῖς
1799 2129 1924 2164 ἁμαρτά-

1093 2182 1182 2200 νουσιν
1202 2174 1232 2200 οὑ
1257 2173 1462 2208 συγγινώσκεις,
1484 2173 1530 2200 καὶ
1548 2173 1581 2199 δι’
1602 2169 1640 2200 ὧν
1656 2173 1736 2204 αὐτὸς
1757 2173 1870 2208 αἰσχύνῃ
1888 2173 1923 2199 τὰ

1093 2217 1165 2244 κακά
1179 2217 1318 2252 πράττων,
1338 2217 1384 2243 καὶ
1399 2217 1539 2244 λανθάνειν
1563 2217 1738 2249 σπουδάζεις,
1755 2217 1802 2243 καὶ
1824 2216 1858 2242 δι’
1885 2213 1922 2242 ὧν

1092 2261 1155 2292 τοὺς
1176 2261 1261 2288 ταῦτά
1285 2269 1325 2287 σοι
1353 2261 1537 2297 προφέροντας
1561 2260 1691 2296 ὑϐριστὰς
1716 2259 1854 2295 νομίζεις,
1879 2259 1923 2286 διὰ

1093 2304 1199 2331 πάντων
1212 2305 1361 2340 ὁμολογεῖς,
1383 2305 1423 2331 ὅτι
1438 2304 1487 2330 οὐκ
1502 2304 1611 2340 ἀνάγκῃ
1624 2303 1726 2330 δέδεται
1740 2303 1773 2330 τά
1789 2303 1920 2338 ἡμέτερα,

1093 2347 1160 2374 ἀλλὰ
1170 2348 1353 2383 προαιρέσεως
1363 2348 1503 2383 ἐλευθερίᾳ
1512 2347 1664 2382 τετίμηται.
1673 2347 1735 2378 Τοῖς
1742 2345 1806 2380 γοῦν
1816 2346 1922 2381 ἀνάγκῃ

1093 2392 1285 2427 κατεχομένοις
1297 2391 1491 2426 συγγινώσκειν
1511 2391 1630 2426 οἰδαμεν.
1655 2391 1714 2417 Κᾶν
1731 2390 1783 2417 ὑπὸ
1798 2390 1922 2424 δαίμονός

1093 2444 1134 2467 τις
1147 2436 1346 2471 ὀχλούμενος,ἢ
1362 2436 1406 2462 τὸν
1419 2436 1520 2470 χιτῶνα
1539 2435 1670 2471 διαρῤήξῃ
1684 2435 1730 2462 τὸν
1746 2434 1889 2470 ἡμέτερον.
1905 2433 1922 2468 ἢ

1093 2479 1199 2515 πληγὰς
1218 2480 1362 2516 ἐπενέγκῃ,
1385 2480 1416 2505 οὺ
1435 2480 1513 2514 μόνον
1529 2479 1558 2505 ού
1574 2479 1723 2513 κολάζομεν
1739 2478 1828 2508 αὑτὸν,
1855 2476 1923 2503 ἀλλὰ

1093 2521 1168 2557 [291]
1184 2523 1231 2549 καὶ
1245 2522 1372 2557 ἐλεοῦμεν
1386 2523 1433 2548 καὶ
1452 2523 1682 2557 συγγινώσκομεν.
1701 2522 1733 2548 Τί
1746 2521 1860 2556 δήποτε;
1882 2521 1922 2547 ὅτι

1093 2567 1169 2601 οῦχή
1183 2567 1231 2601 τῆς
1251 2567 1433 2602 προαιρέσεως
1450 2567 1601 2602 ἐλευθερία.
1623 2566 1679 2592 ἀλλ’
1695 2567 1711 2602 ή
1731 2566 1777 2592 τοῦ
1796 2565 1920 2600 δαίμονος

1095 2610 1140 2645 βία
1156 2611 1241 2636 ταῦτα
1258 2610 1413 2645 εἰργάσατο.
1426 2610 1506 2636 Ὥστε
1523 2611 1546 2636 εἰ
1558 2611 1603 2637 καὶ
1615 2610 1648 2636 τὰ
1664 2610 1730 2637 ἄλλα
1740 2610 1925 2645 ἁμαρτήματα

1094 2653 1147 2680 ἀπὸ
1163 2653 1213 2688 τῆς
1237 2654 1359 2689 ἀνάγκης
1375 2654 1424 2689 τῆς
1450 2653 1519 2680 κατὰ
1541 2654 1590 2689 τὴν
1612 2653 1780 2690 εἱμαρμένην
1800 2653 1903 2687 ἐγίνετο
1915 2673 1924 2685 ,

1095 2697 1264 2732 συνέγνωμεν
1275 2697 1317 2724 άν-
1328 2698 1458 2733 ἐπειδὴδὲ
1469 2698 1547 2732 ἴσμεν
1558 2702 1580 2731 ε,
1592 2698 1632 2724 ὅτι
1645 2697 1695 2724 οὑκ
1709 2697 1781 2723 ἔστιν
1792 2697 1924 2730 ἀνάγκης,

1093 2741 1135 2767 διὰ
1153 2740 1231 2767 τοῦτο
1251 2741 1280 2767 οὐ
1306 2741 1544 2776 συγγινώσκομεν,
1569 2740 1629 2767 οὔτε
1648 2740 1774 2767 δεσπόται
1795 2740 1925 2772 οἰκέταις,

1094 2785 1153 2811 οὔτε
1172 2785 1266 2820 ἄνδρες
1285 2785 1427 2819 γυναιξὶν,
1455 2785 1516 2812 οὔτε
1545 2787 1672 2819 γυναῖκες
1698 2784 1837 2821 ἀνδράσιν,
1863 2782 1926 2811 οὔτε

1128 2903 1139 2916 ’θ
1152 2900 1218 2932 Haec,
1233 2900 1313 2929 ἐπειδὴ
1325 2901 1350 2925 δὲ
1361 2900 1438 2932 ἴσμεν,
1452 2902 1541 2926 desunt
1552 2906 1575 2925 ιιι
1587 2899 1653 2926 Colb.
