2074 3126
263 190 313 218 εει

262 249 378 277 Joannes
393 247 549 275 testiﬁcatur
570 245 661 275 dicens
675 254 681 274 :
695 255 705 273 ι
725 246 770 275 Sic
781 248 850 275 Deus
864 247 956 275 dilexit
975 254 1053 274 mun<

262 295 337 327 dum,
352 300 380 322 ut
397 293 494 322 Filium
509 301 587 321 suum
601 293 764 328 unigenitum
777 294 899 327 daret,ut
908 295 995 320 omnis
1008 293 1053 327 qui

261 341 346 369 credit
359 341 384 368 in
399 341 484 376 ipsum
497 349 549 367 non
565 344 666 375 pereat,
680 340 727 367 sed
752 340 850 367 habeat
870 340 950 367 vitam
972 343 1052 366 aeter-

261 394 322 414 nam
338 396 348 413 ›
370 387 460 422 (Joan.
473 387 500 414 5.
516 386 573 422 16).
589 386 644 413 llac
662 385 759 413 ardens
776 385 872 412 Paulus
887 385 956 412 hanc
969 384 1051 412 caele-

260 437 329 460 stem
344 432 432 460 emisit
452 439 544 459 vocem
563 440 570 458 :
590 441 599 458 ι
611 431 675 465 Quis
693 438 742 458 nos
765 430 898 465 separabit
912 438 927 457 a
941 430 1051 457 caritate

259 477 380 505 Christi?
394 477 539 510 tribttlatio,
555 484 589 504 an
615 476 747 511 angustia,
769 483 800 504 ac
817 475 997 511 peraequatio,
1016 483 1050 502 an

260 522 353 554 fames,
369 530 402 549 an
414 522 529 555 nuditas,
542 529 575 549 an
591 521 747 556 periculum,
759 529 792 548 an
801 520 1013 557 gladius»(Rom.
1022 520 1049 548 8.

260 569 326 603 55)?
340 568 386 595 His
408 576 488 603 porro
511 568 585 603 quasi
599 567 735 595 vilioribus
757 567 900 603 despectis,
912 567 944 594 iis
966 567 1051 596 multo

260 615 360 649 majora
378 615 474 650 adjecit
489 623 495 641 ε
512 614 597 648 «Quia
615 621 700 649 neque
713 621 795 648 mors,
808 623 818 640 )
847 613 948 649 inquit,
979 622 988 639 I
1002 621 1049 641 ne-

259 668 311 695 que
325 662 388 693 vita,
403 667 489 695 neque
500 660 635 692 instantia,
649 667 735 696 neque
746 659 844 692 futura,
856 667 943 694 neque
958 659 1049 686 altitu-

259 705 304 738 do,
319 713 404 740 neque
418 704 590 741 profundum,
603 713 690 740 neque
701 709 824 733 creatura
835 705 886 732 alia
893 705 989 740 poterit
1001 711 1050 732 nos

259 758 382 786 separare
395 758 410 778 a
424 751 535 778 caritate
547 751 609 784 Dei,
621 759 681 786 qua:
694 755 735 779 est
748 751 775 779 in
790 751 895 778 Christo
919 750 981 778 Jesu
999 750 1050 777 Do-

258 798 331 824 mino
345 802 436 824 nostro
457 807 466 823 ι
484 797 564 833 (Ibid.
576 805 599 824 υ.
615 798 660 825 55.
673 798 731 834 59).
746 798 812 824 Hinc
835 797 901 824 nihil
924 803 1049 831 separare

257 843 344 878 potuit
366 843 472 871 beatum
486 843 560 870 illum
581 843 692 870 caritate
711 843 860 875 ardentem,
875 849 927 869 non
941 842 1046 875 caelum,

257 896 310 916 non
325 893 407 922 terra,
423 896 476 916 non
490 896 563 916 mare
574 909 581 921 ,
594 896 646 916 non
660 896 770 923 regnum
779 888 906 917 caelorum
916 908 924 921 ,
941 895 993 915 non
1008 888 1048 915 in-

255 933 324 962 ferni
339 934 465 969 supplicia
481 935 588 962 :omnia
609 935 707 970 quippe
720 939 829 970 propter
844 933 980 961 Christum
997 933 1047 961 de-

256 980 393 1015 spiciebat.
403 980 479 1014 Quod
497 981 519 1008 si
533 981 599 1008 alios
617 988 722 1015 quoque
742 984 848 1008 sanctos
863 980 1045 1014 exploremus,

254 1032 349 1054 omnes
362 1026 593 1061 deprehendamus
605 1027 639 1054 ob
652 1027 789 1055 caritatem
800 1026 931 1062 placuisse
944 1026 1009 1054 Deo.

291 1071 319 1098 2.
344 1071 444 1099 Caritas
468 1080 529 1108 erga
555 1072 698 1107 proximum
716 1080 781 1107 quae.
794 1072 943 1100 —-Caritas
957 1071 1048 1107 proxi-

255 1124 328 1145 mum
342 1117 390 1145 tibi
409 1118 516 1145 exhibet
536 1119 606 1146 sicut
623 1119 803 1153 temetipsum,
827 1122 906 1153 teque
921 1118 955 1145 de
974 1118 1046 1145 illius

255 1163 340 1196 bonis,
356 1163 469 1199 perinde
483 1168 562 1199 atque
576 1163 609 1192 de
623 1165 676 1192 tuis
690 1164 808 1199 gaudere
822 1163 909 1197 docet,
922 1163 1045 1199 illiusque

240 1209 350 1242 .damna
365 1209 442 1244 quasi
456 1213 499 1237 tua
514 1209 595 1237 ferre.
611 1210 715 1238 Caritas
730 1210 829 1237 multos
852 1217 933 1237 unum
946 1215 1045 1244 corpus

254 1255 346 1289 efﬁcit,
363 1255 521 1291 illorumque
536 1256 638 1283 animas
657 1256 773 1290 Spiritus
791 1255 875 1282 sancti
893 1254 1044 1282 habitacula

254 1300 359 1328 reddit:
373 1308 428 1328 non
440 1301 512 1329 enim
523 1302 548 1328 in
564 1301 673 1332 divisos,
686 1301 733 1328 sed
747 1300 773 1327 in
786 1300 943 1335 coniunctos
955 1300 1045 1328 animo

254 1346 368 1381 Spiritus
390 1347 463 1382 pacis
483 1346 637 1382 requiescit.
663 1347 768 1374 Caritas
790 1346 954 1382 singulorum
974 1345 1044 1373 bona

253 1393 377 1420 omnibus
400 1393 552 1421 communia
574 1393 672 1427 reddit,
699 1397 729 1420 ut
753 1393 790 1420 ait
816 1392 884 1420 liber
907 1392 1041 1419 Actuum:

256 1448 266 1463 ε
283 1437 457 1466 Multitudinis
477 1443 566 1466 autem
579 1438 745 1466 credentium
767 1442 825 1466 erat
838 1445 886 1466 cor
907 1445 999 1470 unum,
1017 1441 1044 1465 et

254 1484 342 1511 anima
357 1492 408 1511 una
424 1493 429 1510 :
444 1491 494 1512 nec
513 1485 652 1520 quisquam
673 1492 779 1518 eorum,
803 1491 864 1519 qua:
878 1483 1043 1519 possidebat,

253 1529 350 1564 aliquid
361 1537 438 1558 suum
449 1537 509 1558 esse
519 1530 632 1563 dicebat,
647 1530 694 1558 sed
708 1534 786 1558 erant
798 1530 850 1557 illis
864 1529 953 1557 omnia
966 1536 1043 1557 com-

254 1577 342 1605 munia
363 1586 370 1604 :
393 1581 421 1605 et
443 1577 610 1606 dividebatur
627 1577 738 1613 singulis
759 1581 837 1612 prout
855 1577 950 1611 cuique
975 1583 1042 1612 opus

253 1627 310 1650 erat
325 1632 335 1649 ›
357 1623 425 1658 (Act.
439 1624 466 1651 4.
482 1623 525 1651 52.
539 1624 596 1659 55).
610 1623 702 1657 Qualis
716 1630 807 1650 murus
830 1622 866 1649 ita
888 1621 990 1654 ﬁrmus,
1006 1622 1041 1648 ita

252 1670 429 1698 concinnitate
451 1670 590 1706 grandium
609 1670 738 1705 lapidum,
761 1669 878 1696 hostium
901 1667 1041 1696 conatibus

253 1716 462 1751 mexpuguabilis
475 1720 526 1748 est,
541 1721 570 1742 ut
583 1721 669 1743 caelus
686 1722 746 1742 sese
757 1719 850 1742 mutuo
862 1713 1037 1748 diligentium,

251 1766 278 1788 et
298 1762 446 1789 concordiae
468 1769 537 1789 nexu
553 1761 726 1796 junctorum?
746 1760 832 1787 Etiam
856 1759 927 1794 ipsos
941 1757 1041 1786 diaboli

253 1808 364 1842 impetus
383 1813 505 1841 coercet;
530 1811 558 1835 et
571 1807 678 1843 quidem
695 1807 756 1842 jure
780 1805 886 1834 merito.
908 1804 974 1832 Nam
995 1804 1040 1839 qui

251 1855 374 1882 concordi
389 1855 477 1882 animo
496 1858 589 1881 contra
610 1854 685 1881 illum
706 1853 791 1880 aciem
804 1853 948 1884 instruunt,
963 1852 998 1878 ita
1012 1854 1040 1877 ut

253 1900 330 1927 nullis
344 1907 359 1926 a
374 1905 444 1927 caatu
467 1899 662 1932 deﬁcientibus,
686 1905 748 1926 cum
770 1898 816 1924 illo
836 1901 909 1925 stent
922 1896 1038 1929 adversi,

250 1945 308 1980 ejus
320 1945 451 1973 machinis
464 1950 526 1972 sunt
537 1945 637 1978 invicti,
652 1944 843 1979 splendidaque
857 1943 975 1970 caritatis
985 1942 1040 1969 eri-

251 1997 315 2026 gunt
336 1997 446 2027 tropaea.
467 1993 506 2019 Ac
526 1991 750 2027 quemadmodum
773 1991 839 2026 lyrce
859 1990 943 2021 nervi,
964 1989 1040 2016 multi

251 2046 310 2065 cum
331 2038 394 2070 sint,
408 2038 431 2065 si
451 2038 478 2065 in
495 2045 575 2065 unum
590 2041 749 2065 concentum
771 2036 892 2069 tendant,
914 2035 1040 2063 suavissi-

251 2090 320 2109 mam
344 2083 503 2110 cantilenam
534 2082 617 2110 edunt.
639 2091 646 2109 :
673 2082 713 2110 sic
735 2081 780 2117 qui
807 2089 861 2108 uno
887 2081 1040 2108 coalescunt

250 2128 349 2162 animo,
357 2128 505 2164 jucundum
522 2129 641 2156 caritatis
654 2128 774 2163 pulsibus
793 2134 888 2154 sonum
904 2126 1037 2154 emittunt.

250 2174 311 2202 Ideo
327 2180 419 2202 auctor
432 2179 473 2202 est
487 2175 595 2208 Paulus,
610 2179 638 2202 ut
650 2174 743 2202 ﬁdeles
757 2174 872 2209 idipsum
883 2173 999 2200 sentiant
1011 2175 1040 2200 et

250 2222 346 2254 dicant,
360 2223 478 2257 aliosque
492 2227 624 2257 putentse
637 2222 790 2257 superiores
805 2228 875 2254 esse,
890 2228 924 2248 ne
938 2219 1039 2247 ambitu

249 2268 366 2295 solvatur
373 2267 481 2301 caritas,
490 2268 537 2295 sed
544 2267 646 2295 honore
654 2268 712 2295 aliis
719 2267 855 2300 cedentes,
863 2267 889 2293 in
897 2265 1037 2294 concordia

250 2314 346 2348 degant
356 2313 484 2349 (Philipp.
501 2314 526 2340 5.
543 2313 586 2342 16.
603 2318 625 2341 et
639 2313 666 2340 2.
678 2313 718 2349 3).
732 2313 902 2348 Rursumque
915 2312 971 2339 ait:
988 2311 1038 2338 Per

249 2360 377 2386 caritatem
391 2360 480 2387 seruile
492 2360 607 2386 invicem.
628 2359 717 2386 Omnis
730 2359 797 2386 enim
811 2359 853 2385 lca:
873 2359 899 2385 in
912 2365 962 2385 uno
981 2365 1036 2384 aer-

248 2413 321 2432 mone
341 2405 481 2441 impletur:
494 2405 590 2439 Diliges
601 2405 745 2441 proximum
760 2409 833 2431 tuum
850 2404 914 2430 sicut
931 2403 1038 2438 teipsum

247 2450 333 2488 (Gal.
356 2451 383 2478 5.
408 2452 450 2479 15.
475 2451 519 2479 14.
547 2451 627 2478 Leuit.
645 2450 770 2486 19.18).
794 2450 843 2483 Qui
867 2449 961 2485 diligit,
984 2457 1038 2476 non

249 2497 329 2525 modo
348 2506 401 2525 non
416 2498 557 2533 imperare,
581 2497 628 2526 sed
650 2497 729 2525 etiam
744 2496 869 2531 imperari
889 2496 944 2523 vult
957 2505 963 2522 :
975 2503 1039 2530 gau-

248 2543 344 2578 detque
366 2544 450 2579 magis
464 2545 608 2579 imperatus
619 2551 697 2579 quam
719 2544 861 2578 imperans.
877 2542 927 2575 Qui
939 2542 1037 2576 diligit,

247 2590 359 2625 gratiam
385 2590 508 2617 conferre
531 2590 642 2623 mavult,
670 2597 749 2624 quam
776 2589 911 2623 accipere;
938 2588 1040 2615 mavult

246 2637 346 2672 quippe
358 2637 506 2665 debitorem
521 2638 635 2665 amicum
656 2637 765 2670 habere,
779 2644 857 2671 quam
878 2637 935 2671 ipse
950 2637 974 2664 ei
989 2636 1038 2663 de-

247 2681 317 2710 bitor
331 2690 401 2711 esse.
413 2683 463 2716 Qui
476 2683 572 2718 diligit,
588 2684 675 2711 amico
688 2684 798 2718 gratiam
817 2682 937 2710 conferre
955 2683 1037 2716 cupit,

246 2736 297 2757 nec
318 2734 409 2757 tamen
426 2731 480 2757 vult
503 2729 626 2758 conferre
649 2730 752 2757 videri:
769 2730 795 2756 in
819 2729 948 2756 beneﬁcio
969 2736 1038 2764 prte-

247 2775 343 2803 atando
356 2776 456 2810 primas
478 2780 580 2810 tenere,
598 2784 647 2804 nec
670 2781 757 2803 tamen
774 2776 873 2811 primas
895 2780 985 2803 tenere
997 2775 1038 2803 vi-

247 2821 315 2848 deri.
332 2821 388 2849 lloc
407 2822 476 2850 forte
491 2822 598 2858 quidam
615 2830 666 2850 non
682 2823 851 2858 intelligunt:
865 2822 1038 2858 quamobrem

246 2866 272 2893 id
286 2868 410 2903 exemplo
425 2869 595 2903 conspicuum
612 2869 729 2896 reddam.
745 2869 972 2898 Clementissimns
988 2871 1039 2898 [δο-

248 2920 335 2941 minus
350 2922 397 2950 pro
419 2915 495 2942 nobis
515 2915 609 2943 Filium
632 2923 708 2943 suum
723 2915 832 2944 daturus
848 2922 923 2951 erat;
942 2922 971 2944 ut
992 2926 1037 2945 au-

848 186 892 216 DE
913 185 1090 215 PEBFECTA
1110 186 1295 219 CARITATE.

1845 201 1897 229 282

1107 249 1160 274 tem
1175 256 1227 276 non
1241 249 1376 278 videretur
1396 251 1422 279 id
1436 251 1537 287 largiri,
1561 253 1609 281 sed
1630 253 1749 283 debitum
1773 257 1895 292 reddere,

1106 294 1232 328 praecepit
1253 296 1406 325 Abrahamo
1427 302 1457 325 ut
1476 299 1559 327 ﬁlium
1582 306 1659 328 suum
1674 301 1760 336 daret,
1784 309 1814 331 ut
1835 312 1895 332 cum

1105 338 1219 373 idipsum
1230 340 1286 375 ipse
1299 341 1407 377 faceret,
1423 351 1475 372 non
1487 345 1597 380 gratiam
1609 351 1736 381 prmstare
1749 349 1895 382 videretur,

1105 384 1151 412 sed
1166 385 1285 414 debitum
1306 388 1429 424 reddere,
1450 396 1561 426 propter
1581 394 1814 428 supereminentes
1826 395 1894 424 divi-

1105 430 1154 458 tias
1164 430 1292 460 bonitatis
1305 441 1369 462 sute.
1387 435 1449 463 Scio
1464 437 1554 464 multis
1569 438 1605 471 id,
1622 439 1693 474 quod
1706 440 1832 474 diximus,
1847 450 1894 469 no-

1104 484 1165 504 vum
1184 478 1355 516 insolensque
1367 482 1461 509 videri.
1476 483 1503 510 ln
1518 491 1597 512 causa
1619 490 1708 514 autem
1725 492 1766 515 est
1779 489 1848 523 quod
1862 489 1894 517 de

1103 529 1134 549 re
1147 523 1249 558 loquar,
1266 532 1324 560 qua:
1344 534 1415 554 nunc
1436 527 1463 555 in
1479 529 1551 556 cmlis
1571 535 1702 558 versatur.
1718 531 1895 566 Quemadmo-

1103 567 1166 594 dum
1184 569 1254 596 enim
1271 577 1293 596 sn
1305 570 1338 598 de
1361 572 1450 606 planta
1470 573 1594 609 loquerer
1614 575 1640 603 in
1661 575 1734 604 India
1756 584 1892 613 nascente,

1104 620 1181 647 quam
1198 622 1277 642 nemo
1289 617 1453 650 experientia
1466 624 1650 653 cognosceret,
1666 629 1719 648 non
1734 629 1840 656 possem
1859 624 1894 651 il-

1104 659 1153 686 lam
1165 667 1290 689 sermone
1307 663 1449 697 explicare,
1465 665 1570 693 etiamsi
1583 672 1708 695 sexcenta
1722 668 1756 696 de
1770 669 1813 696 illa
1829 677 1892 697 nar-

1103 712 1189 732 rarem
1202 715 1208 732 :
1223 708 1262 734 sic
1283 708 1362 736 etiam
1384 717 1454 737 nunc
1475 710 1571 739 frustra
1585 713 1688 748 loquar,
1709 721 1769 741 cum
1785 715 1894 750 quidam

1101 757 1132 796 ea
1147 758 1207 785 qua:
1219 752 1274 787 jam
1290 753 1350 782 dico
1365 762 1416 782 non
1430 756 1586 792 intelligant.
1602 759 1629 786 In
1643 759 1710 787 caelo
1723 767 1847 796 namque,
1864 766 1890 788 ut

1101 795 1166 828 dixi,
1181 797 1239 825 hare
1253 798 1342 833 planta
1353 799 1474 828 ltabetur.
1487 802 1539 830 Sed
1552 803 1574 831 si
1588 804 1761 839 voluerimus,
1773 795 1799 833 in
1815 807 1892 834 nobis

1101 842 1180 869 etiam
1198 843 1242 870 illa
1266 844 1346 872 inseri
1365 850 1465 881 potest.
1487 847 1549 875 Ideo
1572 850 1644 877 enim
1662 850 1775 879 instituti
1798 859 1891 880 sumus

1100 893 1130 916 ut
1142 889 1261 918 dicamus
1274 891 1344 919 Patri
1368 893 1404 919 illi
1424 894 1468 928 qui
1487 899 1529 922 est
1551 895 1577 922 in
1592 896 1664 923 cmlis
1679 905 1686 923 :
1702 896 1762 925 Fiat
1776 898 1891 926 voluntas

1100 939 1144 962 tua
1154 936 1179 963 in
1192 936 1254 964 uelo
1267 941 1290 964 et
1304 938 1329 965 in
1344 943 1410 965 terra
1425 939 1530 975 (Matth.
1543 941 1568 969 6.
1587 938 1649 978 10).“

1136 982 1162 1009 3.
1183 982 1273 1010 Libero
1285 984 1399 1018 arbitrio,
1415 993 1467 1013 non
1481 986 1529 1021 fati
1549 989 1693 1016 necessitate
1709 989 1888 1025 gubernantur.

1098 1042 1134 1048 -
1145 1028 1183 1056 Ne
1196 1036 1260 1065 ergo
1274 1035 1396 1065 putemus
1409 1039 1461 1060 non
1476 1040 1554 1068 posse
1566 1041 1613 1062 nos
1627 1034 1778 1071 hujusmodi
1789 1037 1889 1066 bonum

1102 1075 1245 1111 possidere.
1264 1076 1408 1105 Possumus
1429 1078 1510 1112 enim,
1527 1087 1589 1108 vere
1610 1088 1762 1116 possumus,
1783 1084 1805 1110 si
1818 1083 1885 1111 veli-

1099 1127 1157 1146 mus
1167 1120 1328 1155 advigilare;
1343 1130 1429 1158 neqne
1440 1123 1490 1151 hoc
1501 1128 1614 1158 tantum,
1630 1126 1676 1153 sed
1690 1127 1768 1154 etiam
1781 1135 1889 1156 omnem

1097 1172 1227 1193 exercere
1239 1167 1373 1195 virtutem.
1387 1168 1485 1196 Libero
1496 1170 1566 1197 enim
1579 1170 1689 1199 arbitrio
1697 1172 1888 1208 gubernamur,

1098 1218 1185 1246 neque
1199 1211 1245 1239 fati
1259 1214 1421 1247 necessitati,
1443 1218 1472 1242 ut
1485 1215 1590 1250 quidam
1604 1221 1707 1251 putant,
1722 1219 1888 1254 subjicimur,

1096 1265 1156 1285 cum
1169 1258 1307 1286 deﬁnitum
1321 1260 1355 1287 sit
1371 1265 1400 1288 ut
1414 1260 1483 1289 intra
1496 1262 1564 1290 velle
1577 1267 1604 1290 et
1618 1264 1688 1291 nolle
1701 1264 1770 1292 bona
1786 1265 1890 1294 malave

1096 1303 1145 1331 sita
1159 1305 1224 1336 sint.
1239 1304 1301 1333 ldeo
1315 1313 1428 1342 namque
1444 1308 1514 1336 Deus
1533 1313 1561 1336 et
1582 1317 1692 1345 regnum
1711 1312 1843 1346 promisit,
1862 1317 1889 1341 et

1096 1351 1255 1387 supplicium
1270 1353 1386 1381 minatus
1405 1358 1456 1382 est.
1476 1355 1557 1390 Atqui
1578 1355 1603 1383 id
1622 1364 1767 1392 numquam
1791 1359 1890 1394 egisset

1097 1404 1158 1432 erga
1177 1399 1338 1426 necessitate
1351 1399 1454 1427 vinctos
1469 1409 1476 1427 :
1491 1408 1551 1428 nam
1567 1408 1660 1429 eorum
1676 1410 1735 1438 qua:
1747 1411 1780 1431 ex
1794 1404 1889 1432 volun-

1097 1447 1151 1471 tate
1163 1443 1240 1477 ﬁunt,
1254 1443 1383 1471 alterutra
1403 1451 1462 1472 sors
1482 1445 1568 1473 datur.
1588 1445 1738 1483 Numquam
1752 1448 1824 1484 leges
1838 1456 1888 1484 po-

1095 1488 1203 1522 suisset,
1219 1496 1270 1517 nec
1283 1489 1383 1517 monita
1403 1490 1533 1524 dedisset,
1550 1491 1573 1518 si
1588 1499 1638 1520 nos
1654 1491 1701 1520 fati
1714 1493 1828 1521 vinculis
1840 1494 1888 1522 de-

1096 1535 1251 1563 tineremur.
1266 1535 1319 1563 Sed
1334 1535 1396 1571 quia
1409 1536 1485 1564 liberi
1507 1544 1610 1571 sumus,
1626 1538 1765 1574 nostrique
1784 1539 1887 1568 arbitrii

1094 1581 1206 1613 domini,
1220 1585 1299 1616 atque
1313 1589 1346 1609 ex
1365 1581 1469 1617 ignavia
1489 1583 1574 1618 pravi,
1596 1591 1682 1620 exque
1696 1585 1784 1614 studio
1799 1590 1827 1614 et
1838 1594 1887 1614 co-

1094 1631 1158 1654 natu
1180 1627 1242 1655 boni
1259 1627 1399 1662 elﬁcimur,
1424 1628 1525 1657 idcirco
1551 1629 1610 1658 haec
1629 1631 1748 1659 remedia
1771 1634 1886 1668 paravit,

1095 1681 1191 1708 nempe
1210 1678 1281 1701 metu
1295 1674 1417 1708 supplicii
1433 1682 1464 1702 ac
1483 1682 1530 1710 spe
1547 1676 1622 1710 regni
1639 1683 1689 1704 nos
1701 1678 1836 1712 emendat,
1859 1683 1887 1707 et

1093 1718 1127 1745 ad
1139 1718 1378 1753 philosophandum
1391 1719 1515 1747 instituit.
1528 1719 1621 1756 Neque
1632 1721 1695 1750 hinc
1707 1726 1821 1757 tantum,
1838 1724 1886 1752 sed

1093 1766 1173 1792 etiam
1188 1772 1221 1792 ex
1236 1765 1278 1798 iis,
1291 1772 1350 1800 qum
1362 1772 1412 1793 nos
1429 1765 1479 1800 ipsi
1500 1766 1613 1801 agimus,
1630 1767 1722 1802 liquet,
1743 1776 1830 1804 neque
1844 1769 1885 1796 fa-

1094 1815 1160 1843 tum,
1173 1818 1260 1846 neque
1273 1810 1416 1845 fortunam,
1432 1819 1519 1846 neque
1532 1813 1661 1847 genesim,
1675 1821 1763 1849 neque
1777 1822 1884 1843 cursum

1093 1860 1226 1884 astrorum
1240 1861 1331 1884 nostra
1346 1864 1448 1892 regere.
1466 1857 1531 1884 Nam
1553 1858 1576 1885 si
1589 1858 1651 1886 hinc
1664 1859 1782 1893 pendent
1796 1862 1885 1889 omnia

1093 1910 1151 1938 qua:
1164 1907 1302 1938 geruntur,
1314 1911 1368 1931 non
1383 1907 1472 1931 autem
1486 1911 1501 1931 a
1514 1904 1599 1932 libero
1613 1905 1750 1933 hominum
1762 1906 1883 1941 arbitrio,

1093 1957 1141 1976 cur
1153 1948 1270 1984 ﬂagellas
1283 1956 1389 1977 servum
1406 1949 1541 1977 furatum?
1553 1958 1602 1978 cur
1611 1951 1760 1980 adulteram
1774 1961 1884 1981 uxorem

1092 1995 1124 2022 ad
1138 1994 1224 2022 forum
1240 1995 1343 2022 trahis?
1356 2003 1403 2023 cur
1417 2002 1443 2024 te
1463 1996 1555 2031 pudet,
1578 2004 1639 2025 cum
1654 1999 1770 2027 absurda
1788 2008 1884 2035 perpe-

1093 2041 1164 2069 tras?
1178 2049 1228 2076 qua
1244 2041 1278 2069 de
1300 2049 1379 2069 causa
1402 2050 1436 2070 ne
1449 2043 1531 2070 verba
1551 2043 1658 2078 quidem
1676 2045 1884 2080 vituperantium

1092 2088 1219 2121 sustines,
1238 2087 1284 2115 sed
1299 2088 1321 2114 si
1339 2088 1399 2122 quis
1413 2093 1439 2115 te
1458 2089 1605 2123 moechum,
1621 2094 1667 2117 aut
1682 2090 1882 2126 fornicatorem,

1092 2137 1138 2160 aut
1151 2133 1296 2167 ebriosum,
1310 2133 1352 2161 vel
1368 2133 1431 2169 quid
1443 2134 1532 2162 simile
1543 2139 1631 2169 vocet,
1648 2135 1674 2164 id
1693 2138 1882 2166 contumeliam

1091 2178 1228 2214 appellas?
1247 2178 1312 2206 Nam
1335 2179 1356 2206 si
1380 2186 1432 2206 non
1457 2186 1490 2207 ex
1511 2184 1557 2207 tuo
1576 2180 1686 2210 arbitrio
1705 2189 1810 2217 peccas,
1835 2192 1884 2212 nec

1092 2225 1191 2252 crimen
1206 2224 1257 2251 erit
1271 2224 1340 2260 quod
1357 2224 1462 2258 feceris,
1479 2233 1529 2253 nec
1550 2227 1709 2254 contumelia
1725 2228 1794 2263 quod
1809 2229 1883 2257 dica—

1092 2274 1144 2297 tur.
1160 2270 1235 2298 Nunc
1248 2275 1337 2298 autem
1354 2275 1382 2297 et
1396 2270 1467 2305 quod
1483 2271 1654 2306 peccantibus
1670 2281 1722 2299 non
1739 2281 1842 2308 parcas,
1857 2280 1884 2302 et

1092 2316 1162 2352 quod
1183 2323 1296 2351 peccans
1322 2316 1474 2350 erubescas,
1495 2321 1523 2344 et
1545 2317 1630 2345 latere
1649 2325 1736 2351 cures,
1761 2324 1789 2347 et
1813 2321 1884 2355 quod

1092 2362 1300 2390 contumeliosos
1315 2365 1394 2397 putes
1412 2369 1468 2394 eos,
1493 2362 1539 2397 qui
1560 2362 1619 2390 haec
1634 2363 1679 2390 tibi
1695 2364 1859 2398 exprobrant
1876 2374 1882 2380 -

1093 2408 1134 2436 his
1148 2413 1220 2435 certe
1233 2408 1357 2436 omnibus
1373 2407 1516 2441 conﬁteris,
1534 2413 1624 2436 nostra
1647 2416 1700 2436 non
1724 2411 1883 2438 necessitate

1092 2455 1178 2482 vincta
1193 2462 1262 2487 esse,
1276 2454 1322 2482 sed
1338 2453 1438 2482 arbitrii
1455 2454 1576 2482 libertate
1590 2456 1690 2482 ornari.
1705 2455 1738 2483 lis
1752 2461 1825 2484 certe
1840 2459 1881 2492 qui

1092 2501 1253 2529 necessitate
1267 2501 1419 2529 detinentur
1429 2508 1540 2536 parcere
1553 2501 1678 2530 solemus.
1691 2502 1717 2530 Si
1730 2504 1789 2538 quis
1802 2511 1816 2530 a
1830 2504 1885 2531 da:-

1092 2555 1170 2575 mone
1187 2547 1311 2582 agitatus,
1336 2551 1380 2574 aut
1403 2547 1518 2574 tunicam
1541 2551 1659 2574 nostram
1675 2548 1818 2584 diseerpat,
1840 2555 1885 2577 aut

1093 2594 1183 2629 plagas
1199 2593 1304 2625 inferat,
1330 2600 1382 2620 non
1398 2593 1479 2621 modo
1494 2601 1547 2621 non
1569 2594 1723 2622 ulciscimur
1740 2602 1814 2628 eum,
1837 2596 1884 2623 sed

1092 2640 1172 2667 etiam
1187 2640 1347 2667 miseramur
1364 2639 1442 2674 eique
1455 2640 1599 2674 parcimus.
1616 2640 1723 2675 Quare?
1742 2642 1808 2675 Quia
1831 2650 1883 2669 non

1092 2684 1194 2712 arbitrii
1209 2684 1328 2716 libertas,
1345 2683 1392 2711 sed
1412 2684 1543 2712 daemonis
1556 2685 1682 2712 violentia
1704 2686 1762 2713 hazc
1775 2692 1884 2721 operata

1093 2737 1144 2760 est.
1160 2732 1251 2766 Itaque
1274 2731 1295 2758 si
1318 2731 1369 2758 alia
1391 2732 1471 2759 etiam
1486 2737 1594 2767 peccata
1609 2740 1643 2760 ex
1665 2732 1710 2760 fati
1727 2734 1885 2761 necessitate

1095 2781 1322 2813 perpetrarentur,
1339 2777 1538 2812 ignosceremus
1551 2778 1657 2814 utique;
1678 2779 1739 2814 quia
1753 2786 1816 2806 vero
1829 2779 1866 2806 sci
1875 2794 1883 2800 -

1094 2833 1153 2853 mus
1166 2825 1210 2852 illa
1225 2832 1277 2852 non
1295 2832 1327 2852 cx
1348 2824 1508 2852 necessitate
1521 2824 1663 2859 proﬁcisci,
1687 2825 1747 2852 ideo
1760 2832 1810 2852 nec
1824 2825 1882 2852 lteri

1094 2872 1200 2899 famulis
1212 2876 1333 2907 parcunt,
1350 2879 1400 2900 nec
1413 2871 1461 2898 viri
1482 2871 1618 2904 uxoribus,
1637 2877 1686 2898 nec
1699 2877 1795 2898 uxores
1807 2870 1880 2902 viris,

1096 2926 1181 2950 neque
1195 2923 1283 2952 patres
1306 2917 1375 2950 filiis,
1399 2924 1482 2952 neque
1497 2916 1615 2951 magistri
1631 2915 1776 2951 discipulis,
1794 2921 1881 2943 nemo:
