2074 3126
195 184 246 212 £33

199 240 331 274 principes
354 239 476 272 subditis,
501 238 548 265 sed
563 245 638 265 acres
653 238 784 264 scelerum
804 236 985 270 exploratores

199 285 352 319 ultoresque
378 292 479 317 sumus,
515 284 548 311 ad
577 283 717 311 tribunalia
743 283 872 312 sistimus.
903 280 986 316 plagis

197 331 363 366 subjicimus.
377 329 591 365 correptionibus
604 330 713 362 utimur,
726 327 846 362 nihilque
861 334 913 354 non
929 327 986 362 agi-

197 384 268 409 mus,
284 380 313 403 ut
327 376 387 404 illos
406 384 420 402 a
444 376 520 403 malis
543 374 697 410 eripiamus.
715 373 790 400 Filiis
803 380 867 400 vero
888 372 987 399 nostris

198 422 357 458 paedagogos
375 422 479 454 damus,
498 421 611 456 illosque
634 419 667 447 ad
690 419 832 454 magistros
846 418 986 449 mittimus,

197 468 284 495 minas
296 467 468 499 intentamus,
484 465 595 493 verbera
610 464 764 499 inﬂigimus,
786 463 924 498 multaque
937 463 987 490 alia

198 512 366 544 adhibemus,
379 516 407 538 ut
422 511 496 545 probi
509 510 631 538 evadant.
648 509 716 544 Quid
730 517 794 544 ergo
805 516 874 544 opus
887 508 988 535 labori—

191 558 249 588 .bus
281 558 458 585 sudoribusvc
471 556 504 584 ad
518 557 641 583 virtutem
661 555 862 583 exercendam?
877 554 943 582 Nam
966 553 988 580 si

200 603 253 630 fato
269 602 443 630 constitutum
457 602 501 634 sit,
525 601 623 628 bonum
637 601 694 628 fore
707 601 875 636 quempiam;
898 600 921 628 is
934 600 990 627 sive

201 648 314 675 dormiat
329 651 374 674 aut
387 651 481 674 stertat
494 647 580 674 bonus
592 647 643 674 erit
657 655 664 673 ε
681 647 735 674 imo
745 646 833 681 potius
846 645 931 672 bonus
946 644 990 671 ille

200 694 336 722 vocandus
348 702 402 721 non
422 697 474 726 est,
487 693 532 728 qui
554 701 586 721 ex
602 694 762 720 necessitate
775 692 837 719 talis
860 691 904 719 sit.
920 690 989 725 Quid

201 747 268 775 opus
277 739 414 767 laboribus
428 739 602 766 sudoribusve
614 738 648 766 ad
661 738 804 773 nequitiam
818 736 991 772 fugiendam?

201 785 267 814 Nam
289 786 310 813 si
325 785 379 812 l'ato
391 785 567 812 constitutum
581 785 626 818 sit,
642 784 740 812 malum
753 784 809 812 fore
820 783 990 818 quempiam;

202 832 225 859 is
246 831 350 859 etiamsi
376 834 517 858 sexcentas
539 830 632 858 subeat
649 830 780 862 miserias,
803 829 890 857 malus
904 833 992 856 tamen

201 878 269 906 erit:
285 878 339 905 imo
353 884 407 904 non
420 877 519 904 malum
532 884 592 904 eum
607 884 655 911 par
667 880 708 904 est
722 883 828 908 vocare,
841 875 885 910 qui
899 882 993 902 neces-

202 923 282 950 sitate
301 922 335 950 ad
357 922 384 949 id
406 921 567 956 impellatur.
591 921 626 949 Ut
649 921 720 948 enim
739 920 943 952 daemoniacum,
971 920 993 947 si

203 967 379 996 contumelias
393 967 521 1002 proferat,
537 967 559 995 si
574 967 705 1001 percutiat
719 966 781 1002 (hoc
800 967 873 994 enim
887 973 993 993 rursum

203 1019 265 1042 utor
274 1012 420 1049 exemplo),
437 1021 491 1040 non
503 1012 725 1040 contumeliosum
738 1012 904 1048 appellamus
918 1020 925 1038 :
940 1019 995 1038 non

203 1061 254 1096 ipsi
268 1060 367 1096 quippe
380 1059 568 1088 contumeliam
585 1058 773 1091 adscribimus,
796 1058 844 1086 sed
865 1057 996 1086 dtemonis

206 1107 358 1135 necessitati
373 1114 380 1133 :
393 1106 432 1134 sic
444 1111 494 1133 nec
507 1104 670 1141 improbum,
684 1105 707 1132 si
726 1105 781 1132 fato
795 1104 829 1132 ad
850 1103 995 1139 nequitiam

208 1153 368 1188 impellatur,
387 1159 513 1180 vocemus
535 1151 700 1186 improbum;
723 1154 753 1178 ut
774 1157 861 1185 neque
885 1149 996 1185 probum

207 1199 372 1235 appellemus
380 1198 503 1234 probum.
514 1197 619 1225 Etenim
627 1197 649 1224 si
662 1197 712 1224 hoc
722 1196 897 1229 concedatur,
907 1196 996 1224 omnia

208 1251 300 1273 nostra
314 1251 420 1280 pessum
439 1243 513 1271 ibunt
525 1250 532 1275 ;
554 1242 626 1270 nulla
640 1243 692 1270 erit
711 1242 806 1275 virtus,
820 1242 892 1270 nulla
906 1241 998 1277 nequi-

209 1291 254 1322 tia,
279 1297 331 1317 non
359 1293 442 1322 artes,
466 1296 519 1316 non
539 1288 622 1324 leges,
646 1288 765 1323 nihilque
784 1287 925 1325 ejusmodi.
945 1287 999 1315 Cur

210 1343 290 1371 porro
305 1339 404 1363 tantam
417 1343 509 1363 curam
519 1335 613 1371 aegroti
625 1334 794 1367 adhibemus,
809 1333 936 1369 pecunias
950 1339 999 1360 ex-

212 1381 363 1417 pendimus,
386 1380 505 1408 medicos
528 1380 701 1412 accersimus,
722 1379 864 1415 pharmaca
888 1378 1001 1414 apponi-

210 1434 281 1459 mus,
295 1427 381 1454 ventri
395 1426 584 1454 abstinentiam
604 1426 757 1458 indicimus,
776 1424 1001 1460 concupiscentia:

210 1473 315 1500 frenum
330 1472 482 1507 injicimus?
492 1471 559 1499 Nam
571 1471 593 1499 si
609 1479 642 1499 ex
657 1471 712 1499 fato
726 1470 843 1506 pendent
860 1470 961 1498 sanitas
974 1474 1002 1498 et

211 1518 331 1551 morbus,
346 1519 488 1553 superﬂuae
500 1521 563 1546 sunt
572 1517 746 1554 pecuniarum
759 1524 894 1553 expensas,
908 1523 1003 1552 super-

211 1564 280 1592 fluus
294 1563 459 1592 medicorum
477 1571 550 1597 usus,
566 1570 764 1598 supervacanea
788 1561 900 1589 inﬁrmis
921 1569 1001 1589 accu-

211 1614 269 1637 rata
292 1610 336 1638 illa
356 1610 408 1637 cibi
431 1610 555 1638 tenuitas.
568 1609 644 1637 Nunc
666 1613 755 1636 autem
778 1613 805 1636 et
819 1616 852 1636 ex
868 1608 909 1636 bis
924 1612 952 1636 et
970 1615 1003 1635 ex

211 1656 271 1683 aliis
283 1655 461 1688 ostendimus,
484 1655 550 1682 nihil
571 1663 664 1683 eorum
679 1662 738 1682 esse
761 1653 936 1689 superﬂuum.
949 1653 1004 1681 Ve-

213 1709 272 1728 rum
288 1701 403 1728 facessat
418 1701 462 1728 illa
477 1701 523 1728 fati
539 1700 628 1728 fabula
643 1709 649 1727 :
667 1708 728 1728 nam
741 1708 801 1736 qua:
823 1699 855 1728 ad
880 1707 929 1728 nos
943 1707 1005 1735 per-

215 1747 310 1780 tinent,
327 1747 391 1774 nulli
413 1747 591 1782 subjiciuntur
610 1747 775 1779 necessitati,
798 1746 846 1773 sed
859 1746 960 1778 omnia,
975 1750 1005 1773 ιιι

214 1793 280 1827 dixi,
294 1793 396 1820 arbitrii
410 1794 532 1820 libertate
545 1793 642 1820 donata
657 1798 728 1820 sunt.
849 1816 856 1821 κ

250 1841 276 1867 4.
299 1840 407 1866 Mor-alis
427 1839 578 1867 exhortatio.
599 1838 729 1865 Iudicium
750 1838 798 1865 Dei
817 1846 891 1873 quam
914 1838 1005 1864 timen-

216 1886 286 1912 dum.
301 1899 335 1904 —
349 1884 412 1912 Hmc
434 1892 494 1912 cum
516 1884 641 1915 sciamus,
664 1883 764 1916 dilecti,
788 1883 842 1910 imo
863 1882 904 1910 his
930 1883 1008 1918 longe

218 1931 294 1966 plura
308 1930 401 1966 (multa
415 1930 487 1958 enim
508 1930 561 1957 alia
584 1929 635 1957 dici
657 1934 774 1964 possent,
797 1928 843 1955 sed
857 1928 915 1955 hwc
929 1932 1008 1955 erunt

218 1975 422 2011 sapientioribus
439 1975 524 2009 satis),
539 1970 670 2010 fugiamus
690 1973 846 2008 nequitiam,
867 1973 1008 2008 diligamus

219 2022 354 2054 virtutem,
372 2026 400 2048 ut
414 2029 446 2048 ex
461 2021 540 2048 rebus
561 2021 625 2055 ipsis
647 2020 828 2051 ostendamus,
852 2027 901 2047 nos
925 2020 1008 2047 libero

184 2093 188 2102 ,
219 2067 255 2094 uti
268 2066 300 2094 ad
319 2075 350 2094 ea
364 2074 423 2102 qua:
438 2066 543 2101 placent
563 2064 683 2099 arbitrio,
700 2073 734 2093 ne
756 2065 950 2093 confundamur
964 2066 1009 2092 illo

219 2112 272 2145 die,
286 2120 340 2148 quo
354 2112 516 2147 singulorum
529 2119 609 2147 opera
623 2111 822 2139 ret-elabuntur.
837 2111 929 2138 Omnes
944 2113 1010 2138 enim

219 2167 265 2185 nos
291 2158 448 2194 manifestari
468 2162 565 2191 oportet
585 2161 643 2184 ante
662 2157 772 2184 tribunal
792 2156 896 2190 Christi,
921 2163 950 2184 ut
974 2158 1011 2184 ait

219 2204 326 2238 Paulus,
339 2209 364 2230 ut
373 2204 465 2239 referat
475 2204 652 2238 unusquisque,
665 2208 740 2238 prout
748 2203 835 2237 gessit,
846 2204 898 2230 sive
907 2203 1009 2235 bonum,

219 2251 271 2278 sive
289 2251 385 2278 malum
397 2250 436 2287 (2.
462 2250 521 2278 Cor.
538 2251 564 2278 5.
589 2250 644 2285 10).
664 2250 802 2283 Tribunal,
823 2257 924 2286 quasso,
947 2250 1011 2278 illud

221 2297 360 2325 nobiscum
379 2302 544 2332 reputemus,
566 2297 640 2332 quasi
661 2296 714 2332 jam
739 2296 854 2330 adesset,
874 2296 1012 2331 Judeanc

220 2343 335 2375 sederet,
349 2348 376 2371 et
389 2343 479 2370 omnia
492 2342 682 2375 revelarentur,
699 2342 726 2369 in
741 2342 912 2377 mediumque
925 2342 1012 2370 addu~

220 2394 355 2417 eerentur.
372 2389 430 2416 Non
452 2389 534 2416 modo
553 2389 624 2416 enim
640 2395 690 2416 nos
711 2388 818 2416 adstare
832 2393 948 2423 oportet,
963 2388 1011 2416 sed

220 2435 300 2463 etiam
315 2433 488 2462 manit'estari.
501 2435 596 2462 Annon
608 2433 784 2462 erubescitis?
798 2441 886 2461 annon
902 2433 1013 2469 perhor-

221 2481 345 2509 rescitis?
360 2489 450 2509 annon
464 2489 535 2517 saepe
549 2481 616 2509 mori
628 2481 715 2516 potius
725 2484 858 2515 optamus,
873 2488 952 2516 quam
968 2489 1013 2508 oc-

221 2528 322 2555 cultum
347 2527 434 2555 scelus
455 2527 652 2555 venerabiiibus
675 2527 767 2554 amicis
789 2527 887 2554 nostris
907 2526 1014 2562 detegi?

222 2575 280 2608 Quo
294 2579 356 2601 tunc
378 2581 458 2601 sensu
474 2573 631 2607 aliieiemur,
652 2581 713 2601 cum
726 2577 835 2608 peccata
856 2577 947 2601 nostra
964 2581 1011 2602 co-

223 2628 279 2647 ram
304 2619 428 2647 omnibus
449 2619 550 2654 angelis
574 2618 779 2654 hominibusque
805 2618 964 2654 detegentur
986 2624 1011 2648 et

222 2672 284 2694 ante
299 2667 390 2694 oculos
408 2666 554 2694 sistentur?
569 2667 682 2702 Arguam
703 2671 736 2700 te,
752 2666 848 2702 inquit,
865 2672 888 2694 et
903 2671 1012 2695 statuant

221 2718 311 2740 contra
328 2712 417 2748 {aciem
432 2717 502 2739 tuam
521 2718 623 2747 peccata
640 2717 682 2739 tua
695 2711 781 2747 (Paul.
803 2713 848 2740 49.
863 2712 922 2748 21).
936 2713 1012 2747 Quod

221 2760 244 2786 si
264 2767 293 2787 re
308 2759 426 2786 nondum
441 2763 581 2793 prasente,
598 2758 646 2786 sed
667 2763 768 2786 tantum
789 2759 936 2794 supposita,
953 2766 1011 2788 ser-

222 2813 356 2842 moneque
376 2805 521 2840 descripta,
546 2805 710 2833 conscientia
732 2809 844 2840 urgente
863 2805 1011 2839 obruimur,

224 2852 285 2887 quid
306 2852 434 2879 faciemus
456 2859 516 2878 cum
532 2856 636 2886 tempus
659 2850 756 2884 aderit,
771 2857 833 2878 cum
856 2854 927 2878 totus
941 2850 1012 2878 orbis

225 2905 344 2933 pra-scus
361 2897 423 2930 erit,
437 2904 497 2924 cum
510 2896 597 2932 angeli
612 2900 638 2923 et
657 2895 822 2930 archangeli,
836 2903 896 2923 cum
913 2897 1010 2931 princi-

578 183 606 209 ε.
621 168 762 208 ‘JOANNlS
780 177 1015 207 CHRYSOSTOMI
1035 177 1193 204 ARCIIIEP.
1215 178 1480 205 (L()NST:\N'I'l-.\'0l‘.

1779 181 1829 208 ι’δά

1043 238 1119 267 palus
1140 237 1168 261 et
1185 239 1340 268 potestates,
1365 244 1425 262 cum
1440 237 1510 263 tuba:
1532 237 1682 270 frequentes
1696 237 1828 271 clangent,

1040 287 1101 307 cum
1110 280 1173 315 justi
1188 281 1324 315 rapientur
1338 282 1364 309 in
1378 283 1506 316 nubibus,
1520 287 1548 310 et
1561 283 1654 316 ingens
1666 283 1718 309 erit
1731 290 1827 317 pecca-

1041 331 1127 354 torum
1142 327 1242 355 ﬂetus?
1256 328 1321 362 Quis
1336 333 1398 356 tunc
1416 334 1503 356 terror
1524 328 1708 364 apprehendet
1727 336 1775 356 eos
1787 330 1831 364 qui

1041 372 1068 400 in
1084 378 1154 400 terra
1173 374 1335 402 manebunt?
1358 374 1425 402 Nam
1450 374 1527 408 Una,
1551 375 1646 410 inquit,
1665 375 1787 409 rapietur,
1808 379 1832 401 et

1042 428 1092 446 una
1110 419 1263 455 relinquetur
1277 428 1286 447 .'
1299 429 1364 447 unus
1383 426 1535 454 ambiretur,
1557 425 1580 448 et
1594 429 1660 447 unus
1679 421 1833 455 relinquetur

1041 465 1149 499 (Manli.
1170 465 1216 493 24.
1227 465 1284 500 40).
1297 465 1357 499 Quo
1370 471 1449 494 erunt
1463 466 1501 493 illi
1516 466 1616 497 animo,
1638 465 1744 500 quando
1756 465 1833 493 vide-

1042 511 1106 537 hunt
1121 511 1181 538 illos
1202 518 1299 546 magno
1317 519 1377 538 cum
1398 511 1500 539 honore
1514 511 1625 544 assumi,
1641 519 1671 539 se
1689 519 1754 539 vero
1771 519 1832 538 cum

1042 555 1125 582 multa
1137 555 1299 590 turpitudine
1311 556 1443 591 relinqui?
1455 555 1512 583 Non
1526 560 1622 591 potest,
1635 564 1698 589 non,
1714 557 1832 591 inquam,

1044 604 1142 634 potest,
1159 600 1261 628 credite
1275 601 1350 633 mihi,
1371 601 1454 629 verbo
1468 601 1598 629 declarari
1617 602 1716 629 doloris
1728 603 1833 637 magni-

1044 645 1117 673 tudo.
1131 645 1242 674 Vidistis
1256 654 1328 682 saepe
1342 655 1388 674 eos
1403 648 1447 682 qui
1463 647 1497 675 ad
1516 653 1631 675 mortem
1646 647 1834 675 adducuntur?

1043 691 1102 724 Quo
1113 691 1173 718 illos
1185 692 1275 720 animo
1288 693 1387 728 putatis
1397 700 1457 720 esse
1470 693 1532 720 dum
1544 693 1576 720 ad
1589 693 1687 721 ostium
1700 694 1834 728 pergunt?

1043 738 1111 772 Quid
1125 745 1177 766 non
1191 746 1281 774 agere,
1302 739 1366 774 quid
1386 746 1439 767 non
1453 740 1506 774 pali
1520 744 1654 775 optarent,
1677 744 1706 767 ut
1726 749 1742 768 a
1763 745 1834 768 tanta

1044 784 1158 818 caligine
1175 784 1359 820 eriperentur?
1378 785 1473 813 Audivi
1490 793 1540 820 ego
1560 786 1659 812 multos
1671 793 1763 814 eorum
1777 787 1834 821 qui,

1045 835 1186 864 postquam
1208 830 1314 858 abducti
1338 830 1453 863 fuerant,
1476 830 1670 866 lmperatorum
1693 831 1834 859 clementia

1046 876 1173 910 revocati,
1189 876 1310 904 dicerent
1330 885 1359 905 se
1378 877 1468 904 animo
1486 878 1521 904 ita
1537 878 1703 912 perturbato,
1719 877 1755 905 ita
1775 885 1836 912 per-

1046 922 1121 949 culso
1140 922 1233 956 fuisse,
1247 927 1276 950 ut
1297 931 1383 957 neque
1403 923 1526 950 homines
1538 924 1613 958 quasi
1629 923 1749 952 homines
1763 924 1837 952 vide-

1047 972 1118 996 rent.
1142 968 1239 996 Verum
1254 969 1317 1004 quid
1330 968 1364 997 de
1380 969 1502 997 abductis
1515 969 1629 1004 loquor?
1642 968 1837 998 Circumstabat

1047 1015 1189 1043 multitudo
1212 1015 1349 1043 hominum
1373 1024 1487 1051 quorum
1509 1023 1603 1051 magna
1625 1023 1687 1051 pars
1710 1016 1838 1044 abductos

1048 1068 1102 1088 non
1115 1065 1234 1088 noverat.
1249 1061 1343 1096 Siquis
1356 1061 1521 1097 singulorum
1541 1062 1645 1089 animos
1658 1061 1833 1096 explorasset,

1049 1108 1151 1136 nullum
1164 1108 1309 1143 reperisset
1323 1113 1376 1135 tam
1398 1108 1552 1140 immanem,
1568 1113 1623 1136 tam
1637 1108 1763 1142 ferocem,
1785 1113 1838 1136 tam

1048 1158 1186 1181 strenuum
1192 1153 1299 1188 qui,pra:
1308 1158 1409 1182 terrore
1416 1158 1444 1181 et
1450 1161 1560 1189 angore,
1567 1162 1620 1182 non
1628 1154 1744 1182 demisso
1751 1154 1840 1182 animo

1049 1203 1130 1227 esset.
1141 1198 1220 1233 Quod
1236 1199 1259 1227 si
1269 1198 1333 1226 dum
1344 1199 1400 1233 alii,
1412 1198 1476 1234 ipsis
1485 1199 1557 1227 nullo
1565 1199 1769 1228 necessitudinis
1782 1199 1841 1227 vin-

1050 1244 1113 1273 culo
1136 1245 1233 1279 juncti,
1264 1249 1351 1272 morte
1378 1244 1560 1279 mulctantur,
1587 1245 1624 1273 ita
1647 1245 1734 1273 affecti
1761 1249 1841 1279 sunt;

1050 1290 1157 1325 quando
1168 1297 1217 1317 nos
1227 1291 1253 1318 in
1263 1290 1384 1325 graviora
1397 1290 1554 1323 incidemus,
1567 1298 1621 1325 quo
1631 1290 1730 1318 erimus
1740 1290 1839 1322 animo,

1051 1343 1068 1363 a
1080 1335 1177 1372 gaudio
1189 1336 1235 1363 illo
1248 1335 1374 1363 ineffabili
1386 1335 1475 1370 eiecti.
1489 1339 1517 1363 et
1527 1335 1553 1363 in
1564 1336 1756 1371 sempiternum
1768 1336 1841 1364 missi

1053 1381 1230 1416 supplicium?
1244 1381 1350 1408 Etenim
1373 1381 1479 1408 etiamsi
1493 1381 1567 1408 nulla
1585 1385 1658 1409 esset
1676 1383 1809 1416 gebenna,
1825 1389 1841 1408 a

1055 1431 1129 1456 tanto
1145 1427 1289 1462 splendore
1303 1427 1374 1462 ejici,
1390 1432 1418 1454 et
1430 1427 1488 1454 sine
1502 1426 1604 1455 honore
1616 1427 1843 1462 recedere,quan-

1055 1477 1110 1500 tum
1125 1476 1197 1500 esset
1207 1473 1381 1508 supplicium!
1396 1472 1461 1500 Nam
1473 1473 1495 1500 si
1509 1472 1642 1508 hodieque
1653 1473 1844 1508 Imperatorem

1056 1519 1252 1555 ingredientem
1266 1519 1341 1546 multi
1355 1523 1505 1551 cernentes,
1519 1526 1650 1554 suamque
1662 1523 1844 1553 paupertatem

1055 1565 1267 1598 considerantes,
1283 1573 1337 1592 non
1359 1569 1459 1592 tantam
1474 1565 1622 1599 percipiunt
1634 1572 1667 1592 ex
1680 1564 1731 1592 hoc
1743 1568 1845 1599 specta-

1056 1611 1117 1638 culo
1140 1610 1315 1645 voluptatem,
1337 1615 1465 1645 quantum
1484 1617 1628 1638 meet-orem
1653 1618 1686 1638 ex
1709 1617 1753 1643 eo,
1776 1609 1847 1645 quod

1057 1655 1156 1683 nullius
1172 1655 1268 1683 borum
1287 1655 1343 1683 sint
1361 1659 1502 1683 consortes
1516 1655 1660 1688 bonorum,
1675 1663 1761 1690 neque
1778 1655 1847 1683 inter

1057 1702 1169 1729 clientes
1193 1701 1349 1736 imperantis
1363 1705 1604 1734 connutuerentur,
1617 1700 1680 1736 quid
1699 1705 1762 1728 tunc
1777 1701 1848 1728 erit?

1058 1747 1125 1774 Num
1141 1754 1252 1782 parvum
1273 1754 1335 1775 esse
1350 1748 1450 1782 putatis
1468 1747 1628 1782 supplicium
1648 1747 1674 1774 in
1693 1747 1776 1774 choro
1802 1747 1849 1774 illo

1059 1801 1113 1821 non
1128 1793 1284 1821 accenseri?
1298 1794 1424 1821 inell'abili
1437 1794 1521 1829 gloria
1543 1801 1594 1821 non
1611 1793 1734 1828 dignari?
1757 1793 1791 1820 ab
1803 1793 1850 1820 illo

1060 1844 1131 1867 coetu
1151 1844 1178 1867 et
1191 1839 1414 1867 inenarrabilibus
1428 1839 1506 1867 bonis
1524 1839 1725 1875 proculabjici?
1737 1839 1772 1866 At
1789 1846 1850 1866 cum

1061 1890 1159 1920 praeter
1174 1886 1231 1913 luec
1242 1890 1322 1914 erunt
1337 1885 1466 1919 tenebrae,
1488 1886 1588 1914 stridor
1602 1885 1732 1919 dentium,
1746 1885 1850 1912 vincula

1062 1932 1225 1965 insolubilia,
1241 1932 1341 1960 vermis
1360 1933 1406 1968 qui
1427 1939 1481 1960 non
1505 1933 1629 1966 moritur,
1654 1931 1722 1967 ignis
1737 1932 1782 1966 qui
1798 1939 1852 1959 non

1062 1979 1250 2013 exstinguitur,
1273 1979 1356 2006 animi
1381 1986 1490 2012 mceror,
1511 1979 1633 2014 angustia
1650 1999 1658 2012 ,
1686 1978 1783 2013 linguae
1804 1977 1852 2005 ad-

1062 2029 1140 2058 usue,
1148 2030 1176 2052 ut
1187 2025 1230 2052 illa
1244 2024 1343 2057 divitis,
1355 2032 1414 2052 cum
1429 2024 1601 2059 plorabimus,
1613 2029 1640 2052 et
1651 2031 1729 2051 nemo
1743 2024 1793 2051 erit
1807 2023 1852 2058 qui

1063 2070 1163 2102 audiat,
1178 2078 1239 2098 cum
1262 2070 1472 2106 ingemiscemus
1493 2075 1521 2098 et
1540 2069 1685 2098 fremcmus
1705 2078 1738 2098 ex
1752 2069 1854 2097 dolori-

1065 2116 1123 2148 bus,
1136 2121 1164 2143 et
1177 2124 1256 2143 nemo
1265 2115 1395 2149 attendet,
1409 2115 1526 2151 undique
1538 2115 1724 2150 respiciemus,
1737 2119 1764 2142 et
1776 2121 1855 2142 nemo

1064 2160 1150 2188 aderit
1163 2161 1208 2196 qui
1223 2161 1380 2198 consoletur
1395 2169 1401 2188 :
1418 2169 1471 2196 quo
1486 2161 1513 2188 in
1529 2161 1624 2189 ordine
1637 2161 1784 2188 locabimus
1796 2167 1855 2193 eos,

1064 2208 1109 2243 qui
1125 2207 1151 2234 in
1173 2206 1326 2241 huiusmodi
1345 2211 1417 2234 statu
1439 2206 1600 2234 versantur?
1622 2205 1686 2241 quid
1701 2205 1855 2241 bujusmodi

1065 2253 1204 2281 animabus
1215 2253 1413 2281 miserabilius?

1099 2300 1126 2328 5.
1147 2300 1174 2327 Si
1195 2306 1274 2334 porro
1291 2300 1319 2326 in
1339 2305 1461 2326 carceres
1486 2298 1618 2334 ingressi,
1633 2297 1696 2326 dum
1720 2296 1856 2332 squalidos

1066 2345 1124 2372 illos
1145 2345 1265 2372 videmus
1275 2364 1283 2377 ,
1297 2344 1343 2379 qui
1365 2344 1467 2371 catenis
1491 2343 1586 2371 ferreis
1600 2343 1680 2370 vincti
1694 2346 1772 2374 stmt,
1790 2342 1857 2369 alios

1066 2398 1129 2417 vero
1143 2390 1168 2417 in
1183 2389 1301 2418 tenebris
1313 2388 1471 2422 conclusos,
1486 2388 1642 2424 frangimur,
1658 2387 1839 2415 horrescimus
1849 2407 1856 2418 ,

1066 2435 1185 2470 nihilque
1198 2443 1252 2462 non
1266 2435 1369 2470 agimus
1383 2441 1417 2462 ne
1436 2434 1463 2461 in
1476 2438 1576 2461 tantam
1592 2433 1769 2461 calamitatem
1790 2432 1858 2459 inci-

1066 2480 1177 2508 damus:
1189 2487 1250 2507 cum
1264 2479 1428 2508 abducemur
1438 2479 1517 2506 vincti
1531 2479 1557 2506 in
1569 2479 1701 2514 gehenna:
1714 2482 1857 2509 tormenta,

1066 2534 1120 2562 quo
1141 2525 1243 2554 erimus
1270 2524 1458 2560 animo?quid
1487 2524 1630 2552 faciemus?
1653 2523 1712 2551 Non
1735 2524 1806 2550 enim
1826 2530 1859 2549 ex

1067 2573 1140 2600 ferro
1160 2579 1223 2600 cusa
1243 2575 1306 2599 sunt
1329 2571 1372 2598 illa
1385 2571 1502 2604 vincula,
1514 2570 1561 2598 sed
1575 2578 1609 2599 ex
1626 2570 1696 2605 igne,
1708 2569 1753 2604 qui
1776 2576 1857 2596 nunt—

1067 2627 1145 2653 quam
1159 2617 1353 2652 exstinguitur,
1372 2624 1422 2644 nec
1441 2617 1556 2651 atqttales
1577 2616 1654 2643 nobis
1666 2620 1728 2643 sunt
1743 2614 1798 2648 illi,
1812 2614 1857 2649 qui

1067 2663 1145 2692 nobis
1153 2661 1354 2697 prmﬁciuntur,
1362 2669 1429 2697 quos
1443 2669 1515 2696 saape
1532 2661 1686 2689 demulcere
1703 2661 1791 2693 liceat,
1810 2659 1858 2687 sed

1067 2709 1155 2745 angeli
1172 2708 1304 2735 terribiles
1319 2713 1346 2735 et
1368 2707 1612 2741 immisericordes,
1633 2714 1700 2742 quos
1719 2714 1753 2734 ne
1774 2706 1859 2741 respi-

1068 2763 1129 2783 cere
1151 2754 1256 2790 quidem
1280 2754 1423 2789 pOSSimus.
1443 2754 1541 2789 quique
1565 2753 1599 2780 ob
1621 2752 1809 2780 contumeliam
1830 2752 1858 2779 in

1070 2801 1211 2830 Dominum
1225 2799 1556 2836 irrogatam,veltemeuter
1563 2800 1685 2827 steviunt.
1700 2798 1757 2827 Non
1768 2798 1859 2826 videre

1069 2853 1120 2880 est,
1136 2854 1165 2875 ut
1184 2846 1237 2879 hic,
1250 2846 1317 2873 alios
1330 2850 1451 2880 argento,
1471 2845 1539 2873 alios
1552 2845 1622 2877 cibo,
1637 2845 1704 2872 alios
1726 2843 1837 2872 suadela
1847 2863 1858 2877 .

1070 2896 1120 2923 sibi
1135 2893 1344 2921 consolationem
1369 2899 1462 2928 parare
1473 2912 1480 2926 ,
1497 2891 1544 2920 sed
1567 2892 1656 2920 omnia
1675 2892 1709 2920 ibi
1723 2890 1799 2919 venia
1813 2897 1859 2918 ca-
