2074 3126
193 149 248 177 9.33

197 205 312 242 πατέρες
328 206 430 238 παισὶν,
450 205 511 232 οὔτε
526 206 678 233 διδάσκαλοι
693 206 835 241 μαθηταῖς,
853 206 914 233 οὔτε
927 206 1024 242 ἄρχον-

194 258 240 282 τες
251 250 421 286 ἀρχομένοις,
433 249 499 276 ἀλλά
509 250 601 286 πικροὶ
609 250 662 277 τῶν
669 250 874 286 τετολμημένων
884 250 1026 282 ἐξετασταὶ

193 293 243 320 καὶ
255 293 369 328 τιμωροὶ
383 293 522 328 γινόμεθα,
540 294 586 321 καὶ
598 294 760 330 δικαστήρια
770 294 1024 329 καταλαμϐάνομεν,

194 338 243 364 καὶ
266 337 383 372 πληγαῖς
404 337 601 374 ὑποδάλλομεν,
619 338 665 365 καὶ
685 338 858 373 ἐπιτιμήσεσι
885 338 1024 374 χρώμεθα,

194 381 243 408 καὶ
261 381 350 408 πάντα
368 381 540 416 πράττομεν,
559 382 632 413 ὅπως
644 382 842 417 ἀπαλλάξωμεν
861 382 959 413 αὐτοὺς
971 382 1026 409 τῶν

195 425 298 452 κακῶν.
310 426 373 457 Τοῖς
389 425 417 451 δὲ
436 426 515 452 παισὶ
538 427 594 457 τοῖς
609 427 753 461 ἡμετέροις
775 427 822 453 καὶ⁴
836 426 1026 460 παιδαγωγοὺς

195 469 360 503 ὲφιστῶμεν,
376 469 423 495 καὶ
439 471 478 501 είς
494 470 669 501 διδασκάλους
683 470 838 505 πέμπομεν,
852 471 898 497 καὶ
912 470 1026 502 ἀπειλὰς

195 512 386 548 προστίθεμεν,
400 513 447 539 καὶ
459 513 594 548 μάστιγας
604 513 769 549 ἐπιτίθεμεν,
787 514 834 541 καὶ
847 514 932 541 πολλά
945 514 1026 549 ἕτερα

196 556 357 592 βοηθήματα
377 557 560 592 προσάγομεν,
581 557 624 584 ἴνα
645 557 723 584 καλοὶ
748 558 890 592 γένωνται.
917 558 965 590 Τίς
979 557 1025 586 οὖν

195 599 274 634 χρεία
292 599 380 626 πόνων
398 600 444 626 καὶ
460 600 577 635 ἱδρώτων
597 597 665 636 πρὸς
687 601 717 627 τὸ
735 602 883 636 κατορθοῦν
904 603 1023 637 ἀρετήν;

196 643 227 668 Et
245 642 299 676 γὰρ
316 643 444 678 εἵμαρταί
467 652 520 670 τινι
543 643 669 677 γενέσθαι
692 645 784 676 καλὸν,
799 645 846 671 καὶ
861 645 996 672 καθεύδων
1012 647 1025 671 ὁ

195 685 315 717 τοιοῦτος
329 687 375 712 καὶ
392 687 497 722 ρέγχων
511 687 587 713 ἔσται
600 687 692 719 καλός·
711 688 810 722 μᾶλλον
824 689 853 715 δὲ
867 688 928 715 οὐδὲ
943 688 1024 715 καλὸν

195 729 241 756 τὸν
256 729 375 756 τοιοῦτον
401 729 473 756 ἐστιν
494 730 595 761 εἰπεῖν,
619 731 664 757 τὸν
679 731 707 764 ἐξ
722 731 845 766 ἀνάγκης
859 732 938 759 τοῦτο
952 733 1025 766 γινό-

198 781 288 807 μενον.
306 773 354 804 Τίς
366 773 444 808 χρεία
467 773 555 800 πόνων
574 774 621 800 καὶ
634 774 753 809 ἱδρώτων
774 776 843 810 πρὸς
863 775 893 802 τὸ
914 776 1025 810 φεύγειν

195 816 308 850 κακίαν;
324 817 355 843 Εἰ
365 817 552 854 γὰρεῖμαρταί
565 827 616 845 τινι
626 819 750 852 γενέσθαι
767 820 860 852 κακὸν,
877 819 929 847 κᾶν
943 820 1026 855 μυρία

196 860 370 895 ταλαιπωρῄ
396 861 479 892 κακὸς
505 861 580 888 ἔσται
594 870 601 877 -
631 862 731 898 μᾶλλον
748 863 777 889 δὲ
800 863 859 890 οὐδὲ
875 863 959 890 κακὸν
979 863 1025 890 τὸν

196 903 315 930 τοιοῦτον
338 903 410 930 ἐστιν
439 905 540 936 εἰπεῖν,
568 906 614 933 τὸν
641 906 686 932 ὑπ’
711 907 832 942 ἀνάγκης
857 907 924 942 πρὸς
947 907 1025 934 τοῦτο

196 947 359 983 ὠθούμενον.
378 948 484 985 Ὥσπερ
499 949 554 984 γὰρ
575 953 620 976 τὸν
635 951 821 986 δαιμονῶντα,
836 952 887 979 κᾶν
908 952 1023 988 λοιδορῇ,

196 990 247 1017 κᾶν
255 990 345 1026 τύπτῃ
355 991 447 1027 (πάλιν
461 994 515 1028 γὰρ
526 993 563 1029 τῷ
572 994 645 1030 αὐτῷ
655 995 792 1030 κέχρημαι
803 996 1024 1032 παραδείγματι),

195 1035 226 1061 οὺ
242 1036 430 1072 προσεροῦμεν
445 1037 585 1073 ὑϐριστήν
601 1039 630 1066 οὐ
645 1039 699 1075 γὰρ
715 1040 787 1075 αὐτῷ
802 1040 964 1075 λογιζόμεθα
978 1041 1026 1076 τὴν

195 1080 338 1116 λοιδορίαν,
359 1080 426 1107 ἀλλὰ
440 1082 473 1117 τῇ
488 1082 594 1117 ἀνάγκῃ
613 1083 659 1109 τοῦ
681 1083 814 1118 δαίμονος·
831 1084 902 1111 οὕτω
920 1085 1025 1112 καὶτὸν

196 1123 290 1156 κακὸν,
306 1124 331 1151 εί
346 1124 398 1151 ὑπὸ
411 1124 462 1159 τῆς
478 1126 647 1161 εἱμαρμένης
664 1127 775 1154 ὠθεῖται
795 1128 864 1163 πρὸς
877 1129 965 1161 τοῦτο,
988 1129 1025 1164 μὴ

195 1166 322 1202 καλῶμεν
340 1167 420 1194 αὐτὸν
444 1169 544 1201 κακὸν,
561 1169 653 1204 ὥσπερ
677 1171 738 1197 οὺδέ
758 1171 804 1198 τὸν
827 1171 909 1198 καλὸν
933 1171 1024 1199 καλόν.

196 1210 252 1236 Καὶ
261 1211 316 1246 γὰρ
334 1211 359 1237 εί
370 1211 449 1237 τοῦτο
461 1211 550 1247 δοθείη
563 1231 570 1244 ,
598 1213 687 1239 πάντα
704 1214 903 1250 συγχυθήσεται
919 1214 954 1242 τὰ
965 1215 1025 1242 καθ’

200 1254 280 1288 ἡμᾶς,
296 1255 343 1281 καὶ
360 1254 422 1281 οὕτε
437 1256 520 1291 ἀρετὴ
536 1255 612 1283 ἔσται
633 1265 673 1290 τι,
689 1257 751 1284 οὕτε
772 1258 865 1290 κακία,
877 1259 907 1285 ού
922 1258 1023 1294 τέχναι,

196 1297 226 1323 ού
241 1297 327 1333 νόμοι,
345 1297 396 1325 οὐκ
409 1298 472 1326 ἄλλο
495 1299 548 1326 τῶν
561 1299 687 1327 τοιούτων
703 1302 787 1329 οὐδέν.
807 1302 884 1333 Τίνος
897 1302 924 1328 δὲ
935 1302 1026 1329 ἕνεκεν

197 1341 314 1376 σπουδὴν
330 1341 430 1378 πολλὴν
443 1343 592 1378 ποιούμεθα
610 1344 759 1377 νοσοῦντες,
774 1346 821 1371 καὶ
834 1346 963 1381 χρήματα
981 1346 1026 1373 δα-

196 1385 336 1420 πανῶμεν,
354 1386 401 1413 καὶ
424 1387 532 1422 ἰατροὺς
551 1387 696 1424 καλοῦμεν,
722 1390 768 1416 καὶ
788 1390 921 1424 φάρμακα
940 1391 1026 1416 ἐπιτί-

196 1428 289 1464 θεμεν,
300 1430 346 1456 καὶ
355 1431 472 1466 γαστρὸς
481 1432 639 1467 κατέχομεν,
650 1433 696 1459 καὶ
707 1433 852 1468 ἐπιθυμίαν
861 1433 1024 1469 κολάζομενς

197 1473 230 1499 Εί
242 1472 295 1508 γὰρ
309 1474 358 1508 τῆς
377 1475 547 1511 εἱμαρμένης
561 1476 675 1511 ἤρτηται
692 1477 739 1503 καὶ
763 1477 852 1511 ὑγίεια
867 1479 914 1504 καὶ
933 1478 1025 1510 νόσος,
1036 1504 1043 1507 _

195 1516 313 1551 περιττὰ
337 1516 392 1544 τῶν
415 1518 563 1554 χρημάτων
585 1519 620 1546 τὰ
642 1520 806 1555 ἀναλώματα
816 1541 822 1552 ,
845 1521 957 1557 περιττὴ
972 1522 1027 1548 τῶν

198 1560 297 1594 ἰατρῶν
313 1561 329 1596 ἡ
351 1561 466 1594 εἴσοδος,
488 1563 601 1597 περιττὴ
617 1564 666 1599 τῆς
681 1563 735 1590 τῶν
756 1565 904 1591 νοσούντων
924 1565 1026 1601 διαίτης

196 1603 214 1633 ἡ
232 1604 367 1639 ἀκρίϐεια.
383 1604 439 1632 Νῦν
450 1605 479 1631 δὲ
495 1607 564 1640 μετά
583 1606 636 1633 τῶν
651 1607 737 1634 ἄλλων
753 1608 799 1634 καὶ
817 1609 848 1634 ἐκ
861 1608 963 1635 τούτων
979 1609 1026 1644 δη-

195 1647 305 1683 λοῦμεν.
321 1649 362 1675 ὅτι
378 1649 454 1676 οὐδὲν
478 1649 567 1677 αὐτῶν
586 1652 711 1686 περιττόν
736 1653 820 1679 ἐστιν.
839 1652 908 1680 Ἀλλ’
925 1654 1026 1689 οἴχεται

198 1691 248 1726 μὲν
266 1691 340 1726 ὁτῆς
365 1693 533 1730 είμαρμένης
554 1694 646 1730 μῦθος·
666 1696 778 1731 οὐδεμιᾷ
797 1696 851 1732 γὰρ
870 1697 976 1734 ἀνάγκη
993 1700 1027 1726 τὰ

195 1735 259 1761 καθ’
275 1737 348 1771 ἡμᾶς
362 1737 514 1770 ὑπόκειται·
534 1739 623 1765 πάντα
639 1739 676 1772 δὲ,
693 1739 783 1771 καθὼς
797 1740 875 1776 ἔφην,
888 1741 1027 1779 ἐλευθερία

195 1779 340 1815 τετίμηται
354 1781 552 1817 προαιρέσεως.

231 1854 261 1880 δ’.
274 1854 354 1881 Ταῦτ’
369 1853 414 1882 οὖν
423 1856 532 1888 εἰδότες,
546 1857 693 1891 ἀγαπητοὶ,
705 1858 752 1884 καὶ
764 1858 797 1885 τὰ
805 1858 907 1886 τούτων
917 1860 1029 1887 πλείονα

197 1895 294 1930 (πολλὰ
318 1897 371 1932 ¹γὰρ
394 1897 450 1924 ἔστι
470 1898 516 1924 καὶ
538 1899 605 1925 ἄλλα
622 1900 686 1934 περ),
707 1900 809 1927 τούτων
832 1901 938 1934 εἰπεῖν,
960 1901 1028 1929 ἀλλὰ

195 1941 253 1972 τοῖς
282 1941 473 1977 συνετωτέροις
499 1942 580 1978 ἀρκεῖ
606 1943 721 1979 ταῦτα),
746 1944 876 1980 φύγωμεν
909 1946 1026 1979 κακίαν,

197 1983 322 2018 ἑλώμεθα
343 1985 460 2020 ἀρετὴν,
479 1985 522 2012 ἵνα
546 1985 677 2022 δείξωμεν
701 1987 746 2014 διὰ
767 1988 820 2015 τῶν
839 1989 1026 2024 πραγμάτων,

197 2028 238 2054 ὅτι
255 2028 425 2060 αὐτεξούσιον
438 2028 536 2064 ἔχομεν
549 2031 616 2065 πρὸς
632 2030 667 2056 τὰ
688 2031 817 2058 δοκοῦντα
836 2033 886 2068 τὴν
905 2033 1027 2070 γνώμην,

197 2072 241 2097 ἵνα
263 2072 299 2107 μὴ
323 2072 565 2108 καταισχυνθῶμεν
589 2074 618 2100 ἐν
635 2075 669 2110 τῇ
688 2075 780 2110 ἡμέρᾳ
798 2077 848 2111 τῆς
868 2076 921 2103 τῶν
940 2071 1032 2112 ἔργων’

197 2115 402 2150 ἀποκαλύψεως.
423 2116 495 2149 Tabe
514 2117 568 2152 γὰρ
591 2123 705 2151 πάντας
726 2118 806 2153 ἡμᾶς
823 2120 1029 2154 φανερωθῆναι

197 2158 244 2184 δεῖ
255 2158 424 2193 ἔμπροσθεν
439 2160 491 2187 τοῦ
502 2159 639 2194 βήματος
651 2161 704 2188 τοῦ
719 2161 857 2195 Χριστοῦ,
870 2162 961 2193 καθώς
979 2171 1030 2197 φη-

200 2211 241 2228 σιν
256 2204 270 2228 ὁ
290 2203 405 2236 Παῦλος,
430 2204 481 2230 ἵνα
498 2205 657 2239 κομίσηται
677 2205 805 2238 ἕκαστος
823 2206 897 2240 πρὸς
920 2206 939 2232 ἀ
955 2205 1028 2242 [292]

199 2248 340 2281 ἔπραξεν,
366 2249 426 2276 εἶτε
439 2250 562 2285 ἀγαθὸν,
580 2250 640 2277 εἴτε
661 2251 764 2278 κακόν.
780 2251 924 2288 Λάόωμεν,
939 2261 1029 2288 παρα-

198 2292 283 2322 καλῶ,
305 2293 375 2319 κατὰ
395 2293 457 2320 νοῦν
473 2295 560 2321 ἐκεῖνο
581 2294 611 2320 τὸ
631 2294 821 2330 δικαστήριον,
844 2297 892 2323 καὶ
915 2297 1031 2331 νομίσω-

198 2343 248 2366 μεν
263 2335 328 2361 αὐτὸ
344 2337 468 2370 παρεῖναι
482 2335 529 2363 νῦν
539 2355 547 2368 ,
561 2336 607 2363 καὶ
623 2336 669 2363 τὸν
683 2337 779 2373 κριτὴν
793 2337 953 2369 καθέζεσθαι
965 2358 972 2371 ,
985 2340 1031 2365 καὶ

198 2377 232 2404 τὰ
252 2378 341 2405 πάντα
357 2379 601 2413 ἀνακαλύπτεσθαι,
622 2381 669 2406 καὶ
687 2382 728 2412 εἰς
750 2381 830 2416 μέσον
851 2381 974 2416 ἄγεσθαι.
994 2383 1030 2409 UO

198 2421 252 2456 γὰρ
265 2422 357 2453 ἁπλῶς
368 2423 539 2458 παραστῆναι
549 2424 598 2456 δεῖ,
610 2424 678 2451 ἀλλά
690 2425 734 2451 καὶ
747 2425 936 2461 φανερωθῆναι
948 2427 1030 2462 ἡμᾶς.

197 2463 271 2502 Ἆρα
283 2467 334 2493 οὐκ
347 2467 544 2503 ἠρυθριάσατες
562 2466 616 2502 ἆρα
631 2469 682 2495 οὐκ
697 2469 840 2504 ἐφρίξατε;
861 2467 914 2504 ἄρα
925 2471 974 2505 οὐχ
988 2471 1031 2497 αἱ-

199 2509 318 2544 ρούμεθα
338 2511 467 2542 πολλάκις
488 2512 649 2544 ἀποθανεῖν,
676 2513 695 2547 ἦ
713 2513 759 2539 ἐπὶ
782 2513 866 2547 φίλων
888 2514 1031 2549 αίδεσίμων

197 2555 320 2588 πταῖσμα
331 2555 451 2589 κρυπτὸν
466 2555 544 2590 ἡμῶν
558 2556 760 2591 φανερωθῆναις
774 2556 835 2588 Πῶς
846 2554 892 2583 οὖν
905 2557 965 2583 τότε
976 2558 1031 2584 δια-

197 2596 353 2631 ιεισόμεθα,
370 2597 416 2624 ἐπὶ
432 2598 539 2625 πάντων
553 2599 674 2633 ἀγγέλων
692 2600 739 2626 καὶ
757 2600 864 2627 πάντων
881 2601 1031 2636 ἀνθρώπων

198 2641 408 2675 φανερουμένων
428 2641 481 2667 τῶν
502 2643 643 2677 ἡμετέρων
667 2643 885 2678 ἁμαρτημάτων,
910 2645 957 2671 καὶ
980 2646 1033 2681 πρὸ

197 2682 252 2709 τῶν
278 2683 424 2719 ὀφθαλμῶν
451 2685 529 2719 ήμῶν
557 2686 724 2720 ίσταμένων;
755 2686 885 2721 Ἓλέγξω
906 2697 943 2715 σε
962 2690 1031 2724 γὰρ,

198 2727 284 2761 φησι,
317 2727 367 2754 καί
395 2728 579 2762 παραστήσω
613 2730 688 2756 κατὰ
712 2730 873 2763 πρόσωπόν
897 2740 956 2758 σου
981 2733 1034 2766 τὰς

197 2770 342 2804 ἁμαρτίας
362 2779 431 2799 σου.
453 2772 485 2798 Εἰ
503 2772 531 2798 δὲ
547 2773 629 2808 μήπω
640 2771 687 2799 τοῦ
703 2773 864 2808 πράγματος
886 2775 1032 2810 παρόντος,

199 2814 267 2840 ἁλλά
289 2815 350 2842 καθ’
368 2816 494 2843 ὑπόθεσιν
514 2816 649 2847 δοθέντος,
673 2817 719 2844 καὶ
737 2818 808 2853 λόγῳ
829 2818 1032 2854 διαγραφέντος,

199 2858 374 2895 ἀπολλύμεθα
397 2860 450 2888 ὑπὸ
473 2861 520 2887 τοῦ
550 2861 714 2894 συνειδότος,
742 2861 767 2888 τί
791 2864 939 2898 ποιήσομεν
952 2863 1031 2890 ,ὅταν

811 148 855 176 DE
875 147 1057 176 PERFECTA
1076 146 1259 174 CARI'I‘ATE.

1855 145 1915 179 εει

1077 204 1276 240 παραγένηται,
1309 203 1371 230 ὅταν
1399 203 1415 237 ἡ
1447 202 1591 236 οἰκουμένη
1621 202 1695 228 πᾶσα
1727 203 1816 237 παρῇ,
1844 202 1909 228 ὅταν

1074 250 1183 283 ἄγγελοι
1212 248 1259 274 καὶ
1291 246 1468 283 ἀρχάγγελοι,
1497 246 1561 272 ὅταν
1589 246 1668 281 ἀρχαὶ
1696 246 1743 271 καὶ
1773 245 1907 278 ἐξουσίαι,

1073 294 1137 320 ὅταν
1157 293 1304 327 σάλπιγγες
1323 291 1424 326 ήχῶσιν
1438 291 1466 316 αι
1484 291 1602 324 συνεχεῖς
1623 289 1670 316 καὶ
1689 288 1845 324 ἐπάλληλοι,
1861 290 1908 316 καὶ

1074 337 1185 372 ἁρπαγὴ
1201 336 1254 362 τῶν
1265 336 1376 362 δικαίων
1391 334 1438 361 ἐπὶ
1451 333 1580 368 νεφελῶν,
1594 333 1640 360 καὶ
1655 332 1737 364 πολὺς
1748 333 1801 359 τῶν
1818 333 1908 368 ήμαρ-

1072 381 1194 416 τηκότων
1206 381 1220 406 ό
1232 379 1315 407 κλαυο
1320 379 1384 414 μός;
1398 379 1476 409 Ποῖος
1488 377 1541 412 ἄρα
1556 377 1635 411 φόϐος
1649 376 1705 409 ἕξει
1716 376 1776 402 τότε
1788 377 1850 407 τοὺς
1862 376 1909 402 ἐπὶ

1077 425 1122 459 τῆς
1138 425 1190 459 γῆς
1206 423 1405 458 ἀπομένοντας;
1420 423 1480 449 Μία
1491 422 1556 456 γὰρ,
1569 421 1664 456 φησὶν,
1677 418 1845 454 ἀρπάζεταιγ
1859 419 1907 446 καὶ

1070 468 1125 502 μία
1137 467 1253 501 ἀφίεται
1266 475 1272 482 ·
1287 466 1337 493 καί
1351 464 1394 498 εἷς
1410 464 1684 499 παραλαμϐάνεται,
1698 464 1747 491 καὶ
1761 462 1804 496 εἷς
1819 472 1907 490 κατα-

1073 510 1261 545 λιμπάνεται.
1276 510 1324 542 Τίς
1340 509 1417 536 ἔσται.
1432 510 1448 544 ἡ
1462 509 1535 544 ψυχὴ
1550 509 1672 540 ἐκείνων,
1694 508 1758 535 ὅταν
1779 508 1843 539 τοὺς
1859 509 1908 542 μὲν

1073 555 1172 590 ὁρῶσιν
1193 553 1382 589 ἀπαγομένους
1405 553 1473 588 μετά
1492 554 1574 588 τιμῆς
1595 552 1725 587 μεγάλης,
1748 551 1860 582 ἑαυτοὺς
1880 551 1908 576 δὲ

1074 598 1236 633 ἀφιεμένους
1249 597 1318 632 μετά
1329 597 1428 632 πολλῆς
1442 595 1589 631 αἰσχύνης;
1608 595 1664 622 Οὐκ.
1678 595 1761 626 ἐστιν,
1778 595 1828 621 οὐκ
1839 594 1906 624 ἐστι,

1074 641 1247 673 πιστεύσατε,
1257 641 1430 675 παραστῆσαι
1443 639 1513 673 λόγῳ
1522 639 1552 664 τὸ
1561 639 1654 670 πάθος.
1664 639 1754 665 Εῐδετέ
1769 646 1833 664 ποτε
1845 638 1908 669 τοὺς

1073 685 1261 720 ἀπαγομένους
1282 685 1328 710 ἐπὶ
1347 684 1477 715 θάνατον;
1496 683 1578 709 Ποίαν
1597 683 1686 713 αὺτοῖς
1701 682 1823 717 νομίζετε
1839 679 1908 708 εἶναι

1073 728 1121 762 τὴν
1136 727 1223 762 ψυχὴν
1238 726 1286 762 τὴν
1304 726 1384 762 μέχρι
1404 727 1451 761 τῆς
1471 726 1556 761 πύλης
1571 725 1628 752 ὁδὸν
1644 725 1794 759 βαδίζουσις
1813 725 1844 751 Τί
1859 725 1911 751 οὐκ

1074 771 1107 796 ἂν
1125 770 1227 796 εἵλοντο
1241 771 1288 796 καὶ
1308 771 1420 804 ποιῆσαι
1438 769 1485 795 καὶ
1503 769 1609 800 παθεῖν,
1629 768 1698 794 ὥστε
1720 767 1908 801 ἀπαλλαγῆναι

1073 814 1123 849 τῆς
1136 813 1234 848 ἀχλύος
1250 813 1371 848 ὲκείνης;
1386 812 1458 847 Ἐγὼ
1472 812 1575 839 πολλῶν
1591 812 1695 847 ἥκουσα
1708 812 1838 845 λεγόντων
1854 810 1908 837 τῶν

1073 857 1263 892 φιλανθρωπίᾳ
1279 856 1404 892 βασιλικῇ
1426 856 1494 892 μετά
1508 855 1556 891 τὴν
1569 856 1720 890 ἀπαγωγὴν
1735 856 1774 887 εἰς
1789 855 1908 881 τούπίσω

1073 900 1288 937 ἁνακληθέντων,
1308 900 1349 927 ὅτι
1364 900 1424 926 οὐδὲ
1442 899 1601 935 ἀνθρώπους
1618 899 1710 934 ἑώρων
1727 899 1789 930 τοὺς
1805 898 1907 934 ἀνθρώ-

1074 953 1156 976 πους,
1179 944 1397 980 τεθορυϐημένης
1419 944 1469 979 τῆς
1490 943 1580 979 ψυχῆς
1601 942 1648 970 καὶ
1670 943 1905 977 ἐκπεπληγμένης.

1074 989 1127 1016 Καὶ
1141 989 1166 1016 τί
1179 988 1250 1023 λέγω
1268 988 1332 1023 περὶ
1352 988 1405 1015 τῶν
1420 988 1616 1023 ἀπαγομένων;
1632 987 1727 1022 Ὄχλος
1744 987 1907 1022 περιέστηκε

1073 1034 1144 1066 τότε,
1168 1034 1192 1059 οί
1213 1033 1322 1064 πλείους
1342 1033 1391 1059 οὐκ
1413 1032 1512 1064 εἰδότες
1532 1031 1640 1063 αὐτούς.
1665 1031 1699 1058 Εί
1714 1040 1755 1062 τις
1773 1031 1832 1062 ἑνὸς
1848 1031 1907 1057 τότε

1074 1077 1189 1103 ἑκάστου
1204 1076 1253 1112 τὴν
1269 1076 1357 1111 ψυχὴν
1376 1076 1601 1111 περιεσκόπησεν,
1619 1075 1705 1106 οὐδεὶς
1720 1074 1805 1106 οὕτως
1822 1074 1907 1109 ὠμὸς,

1073 1120 1158 1152 οὐδεὶς
1172 1128 1182 1139 ι
1200 1119 1271 1146 οὕτω
1286 1120 1398 1153 θρασὺς.
1413 1119 1498 1151 οὐδεὶς
1511 1119 1581 1146 οὕτω
1593 1120 1723 1153 γενναῖος,
1737 1119 1766 1145 ὃν
1782 1119 1812 1145 οὺ
1825 1127 1908 1145 κατα-

1074 1165 1248 1190 πεπτωκυῖαν
1262 1163 1346 1198 αὐτὴν
1359 1163 1454 1198 ἔχοντα
1466 1162 1540 1198 εὖροι
1555 1163 1602 1189 καὶ
1615 1163 1782 1197 παρειμένην
1798 1161 1850 1188 ὑπὸ
1860 1161 1908 1188 τοῦ

1074 1208 1155 1242 φόϐου
1174 1208 1220 1234 καὶ
1235 1208 1284 1242 τῆς
1304 1207 1432 1242 ἀθυμίας.
1453 1207 1485 1233 Εἰ
1500 1206 1528 1233 δὲ
1545 1207 1645 1242 ἐτέρων
1664 1205 1865 1241 ἀναιρουμένων
1882 1207 1907 1232 οἱ

1075 1252 1158 1288 μηδὲν
1175 1252 1265 1283 αὐτοῖς
1280 1250 1469 1282 κοινωνοῦντες
1483 1249 1554 1276 οὕτω
1566 1249 1739 1281 διατίθενται,
1749 1250 1813 1276 ὅταν
1827 1250 1908 1284 ἡμεῖς

1073 1295 1148 1322 αὐτοὶ
1164 1296 1218 1326 τοῖς
1234 1294 1337 1330 μείζοσι
1350 1293 1551 1329 περιπέσωμεν,
1568 1293 1638 1324 τίνες
1649 1293 1704 1328 ἄρα
1718 1292 1845 1327 ἐσόμεθα,
1859 1293 1908 1328 τῆς

1075 1339 1123 1373 μὲν
1139 1339 1258 1374 ἀρρήτου
1275 1337 1361 1373 χαρᾶς
1375 1338 1481 1372 ἐκείνης
1494 1337 1729 1371 ἀποπεμπόμενοι,
1743 1337 1783 1367 είς
1796 1336 1911 1364 αἰωνίαν

1073 1382 1101 1408 δὲ
1124 1382 1258 1418 τιμωρίαν
1282 1381 1544 1417 παραπεμπόμενοι;
1562 1380 1594 1407 Εἰ
1610 1380 1664 1415 γὰρ
1685 1380 1731 1406 καὶ
1752 1379 1847 1414 γέεννα
1870 1381 1908 1415 μὴ

1073 1424 1117 1460 ἦν,
1130 1426 1160 1452 τὸ
1172 1427 1204 1452 ἐκ
1215 1425 1347 1460 τοσαύτης
1361 1424 1550 1460 λαμπρότητος
1566 1424 1734 1459 ἀπωσθῆναι,
1751 1424 1797 1450 καὶ
1806 1423 1908 1459 ’ἄτιμον

1073 1469 1259 1505 ἀναχωρῆσαι,
1282 1468 1352 1503 πόση
1371 1468 1497 1501 κόλασις;
1516 1468 1570 1494 Καὶ
1588 1467 1642 1502 γὰρ
1661 1467 1686 1493 εἱ
1704 1467 1761 1497 νῦν,
1778 1466 1909 1502 βασιλέως

1073 1512 1282 1545 εἰσελαύνοντος,
1290 1512 1452 1548 θεωροῦντες
1465 1512 1566 1542 πολλοὶ,
1579 1512 1626 1538 καὶ
1636 1511 1685 1548 τὴν
1698 1511 1801 1538 ἑαυτῶν
1814 1511 1909 1538 πενίαν

1073 1556 1235 1590 ἐννοοῦντες,
1245 1557 1273 1583 ού
1283 1556 1416 1590 τοσαύτην
1425 1555 1477 1582 ἀπὸ
1484 1556 1534 1591 τῆς
1543 1556 1605 1587 θέας
1612 1556 1793 1592 λαμὸάνουσιν
1801 1555 1908 1592 ἡδονὴν,

1073 1599 1140 1634 ὅσην
1160 1599 1214 1625 ἀπὸ
1233 1598 1280 1625 τοῦ
1299 1598 1411 1634 μηδενὸς
1428 1598 1550 1633 μετέχειν
1565 1598 1619 1625 τῶν
1642 1599 1706 1634 περὶ
1721 1598 1766 1624 τὸν
1787 1597 1913 1633 βασιλέα,

1076 1643 1143 1678 μηδὲ
1158 1643 1241 1677 ἐγγὺς
1256 1641 1323 1669 εἷναι
1339 1641 1386 1669 τοῦ
1403 1641 1576 1678 κρατοῦντος,
1596 1641 1715 1677 ἀθυμίαν
1733 1641 1907 1677 ὑπομένουσι,

1073 1687 1100 1713 τί
1113 1686 1173 1713 τότε
1187 1686 1281 1716 ἐσταιι
1298 1686 1332 1712 Ἢ
1351 1686 1452 1720 μικρὰν
1467 1683 1535 1712 εἶναι
1551 1685 1674 1720 νομίζετε
1694 1685 1804 1712 κόλασιν
1824 1685 1854 1712 τδ
1871 1685 1909 1720 μὴ

1074 1729 1286 1757 κατατάττεσθαι
1303 1730 1331 1756 ἐν
1347 1729 1442 1765 ἐκείνῳ
1456 1729 1494 1764 τῷ
1507 1728 1597 1764 χορῷ;
1615 1728 1644 1755 τὸ
1664 1729 1701 1764 μὴ
1717 1727 1909 1762 καταξιοῦσθαι

1073 1775 1122 1809 τῆς
1132 1774 1288 1809 ἀπορρήτου
1296 1773 1388 1809 δόξης;
1397 1773 1427 1799 τὸ
1434 1772 1483 1807 τῆς
1492 1773 1668 1808 πανηγύρεως
1678 1772 1785 1808 ἐκείνης
1799 1773 1845 1799 καὶ
1855 1772 1908 1799 τῶν

1075 1817 1221 1852 ἁφράστων
1236 1816 1346 1851 ἀγαθῶν
1361 1816 1454 1852 πόρρω
1468 1825 1518 1843 που
1536 1817 1583 1843 καὶ
1602 1817 1709 1852 μακρὰν
1725 1815 1890 1852 ἁπερρϊφθαι
1900 1826 1913 1850 ;,

1077 1862 1159 1888 Ὅταν
1173 1861 1200 1888 δὲ
1214 1861 1261 1888 καὶ
1278 1860 1371 1891 σκότος
1383 1858 1411 1897 ᾖ.
1426 1860 1472 1887 καὶ
1487 1859 1607 1896 βρυγμὸς
1620 1861 1742 1892 ὀδόντων,
1761 1860 1808 1887 καὶ
1823 1860 1910 1894 δεσμὰ

1076 1905 1152 1942 [295]
1168 1905 1265 1938 ἄλυτα,
1287 1905 1334 1932 καὶ
1355 1905 1461 1940 σκώληξ
1480 1904 1671 1939 ἀτελεύτητος,
1688 1905 1735 1931 καὶ
1756 1904 1810 1941 πῦρ
1830 1904 1910 1930 6.665-

1077 1958 1147 1983 στον,
1163 1949 1210 1977 καὶ
1226 1948 1314 1983 θλίψις
1329 1949 1375 1976 καὶ
1391 1949 1564 1984 στενοχωρία,
1577 1949 1622 1974 κα)⁴
1637 1947 1756 1982 γλῶσσαι
1767 1947 1910 1984 τηγανιζό-

1078 2004 1168 2030 μεναι,
1185 1994 1310 2029 καθάπερ
1327 1995 1343 2030 ἡ
1359 1993 1406 2020 τοῦ
1422 1993 1558 2025 πλουσίου,
1576 1994 1624 2019 καὶ
1643 1992 1849 2028 όλοφυρὼμεθα,
1864 1993 1910 2019 καὶ

1078 2038 1171 2074 μηδεὶς
1190 2037 1286 2074 ἀκούῃ,
1310 2038 1355 2066 καὶ
1377 2037 1522 2072 στένωμεν,
1548 2037 1595 2063 καὶ
1617 2036 1760 2072 βρύχωμεν
1783 2036 1836 2062 ὑπὸ
1856 2035 1910 2063 τῶν

1077 2082 1241 2117 ἀλγηδόνων,
1260 2082 1306 2108 καὶ
1324 2081 1418 2116 μηδεὶς
1432 2081 1562 2116 προσέχῃ,
1586 2081 1632 2106 καὶ
1654 2079 1791 2115 πανταχοῦ
1807 2079 1909 2115 βλέπω-

1079 2133 1139 2160 μεν,
1152 2125 1198 2152 καὶ
1215 2124 1337 2160 μηδαμοῦ
1356 2125 1448 2160 μηδεὶς
1461 2125 1475 2150 ό
1489 2124 1730 2159 παραμυθούμενος
1773 2132 1780 2138 ’
1796 2124 1847 2150 ποῦ
1864 2124 1910 2150 τά-

1078 2169 1158 2202 ξομεν
1178 2169 1241 2200 τοὺς
1261 2166 1297 2195 ἐν’
1310 2168 1412 2199 τούτοις
1425 2167 1519 2200 ὄντας
1537 2167 1562 2194 τί
1576 2167 1603 2194 δὲ
1621 2168 1731 2194 ἐκείνων
1748 2167 1910 2202 ἀθλιώτερον

1077 2212 1130 2239 τῶν
1143 2212 1249 2248 Mm;
1263 2212 1289 2238 τί
1305 2212 1333 2238 δέ
1347 2211 1541 2247 ἐλεεινότερον;

1113 2260 1145 2284 ε’.
1155 2257 1218 2283 Εἰδὲ
1226 2257 1265 2288 είς
1272 2256 1455 2291 δεσμωτήριον
1461 2255 1598 2289 εἰσιόντες,
1605 2256 1721 2287 καὶτοὺς
1731 2255 1780 2290 μὲν
1787 2257 1913 2292 αὐχμῶν-

1078 2310 1127 2332 τας
1141 2299 1267 2336 ὁρῶντες,
1282 2300 1346 2331 τοὺς
1361 2299 1389 2325 δὲ
1410 2299 1531 2334 σιδηραῖς
1545 2298 1654 2325 ἁλύσεσι
1667 2299 1832 2334 δεδεμένους,
1847 2301 1910 2332 τοὺς

1079 2345 1106 2371 δέ
1121 2345 1209 2379 σκότῳ
1223 2343 1510 2378 κατακεκλεισμένους,
1526 2342 1735 2378 κατακλώμεθα,
1753 2344 1909 2379 φρίττομεν,

1079 2390 1167 2416 πάντα
1191 2388 1345 2424 πράττομεν
1365 2387 1434 2422 ὑπὲρ
1457 2386 1506 2413 τοῦ
1521 2387 1560 2422 μὴ
1581 2387 1710 2421 ἐμπεσεῖν
1727 2387 1766 2418 εἰς
1784 2388 1911 2422 τοιαύτην

1079 2433 1200 2467 ἀνάγκην
1217 2431 1263 2458 καὶ
1281 2430 1368 2466 θλίψιν
1380 2439 1387 2446 ·
1403 2431 1466 2457 ὅταν
1481 2429 1651 2465 ἀπαγώμεθα
1671 2431 1711 2462 εἰς
1733 2430 1802 2457 αὐτὰ
1815 2432 1849 2458 τὰ
1863 2432 1912 2466 τῆς

1079 2476 1190 2511 γεέννης
1215 2475 1410 2510 βασανιστήρια
1430 2473 1574 2509 δεδεμένοι,
1596 2474 1664 2506 τίνες
1683 2474 1815 2510 ἐσόμεθα;
1836 2475 1862 2501 τί
1883 2475 1911 2501 δὲ

1080 2520 1233 2556 πράξομεν;
1249 2519 1286 2546 Ού
1299 2518 1354 2554 γὰρ
1366 2520 1397 2545 ἐκ
1412 2519 1518 2554 σιδήρου
1533 2518 1568 2545 τὰ
1578 2518 1665 2554 δεσμὰ
1678 2519 1779 2552 ἐκεῖνα,
1791 2519 1847 2546 ἀλλ’
1859 2520 1912 2546 ἀπὸ

1081 2565 1164 2599 πυρός
1176 2564 1243 2590 εἰσιν
1256 2563 1382 2589 οὐδέποτε
1395 2562 1584 2597 σϐεννυμένου,
1599 2563 1658 2589 οὐδὲ
1671 2563 1795 2598 ὁμότιμοι
1804 2572 1876 2595 τινες
1887 2565 1912 2590 οἱ

1081 2607 1230 2642 ἐφεστῶτες
1238 2608 1312 2642 ἡμῖν,
1325 2606 1371 2638 οὒς
1380 2606 1426 2632 καὶ⁷
1434 2606 1636 2641 ἐκμειλίξασθαι
1651 2607 1780 2638 πολλάκις
1793 2607 1842 2638 ἔνι,
1853 2607 1911 2634 ἀλλ’

1081 2651 1189 2685 ἄγγελοι
1213 2650 1321 2685 φοϐεροὶ
1341 2651 1388 2676 καὶ
1410 2650 1590 2685 ἀσυμπαθεῖς,
1615 2647 1655 2681 οἷς
1675 2650 1735 2676 οὐδὲ
1755 2651 1912 2685 ἀντιϐλέψαι

1080 2694 1200 2725 δυνατὸν,
1219 2694 1339 2730 σφοδρῶς
1356 2693 1425 2729 ὑπὲρ
1443 2690 1480 2720 ὧν
1494 2694 1538 2719 τὸν
1555 2693 1692 2728 Δεσπότην
1706 2693 1855 2728 ὑϐρίσαμεν
1867 2694 1912 2728 όρ-

1081 2739 1228 2774 γιζόμενοι.
1247 2739 1304 2765 Οὐκ
1317 2738 1383 2770 ἐστι,
1401 2737 1525 2773 καθάπερ
1541 2737 1667 2770 ἐνταῦθα,
1682 2739 1745 2769 τοὺς
1762 2738 1811 2772 μὲν
1825 2737 1911 2773 ἀργύ-

1094 2831 1097 2834 ’
1116 2837 1128 2850 ⁸
1140 2835 1180 2860 Sic
1198 2835 1304 2860 Colllcrl.
1327 2834 1354 2858 In
1376 2835 1448 2860 Savil.
1462 2839 1543 2860 autem
1564 2836 1647 2859 οὐδένα
1659 2835 1732 2862 οὕτως
1749 2834 1822 2863 ὠμὸν,
1845 2832 1910 2856 οὐδέβ

1086 2875 1123 2897 να,
1136 2872 1195 2897 em,
1207 2867 1239 2892 ila
1249 2870 1276 2891 ul
1287 2867 1410 2892 sententia
1421 2867 1565 2898 imperfecta
1576 2870 1650 2891 esset.
