2074 3126
164 145 215 173 285

162 212 228 240 ριον,
244 204 305 235 τοὺς
319 203 346 230 δέ
361 203 480 239 τροφὰς,
495 203 557 234 τοὺς
574 202 602 228 δέ
615 202 710 236 λόγους
729 201 887 234 εἰσάγοντας
905 193 994 234 παρα-

549 144 578 172 S.
597 142 740 172 JOANNIS
759 139 1004 171 CHRYSOSTOMI
1023 138 1181 166 ARCIHEP.
1198 137 1471 167 CUNSTANTINOP.

1826 131 1881 158 286

1083 198 1113 230 ς’.
1127 197 1211 224 Τοῦτο
1218 197 1245 224 δὲ
1256 197 1348 232 ἡλίκον
1360 197 1444 227 ἐστὶν,
1455 193 1576 221 ἐντεῦθεν
1585 190 1712 226 εἰσόμεθα
1720 197 1727 205 ·
1742 188 1840 224 μᾶλλον
1852 189 1880 215 δέ

161 230 306 281 κλητικοὺς
332 230 406 280 ἰδεῖν,
499 230 675 281 παραμυθίας
695 230 801 279 τυχεῖν,
817 230 884 270 ἀλλά
907 230 1033 269 πάντας
1049 241 1140 276 σαφῶς
1157 241 1206 276 μὲν
1224 230 1372 275 οὐδαμόθεν
1386 237 1514 274 εἰσόμεθα
1528 245 1535 252 ·
1553 235 1624 281 ὥστε
1635 235 1664 260 δέ
1679 233 1800 281 ἀπδᾼτῶν
1815 232 1880 281 παρ’

160 293 219 318 ἐκεῖ
237 291 426 325 ἀσύγγνωστα.
444 291 504 318 Κᾶν
524 291 585 317 Νῶε
604 288 632 326 ᾖ.
655 289 706 316 κᾶν
722 288 792 320 Ἰὼϐ,
814 288 865 315 κᾶν
886 287 994 321 Δανιὴλ,

161 335 208 362 καὶ
223 335 287 367 τοὺς
305 336 419 367 οἰκείους
432 336 505 362 ἴδωσι
519 334 724 369 κολαζομένους,
737 334 767 360 οὺ
780 332 899 368 τολμῶσι
911 340 996 367 παρα-

161 379 265 414 στῆναι,
279 380 326 406 καὶ
341 381 419 416 χεῖρα
433 379 534 414 ὀρέξαι,
551 379 605 404 Καὶ
621 379 674 413 γὰρ
691 378 740 413 τὴν
757 378 790 404 ἐκ
804 378 910 412 φύσεως
925 384 994 411 συμ-

159 422 276 450 πάθειαν
290 422 458 458 ἀναιρεῖσθαι
474 422 535 449 τότε
552 421 703 457 συμϐαίνει,
724 420 833 456 Ἐπειδὴ
850 420 904 455 γάρ
919 419 994 455 εύρί-

161 475 270 493 σκονται
284 467 383 493 δίκαιοι
397 466 500 494 τέκνων
513 465 682 501 ἁμαρτωλῶν
695 465 823 500 πατέρες,
840 464 887 491 καὶ
901 463 994 494 παῖδες

159 509 257 544 ἀγαθοὶ
267 510 368 544 γονέων
380 509 506 545 πονηρῶν
518 508 558 544 (οὐ
569 508 622 544 γάρ
636 508 742 542 φύσεώς
753 509 835 539 ἐστιν,
847 507 913 534 ἀλλὰ
925 505 994 541 γνώ-

161 561 215 588 μης
230 553 265 580 τά
278 553 372 588 κακὰ),
388 552 458 579 ὥστε
477 552 602 587 καθαρὰν
614 552 706 583 αὐτοῖς
718 549 786 578 εἶναι
800 551 848 586 τὴν
862 549 995 585 εὐφροσύ-

158 605 217 632 νην,
236 597 283 623 καὶ
303 596 340 631 μὴ
360 597 394 631 τῇ
414 596 464 631 τῆς
488 595 658 631 συμπαθείας
677 594 783 630 ἀνάγκῃ
808 592 994 620 κατακλᾶσθαι

157 640 221 671 τοὺς
245 639 429 671 ἀπολαύοντας
451 638 505 666 τῶν
529 639 638 673 ἀγαθῶν
663 638 791 670 ἐκείνων,
818 637 865 664 καὶ
892 636 994 671 ταύτην

159 682 321 709 σϐέννυσθαι
335 683 396 709 τότε
410 682 478 716 ἐστὶ,
492 682 539 709 καὶ
555 682 653 714 αὐτοὺς
666 682 881 716 συναγανακτεῖν
895 680 934 715 τῷ
948 681 995 706 Δε-

160 726 246 763 σπότῃ
266 726 336 753 κατὰ
359 726 414 752 τῶν
434 726 541 752 οἰκείων
563 725 732 760 σπλάγχνων.
756 725 786 752 Εἰ
807 725 862 760 γὰρ
884 725 931 751 καὶ
947 724 994 751 νῦν

157 778 239 803 τινες,
257 770 321 797 ὅταν
335 769 409 796 ἴδωσι
420 769 536 804 φαύλους
547 770 610 800 τοὺς
621 769 709 796 αὐτῶν
720 769 826 801 παῖδας,
839 767 995 803 ἀποκηρύτ-

155 821 243 846 τουσι,
263 813 308 840 καί¹
325 814 372 847 τῆς
394 813 552 848 συγγενείας
571 813 767 848 ἀποτέμνουσι,
788 812 878 848 πολλῷ
896 812 994 848 μᾶλλον

157 856 187 883 ἐν
200 858 233 892 τῇ
256 857 344 893 κρίσει
361 857 440 884 τοῦτο
459 857 614 891 γενήσεται.
635 855 785 891 Τοιγαροῦν
802 856 897 891 μηδεὶς
916 856 994 882 ἐλπι-

157 899 236 931 ζέτω,
252 900 357 935 χρηστὰ
370 901 406 936 μὴ
420 900 616 936 ἐργασάμενος,
628 900 655 926 τὶ
671 900 797 935 χρηστὸν,
814 899 864 926 κᾶν
881 900 994 935 μυρίους

156 943 207 981 ἔχῃ
218 945 367 980 προγόνους
376 944 506 976 δικαίους.
517 945 663 978 Ἕκαστος
673 945 728 979 τὰρ
739 945 902 979 κομίσεται,
915 944 993 979 φησὶ,

155 987 193 1014 τὰ
210 987 258 1015 διὰ
276 987 331 1015 τοῦ
349 987 496 1022 σώματος,
512 987 587 1021 πρὸς
602 987 622 1014 ἆ
639 988 779 1022 ἕπραξεῦι,
797 988 856 1014 εἴτε
870 988 993 1022 ἀγαθὸν,

155 1031 217 1058 εἴτε
236 1033 342 1059 κακόν.
360 1031 545 1066 Ἀκούσωμεν,
561 1031 721 1067 παρακαλῶ,
737 1033 784 1058 καὶ
801 1032 992 1067 σωφρονῶμεν.

158 1075 207 1102 Ἂν
220 1075 276 1111 πῦρ
289 1075 354 1112 ἔχῃς
363 1075 509 1111 ἐπιθυμίας
520 1076 651 1111 πονηρᾶς,
664 1075 788 1111 ἐννόησον
799 1075 847 1111 τῆς
858 1075 994 1107 κολάσεως

155 1118 263 1153 ἐκείνης
273 1118 304 1145 τὸ
314 1118 379 1154 πῦρ,
393 1119 440 1145 καὶ
454 1119 532 1145 τοῦτο
545 1118 730 1145 κατασϐεσθὲν
742 1118 855 1154 οἴχεται.
873 1119 921 1145 Ἂν
934 1118 994 1154 βου-

155 1161 240 1198 ληθῇς
251 1161 417 1197 φθέγξασθαί
433 1170 460 1189 τι
478 1161 531 1190 τῶν
545 1162 663 1194 ἀτόπων,
677 1162 802 1198 ἐννόησον
814 1162 859 1188 τὸν
872 1162 993 1197 βρυγμὸν

155 1213 210 1240 τῶν
227 1213 351 1246 ὀδόντων,
371 1214 419 1240 καὶ
433 1213 541 1249 χαλινὸς
559 1213 634 1241 ἔσται
651 1222 692 1240 σοι
711 1214 857 1249 φόϐος.“Αν
871 1215 993 1250 ἁρπάσαι

155 1257 283 1295 θελήσῃς,
296 1257 411 1285 ἄκουσον
425 1257 471 1284 τοῦ
487 1257 614 1284 δικαστοῦ
626 1257 759 1292 λέγοντος,
769 1258 885 1290 Δήσατε
901 1258 993 1285 αὐτοῦ

154 1301 256 1336 χεῖρας
269 1301 318 1328 καί
329 1300 434 1334 πόδας,
445 1301 495 1327 καὶ
504 1301 616 1333 ,βάλετε
630 1302 723 1328 αὐτὸν
736 1301 779 1334 είς
793 1301 826 1328 τὸ
840 1301 950 1334 σκότος
959 1302 992 1328 τὸ

154 1345 310 1379 ἐξώτερον,
322 1345 370 1371 καὶ
381 1345 483 1380 ταύτην
495 1344 619 1376 ἐκϐαλεῖς
629 1344 678 1380 τὴν
689 1344 843 1380 ἐπιθυμίαν.
859 1345 906 1371 Ἂν
919 1345 993 1380 ὠμὸς

156 1390 204 1417 καὶ
218 1388 375 1425 ἀνελεήμων
389 1387 434 1426 ᾖς,
448 1388 636 1424 ἀναμνήσθητι
648 1388 703 1415 τῶν
715 1388 857 1424 παρθένων
871 1389 990 1421 ἐκείνων,

155 1432 195 1466 αἱ,
216 1432 269 1459 τῶν
290 1431 438 1468 λαμπάδων
455 1431 543 1459 αὐτῶν
564 1431 726 1458 σϐεσθεισῶν
746 1432 790 1458 διὰ
810 1432 841 1458 τὸ
864 1433 901 1468 μὴ
921 1433 993 1468 ἐχειν

155 1475 256 1508 ἔλαιον,
269 1475 317 1503 τοῦ
336 1476 479 1512 νυμφῶνος
493 1475 631 1509 ἐξέπεσον,
647 1476 693 1502 καὶ
709 1476 814 1510 ταχέως
829 1476 879 1512 ἔσῃ
898 1476 992 1511 φιλάν-

155 1519 275 1556 θρωπος.
291 1521 339 1547 Ἂν
355 1519 464 1555 μεθύειν
478 1520 525 1547 καὶ
539 1520 645 1556 τρυφᾷν
658 1519 805 1555 ἐπιθυμῇς,
819 1520 933 1547 ἄκουσον
945 1520 992 1547 τοῦ

156 1564 283 1592 πλουσίου
301 1564 434 1599 λέγοντος,
446 1564 570 1599 Πέμψον
583 1563 724 1598 Λάζαρον,
744 1564 788 1590 ἵνα
805 1563 882 1599 ἄκρῳ
896 1564 934 1599 τῷ
947 1564 993 1591 δα-

156 1608 245 1644 κτύλῳ
265 1607 407 1644 καταψύξῃ
431 1608 480 1644 τὴν
498 1608 714 1644 τηγανιζομένην
736 1607 871 1642 γλῶσσαν,
893 1608 940 1634 καὶ
962 1608 992 1634 οὐ

154 1652 334 1687 τυγχάνοντος
349 1652 399 1687 τῆς
410 1652 554 1687 αἰτήσεως,
568 1652 615 1678 καὶ
623 1651 725 1687 ταχέως
734 1652 876 1687 ἀποστήσῃ
884 1651 930 1678 τοῦ
940 1652 994 1679 πά-

156 1696 217 1728 θους
233 1696 319 1732 [29η.
342 1696 397 1723 Καὶ
412 1696 446 1722 τά
467 1695 535 1723 ἀλλα
550 1696 579 1722 δέ
596 1695 685 1723 πάντα
703 1695 790 1730 τούτῳ
811 1695 993 1732 κατορθώσεις

154 1739 193 1774 τῷ
207 1740 300 1775 τρόπῳ
314 1747 321 1753 ·
336 1739 413 1766 οὐδὲν
429 1740 483 1775 γὰρ
497 1738 624 1774 φορτικὸν
643 1738 774 1772 ἐπέταξεν
787 1740 800 1765 ό
812 1738 888 1770 Θεός.
907 1739 994 1765 Πόθεν

154 1781 201 1810 οὖν
215 1783 331 1819 φορτικά
351 1782 474 1817 φαίνεται
495 1782 529 1809 τὰ
549 1782 742 1818 ἐπιτάγματα;
757 1782 825 1809 ’Λπδ
843 1782 894 1817 τῆς
911 1782 993 1818 ρᾳθυ-

156 1827 220 1862 μίας
235 1827 283 1862 τῆς
299 1826 445 1862 ¹ἡμετέρας.
463 1826 567 1860 ’Ὥσπερ
582 1825 645 1860 γὰρ,
663 1825 712 1852 ἐὰν
729 1825 932 1861 σπουδάζωμεν,
946 1827 993 1853 καὶ

153 1871 189 1898 τὰ
206 1871 336 1898 δοκοῦντα
356 1870 441 1905 βαρέα
461 1870 549 1904 κοῦφα
568 1869 644 1896 ἔσται
665 1870 712 1895 καὶ
731 1869 819 1906 ῥᾴδια,
834 1869 930 1903 οὕτως,
945 1870 993 1898 ἐὰν

155 1922 332 1960 ῥᾳθυμῶμεν,
343 1923 390 1950 καὶ
399 1922 432 1950 τὰ
441 1922 546 1958 φορητὰ
557 1923 680 1957 φανεῖται
691 1921 807 1949 δύσκολα
817 1923 893 1958 ἡμῖν.
904 1923 993 1959 Ἂπερ

153 1966 263 1993 ἅπαντα
275 1967 458 2002 λογισάμενοι,
475 1967 512 2001 μὴ
529 1966 593 1998 τοὺς
608 1966 769 2001 τρυφῶντας
787 1966 991 2002 μακαρίζωμεν,

153 2009 221 2037 ἀλλά
231 2010 262 2036 τὸ
271 2009 347 2041 τέλος
358 2009 447 2036 αὐτῶν
462 2009 606 2044 ἐννοῶμεν.
616 2010 623 2020 “
631 2009 753 2037 Ενταῦθα
766 2010 815 2045 μὲν
827 2011 882 2045 γάρ
892 2010 993 2044 κόπρος

154 2053 203 2082 καὶ
223 2053 403 2089 πολυσαρκία,
421 2054 479 2080 ἐκεῖ
492 2053 521 2079 δὲ
537 2052 645 2089 σκώληξ
657 2053 704 2080 καὶ
725 2052 789 2089 πῦρ.
805 2054 852 2088 Μὴ
865 2054 928 2085 τοὺς
942 2054 992 2089 ἀρ-

153 2097 299 2131 πάζοντας,
320 2097 388 2124 ἀλλά
402 2097 428 2123 τί
443 2097 473 2124 τὸ
487 2097 563 2129 τέλος
579 2097 678 2124 αὐτῶν.
701 2096 834 2124 Ἐνταῦθα
854 2097 992 2133 φροντίδες

152 2152 200 2180 καὶ
217 2151 304 2185 πόνοι,
327 2151 386 2177 ἐκεῖ
407 2150 494 2186 δεσμά
515 2150 600 2177 ἄλυτα
615 2150 662 2177 καὶ
681 2149 775 2181 σκότος
789 2149 931 2185 ἐξώτερον.
946 2149 992 2185 Μὴ

151 2197 215 2228 τοὺς
235 2195 313 2231 δόξης
326 2195 458 2231 ἐρῶντας,
480 2194 548 2221 ἀλλὰ
564 2194 590 2221 τί
605 2193 635 2221 τὸ
650 2193 726 2225 τέλος
741 2193 839 2220 αὐτῶν.
861 2193 993 2220 Ἐνταῦθα

152 2240 258 2267 δουλεία
272 2240 318 2267 καὶ
333 2239 468 2275 εἰρωνεία,
484 2239 541 2265 ἐκεῖ
557 2238 643 2273 ζημία
657 2238 740 2273 πολλὴ
761 2238 807 2264 καὶ
821 2237 851 2264 τὺ
869 2238 1001 2273 διηνεκὲς¹

152 2283 360 2320 ἐμπυρίζεσθαι.
371 2284 420 2310 “Av
431 2283 516 2314 οὕτως
526 2283 632 2314 ἑαυτοῖς
642 2281 838 2317 διαλεγώμεθα,
851 2282 991 2308 καὶταῦτα

152 2328 248 2356 καὶτὰ
260 2327 372 2354 τοιαῦτα
389 2326 507 2362 συνεχῶς
524 2326 669 2361 ἐπᾴδωμεν
685 2326 743 2356 ταῖς
765 2326 896 2360 πονηραῖς
914 2325 991 2360 ήμῶν

152 2373 320 2408 ἐπιθυμίαις,
337 2372 442 2408 ταχέως
455 2371 502 2398 καὶ
518 2370 618 2398 κακίαν
635 2369 810 2406 ἐκφύγωμεν,
830 2369 876 2396 καὶ
891 2370 991 2405 ἀρετὴν

152 2416 373 2452 κατορθώσομεν,
391 2416 438 2442 καὶ
454 2415 499 2441 τὸν
517 2415 571 2440 τῶν
587 2413 726 2449 παρόντων
740 2413 829 2449 ἔρωτα
846 2413 990 2449 σϐέσομεν,

152 2462 200 2488 καὶ
215 2461 261 2488 τὸν
277 2461 332 2487 τῶν
354 2460 504 2495 μελλόντων
522 2459 670 2493 ἀνάψομεν.
693 2458 725 2484 Τί
741 2458 795 2492 γὰρ
811 2457 867 2493 ἔχει
888 2458 923 2484 τὰ
940 2466 992 2485 πα-

154 2506 235 2542 ρόντα
253 2505 371 2540 βέϐαιον,
383 2504 400 2539 ἢ
417 2504 442 2530 τί
457 2504 531 2537 ξένον
544 2504 588 2530 καὶ
606 2503 767 2538 παράδοξον,
781 2503 821 2529 ὄτι
836 2504 926 2529 πᾶσαν
941 2502 991 2538 τὴν

152 2549 270 2584 σπουδὴν
284 2549 323 2580 εἰς
338 2548 407 2575 αὑτά
421 2547 624 2582 ἀναλίσκωμεν;
638 2547 704 2582 Οὐχὶ
717 2547 750 2573 τὰ
765 2545 835 2573 αὐτὰ
846 2546 990 2578 διαπαντὸς

151 2594 259 2629 ὁρῶμεν
274 2589 575 2626 άνακυκλούμενα,οἵον
601 2591 692 2626 ἡμέρα
715 2590 761 2617 καί¹
787 2590 843 2623 νὺξ,
869 2591 916 2623 νὺξ
943 2591 990 2617 καὶ

150 2639 251 2673 ἡμέρα,
268 2636 371 2672 χειμὼν
386 2636 433 2663 καὶ
450 2635 538 2670 θέρος,
557 2635 633 2670 θέρος
648 2635 695 2663 καὶ
714 2633 826 2669 χειμὼν,
844 2633 890 2660 καὶ
909 2632 989 2660 πλέον

150 2683 241 2716 οὑδέν;
267 2681 427 2716 Ἀνάψωμεν
448 2680 536 2707 τοίνυν
561 2679 614 2706 τῶν
639 2678 787 2714 μελλόντων
810 2676 919 2711 ἀγαθῶν
943 2676 988 2702 τὸν

151 2727 243 2754 πόθον.
264 2725 377 2760 Μεγάλη
399 2724 454 2760 γὰρ
476 2723 619 2751 ἀπόκειται
638 2723 700 2756 δόξα
717 2723 773 2753 τοῖς
794 2721 925 2752 δικαίοις,
941 2721 988 2748 καὶ
1017 2744 1021 2749 .

151 2771 184 2806 ἢν
197 2771 248 2798 οὑκ
261 2769 301 2796 ἔνι
316 2769 489 2805 παραστῆσαι
501 2768 582 2802 λόγῳ.
598 2766 639 2793 Τὰ
654 2766 708 2801 γὰρ
724 2765 838 2800 σώματα
854 2764 923 2801 μετὰ
938 2764 987 2799 τὴν

150 2817 296 2844 ἀνάστασιν
328 2813 509 2843 ἀπολαϐόντες
536 2811 674 2848 ἄφθαρτα,
705 2808 910 2843 συνδοξάζονται
943 2808 987 2839 καὶ

152 2858 378 2897 συμϐασιλεύονσι
393 2857 430 2894 τῷ
445 2855 566 2893 Χριστῷ.

1047 286 1113 320 ἡμῖν
1128 275 1238 320 ἀγαθῶν
1252 284 1422 320 ἀναχθέντες,
1437 281 1537 318 μικρὰν
1550 279 1614 315 γοῦν
1625 287 1685 305 τινα
1698 275 1882 320 λάϐωμενέν-

1048 319 1131 362 νοιαν,
1139 319 1176 362 ὥς
1188 330 1219 356 ἂν
1229 326 1283 361 οἷός
1292 319 1322 355 τε
1332 325 1364 360 ὥ,
1376 326 1547 362 παραστῆσαι
1557 323 1722 358 πειράσομαι
1734 321 1764 347 τὸ
1776 319 1881 354 λεχθέν,

1048 374 1115 400 Εἰπέ
1128 374 1182 409 γάρ
1198 382 1253 409 μοι,
1267 373 1294 399 εἰ
1305 372 1346 404 τίς
1359 380 1388 398 σε
1400 369 1584 406 γεγηρακότα,
1600 368 1646 394 καὶ
1661 367 1690 393 ἐν
1703 365 1783 400 πενίᾳ
1793 363 1882 409 ζῶντα

1048 408 1229 454 ἐπηγγέλλετο
1240 418 1362 452 ποιήσειν
1375 415 1504 450 ἐξαίφνης
1516 413 1583 445 νέον,
1598 412 1645 438 καὶ
1659 412 1698 442 εἰς
1712 409 1796 454 αὐτὴν
1807 408 1881 454 ἄξειν

1048 453 1098 496 τῆς
1113 462 1221 496 ἡλικίας
1234 462 1284 497 τὴν
1299 460 1400 496 ἀκμὴν,
1419 459 1465 485 καὶ
1482 458 1583 492 σφόδρα
1600 455 1708 490 ἰσχυρὸν
1721 453 1768 480 καὶ
1782 453 1882 488 ὡραῖον

1049 506 1118 542 ὑπὲρ
1140 506 1244 536 πάντας
1258 504 1483 534 κατασκευάσειν,
1499 501 1545 528 καὶ
1566 498 1703 535 βασιλείαν
1717 497 1812 524 δώσειν
1833 497 1882 530 τῆς

1047 540 1222 585 γῆςάπάσης
1233 549 1278 575 ἐπὶ
1291 548 1362 574 ἔτεσι
1378 547 1481 582 χιλίοις,
1496 543 1633 580 βασιλείαν
1645 542 1755 578 εἰρήνην
1768 540 1882 585 ἔχουσαν

1049 583 1211 628 βαθυτάτην,
1227 592 1254 618 τί
1266 592 1315 618 οὐκ
1328 591 1360 618 ἂν
1376 590 1446 625 ὺπέρ
1462 589 1562 624 ταύτης
1576 587 1647 613 εἵλου
1661 586 1710 620 τῆς
1729 583 1882 628 ὑποθέσεως

1047 627 1094 663 καὶ
1115 637 1226 671 ποιῆσαι
1247 636 1292 662 καὶ
1313 635 1422 665 παθεῖν;
1445 633 1510 660 Ἰδοὺ
1529 632 1627 662 τοίνυν,
1648 631 1663 657 ό
1684 628 1800 664 Χριστὸς
1821 627 1882 671 οὺχί

1047 680 1143 712 ταῦτα,
1167 670 1235 707 ἀλλά
1257 679 1345 714 πολλῷ
1369 678 1478 714 μείζονα
1500 676 1602 703 τούτων
1621 672 1827 707 ἐπαγγέλλεται.
1843 670 1881 696 Οὐ

1047 726 1102 762 γὰρ
1115 726 1176 752 ὅσον
1191 725 1283 760 γήρως
1294 725 1342 751 καὶ
1353 724 1476 758 νεότητος
1492 722 1522 748 τὸ
1539 721 1630 756 μέσον,
1642 717 1766 745 τοσοῦτον
1779 715 1881 762 φθορᾶς

1048 760 1096 797 καί.
1111 769 1263 805 ἀφθαρσίας
1274 768 1304 795 τὸ
1317 768 1443 803 διάφορον
1458 776 1465 783 ο
1479 766 1539 793 οὐδὲ
1553 766 1613 791 ὅσον
1628 762 1762 798 βασιλείας
1775 760 1882 805 καὶ.

1047 814 1116 846 νίας,
1130 803 1255 840 τοσοῦτον
1269 813 1318 848 τῆς
1329 811 1407 846 δόξης
1420 811 1470 846 τῆς
1485 809 1623 844 παρούσης
1641 807 1688 833 καὶ
1703 805 1754 840 τῆς
1771 803 1882 848 μελλού-

1048 867 1098 894 σης
1113 866 1121 874 ’
1138 857 1196 885 ἀλλ’
1213 858 1275 884 ὅσον
1289 856 1434 892 ὀνειράτων
1451 854 1497 881 καὶ
1513 851 1652 888 ἀληθείας.
1670 849 1777 894 Μᾶλλον
1791 847 1819 874 δὲ
1835 847 1882 873 ού-

1047 903 1091 930 δέν
1106 902 1211 928 οὐδέπω
1227 902 1326 936 εῐρηκα
1341 909 1348 916 ·
1368 899 1429 926 οὺδέ
1443 898 1498 933 γάρ
1513 897 1570 923 ἐστι
1589 896 1666 929 λόγος
1685 893 1775 924 ἱκανὸς
1790 899 1881 936 παραέ

1048 948 1145 982 στῆσαι
1165 945 1196 972 τὸ
1214 935 1329 981 μέγεθος
1340 943 1390 980 τῆς
1402 942 1532 977 διαφορᾶς
1544 939 1599 967 τῶν
1613 938 1748 982 ἐσομένων
1764 935 1834 982 πρὸς
1846 935 1882 960 τὰ

1048 979 1177 1027 παρόντα.
1194 979 1299 1025 Χρόνου
1322 988 1350 1015 δὲ
1374 987 1466 1014 ἕνεκεν
1478 1006 1486 1018 ,
1506 985 1565 1012 οὐδὲ
1579 983 1654 1020 [295]
1667 981 1792 1016 ἐννοῆσαι
1813 979 1881 1027 ὃλρις

1048 1022 1106 1060 ἔστι
1119 1022 1258 1069 διαφοράν.
1273 1032 1336 1064 Πῶς
1351 1031 1405 1067 γὰρ
1423 1031 1456 1058 ἄν
1472 1038 1514 1061 τις
1531 1027 1681 1064 παραϐάλοι
1694 1027 1750 1056 τοῖς
1765 1022 1882 1069 παροῦσι

1047 1077 1120 1113 ζωὴν
1141 1065 1228 1112 πέρας
1250 1077 1300 1103 οὐκ
1319 1065 1448 1111 ἔχουσανς
1468 1072 1572 1111 Τῆςῆδὲ
1591 1072 1701 1106 εἰρήνης
1719 1067 1829 1096 τοσοῦτο
1850 1065 1883 1113 τὸ

1049 1111 1140 1157 μέσον,
1155 1111 1216 1148 ὅσον
1230 1122 1340 1156 εἰρήνης
1359 1120 1406 1147 καὶ
1421 1118 1540 1153 πολέμου
1556 1117 1585 1144 τὸ
1604 1116 1730 1149 διάφορον
1746 1121 1753 1128 ·
1769 1113 1817 1157 καί
1833 1111 1883 1157 τῇς

1047 1155 1149 1201 φθοράς
1160 1155 1265 1201 καὶτῆς
1276 1155 1439 1200 ἀφθαρσίας,
1451 1162 1512 1188 ὅσον
1523 1161 1608 1196 βώλου
1619 1159 1733 1194 πηλίνης
1741 1157 1755 1183 ὁ
1763 1155 1882 1201 καθαρίις

1049 1200 1221 1246 μαργαρίτης
1236 1209 1365 1244 ἀμείνων.
1377 1207 1484 1235 Μᾶλλον
1498 1206 1537 1237 δέ,
1552 1205 1602 1231 ὅσα
1618 1204 1649 1230 ἂν
1662 1204 1725 1238 εἴπῃ
1742 1210 1793 1233 τις.
1806 1200 1882 1246 οῦδὲν

1047 1243 1219 1288 παραστῆσαι
1227 1243 1379 1288 δυνήσεται.
1386 1250 1445 1277 Κάν
1452 1248 1549 1285 γὰρτῴ
1556 1248 1606 1283 τῆς
1616 1247 1723 1277 ἀκτῖνος
1732 1243 1883 1280 παραϐἀλω

1047 1297 1116 1331 φωτί
1123 1296 1152 1323 τὸ
1166 1296 1262 1328 κάλλος
1272 1296 1325 1322 τῶν
1340 1295 1401 1321 τότε
1413 1293 1556 1329 σωμάτων,
1570 1291 1621 1319 κᾶν
1635 1290 1761 1325 ἀστραπῇ
1777 1289 1810 1323 τῇ
1829 1295 1882 1321 φα-

1046 1340 1153 1375 νοτάτη,
1163 1339 1238 1366 οὐδὲν
1245 1339 1349 1366 οὐδέπω
1356 1338 1404 1373 τῆς
1412 1337 1600 1373 λαμπρότητος
1613 1334 1719 1368 ἐκείνης
1730 1332 1803 1366 ἀξιον
1816 1330 1880 1375 ἐρῶ,

1053 1374 1142 1420 ’Υπὲρ
1150 1383 1182 1420 δὴ
1194 1383 1296 1410 τούτων
1312 1384 1382 1410 πόσα
1396 1382 1446 1409 οὐκ
1460 1381 1534 1413 ἄξιον
1548 1379 1679 1416 προέσθαι
1695 1377 1825 1413 χρήματα
1835 1374 1883 1420 καὶ

1048 1418 1160 1464 σώματα
1168 1418 1181 1461 ;’
1187 1428 1285 1463 μᾶλλον
1296 1427 1324 1454 δέ
1335 1427 1420 1458 πόσας
1429 1426 1479 1452 οὐκ
1486 1425 1559 1457 ἀξιον
1569 1422 1698 1458 προέσθαι
1708 1421 1811 1456 ψυχάς;
1825 1418 1883 1445 Νῦν

1046 1472 1089 1504 δέ,
1108 1472 1133 1498 εἰ
1155 1471 1206 1507 μέν
1227 1471 1269 1503 τίς
1289 1480 1320 1498 σε
1341 1472 1381 1502 εἰς
1403 1470 1524 1505 βασίλεια
1544 1468 1685 1503 εἰσήγαγε,
1707 1465 1753 1492 καὶ
1773 1464 1882 1507 πάντων

1047 1506 1187 1550 παρόντων
1199 1513 1368 1548 διαλεχθῆναί
1385 1521 1425 1539 σοι
1439 1511 1484 1538 τὸν
1499 1510 1608 1546 βασιλέα
1621 1507 1820 1544 παρεσκεύασε,
1835 1506 1883 1550 καὶ

1046 1549 1233 1594 ὁμοτράπεζον
1252 1557 1325 1592 αὐτῷ
1341 1557 1388 1583 καὶ
1407 1555 1557 1591 ὁμοδίαιτον
1576 1553 1700 1588 ἐποίησε,
1722 1551 1830 1577 πάντων
1849 1549 1882 1576 ἂν

1047 1593 1122 1638 ἔφης
1136 1602 1233 1629 σαυτὸν
1256 1600 1325 1627 εἶναι
1347 1598 1552 1636 μακαριώτερον
1571 1606 1578 1614 ’
1598 1597 1638 1628 εἰς
1658 1596 1686 1622 δὲ
1708 1595 1753 1621 τὸν
1769 1593 1882 1638 οὐρανόν

1049 1636 1152 1681 μέλλων
1172 1644 1322 1680 ἀναϐῆναι,
1337 1644 1383 1670 καὶ
1400 1642 1464 1678 παρ’
1479 1641 1559 1668 αὑτὸν
1578 1639 1688 1666 ἑστάναι
1705 1638 1750 1664 τον
1772 1636 1882 1672 βασιλέα

1047 1688 1100 1715 τῶν
1114 1688 1193 1719 ὅλων,
1204 1688 1251 1714 καὶ
1264 1689 1321 1719 τοῖς
1334 1686 1460 1721 ἀγγέλοις
1473 1684 1661 1719 ἀντιλάμπειν,
1675 1682 1721 1709 καὶ
1735 1681 1785 1715 τῆς
1799 1681 1883 1715 impo-

1047 1732 1121 1758 σίτου
1135 1731 1214 1766 δόξης
1225 1730 1372 1758 ἀπολαύειν
1385 1729 1501 1764 ἐκείνης,
1515 1726 1693 1762 ἀμφιϐάλλεις
1706 1725 1730 1751 εἰ
1744 1724 1797 1750 δέοι
1814 1732 1882 1758 προ-

1048 1775 1123 1801 έσθαι
1145 1775 1287 1810 χρήματα,
1301 1773 1369 1806 δέον,
1386 1774 1409 1799 εἰ
1425 1771 1472 1798 καὶ
1485 1771 1534 1806 τὴν
1551 1769 1624 1804 ζωὴν
1644 1768 1728 1803 αὐτὴν
1748 1767 1884 1794 ἀποδύσα-

1047 1819 1109 1846 σθαι
1123 1819 1190 1849 έδει,
1210 1819 1322 1854 σκιρτᾷν
1338 1818 1384 1844 καὶ
1399 1815 1562 1851 ἀγάλλεσθαι
1583 1814 1630 1841 καὶ
1645 1812 1809 1849 πτεροῦσθαι
1831 1811 1883 1838 ὑπὸ

1046 1863 1096 1898 τῆς
1108 1863 1220 1898 ὴδονῆς;
1234 1863 1270 1889 Σὺ
1284 1861 1324 1894 δὲ,
1334 1862 1376 1888 ἵνα
1391 1860 1440 1896 μὲν
1453 1859 1540 1895 ἀρχὴν
1550 1858 1636 1894 λάϐῃς
1649 1857 1698 1893 τὴν
1711 1855 1883 1892 παρέχουσάν

1047 1915 1088 1933 σοι
1109 1906 1216 1934 κλοπῶν
1239 1905 1365 1941 ἀφορμὰς
1388 1905 1428 1940 (οὐ
1451 1904 1504 1939 γὰρ
1525 1903 1619 1938 κέρδος
1638 1902 1669 1928 τὸ
1688 1900 1806 1928 τοιοῦτον
1827 1899 1884 1932 ἐγὼ

1047 1960 1142 1994 καλῶ),
1156 1960 1204 1987 καὶ
1217 1959 1251 1986 τά
1266 1959 1330 1986 ὄντα
1341 1957 1490 1989 ἐκϐάλλεις,
1507 1957 1554 1983 καλ⁸
1569 1955 1602 1982 τά
1615 1955 1714 1990 ἐτέρων
1725 1953 1883 1987 δανεισάμε-

1047 2014 1101 2038 νος,
1117 2005 1141 2031 εί
1156 2005 1219 2036 δέοι,
1234 2004 1280 2030 καὶ
1293 2003 1342 2038 τὴν
1359 2002 1475 2036 γυναῖκα
1491 2001 1538 2027 καὶ
1550 2000 1584 2026 τὰ
1595 2000 1676 2026 τέκνα
1691 1997 1838 2024 ὑποθέσθαι
1851 1996 1881 2022 οὐ

1046 2050 1198 2080 κατοκνεῖς,
1215 2047 1265 2083 τῆς
1279 2048 1308 2074 δὲ
1326 2046 1461 2082 βασιλείας
1476 2045 1532 2072 τῶν
1548 2043 1669 2079 οὐρανῶν
1684 2041 1881 2078 προκειμένης,

1045 2092 1094 2127 τῆς
1107 2091 1203 2118 οὐδένα
1220 2091 1340 2126 διάδοχον
1360 2089 1474 2125 ἐχούσης
1488 2089 1585 2124 ἀρχῆς,
1606 2088 1694 2118 ὀκνεῖς
1714 2086 1761 2112 καὶ
1781 2084 1882 2120 ἀναδύῃ

1046 2136 1093 2164 καὶ
1117 2135 1185 2171 πρὸς
1201 2135 1329 2171 χρήματα
1345 2134 1476 2169 κέχηνας;
1493 2133 1540 2160 καὶ
1553 2132 1602 2159 οὐκ
1623 2131 1733 2162 ἐννοεῖς,
1748 2130 1789 2156 ὃτι
1807 2130 1831 2155 εἰ
1849 2128 1882 2155 τά

1046 2180 1114 2216 πρὸς
1129 2181 1202 2216 ἡμᾶς
1217 2179 1264 2205 τοῦ
1285 2179 1399 2214 ούρανοῦ
1423 2177 1492 2213 μέρη
1515 2176 1586 2204 οὕτω
1610 2176 1680 2203 καλά
1699 2175 1747 2201 καὶ
1768 2173 1881 2210 τερπνά,

1046 2224 1126 2259 ήλίκα
1146 2223 1181 2250 τά
1203 2223 1336 2255 ἀνώτατα,
1354 2222 1401 2249 καὶ
1422 2223 1435 2248 ὁ
1459 2221 1506 2248 τοῦ
1529 2220 1643 2256 οὐρανοῦ
1663 2219 1793 2255 οὐρανὸς;

1082 2268 1152 2294 Ἀλλ’
1180 2267 1273 2302 ἐπειδὴ
1292 2267 1455 2302 σωματικοῖς
1480 2265 1626 2300 ὀφθαλμοῖς
1647 2263 1732 2290 ταῦτα
1751 2263 1813 2289 ἰδεῖν
1834 2262 1883 2288 οὐκ

1046 2312 1128 2342 ἐστιν,
1140 2311 1255 2347 ἀνάϐηθι
1268 2311 1307 2346 τῷ
1322 2310 1453 2346 λογισμῷ,
1466 2310 1511 2336 καὶ
1527 2310 1596 2344 ὑπὲρ
1608 2308 1653 2335 τὸν
1666 2308 1777 2343 οὐρανὸν
1790 2306 1882 2334 τοῦτον

1046 2355 1122 2387 στάς,
1136 2354 1284 2389 ἀνάϐλεψον
1298 2356 1337 2386 εἰς
1345 2355 1447 2380 ἐκεῖνον
1458 2353 1503 2380 τὸν
1515 2353 1641 2388 ἀνωτέρω
1653 2351 1748 2378 τούτου
1758 2351 1882 2386 οὐρανὸν,

1045 2401 1085 2432 εἰς
1093 2399 1124 2426 τὸ
1131 2399 1196 2434 ὕψος
1209 2398 1239 2424 τὸ
1251 2398 1373 2433 ἄπειρον,
1387 2398 1426 2429 εἰς
1439 2397 1469 2423 τὸ
1483 2398 1540 2431 φῶς
1551 2396 1582 2422 τὸ
1593 2396 1750 2432 ἀπρόσιτον,
1767 2396 1806 2426 εἰς
1821 2395 1884 2426 τοὺς

1023 2448 1027 2454 ’
1045 2453 1146 2488 δήμους
1160 2451 1214 2478 τῶν
1230 2450 1364 2485 ἀγγέλων.
1378 2450 1417 2481 εἰς
1425 2450 1473 2481 τάς
1482 2448 1572 2481 τάξεις
1579 2449 1633 2475 τῶν
1643 2447 1830 2484 ἀρχαγγέλων,
1844 2447 1884 2478 εἰς

1044 2497 1093 2528 τὰς
1107 2496 1187 2526 ἄλλας
1200 2495 1329 2529 δυνάμεις
1341 2494 1389 2525 τὰς
1405 2493 1567 2528 ἀσωμάτους
1576 2501 1584 2508 ⁸
1600 2493 1646 2518 καὶ
1662 2491 1742 2518 πάλιν
1753 2491 1883 2517 ἐπιλαϐοῦ

1044 2542 1093 2576 τῆς
1105 2539 1170 2575 παρ’
1185 2540 1250 2574 ἡμῖν
1267 2538 1380 2569 εἰκόνος,
1396 2536 1518 2568 καταϐὰς
1535 2535 1648 2567 ἀνωθεν,
1664 2535 1711 2562 καὶ
1728 2534 1886 2570 ὑπόγραψόν

1046 2593 1091 2620 μοι
1103 2584 1137 2610 τά
1152 2582 1215 2619 περὶ
1229 2582 1274 2609 τδν
1289 2581 1399 2616 βασιλέα
1416 2581 1462 2607 τὸν
1483 2580 1529 2606 ἐπὶ
1545 2580 1606 2615 γῆς,
1620 2577 1686 2612 οἷον,
1701 2579 1801 2614 ἄνδρας
1816 2587 1883 2614 χρυ-

1045 2627 1235 2664 σοφοροῦντας,
1253 2626 1300 2653 καὶ
1314 2624 1410 2660 ζεῦγος
1421 2624 1526 2651 λευκῶν
1540 2623 1660 2659 ἡμιόνων
1673 2622 1767 2658 χρυσῷ
1779 2622 1882 2649 καλλω-

1044 2672 1197 2706 πιζομένων
1219 2670 1266 2696 καὶ
1286 2670 1377 2705 ὄχημα
1392 2667 1589 2702 λιθοκόλλητον,
1606 2667 1653 2694 καὶ
1673 2667 1778 2693 πέταλα
1794 2665 1881 2701 τούτῳ

1045 2715 1247 2750 περισειόμενα,
1258 2713 1304 2740 καὶ
1311 2713 1459 2748 δράκοντας
1467 2712 1496 2738 ἐν
1506 2711 1624 2746 ἱματίοις
1631 2719 1681 2746 σχη
1686 2709 1883 2746 ματιζομένους

1044 2767 1175 2803 σηρικοῖς,
1189 2766 1236 2792 καὶ
1249 2765 1364 2796 ἀσπίδας
1382 2763 1498 2799 χρυσοῦς
1512 2763 1626 2799 ἐχούσας
1641 2762 1806 2797 ὀφθαλμοὺς,
1829 2761 1880 2788 καὶ

1045 2809 1143 2842 ἵππους
1165 2808 1414 2846 χρυσοφοροῦντας,
1440 2807 1487 2834 καὶ
1512 2806 1638 2842 χαλινοὺς
1662 2806 1788 2842 χρυσοῦς.
1807 2804 1879 2832 Ἀλλ’

1045 2856 1108 2882 ὅταν
1125 2854 1170 2881 τὸν
1189 2853 1299 2889 βασιλέα
1321 2852 1428 2887 ἴδωμεν,
1442 2851 1516 2879 οὐδὲν
1532 2850 1635 2878 τούτων
1648 2849 1755 2884 ὁρῶμεν
1770 2848 1872 2878 λοιπήν·
