2074 3126
183 169 237 197 285

189 230 260 253 rent.
284 222 391 252 Etiamsi
408 223 463 252 Nnc
485 223 580 255 fuerit,
605 223 646 250 vel
660 222 726 254 Ioh,
742 222 783 248 vel
805 220 916 253 Daniel,
931 220 976 254 qui

187 279 253 299 suos
274 270 390 298 viderim
418 270 550 304 supplicio
574 269 703 301 affectos,
725 275 777 294 non
804 267 903 294 audent
927 266 979 293 illis

185 317 305 350 adstare,
320 319 348 343 et
367 322 475 341 manum
497 314 643 349 porrigere.
665 313 772 340 Naturae
785 312 883 347 quippe
905 319 979 338 com-

185 361 389 390 miserationem
401 365 464 387 tunc
474 360 573 387 auferri
588 359 726 394 contingit.
741 358 807 392 Quia
820 357 890 385 enim
905 364 980 391 repe-

186 407 291 434 riuntur
311 407 376 441 justi
406 410 577 440 peccatorum
604 404 720 431 iiliorum
748 407 857 438 patres,
883 402 981 436 ﬁliique

187 453 265 489 probi
277 458 417 488 parentum
432 451 616 486 improborum
632 451 697 485 (non
712 449 782 477 enim
806 453 917 480 naturae,
933 448 980 475 sed

187 499 291 528 arbitrii
305 499 374 526 mala
392 497 484 534 sunt),
500 503 530 525 ut
544 497 580 524 illi
603 504 695 532 puram
711 495 825 523 habeant
843 494 960 522 laetitiam
971 514 979 526 ,

187 553 240 573 nec
263 544 452 573 misericordia:
475 544 501 570 vi
525 543 698 578 frangantur,
712 542 756 577 qui
782 541 834 569 illis
859 540 983 568 fruuntur

189 590 266 618 bonis
277 611 285 624 ,
302 589 374 617 illam
397 594 461 617 tunc
482 588 616 624 exstingui
639 588 785 623 contingit,
801 586 903 621 ipsique
920 593 980 613 cum

189 636 303 664 Domino
315 641 408 664 contra
424 635 533 670 propria
557 635 658 661 viscera
681 633 860 668 indignantur.
876 632 980 659 Etenim

189 681 213 709 si
229 689 310 714 nunc,
321 688 382 708 cum
397 681 488 708 vident
512 679 619 714 quidam
646 679 714 706 filios
734 686 797 706 suos
823 678 960 712 improbos
972 697 980 711 ,

190 727 263 761 ipsos
281 726 444 754 exheredant
465 730 492 752 et
513 733 527 752 a
548 725 646 752 familia
673 732 720 751 sua
749 724 928 756 abscindunt,
956 723 982 750 id

190 773 273 800 multo
283 773 365 807 magis
381 772 406 799 in
418 771 519 806 judicio
531 771 646 798 eveniet.
659 770 742 797 Nemo
754 770 842 805 igitur,
854 769 897 804 qui
913 769 982 796 bona

191 826 245 845 non
257 823 395 853 operetur,
410 817 510 851 aliquid
525 816 588 844 boni
606 820 706 851 speret,
721 815 825 842 etiamsi
842 819 983 842 sexcentos

190 863 275 898 justus
288 863 469 897 progenitores
481 862 577 889 habeat
592 871 597 888 :
616 861 791 896 Unusquisque
804 861 870 887 enim
882 862 981 895 referet,

191 908 285 943 inquit,
300 915 356 947 qua
367 915 412 942 per
422 915 515 941 corpus
528 912 585 934 sunt
602 927 609 939 ,
622 913 695 942 prout
709 906 794 941 gessit,
811 906 861 932 sive
877 906 982 939 bonum,

191 955 243 982 sive
256 955 351 981 malum
363 954 401 989 (9..
418 953 477 981 Cor.
492 954 518 981 5.
537 955 592 988 10).
606 954 768 986 Audiamus,
784 960 884 988 qumso,
898 957 924 980 et
938 960 982 979 re-

190 1001 360 1035 sipiscamus.
385 1000 413 1028 Si
435 1008 524 1035 prava:
548 1000 770 1035 concupiscentia
793 1000 855 1034 igne
879 999 984 1032 ardeas,

190 1046 277 1080 cogita
290 1045 359 1072 illius
371 1045 494 1080 supplicii
504 1045 602 1080 ignem,
614 1049 642 1072 et
654 1044 696 1072 hic
709 1044 777 1080 ignis
788 1045 984 1079 exstinguetnr.

192 1091 221 1119 Si
236 1091 352 1119 volueris
365 1091 428 1126 quid
440 1091 569 1118 absonum
585 1091 668 1126 loqui,
682 1095 769 1118 tecum
780 1095 874 1126 reputa
888 1090 986 1118 strido-

191 1145 249 1164 rem
273 1136 408 1170 dentium,
423 1141 450 1164 et
464 1141 552 1164 metus
572 1137 618 1163 tibi
637 1136 705 1164 freni
718 1137 779 1164 loco
793 1137 858 1164 erit.
875 1135 903 1162 Si
917 1136 985 1163 atie-

192 1189 256 1209 num
272 1189 367 1217 rapere
379 1182 506 1216 volueris,
521 1181 582 1209 audi
596 1181 716 1209 Iudicem
732 1182 867 1209 dicentem
879 1190 886 1208 :
897 1180 986 1216 Ligate

193 1236 284 1255 manus
298 1233 322 1255 et
337 1228 411 1263 pedes
426 1229 491 1263 ejus,
507 1232 531 1255 et
545 1227 661 1263 projicite
673 1236 730 1254 eum
750 1228 777 1255 in
790 1227 903 1255 tenebras
915 1232 986 1254 exte-

193 1274 273 1301 riora
287 1272 392 1308 (Matth.
407 1273 452 1300 22.
465 1273 522 1308 15),
536 1278 563 1300 et
582 1273 650 1301 hanc
668 1273 777 1308 abjicies
793 1273 986 1307 concupiscen-

195 1320 269 1347 tiam.
290 1319 318 1347 Si
336 1319 451 1347 crudelis
466 1324 492 1347 et
516 1320 707 1347 immisericors
731 1319 811 1347 fueris
822 1339 829 1352 ,
845 1318 987 1347 recordare

195 1366 328 1400 virginum
352 1365 457 1392 illarum
468 1386 475 1399 ,
489 1373 548 1400 qua:
558 1387 566 1399 ,
578 1366 717 1394 exstinctis
731 1365 897 1400 lampadibus
920 1365 985 1397 suis,

194 1419 256 1439 cum
271 1419 324 1439 non
338 1411 468 1439 baberent
479 1412 579 1446 oleum,
593 1420 627 1440 ex
643 1413 732 1447 sponsi
744 1412 859 1439 thalamo
872 1412 988 1439 exclusae

195 1462 258 1485 sunt
272 1457 379 1494 (Matth.
392 1458 439 1493 ‘25)
451 1479 458 1490 ,
473 1466 504 1485 ac
517 1458 570 1485 cito
584 1458 713 1493 benignus
726 1458 834 1486 evades.
854 1457 881 1486 Si
898 1458 987 1485 ebrie-

196 1504 244 1531 tati
257 1509 284 1531 et
295 1504 532 1532 comessationibus
548 1512 656 1539 operam
670 1504 734 1532 dare
748 1504 850 1539 cupias,
867 1504 928 1531 audi
942 1503 984 1531 di-

195 1550 278 1577 vitem
303 1549 455 1583 dicentem,
469 1549 543 1576 Mitte
562 1549 689 1576 Lazarum
705 1549 781 1585 (Luc.
803 1549 847 1577 16.
867 1547 931 1584 24),
944 1549 987 1584 qui

196 1603 301 1622 summo
322 1595 405 1630 digito
430 1594 572 1630 refrigeret
597 1595 718 1623 adustam
741 1596 877 1630 linguam,
903 1602 988 1630 neque

196 1645 315 1676 optatum
330 1646 509 1676 consequutus
521 1646 570 1674 est,
585 1645 611 1668 et
625 1641 713 1669 statim
730 1641 763 1668 ab
775 1641 825 1668 hoc
835 1640 988 1675 cupiditatis

197 1687 291 1714 morbo
305 1687 443 1714 averteris.
453 1686 555 1714 Cmtera
567 1694 672 1722 quoque
685 1687 774 1714 omnia
785 1687 890 1714 virtutis
900 1686 987 1714 officia

199 1734 240 1761 sic
254 1733 408 1768 exsequeris
425 1742 432 1760 :
448 1733 512 1760 nihil
528 1733 597 1760 enim
612 1741 754 1761 onerosum
767 1733 837 1760 Deus
853 1734 988 1768 prtecepit.

198 1780 274 1809 Unde
297 1781 376 1816 igitur
403 1785 535 1816 praecepta
558 1787 671 1807 onerosa
697 1786 757 1808 esse
782 1780 927 1807 videntur?
951 1779 990 1806 Ex

198 1826 310 1861 segnitie
320 1830 422 1853 nostra.
433 1825 661 1859 Quemadmodum
676 1826 746 1853 enim
761 1825 784 1852 si
799 1825 917 1852 studiose
927 1825 989 1852 dili-

197 1876 344 1906 genterque
364 1879 489 1907 agamus,
502 1879 561 1906 quze
581 1871 705 1898 videntur
725 1879 785 1899 esse
804 1871 904 1906 gravia,
921 1871 990 1898 levia

199 1916 339 1951 faciliaque
360 1921 456 1944 erunt:
471 1917 527 1949 sic,
543 1916 565 1944 si
592 1917 708 1951 segniter
721 1923 847 1951 agamus,
864 1916 989 1943 tolerabi-

198 1963 265 1990 liora
277 1970 383 1998 quoque
403 1962 522 1990 difficilia
543 1962 619 1990 nobis
634 1961 805 1989 videbuntur.
822 1962 886 1995 Qua:
901 1961 990 1988 omnia

199 2008 338 2036 nobiscum
349 2012 512 2043 reputantes,
529 2015 563 2035 ne
575 2008 670 2035 beatos
683 2007 743 2035 illos
758 2007 933 2042 praedicemus
945 2007 990 2042 qui

200 2054 270 2080 lauta
286 2053 408 2081 fruuntur
422 2061 524 2085 mensa,
536 2053 583 2080 sed
606 2053 712 2080 illorum
729 2053 808 2080 linem
829 2053 988 2088 cogitemus.

198 2099 265 2127 Nam
279 2099 321 2127 hic
333 2104 434 2127 stercus
445 2104 471 2127 et
483 2098 625 2134 pinguedo,
642 2098 697 2126 illic
709 2099 807 2126 vermis
818 2102 846 2125 et
861 2098 939 2133 ignis.
951 2097 990 2125 Ne

198 2151 330 2181 raptores,
341 2146 388 2174 sed
398 2154 490 2173 eorum
502 2146 582 2173 finem
598 2145 735 2173 nobiscum
749 2150 913 2181 reputemus.
923 2145 989 2172 Nam

199 2192 243 2220 hic
266 2192 459 2220 sollicitudines
474 2197 502 2220 et
519 2192 635 2225 labores,
650 2192 704 2220 illic
714 2192 818 2219 vincula
839 2192 990 2220 insolubilia

199 2242 227 2265 et
239 2238 358 2265 tenebrat
370 2238 527 2266 exteriores.
538 2237 577 2265 Ne
591 2237 682 2273 gloria:
698 2237 821 2264 humana:
836 2242 988 2270 amatores;

198 2283 244 2311 sed
260 2283 319 2319 quis
333 2284 366 2311 sit
379 2291 471 2311 eorum
485 2284 580 2316 exitus,
588 2283 798 2311 consideremus.
811 2283 859 2310 Hic
871 2283 989 2310 servitus

196 2335 226 2358 et
240 2330 326 2364 fucus,
341 2330 395 2357 illic
409 2330 534 2358 damnum
546 2330 660 2357 multum
673 2334 700 2357 et
717 2329 866 2357 combustio
877 2334 987 2357 zeterna.

196 2376 225 2404 Si
241 2376 278 2403 ita
292 2375 362 2411 apud
384 2383 433 2403 nos
451 2376 659 2408 ratiocinemur,
673 2380 754 2411 atque
776 2371 833 2402 haec
846 2380 872 2403 et
892 2376 989 2403 similia

199 2422 288 2456 pravis
296 2422 396 2449 nostris
407 2422 633 2457 concupiscentiis
641 2422 747 2449 assidue
761 2422 925 2454 occinamus,
937 2421 990 2449 cito

198 2467 343 2503 nequitiam
354 2467 511 2503 elfugiemus
528 2472 555 2495 et
566 2468 690 2495 virtutem
710 2475 899 2502 exsequemur,
917 2475 989 2502 prte-

198 2514 313 2540 senlium
328 2520 446 2540 amorem
459 2513 669 2548 exstinguemus,
685 2516 712 2539 et
732 2511 881 2539 futurorum
896 2519 991 2539 accen-

198 2558 302 2586 demus.
313 2558 381 2592 Quid
396 2557 467 2586 enim
483 2558 615 2585 firmitatis
628 2557 729 2585 habent
745 2558 886 2592 praesentia
898 2578 906 2590 ,
927 2557 989 2592 quid

199 2610 254 2632 tam
269 2604 415 2638 insolitum,
427 2604 490 2639 quid
501 2609 554 2631 tam
569 2604 729 2638 stupendum
740 2624 748 2637 ,
763 2609 792 2630 ut
805 2612 912 2631 omnem
927 2612 990 2639 erga

199 2650 244 2678 illa
259 2657 349 2678 curam
368 2650 556 2677 insumamus?
569 2651 665 2677 Annon
681 2649 774 2677 eadem
790 2650 847 2685 ipsa
862 2656 991 2685 perpetuo

198 2695 321 2724 videmus
334 2696 409 2731 quasi
425 2696 452 2723 in
471 2695 601 2723 circulum
627 2695 794 2723 recurrentia
806 2715 813 2727 ,
829 2700 856 2722 ut
875 2695 945 2723 diem
963 2701 991 2723 et

197 2746 316 2775 noctem,
330 2746 436 2769 noctem
448 2745 475 2769 et
488 2741 571 2774 diem,
585 2741 700 2781 hiemem
714 2745 741 2768 et
755 2745 876 2768 testatem
889 2762 897 2774 ,
909 2747 990 2768 aesta-

199 2793 253 2816 tem
267 2791 295 2815 et
313 2788 440 2820 hiemem,
452 2792 480 2815 et
495 2787 561 2814 nihil
577 2780 707 2814 ulterius?
728 2787 914 2815 Accendamus
927 2795 991 2822 ergo

199 2836 350 2865 Mororum
363 2834 525 2863 desiderium
541 2835 683 2863 bonorum.
699 2834 793 2870 Magna
805 2835 904 2869 quippe
913 2834 992 2869 justis

202 2880 321 2916 reposita
339 2884 380 2910 est
400 2881 495 2918 gloria,
507 2885 531 2909 et
555 2889 633 2917 quam
651 2880 739 2909 verbis
762 2881 912 2915 exprimere
937 2888 989 2908 non

788 163 831 191 DE
851 161 1030 191 PERFECTA
1050 161 1233 189 CARITATE.

1766 161 1829 189 986‘

1034 225 1184 253 possumus.
1199 218 1264 245 Nam
1283 224 1395 252 corpora
1412 221 1478 252 post
1488 217 1709 244 resurrectionem
1734 219 1826 245 itt(or-'

1031 263 1363 299 ruptibilia'accipientes,
1377 263 1470 298 giorize
1492 263 1620 298 regnique
1634 262 1733 291 Christi
1753 272 1821 291 con~
1843 266 1845 269 '

1031 314 1118 337 sortes
1126 313 1215 336 erunt.

1067 355 1093 382 6.
1106 354 1264 382 Resurrectio
1279 355 1365 389 futura
1378 359 1499 389 quantum
1511 353 1742 382 bonumFuturnm
1757 355 1822 382 inter

1032 405 1055 427 et
1068 405 1214 436 praesentem
1234 401 1310 427 vitam
1332 400 1475 428 discrimen.
1492 416 1527 421 ——-
1542 401 1597 428 Hoc
1618 408 1681 428 vero
1693 406 1820 436 quantum

1032 446 1078 480 sit,
1099 445 1161 473 hinc
1183 445 1382 481 intelligemus;
1409 447 1462 473 itno
1483 447 1570 481 potius
1592 454 1734 481 numquam
1750 448 1823 474 clare

1033 491 1227 526 intelligemus;
1241 497 1269 519 ut
1282 497 1369 519 autem
1382 492 1506 528 exemplo
1516 501 1549 519 ex
1560 493 1636 520 honis
1647 493 1823 527 praesentibus

1033 542 1182 573 assumpto,
1197 546 1306 573 parvam
1324 539 1465 574 quamdam
1489 539 1546 573 ejus
1565 539 1687 566 notitiam
1707 540 1824 574 attinga—

1034 591 1103 616 mus,
1118 591 1167 619 pro
1188 584 1258 611 virili
1284 593 1343 611 mea
1364 585 1390 611 id
1413 585 1484 619 quod
1505 585 1604 612 dictum
1626 589 1668 612 est
1690 586 1825 613 declarare

1033 629 1142 656 curabo.
1163 629 1211 656 Dic
1224 629 1299 661 mihi,
1315 630 1336 656 si
1353 630 1411 664 quis
1428 629 1475 657 tibi
1489 630 1546 657 seni
1559 634 1586 657 et
1607 631 1632 657 in
1651 631 1759 665 penuria
1778 630 1826 657 de-

1034 676 1106 710 genti
1128 675 1302 710 polliceretur
1329 676 1355 703 id
1383 677 1564 710 praestiturum
1590 684 1638 709 se,
1664 682 1825 712 ut‘rcpente

1033 721 1140 755 juvenis
1153 728 1238 754 esses,
1253 725 1280 748 et
1295 722 1320 748 in
1336 721 1424 756 ipsum
1435 722 1521 748 (etatis
1535 721 1628 749 ﬂorem
1645 722 1824 754 reducet-eris,

1036 766 1174 802 formaque
1192 774 1224 794 ac
1239 767 1336 794 robore
1350 767 1471 802 corporis
1486 768 1588 794 cunctis
1604 773 1745 801 praestares
1755 788 1762 801 ,
1777 767 1826 794 da-

1036 816 1178 848 turumque
1197 813 1243 840 tibi
1260 813 1341 840 totius
1355 813 1429 840 orbis
1453 821 1574 848 regnum,
1588 813 1669 847 idque
1696 814 1729 840 ad
1753 813 1828 841 mille

1036 866 1132 892 annos,
1155 867 1285 893 regnum,
1311 859 1435 894 inquam,
1461 860 1488 886 in
1523 859 1730 894 profundissiina
1761 867 1827 894 pace

1037 905 1254 940 Iransigendum,
1269 905 1332 940 quid
1355 913 1404 940 pro
1428 905 1473 932 tali
1501 905 1670 940 assequendo
1696 906 1829 940 promisso

1037 959 1089 979 non
1108 952 1211 986 facere,
1227 952 1289 987 quid
1300 960 1353 979 non
1365 952 1418 987 pati
1433 952 1538 980 velles?
1552 952 1590 978 En
1607 952 1695 987 igitur,
1709 952 1829 979 Christus

1037 1005 1090 1024 non
1110 997 1179 1030 haec,
1190 997 1238 1025 sed
1255 997 1298 1024 his
1309 997 1388 1032 longe
1402 997 1504 1032 majora
1517 997 1666 1032 pollicetur.
1683 996 1741 1024 Non
1757 997 1828 1024 enim

1037 1049 1135 1079 quanta
1151 1048 1316 1071 senectutem
1332 1044 1402 1071 inter
1415 1047 1442 1071 et
1458 1043 1623 1078 juventutem
1634 1063 1642 1076 ,
1657 1047 1728 1070 tanta
1743 1043 1828 1070 solum

1038 1093 1080 1116 est
1095 1090 1164 1116 inter
1176 1089 1373 1124 corruptionem
1385 1093 1413 1116 et
1428 1088 1654 1123 incorruptionem
1669 1087 1829 1120 ditferentia;

1038 1141 1125 1169 neque
1145 1140 1274 1168 quantum
1298 1137 1339 1160 est
1363 1133 1432 1160 inter
1457 1141 1567 1167 regnum
1593 1137 1620 1160 ct
1646 1130 1829 1167 paupertatem

1038 1180 1193 1213 discrimen,
1205 1184 1306 1206 tantum
1319 1179 1398 1206 etiam
1412 1183 1453 1206 est
1465 1179 1535 1206 inter
1548 1179 1659 1214 gloriam
1671 1183 1830 1214 przesentem

1013 1234 1020 1238 '
1038 1229 1066 1254 et
1079 1225 1193 1252 futuram
1207 1233 1214 1251 :
1229 1225 1276 1252 sed
1289 1229 1418 1260 quantum
1439 1225 1510 1252 inter
1525 1225 1627 1252 somnia
1641 1229 1669 1252 et
1683 1225 1721 1252 rei
1735 1225 1832 1252 verita-

1039 1276 1104 1299 tem.
1116 1271 1171 1298 lmo
1185 1278 1249 1298 vero
1271 1269 1390 1298 nondum
1403 1270 1538 1306 quidpiam
1549 1269 1603 1297 dixi
1617 1279 1623 1297 :
1635 1270 1723 1298 nullus
1736 1271 1835 1306 quippe

1040 1324 1130 1344 sermo
1145 1320 1232 1351 potest
1253 1315 1433 1344 diﬁ‘erentiam
1450 1315 1521 1343 illam
1542 1316 1701 1351 exprimere,
1717 1324 1778 1351 quae
1792 1321 1843 1344 est'

1040 1361 1110 1389 inter
1128 1361 1217 1389 futura
1236 1367 1263 1389 et
1281 1362 1434 1397 praesentia.
1453 1361 1480 1388 Si
1503 1361 1570 1388 ratio
1591 1365 1678 1388 autem
1706 1361 1834 1388 habeatur

1040 1407 1180 1442 temporis,
1200 1407 1274 1434 nulla
1289 1407 1399 1434 omnino
1428 1410 1517 1442 potest
1540 1406 1651 1441 cogitari
1673 1405 1832 1434 differentia.

1041 1452 1179 1487 Quomodo
1199 1453 1270 1480 enim
1289 1452 1413 1480 conferre
1440 1451 1500 1488 quis
1522 1456 1610 1486 potest
1635 1452 1832 1487 prmsentibus,

1041 1499 1122 1526 vitam
1143 1499 1243 1526 nullum
1263 1499 1407 1526 terminum
1428 1497 1643 1525 habituram‘Hn
1663 1504 1729 1532 pace
1742 1502 1832 1525 autem

1042 1550 1144 1573 tantum
1155 1549 1197 1572 est
1218 1544 1375 1577 discrimen,
1388 1548 1516 1580 quantum
1536 1544 1606 1571 inter
1621 1550 1714 1579 pacem
1729 1547 1757 1571 et.
1777 1543 1834 1571 bel-

1041 1591 1113 1625 lum,
1138 1591 1209 1618 inter
1226 1591 1425 1625 corruptionem
1447 1598 1512 1618 vero
1539 1595 1566 1617 et
1593 1590 1832 1625 incorruptionem,

1041 1641 1170 1673 quantum
1191 1637 1262 1664 inter
1280 1636 1379 1663 luteum
1405 1635 1518 1663 frustum
1534 1640 1562 1663 et
1580 1643 1712 1671 gemmam
1729 1644 1832 1671 puram.

1042 1684 1096 1711 hno
1109 1690 1172 1711 vero
1187 1683 1275 1718 potius
1288 1681 1416 1717 quidquid
1430 1681 1512 1714 dicas,
1526 1681 1591 1709 nihil
1607 1681 1743 1709 declarare
1758 1686 1834 1716 pote-

1042 1730 1088 1757 ris.
1105 1729 1231 1762 Quamvis
1254 1728 1326 1756 enim
1351 1735 1495 1762 corporum
1519 1727 1658 1755 beatorum
1684 1727 1833 1763 pulchritu-

1042 1774 1130 1801 dinem
1158 1774 1233 1802 radio
1259 1774 1328 1800 lucis
1356 1773 1514 1806 conferam,
1543 1773 1664 1808 quamvis
1691 1774 1835 1808 conspicuo

1043 1818 1151 1854 fulguri,
1173 1818 1239 1846 nihil
1261 1819 1307 1845 illo
1327 1818 1469 1852 splendore
1491 1817 1599 1853 dignum
1614 1817 1711 1845 dicam.
1727 1819 1779 1846 Pro
1793 1819 1838 1846 his

1042 1870 1115 1892 certe
1129 1870 1194 1899 quot
1208 1872 1260 1892 non
1280 1864 1418 1899 pecunias,
1435 1868 1501 1898 quot
1518 1871 1572 1890 non
1587 1871 1700 1899 corpora
1723 1864 1836 1899 profun-

1042 1912 1107 1939 dere
1119 1919 1166 1946 par
1180 1911 1272 1939 esset?
1287 1911 1340 1938 imo
1351 1914 1417 1945 quot
1439 1917 1491 1937 nou
1516 1910 1637 1938 animas?
1650 1909 1725 1938 Nunc
1741 1918 1832 1946 porro,

1043 1959 1065 1985 si
1078 1958 1138 1993 quis
1151 1962 1177 1985 te
1197 1957 1224 1984 in
1239 1957 1340 1993 regiam
1363 1955 1556 1987 introduceret.
1574 1956 1752 1991 omnibusque
1766 1965 1836 1992 prte-

1043 2005 1163 2032 senlibns
1177 2003 1203 2031 id
1219 2008 1327 2031 curaret
1340 2008 1367 2030 ut
1383 2003 1532 2037 Imperator
1547 2007 1573 2030 te
1586 2002 1776 2037 alloqueretur,
1794 2008 1836 2031 te-

1043 2058 1096 2086 que
1110 2054 1138 2078 et
1160 2056 1260 2077 mensa:
1273 2049 1301 2077 e't
1319 2048 1415 2076 aedium
1442 2053 1595 2076 consortem
1620 2048 1789 2082 admitteret,
1809 2054 1835 2077 te

1043 2097 1162 2124 omnium
1177 2095 1360 2123 beatissimum
1374 2101 1434 2121 esse
1457 2093 1646 2129 pronuntiares
1659 2102 1666 2120 :
1680 2097 1709 2120 at
1722 2101 1782 2121 cum
1807 2095 1834 2121 in

1043 2142 1137 2170 caelum
1146 2138 1189 2169 'sis
1204 2147 1376 2173 ascensurus,
1393 2145 1421 2167 et
1436 2147 1497 2167 cum
1511 2139 1570 2174 ipso
1584 2139 1770 2167 universorum
1783 2141 1834 2168 lm-

1043 2193 1167 2222 peratore
1177 2191 1344 2219 versaturus,
1356 2193 1417 2213 cum
1430 2185 1532 2220 angelis
1542 2185 1659 2212 vicissim
1675 2186 1820 2215 micaturus
1829 2211 1836 2221 ,

1043 2239 1071 2262 et
1085 2234 1222 2261 inaccessa
1238 2233 1284 2260 illa
1298 2231 1383 2267 gloria
1400 2231 1551 2264 fruiturus,
1566 2231 1679 2266 ambigis
1701 2239 1764 2259 num
1787 2241 1836 2267 pe-

1043 2280 1136 2308 cunias
1147 2278 1309 2314 profundere
1327 2281 1466 2313 oporteat,
1486 2284 1546 2304 cum
1570 2284 1619 2312 par
1634 2282 1715 2310 esset,
1729 2277 1834 2305 etiamsi

1044 2326 1127 2353 vitam
1153 2325 1278 2352 emittere
1303 2331 1370 2359 opus
1394 2327 1486 2355 esset,
1501 2323 1650 2356 exsultare,
1671 2323 1789 2358 gaudere
1807 2328 1836 2351 et

1044 2381 1099 2407 pra:
1112 2371 1249 2406 voluptate
1262 2370 1319 2398 alas
1333 2369 1489 2397 assumere?
1504 2371 1540 2397 At
1555 2373 1629 2401 tu,ut
1648 2370 1842 2404 prarfccturanr

1045 2417 1214 2452 adipiscaris,
1231 2423 1290 2451 quae
1305 2416 1355 2443 tibi
1372 2415 1503 2443 furtorum
1525 2414 1680 2442 occasiones
1694 2416 1834 2450 praebeat:

1044 2472 1098 2491 non
1109 2464 1180 2490 enim
1194 2463 1221 2490 id
1234 2463 1338 2490 lucrum
1350 2462 1485 2490 vocarim:
1502 2466 1529 2489 et
1540 2461 1679 2490 facultates
1691 2462 1832 2496 cxpendis,

1043 2508 1077 2535 ab
1091 2508 1203 2543 aliisque
1217 2508 1357 2541 mutuaris,
1373 2515 1405 2535 ac
1417 2507 1439 2536 si
1455 2511 1579 2542 oporteat
1590 2507 1670 2534 etiam
1684 2515 1795 2535 uxorem
1809 2514 1836 2536 et
1880 2518 1890 2523 -

1044 2556 1144 2583 liberos
1157 2555 1261 2590 pignori
1276 2554 1340 2582 dare
1365 2562 1419 2582 non
1441 2553 1554 2586 vereris,
1569 2548 1654 2588 regno
1671 2561 1760 2581 autem
1775 2562 1836 2582 cac-

1044 2602 1131 2629 lorum
1141 2601 1189 2629 tibi
1200 2601 1347 2636 proposito,
1358 2600 1524 2635 imperioque
1537 2600 1701 2627 successoris
1715 2606 1836 2634 experte,

1044 2648 1134 2683 segnis
1147 2655 1191 2680 es,
1208 2646 1316 2681 refugis,
1329 2650 1356 2673 et
1380 2645 1501 2681 pecuniis
1525 2644 1611 2672 inhias
1622 2645 1696 2671 inec
1718 2645 1834 2680 cogitas,

1044 2694 1067 2722 si
1094 2694 1152 2721 caeli
1178 2698 1269 2729 partes
1296 2693 1364 2726 illae,
1385 2699 1451 2727 quas
1472 2692 1629 2727 conspicere
1653 2691 1784 2725 valemus,
1801 2691 1838 2718 ita

1044 2739 1172 2776 pulchrae,
1197 2738 1233 2766 ita
1255 2738 1380 2773 jucunda:
1405 2741 1478 2770 sunt,
1495 2743 1601 2772 quanta:
1617 2741 1693 2764 erunt
1709 2736 1770 2764 alite
1794 2736 1843 2763 his-

1045 2786 1210 2821 superiores,
1222 2790 1351 2820 quantum
1367 2784 1460 2812 caelum
1474 2784 1531 2811 οωιὶ
1543 2785 1555 2811 ?

1083 2830 1267 2867 Imperatorum
1294 2829 1377 2858 cultus
1395 2839 1453 2857 cum
1468 2830 1561 2858 Christi
1580 2832 1713 2857 novistine
1725 2828 1842 2855 σάυεηιιιι

1047 2883 1217 2913 contparatus.
1230 2893 1264 2898 ——
1279 2877 1330 2905 Sed
1347 2877 1408 2913 quia
1422 2877 1558 2912 corporeis
1572 2876 1656 2904 oculis
1676 2875 1732 2902 haec
1746 2872 1840 2901 videre
