2047 3123
235 117 286 145 á¼“87

234 184 288 204 non
317 175 389 209 licet,
417 179 508 203 meme
535 173 671 207 ascende,
694 178 721 202 et
747 180 828 208 supra
856 173 908 200 hoc
930 171 1026 200 caelum

233 227 321 255 stans,
333 221 439 257 respice
452 222 480 249 in
493 221 557 249 illud
570 221 694 256 superius
705 220 814 252 ctelum,
829 220 856 247 in
866 221 1027 249 immensam

232 268 411 300 altitudinem,
426 269 453 295 in
467 268 553 295 lucem
569 267 742 300 inaccessam,
754 266 780 293 in
800 266 954 301 angelorum
978 273 1027 301 po-

237 315 324 350 pulos,
337 313 364 342 in
378 313 600 349 archangeiorum
613 312 739 345 ordines,
762 315 789 339 et
804 311 830 339 in
852 311 919 339 alias
938 311 1027 338 incor-

235 368 332 396 poreas
351 360 463 388 virtutes
480 369 486 387 :
502 367 534 387 ac
554 366 647 387 rursus
663 358 724 386 hinc
744 357 911 386 descendens
936 357 1028 392 imagi-

236 414 298 434 nem
324 406 398 433 iilam
421 410 540 433 nostram
565 409 698 433 terrenam
721 404 831 439 accipe,
850 411 882 431 ac
907 403 1028 431 describe

235 452 302 480 mihi
325 453 367 480 illa
389 459 449 487 qua:
471 455 606 479 terrenum
634 450 823 486 imperatorem
845 450 1027 482 circumstant,

236 503 298 533 puta
311 498 384 526 viros
396 505 463 525 auro
474 497 615 524 decoratos
624 517 632 530 ,
643 496 737 531 iugum
756 495 876 523 albarum
897 496 1028 523 mularum

235 551 301 571 auro
316 548 480 575 ornatarum,
496 549 604 577 currum
626 541 721 577 lapillis
734 545 946 577 coagmentatum
958 561 967 574 ,
990 540 1028 567 la-

237 589 324 616 minas
338 588 365 616 iu
380 588 426 616 illo
441 588 552 616 mobiles
573 591 601 616 et
614 587 741 623 agitatas,
758 587 890 614 dracones
905 586 931 613 in
945 586 1026 613 vesti-

234 635 334 662 mentis
357 634 450 662 sericis
473 634 613 669 depictos,
637 634 744 669 aspides
769 633 858 661 aureis
884 633 1027 660 instructas

235 681 320 708 oculis
331 701 339 714 ,
355 688 440 716 equos
454 688 520 708 auro
532 685 644 709 ornatos
656 701 664 714 ,
680 680 755 708 frena
767 687 859 708 aurea.
875 679 911 708 At
922 679 1027 715 quando

235 726 426 762 imperatorem
439 726 571 759 videmus,
587 726 654 753 nihil
665 733 757 754 eorum
770 725 840 753 ultra
851 725 1025 760 respicimus:

234 771 280 800 ille
294 772 392 807 quippe
405 772 480 800 solus
492 779 541 799 nos
555 772 580 799 in
594 779 623 799 se
637 772 786 803 convertit;
809 779 906 806 nempe
927 778 1027 806 purpu-

235 824 281 845 rea
300 817 470 850 vestimenta,
485 817 607 844 diadema
617 837 625 850 ,
643 817 718 850 sella,
731 816 822 850 fibula,
834 816 926 850 calcei,
940 818 1027 844 vultus

235 863 374 898 splendor.
389 863 437 891 His
455 863 580 891 omnibus
600 863 679 891 simul
692 867 816 890 accurate
830 863 978 898 perpensis,
993 862 1027 890 ab

234 908 277 936 his
290 916 397 937 rursum
411 909 598 944 cogitationem
621 908 737 936 transfer
749 908 782 936 ad
797 915 923 943 superna,
939 908 1025 936 diem-

232 962 285 990 que
307 954 453 983 terribilem
475 955 582 990 cogita,
604 963 655 990 qua
674 954 797 983 Christus
810 954 944 982 adveniet.
968 954 1025 982 Non

234 1001 306 1028 enim
319 1000 412 1037 iugum
428 1001 558 1029 mularum
581 1006 645 1028 tunc
658 1000 776 1034 videbis,
800 1008 854 1028 non
868 1007 962 1028 currus
976 1007 1025 1028 au-

233 1053 312 1080 reos,
327 1053 381 1074 non
400 1045 533 1074 dracones
551 1051 580 1074 et
600 1046 724 1081 aspides,
740 1045 788 1074 sed
801 1045 872 1081 quod
886 1045 1027 1074 horrorem

233 1092 354 1125 incutiat,
364 1097 390 1119 et
400 1096 502 1119 tantum
512 1097 649 1127 stuporem
662 1091 773 1126 injiciat,
787 1095 817 1119 ut
829 1091 950 1119 calestes
960 1091 1026 1126 ipsa:

233 1137 345 1165 virtutes
357 1140 430 1164 stent
441 1137 561 1164 attonita:
574 1144 581 1164 :
595 1144 655 1164 nant
670 1136 778 1164 Virtutes
788 1137 918 1170 cwlorum,
930 1137 1025 1172 inquit,

234 1182 453 1210 commovebuntur
471 1182 586 1219 (Matth.
601 1183 646 1211 24.
660 1183 696 1211 29
706 1183 728 1219 ).
743 1183 818 1211 Tune
831 1184 927 1212 czelum
942 1188 1026 1212 totum

233 1228 384 1264 aperietur,
397 1228 542 1257 descendet
555 1237 620 1257 vero
634 1230 786 1265 unigenitus
801 1229 849 1257 Dei
861 1229 956 1262 Filius,
972 1237 1026 1257 non

233 1273 337 1309 viginti,
358 1281 413 1301 non
428 1278 537 1302 centum
553 1274 720 1309 'satellitibus
735 1275 859 1310 stipatus,
875 1275 923 1304 sed
938 1275 1026 1304 mille-

234 1318 277 1346 nis
297 1323 325 1346 et
343 1318 433 1346 decies
454 1319 549 1347 millies
563 1320 678 1347 millenis
692 1320 793 1356 angelis
808 1324 835 1348 et
848 1320 1026 1356 archangelis,

234 1364 376 1400 omniaque
385 1369 464 1392 erunt
475 1365 569 1393 timore
576 1369 604 1393 et
613 1370 715 1393 terrore
725 1366 814 1401 plena,
823 1366 934 1395 discissa
946 1372 1025 1401 terra,

235 1410 411 1445 omnibusque
422 1410 574 1438 hominibus
583 1411 618 1439 ab
625 1411 711 1439 Adam
722 1419 806 1447 usque
816 1412 849 1439 ad
861 1413 934 1440 illam
944 1412 1025 1446 diem,

234 1463 268 1483 ex
283 1460 356 1484 terra
368 1456 539 1491 surgentibus
552 1461 580 1485 et
593 1457 721 1493 abreptis,
737 1458 795 1493 ipso
807 1465 870 1486 cum
883 1463 955 1486 tanta
967 1459 1026 1494 glo-

237 1501 276 1529 ria
291 1501 428 1537 fuigente,
441 1507 472 1530 ut
484 1502 549 1530 solis
562 1507 589 1531 et
601 1503 671 1530 lunae
686 1507 768 1531 totam
781 1504 868 1532 lucem
881 1504 1026 1537 occultent,

235 1547 317 1575 radiis
331 1548 384 1576 illis
395 1548 480 1584 ipsam
493 1549 692 1584 superantibus.
705 1549 769 1584 Sed,
783 1550 835 1578 heu
848 1558 902 1584 me,
913 1555 1029 1586 quantus

235 1597 328 1629 stupor
342 1594 402 1629 ille,
415 1602 477 1622 cum
492 1595 553 1623 talia
568 1600 753 1631 exspectantes
768 1597 837 1625 bona
852 1598 1028 1632 praesentibus

237 1640 387 1675 inhiamus,
410 1648 462 1669 nec
475 1642 623 1677 cogitamus
638 1642 736 1670 diaboli
752 1642 883 1671 vafritiem
894 1664 902 1676 ,
915 1644 961 1679 qui
981 1652 1029 1680 per

237 1692 280 1713 res
293 1685 351 1713 illas
367 1685 478 1721 exiguas
489 1687 593 1722 magnis
607 1695 657 1715 nos
669 1688 756 1723 privat
767 1688 855 1722 bonis,
873 1689 918 1717 dat
931 1690 1027 1724 lutum,

237 1735 266 1758 ut
277 1731 393 1766 abripiat
405 1731 511 1765 caelum,
526 1732 646 1760 umbram
660 1733 779 1768 exhibet,
793 1739 823 1762 ut
834 1735 950 1770 expellat
959 1736 1028 1763 veri.

237 1781 330 1811 tatem,
343 1781 423 1813 atque
435 1778 463 1805 in
473 1778 584 1806 somniis
593 1786 691 1807 vanam
700 1780 818 1807 ostendit
829 1788 954 1817 pompam
965 1782 1029 1816 (hoc

235 1823 307 1850 enim
329 1827 392 1850 sunt
405 1829 553 1858 praesentes
569 1824 705 1860 divitiae),
720 1830 763 1859 ut,
783 1826 944 1855 adveniente
958 1827 1028 1862 luce,

237 1875 286 1896 nos
307 1868 426 1896 omnium
442 1870 624 1905 pauperrimos
638 1870 774 1899 exhibeat.
794 1871 859 1905 Quae
878 1880 938 1900 cum
958 1873 1028 1901 scia-

237 1922 297 1942 mus
307 1935 315 1949 ,
331 1914 422 1942 dilecti
434 1935 442 1949 ,
456 1915 514 1950 ejus
526 1915 618 1943 dolum
632 1916 764 1952 fugiamus
775 1938 783 1952 ,
799 1917 826 1945 id
839 1918 923 1947 vitare
948 1926 1028 1948 cure-

238 1968 309 1993 mus,
325 1967 360 1988 no
373 1967 433 1988 cum
449 1961 495 1988 illo
508 1961 666 1989 damnemur
675 1982 684 1996 ,
698 1970 733 1990 ne
747 1963 824 1991 nobis
835 1963 920 1992 Judex
935 1964 1006 1993 dicat
1020 1974 1029 1994 :

237 2006 364 2034 Discedite
376 2014 393 2033 Î±
404 2015 444 2034 me
452 2026 460 2041 ,
473 2007 621 2042 maledicti,
636 2009 664 2036 in
677 2009 761 2044 ignem
773 2014 896 2038 teternum
910 2016 1029 2047 paratum

236 2052 337 2080 diabolo
348 2057 373 2081 et
386 2054 486 2089 angelis
499 2055 553 2089 ejus
568 2054 676 2089 (Matth.
690 2054 736 2083 25.
748 2056 781 2084 Î¹Î¹
792 2056 814 2092 ).

270 2099 298 2127 7.
317 2099 353 2127 At
367 2099 499 2135 benignus
510 2104 551 2128 est
566 2100 651 2133 Deus;
668 2100 695 2128 id
709 2109 763 2129 non
778 2102 899 2135 accidet,
912 2102 1028 2138 inquies.

236 2144 343 2180 Ergone
357 2147 456 2173 frustra
469 2145 598 2181 scriptum
612 2147 675 2174 est?
689 2147 861 2184 Nequaquam
870 2169 877 2182 ,
891 2150 965 2183 aies;
980 2150 1028 2178 sed

234 2190 269 2218 ad
282 2191 517 2220 comminationem
531 2193 628 2226 solum,
643 2197 674 2222 ut
692 2195 892 2230 resipiscamus.
907 2197 935 2225 Si
949 2197 1030 2232 igitur

235 2245 288 2266 non
298 2238 496 2274 resipiscamus,
509 2239 557 2267 sed
567 2240 682 2275 impnobi
696 2249 862 2275 maneamus,
876 2251 976 2278 nonne,
985 2244 1030 2273 dic

234 2283 311 2317 mihi,
319 2284 477 2319 supplicium
488 2285 595 2314 inferet?
607 2286 677 2321 Ergo
691 2294 778 2323 neque
791 2288 869 2316 bonis
878 2291 1029 2319 mercedem

235 2329 385 2358 retribuet?
409 2330 561 2364 Retribuet,
576 2331 680 2367 inquies
694 2340 702 2360 Îµ
717 2333 743 2361 id
758 2334 828 2362 enim
839 2334 926 2370 ipsum
939 2336 1027 2370 decet,

235 2374 315 2402 etiam
328 2383 408 2411 supra
419 2377 543 2404 meritum
554 2377 683 2405 beneï¬cia
703 2379 835 2408 conferre.
856 2380 919 2408 Haec
939 2382 1029 2418 itaque

236 2428 298 2448 vera
312 2426 384 2455 sunt,
398 2427 425 2450 et
432 2430 542 2458 prorsus
555 2424 678 2452 evenient
694 2434 700 2452 :
716 2433 775 2461 quae
785 2431 874 2454 autem
883 2427 917 2456 ad
925 2429 1028 2463 suppli~

235 2467 275 2495 cia
287 2468 411 2501 attinent,
422 2470 605 2505 nequaquam?
618 2469 641 2498 0
651 2471 760 2499 multam
770 2472 868 2501 diaboli
879 2473 1009 2502 vafritiem
1019 2475 1026 2502 Î¹

236 2513 433 2542 oinhumanam
440 2515 499 2549 ejus
508 2515 717 2546 humanitatem!
733 2518 818 2553 ipsius
832 2519 902 2548 enim
917 2525 958 2548 est
970 2521 1027 2550 haec

236 2560 370 2594 cogitatio,
384 2564 414 2588 ut
425 2561 537 2596 gratiam
561 2563 682 2592 conferat
701 2564 822 2593 inutilem
848 2570 876 2594 et
889 2567 1028 2602 segniores

234 2605 339 2633 reddat.
353 2605 419 2640 Quia
431 2607 507 2634 novit
519 2609 602 2642 enim,
616 2610 738 2646 supplicii
748 2615 858 2644 metum,
879 2620 928 2640 ceu
941 2613 1027 2649 quod-

235 2650 296 2678 dam
310 2651 427 2686 frenum,
443 2652 468 2680 id
479 2658 607 2688 prsestare
624 2659 654 2683 ut
666 2656 762 2684 animis
775 2665 903 2693 angamur
917 2663 945 2687 et
956 2667 971 2686 a
985 2661 1026 2687 vi-

236 2696 280 2723 tiis
301 2696 477 2731 retrahamur,
493 2698 560 2726 nihil
579 2707 631 2728 non
650 2701 705 2736 agit
725 2706 753 2729 et
770 2703 893 2736 molitur,
915 2708 945 2732 ut
961 2705 1026 2734 illud

236 2741 365 2770 radicitus
377 2743 482 2777 ereliat,
497 2751 551 2779 quo
562 2744 670 2774 demum
688 2747 747 2775 sine
761 2748 857 2777 timore
870 2756 918 2784 per
931 2751 1025 2785 praeci-

236 2787 298 2820 pitia
320 2787 449 2816 feramur.
469 2789 611 2823 Quomodo
625 2790 705 2826 igitur
722 2792 797 2820 illum
816 2795 1024 2829 superabimus?

236 2835 412 2871 Quacumque
426 2843 459 2865 ex
482 2836 627 2873 Scripturis
641 2836 801 2874 proferimus
815 2840 905 2870 dicent
923 2842 955 2876 ii,
976 2844 1021 2880 qui

608 116 637 145 s.
657 115 794 145 JOANNIS
806 114 1044 143 CHRYSOSTOMI
1062 114 1221 145 ARCHIEP.
1241 113 1509 151 consummes.

1085 172 1282 209 contradicunt,
1297 177 1513 206 comminationis
1526 185 1604 206 causa
1622 180 1718 216 scripta
1732 189 1802 210 esse.
1819 183 1873 212 Ve-

1082 224 1142 245 rum
1156 217 1182 246 id
1192 219 1226 247 de
1240 219 1335 248 futuris
1351 222 1418 250 forte
1427 223 1518 252 dicere
1531 225 1644 260 possint,
1659 227 1709 254 etsi
1730 227 1873 258 admodum

1081 263 1179 299 impie;
1194 265 1227 294 de
1241 268 1384 301 praeteritis
1397 277 1472 304 vero,
1487 270 1572 306 deque
1587 271 1620 300 iis
1639 280 1698 308 qua:
1717 273 1773 309 jam
1787 275 1873 304 conti-

1081 316 1242 345 gerunt,non
1257 313 1332 341 item.
1344 314 1539 351 interrogemus
1552 318 1631 353 igitur
1638 326 1684 346 eos
1700 328 1707 346 :
1721 320 1877 351 Audistisne

1081 356 1115 384 de
1128 357 1238 391 diluvio,
1254 359 1342 394 deque
1356 361 1472 395 pernicie
1484 362 1529 390 illa
1543 364 1705 393 universali?
1719 374 1782 394 num
1793 368 1873 396 etiam

1080 402 1146 430 illud
1159 404 1373 433 comminationis
1386 414 1463 434 causa
1475 408 1575 436 dictum
1586 409 1690 438 fuerat?
1704 419 1792 440 annon
1806 421 1873 441 con-

1081 449 1149 483 tigit,
1165 454 1193 477 et
1207 450 1233 477 in
1249 451 1348 479 exitum
1361 452 1504 482 deductum
1519 455 1580 483 est?
1593 463 1682 484 nonne
1696 457 1722 484 id
1731 458 1874 487 testiï¬can-

1080 499 1124 523 tur
1137 496 1272 524 Armeniae
1293 503 1409 532 montes,
1425 499 1469 527 ubi
1493 508 1554 529 arca
1569 503 1710 530 consedit?
1724 511 1814 532 annon
1827 513 1873 533 re-

1081 539 1169 574 iiquim
1196 542 1254 576 ejus
1278 543 1332 570 illic
1363 543 1491 574 hactenus
1521 553 1662 575 servantur
1690 549 1723 576 ad
1754 555 1873 578 nostram

1081 585 1289 615 admonitionem
1304 589 1479 625 (a)?Similia
1502 595 1566 619 tunc
1587 593 1665 620 multi
1687 593 1822 629 dicebant,
1842 603 1875 623 ac

1081 640 1129 668 per
1139 638 1246 661 centum
1274 642 1359 663 annos
1385 636 1449 664 dum
1472 645 1534 666 arca
1561 644 1779 674 construeretur,
1803 642 1874 677 ligna

1080 682 1244 713 aptareutur,
1258 680 1399 717 justusque
1408 683 1544 717 clamaret,
1559 693 1638 713 nemo
1650 691 1708 714 erat
1719 688 1763 722 qui
1778 688 1874 716 crede-

1079 728 1122 752 ret
1138 733 1146 752 :
1160 725 1207 753 secl
1221 727 1282 762 quia
1297 735 1350 755 non
1372 729 1543 758 crediderunt
1561 733 1761 761 comminationi
1774 735 1874 763 verbo-

1079 777 1150 803 rum,
1166 771 1295 799 ultionem
1313 779 1425 809 repente
1439 782 1470 803 ac
1484 776 1574 812 reipsa
1586 778 1734 806 subierunt.
1748 780 1871 816 Atquiis,

1079 815 1124 850 qui
1141 820 1240 844 tantum
1255 818 1319 852 ipsis
1329 820 1487 854 supplicium
1501 821 1600 856 intulit,
1611 831 1700 851 annon
1714 815 1799 852 multo
1812 833 1872 853 ma-

1077 860 1121 896 jus
1148 862 1225 890 nobis
1240 863 1356 892 inferet?
1368 873 1420 892 non
1434 867 1506 895 enim
1522 868 1624 896 minora
1640 875 1703 897 sunt
1719 870 1778 898 hac
1795 871 1874 899 malis

1080 905 1152 934 illius
1166 908 1302 943 temporis.
1312 909 1387 938 Tunc
1397 911 1496 939 illicitis
1508 913 1623 941 coitibus
1632 921 1741 950 operam
1756 916 1872 944 dabant:

1080 960 1141 980 nam
1157 953 1270 990 [Ï€Î±Î½ÎµÎ´Îµá½¶
1283 961 1352 990 sunt,
1367 958 1462 993 inquit,
1484 960 1533 994 ï¬lii
1555 960 1603 988 Dei
1616 962 1650 988 ad
1661 962 1731 996 ï¬lias
1744 963 1875 992 hominum

1080 998 1155 1033 (Gen.
1170 999 1196 1028 6.
1211 1000 1238 1036 2)
1253 1009 1344 1030 :nunc
1366 1008 1456 1032 autem
1480 1006 1582 1034 nullum
1603 1013 1645 1035 est
1667 1015 1753 1043 genus
1767 1011 1872 1044 peccati

1079 1045 1150 1080 quod
1164 1051 1236 1074 retro
1247 1048 1422 1084 relinquatur.

1115 1091 1282 1120 Maledictum
1308 1094 1479 1123 Sodomorum
1504 1105 1555 1125 non
1575 1100 1695 1133 tempori:
1717 1101 1800 1135 spatio
1826 1102 1874 1129 de-

1080 1136 1167 1167 letum.
1190 1153 1226 1158 â€”
1248 1138 1366 1175 Verum,
1380 1141 1402 1168 si
1423 1142 1526 1177 placet,
1549 1144 1582 1171 ad
1603 1145 1655 1172 alia
1681 1146 1804 1181 supplicii
1826 1155 1874 1182 ge-

1079 1191 1144 1211 nera
1158 1191 1311 1213 sermonem
1324 1193 1525 1223 convertamus,
1544 1194 1573 1217 ut
1588 1198 1620 1218 ex
1633 1192 1775 1226 praeteritis
1787 1193 1874 1221 futura

1078 1229 1231 1258 credantur.
1260 1231 1329 1259 Num
1355 1233 1415 1267 quis
1439 1239 1556 1262 vestrum
1581 1243 1707 1271 umquam
1733 1237 1760 1265 in
1786 1238 1874 1267 Palat-

1079 1274 1176 1302 stinam
1197 1277 1379 1311 peregrinatus
1401 1279 1460 1306 est?
1475 1279 1538 1307 Mihi
1558 1281 1664 1315 quidem
1688 1282 1805 1311 videtur.
1823 1283 1876 1311 Vos

1079 1327 1144 1356 ergo
1165 1321 1296 1350 dictorum
1318 1323 1424 1351 veritati
1443 1326 1622 1354 testimonium
1645 1327 1724 1355 ferte.
1745 1328 1811 1356 Nam
1835 1329 1876 1356 ui-

1080 1369 1119 1392 tra
1135 1366 1294 1396 Ascalonem
1308 1373 1335 1396 et
1354 1369 1451 1397 Gazam
1474 1371 1507 1398 ad
1526 1371 1612 1407 ipsum
1636 1378 1799 1408 postremum
1814 1375 1877 1404 Jor-

1079 1411 1156 1439 danis
1178 1413 1250 1441 ï¬‚uvii
1265 1416 1408 1443 terminum
1431 1421 1489 1444 erat
1507 1418 1629 1453 quaedam
1642 1420 1716 1455 regio
1730 1428 1826 1456 magna
1848 1426 1877 1449 et

1078 1457 1253 1494 feracissima,
1265 1468 1325 1496 quae.
1346 1470 1408 1490 cum
1427 1464 1550 1498 paradiso
1570 1465 1617 1492 Dci
1631 1471 1788 1494 concertare
1813 1475 1876 1502 pos-

1079 1508 1121 1531 set
1137 1511 1144 1529 :
1159 1512 1221 1532 nam
1247 1505 1325 1539 Vidit,
1341 1507 1436 1542 inquit,
1452 1508 1501 1535 Lat
1521 1518 1621 1537 omnem
1639 1511 1767 1546 regionem
1781 1513 1877 1540 circum

1079 1550 1229 1584 Jordanem,
1250 1561 1307 1587 qua:
1327 1553 1481 1589 irrigubatur
1493 1557 1565 1591 quasi
1579 1557 1714 1592 paradisus
1726 1557 1775 1585 Dei
1789 1560 1798 1593 (
1810 1558 1874 1585 Gen.

1081 1597 1125 1624 i5.
1143 1597 1199 1632 10).
1216 1597 1312 1626 Verum
1335 1599 1393 1628 hate
1415 1608 1487 1629 nunc
1507 1606 1550 1629 est
1571 1603 1690 1630 omnium
1705 1603 1876 1631 desertorum

1080 1642 1273 1672 desertissima.
1287 1644 1364 1672 Stant
1378 1646 1449 1673 enim
1459 1646 1581 1681 arbores,
1592 1653 1619 1675 et
1634 1648 1747 1676 fructum
1762 1649 1874 1683 habent,

1080 1692 1109 1715 at
1129 1687 1230 1717 fructus
1251 1689 1297 1717 ille
1317 1690 1364 1718 ira:
1387 1690 1484 1719 divina:
1507 1693 1701 1720 monimentum
1726 1698 1778 1722 est.
1800 1694 1876 1723 Stant

1081 1734 1262 1770 malogranata
1277 1735 1417 1771 splendida
1433 1737 1501 1766 facie
1515 1746 1589 1773 spem
1611 1739 1710 1767 bonam
1727 1741 1875 1776 ignoranti-

1082 1779 1132 1807 bus
1157 1780 1322 1815 praabentia,
1342 1782 1465 1810 manibus
1477 1788 1567 1812 autem
1588 1790 1697 1819 accepta
1721 1789 1750 1813 et
1772 1786 1874 1819 fracta,

1081 1824 1198 1853 fructum
1212 1826 1321 1862 quidem
1333 1828 1452 1862 nullum,
1475 1829 1524 1857 sed
1548 1830 1683 1864 pulverem
1705 1831 1876 1867 cineremque

1081 1872 1194 1900 multum
1206 1873 1279 1901 intus
1294 1874 1411 1909 positum
1423 1874 1560 1904 exhibent.
1575 1876 1647 1904 Talis
1658 1881 1699 1904 est
1711 1882 1793 1911 terra,
1810 1879 1876 1906 tales

1081 1917 1194 1952 lapides,
1209 1918 1268 1946 talis
1281 1919 1339 1954 ipse
1353 1927 1410 1948 aer.
1425 1920 1639 1949 Omniaincensa
1649 1927 1712 1950 sunt
1727 1943 1735 1956 ,
1748 1923 1838 1950 omnia
1849 1924 1876 1951 in

1081 1963 1199 1992 cinerem
1212 1964 1332 1997 redacta,
1347 1970 1525 2001 praeterquam
1540 1967 1588 1994 ira:
1605 1969 1780 2002 monimenta,
1794 1968 1876 1996 futuri

1082 2009 1206 2044 supplicii
1218 2010 1326 2038 indicia.
1340 2011 1409 2038 Num
1421 2015 1450 2039 et
1463 2011 1522 2039 haec
1530 2017 1593 2040 sunt
1607 2013 1750 2041 verborum
1760 2015 1876 2042 commi-

1081 2055 1225 2084 nationes?
1239 2063 1304 2084 num
1318 2061 1347 2084 et
1360 2055 1418 2084 hinc
1432 2064 1586 2086 sermonum
1602 2059 1750 2094 strepitus?
1767 2059 1795 2088 Si
1816 2061 1876 2095 quis

1081 2109 1136 2129 non
1146 2102 1232 2130 credit
1241 2102 1382 2138 gehennae,
1396 2103 1540 2132 Sodomam
1562 2105 1661 2140 cogitet
1672 2127 1681 2139 ,
1697 2105 1875 2134 Gomorrbam

1081 2155 1173 2177 secum
1195 2153 1319 2184 reputet,
1343 2149 1500 2185 supplicium
1523 2151 1646 2179 videlicet
1664 2151 1719 2186 jam
1739 2158 1875 2188 sumptum

1081 2199 1109 2221 et
1120 2194 1249 2222 hactenus
1262 2202 1384 2223 manens.
1401 2195 1428 2222 id
1442 2195 1514 2230 quod
1531 2195 1620 2224 divina
1640 2197 1778 2232 Scriptura
1795 2205 1875 2225 enar-

1081 2247 1144 2268 rans
1155 2240 1187 2268 de
1197 2241 1326 2276 sapientia
1340 2241 1379 2269 sic
1393 2241 1511 2276 loquitur
1524 2251 1531 2270 Îµ
1549 2242 1613 2271 Hec
1620 2244 1730 2279 justum,
1748 2246 1875 2279 pereunti-

1082 2286 1127 2313 bus
1140 2286 1234 2321 impiis,
1254 2286 1367 2314 liberavit
1385 2288 1523 2323 fugientem
1537 2288 1728 2316 descendentem
1745 2290 1830 2326 ignem
1848 2291 1874 2317 in

1081 2331 1244 2368 Pentapolim
1259 2332 1336 2368 (Sap.
1351 2333 1394 2361 i0.
1410 2334 1436 2361 6.
1449 2334 1490 2369 7).
1503 2334 1566 2362 limo
1579 2335 1660 2363 etiarn
1675 2343 1745 2363 nunc
1760 2335 1794 2363 In
1808 2338 1874 2365 testi-

1080 2379 1192 2405 monium
1205 2378 1320 2414 nequitia:
1330 2378 1458 2414 {antigone
1467 2385 1517 2407 stat
1527 2379 1624 2408 deserta
1637 2385 1719 2414 terra,
1735 2386 1760 2409 et
1779 2382 1874 2410 incerto

1080 2428 1191 2458 tempore
1202 2426 1300 2459 fructus
1312 2425 1430 2452 arborum
1444 2426 1543 2453 emittit.
1556 2426 1671 2455 Necesse
1690 2432 1780 2455 autem
1796 2434 1837 2456 est
1849 2433 1874 2456 et

1080 2480 1188 2501 causam
1204 2474 1295 2502 dicere
1307 2475 1341 2503 ob
1357 2482 1437 2510 quam
1453 2475 1516 2503 talia
1536 2476 1608 2511 passi
1624 2480 1697 2504 sunt.
1713 2476 1803 2504 Unum
1817 2481 1875 2505 erat

1080 2525 1173 2547 eorum
1184 2520 1479 2555 seeius,gravequidem
1493 2525 1521 2549 et
1536 2521 1744 2555 exsecrandum;
1757 2526 1874 2551 attamen

1079 2573 1174 2592 unum.
1187 2565 1283 2593 insano
1294 2566 1320 2592 in
1341 2574 1440 2601 pueros
1461 2574 1553 2594 amore
1574 2566 1744 2601 ferebantur,
1761 2567 1874 2603 ideoque

1080 2611 1157 2646 ignea
1184 2611 1278 2647 pluvia
1296 2612 1429 2639 combusti
1447 2616 1530 2640 sunt:
1546 2620 1617 2641 mute
1638 2617 1726 2640 autem
1745 2619 1872 2642 sexcenta

1078 2664 1151 2692 parta
1164 2662 1192 2685 et
1202 2658 1327 2693 graviora
1343 2663 1542 2693 perpetrantur,
1558 2667 1646 2695 neque
1657 2659 1710 2687 tale
1720 2660 1871 2689 incendium

1078 2706 1240 2731 immittitur.
1255 2704 1362 2737 Quare?
1374 2704 1442 2738 Quia
1459 2705 1529 2733 alius
1550 2705 1619 2740 ignis
1633 2710 1801 2741 praeparatus
1812 2710 1870 2740 est,

1077 2756 1222 2786 numquam
1235 2750 1455 2786 exstinguendos.
1468 2750 1609 2785 Quomodo
1621 2751 1694 2780 enim
1704 2752 1749 2788 qui
1759 2759 1811 2788 pro
1819 2760 1870 2780 uno

1107 2817 1144 2849 (Î±)
1156 2816 1270 2852 Reliquiae
1281 2824 1343 2852 arcae
1353 2822 1403 2845 Noe
1413 2821 1525 2850 tempore
1537 2818 1699 2852 Ï‰Î»Î¹-Î³ÎµÎ¿ÎµÎ¹Îœá½¶
1710 2819 1737 2845 in
1747 2818 1869 2845 Ï‰Î¿Ï€Î±Î´Ï‰

1078 2849 1199 2875 Armeniae
1210 2850 1376 2876 servabanttuâ€˜.
