2074 3126
144 141 198 171 287

141 200 246 233 ἐκεῖνος
265 201 320 238 γὰρ
341 200 416 238 ἡμᾶς
438 202 596 239 ἐπιστρέφει
613 205 706 242 μόνος,
727 206 773 233 καὶ
790 207 826 234 τὰ
850 210 977 244 πορφυρᾶ

142 250 249 285 ἱμάτιαἈ
260 251 349 278 καὶτὸ
364 252 492 288 διάδημα,
507 253 554 280 καὶ
573 255 589 289 ἡ
610 255 738 291 καθέδρα,
759 257 807 284 καὶ
830 258 847 292 ἡ
862 259 974 294 περόνη,

141 300 190 325 καὶ
209 299 243 326 τά
260 299 428 335 ὑποδήματα,
442 302 488 328 καὶ
501 303 518 338 ἡ
534 302 583 338 τῆς
600 303 688 338 ὄψεως
705 304 865 340 λαμπηδὼν.
884 307 977 334 Ταῦτα

141 346 189 374 οὖν
208 348 316 376 ἅπαντα
331 350 492 384 συναγαγὼν
514 352 644 387 ἀκριϐῶς,
670 353 723 380 ἀπὸ
736 354 838 382 τούτων
862 357 978 391 μετάθες

142 396 224 424 πάλιν
239 397 285 424 ἐπὶ
301 398 335 425 τά
348 398 403 425 ἄνω
420 399 465 426 τὸν
479 400 618 436 λογισμὸν,
636 402 683 428 καὶ
697 401 748 438 τὴν
762 403 869 439 ἡμέραν
885 405 979 440 ὲννόη-

144 453 190 472 σον
209 445 259 481 τὴν
281 446 408 482 φοϐερὰν,
430 448 490 474 καθ’
513 448 546 483 ἣν
565 450 579 476 6
595 450 711 485 Χριστὸς
727 453 918 487 παραγίνεται.
935 455 974 481 Ού

142 494 198 529 γὰρ
218 494 317 529 ζεῦγος
335 496 454 531 ἡμιόνων
473 497 531 533 ὄψει
550 499 620 531 τότε,
645 501 704 527 οὐδὲ
724 502 849 537 ὀχήματα
870 505 975 538 χρυσᾶ,

141 541 202 569 οὐδὲ
221 543 369 579 δράκοντας
385 545 432 571 καὶ¹
447 545 572 578 ἀσπίδας,
588 548 644 574 ἀλλ’
657 549 672 575 6
693 550 793 586 πολλῆς
812 551 893 586 γέμει
914 552 977 588 φρί-

142 597 205 626 κης,
222 592 269 618 καὶ
282 592 415 628 τοσαύτην
427 595 536 630 ὲμποιεῖ
553 595 602 631 τὴν
616 596 754 631 ἔκστασιν,
776 599 814 632 ὡς
830 600 878 627 καὶ
893 600 978 633 αύτὰς

142 639 312 676 ἐκπλαγῆναι
325 641 375 674 τὰς
394 643 535 679 οὐρανίους
554 645 696 681 δυνάμεις·
712 649 747 674 Δί
765 647 819 683 γὰρ
836 648 978 683 δυνάμεις

143 687 203 714 τῶν
216 689 362 723 οὐρανῶν,
377 691 453 726 φησὶ,
464 693 717 727 σαλευθήσονται.
735 694 811 732 [296]
825 697 891 724 Τότε
909 698 978 724 ἀνοί-

143 742 223 767 γεται
242 736 292 770 μὲν
309 736 382 770 ἄπας
393 739 408 765 6
421 739 549 775 οὐρανὸς,
570 741 675 769 κάτεισι
692 743 720 770 δὲ
734 745 748 770 ὁ
765 745 911 781 μονογενὴς
930 747 976 774 τοῦ

144 782 212 810 Θεοῦ
233 784 307 817 Υίδς,
320 785 370 812 οὐκ
391 787 487 821 εἰκοσι,
503 788 562 816 οὐδὲ
577 789 673 816 ἑκατὸν
687 791 906 827 δορυφορούντων
926 794 977 821 αύ-

143 830 199 864 τὺν,
219 832 287 860 ἀλλά
300 833 426 869 χιλιάδων
442 837 488 863 καὶ
506 838 644 873 μυριάδων
657 839 779 873 ἀγγέλων
797 848 828 866 τε
846 841 893 867 καὶ
908 841 978 876 ἀρχ-

143 880 287 914 αγγέλων,
307 882 354 909 καὶ
376 883 465 910 πάντα
487 885 563 912 ἔσται
590 886 672 921 φόϐου
693 887 740 914 καὶ
757 888 857 923 τρόμου
875 889 974 924 μεστὰ,

142 928 193 963 τῆς
207 929 260 964 γῆς
272 930 526 969 ἀναρρηγνυμένης,
546 935 594 961 καὶ
617 935 671 961 τῶν
691 936 802 963 πώποτε
823 937 978 972 γενομένων

142 975 306 1011 ἀνθρώπων,
327 979 357 1012 ἐξ
380 975 411 1006 οὗ
427 980 538 1015 γέγονεν
558 983 572 1010 6
592 984 677 1020 Ἀδὰμ
700 985 781 1020 μέχρι
803 987 853 1022 τῆς
871 987 978 1023 ἡμέρας

143 1023 262 1060 ἐκείνης,
277 1026 330 1053 ἀπὸ
348 1028 400 1063 γῆς
413 1024 610 1066 ἀνισταμένων,
633 1034 680 1061 καὶ
697 1035 907 1070 ἁρπαζομένων,
928 1037 978 1063 αύ-

141 1071 189 1099 τοῧ
212 1074 283 1108 μετὰ
304 1077 438 1113 τοσαύτης
456 1081 616 1116 φαινομένου
632 1082 726 1118 δόξης,
749 1083 819 1111 ὥστε
838 1085 883 1112 τὸν
903 1085 978 1123 ἥλιον

142 1121 191 1148 καὶ
204 1122 254 1159 τὴν
276 1124 389 1162 σελήνην
407 1128 479 1155 ἂπαν
495 1130 597 1166 κρύψαι
621 1131 650 1157 τὸ
670 1133 738 1166 φῶς,
759 1133 811 1160 ὑπὸ
826 1134 876 1168 τῆς
892 1121 979 1169 αύγῆς

143 1169 251 1206 ἐκείνης
263 1172 515 1211 ὗπερλαμπόμενον.
535 1177 615 1212 Ἀλλ’,
636 1179 709 1215 οἴμοι
727 1181 776 1216 τῆς
791 1182 890 1217 πολλῆς
906 1182 979 1209 ἀναι-

144 1218 269 1254 σθησίας,
281 1221 333 1254 δτι,
345 1223 471 1252 τοιούτων
484 1227 716 1264 προσδοκωμένων
726 1229 846 1264 ἀγαθῶν,
859 1230 899 1257 ἔτι
911 1230 979 1266 πρὸς

143 1266 179 1294 τὰ
197 1269 320 1305 παρόντα
336 1273 501 1309 κεχήναμεν.
525 1276 572 1302 καὶ
591 1276 640 1304 οὒκ
659 1277 800 1313 ἐννοοῦμεν
822 1278 869 1305 τοῦ
889 1279 980 1305 διαϐό-

143 1315 192 1342 λου
202 1317 252 1352 τὴν
265 1321 441 1356 κακουργίαν,
453 1321 484 1354 ὃς
496 1323 541 1350 διὰ
553 1324 607 1351 τῶν
624 1325 729 1362 μικρῶν
740 1325 773 1353 τὰ
789 1327 894 1362 μεγάλα
908 1329 981 1363 ἡμᾶς

144 1364 312 1400 ἀφαιρεῖται,
328 1368 375 1394 καὶ
388 1368 479 1396 δίδωσι
494 1370 588 1406 πηλὸν,
602 1371 647 1400 ἵνα
666 1373 776 1410 ἁρπάσῃ
793 1374 915 1410 οὐρανὸν,
932 1375 980 1402 καὶ

144 1411 264 1440 δείκνυσι
281 1415 370 1448 σκιὰν,
390 1417 434 1444 ἵνα
456 1418 557 1454 ἐκϐάλῃ
573 1421 623 1455 τῆς
640 1420 781 1456 ἀληθείας,
802 1422 849 1448 καὶ
863 1423 892 1449 ὲν
912 1423 981 1450 ὀνεί-

147 1468 205 1494 ροις
226 1462 355 1496 φαντάζει
372 1463 467 1499 (τοῦτο
483 1466 537 1502 γὰρ
551 1467 565 1493 6
581 1468 676 1501 παρὼν
693 1469 831 1506 πλοῦτος),
847 1470 892 1504 ἶν’,
909 1471 980 1506 ἡμέ-

147 1516 199 1544 ρας
221 1511 380 1554 γενομένης,
399 1511 474 1550 δείξῃ
493 1514 601 1542 πάντων
620 1506 806 1553 πενεστέρους.
821 1518 910 1555 Ἀπερ
929 1527 981 1554 μα-

145 1555 248 1589 θόντες,
264 1559 410 1596 ἀγαπητοὶ,
426 1561 555 1597 φύγωμεν
569 1563 615 1590 τὸν
629 1563 732 1591 ἐκείνου
746 1565 830 1599 δόλον,
850 1566 980 1602 φύγωμεν
1002 1569 1003 1572 “

144 1604 196 1639 τὴν
221 1606 280 1641 μετ’
297 1607 402 1635 ἐκείνου
416 1609 587 1645 κατάκρισιν,
604 1611 648 1639 ῐνα
671 1612 707 1648 μὴ
731 1613 779 1640 καὶ
795 1615 863 1648 πρὸς
875 1615 951 1650 ἡμᾶς
966 1615 980 1642 6

145 1653 244 1689 κριτὴς
263 1655 344 1692 εῖπῃ-
364 1655 531 1691 Πορεύεσθε
549 1659 599 1687 ἀπ’
617 1659 701 1694 ἐμοῦ,
721 1662 750 1688 οι
767 1662 979 1697 κατηραμένοι,

145 1702 190 1734 εἷς
204 1702 237 1729 τὸ
255 1703 315 1738 πῦρ
328 1705 363 1731 τὸ
379 1705 498 1733 αἰώνιον
512 1707 546 1735 τὸ
560 1708 782 1744 ἡτοιμασμένον
800 1710 840 1744 τῷ
854 1711 982 1746 διαϐόλῳ

146 1749 198 1777 καὶ
214 1751 276 1784 τοῖς
288 1752 427 1788 ἀγγέλοις
440 1755 543 1783 αὐτοῦ.

181 1799 215 1830 ζ’.
234 1799 314 1827 Ἀλλά
328 1801 517 1838 φιλάνθρωπός
532 1804 605 1831 ἐστιν
616 1805 630 1832 6
648 1806 729 1838 Θεός·
744 1807 793 1834 οὐκ
805 1807 880 1835 ἔσται
890 1808 978 1841 τοῦτο,

146 1846 239 1882 φησίν.
253 1847 356 1876 οὐκοῦν
371 1850 430 1886 εἰκῆ
444 1851 614 1886 γέγραπται;
631 1854 708 1889 Οὐχὶ,
726 1855 818 1890 φησὶν.
832 1855 900 1883 ἀλλὰ
913 1857 980 1892 πρὸς

148 1893 264 1930 ἀπειλὴν
281 1895 369 1931 μόνον,
393 1897 435 1924 ἵνα
453 1900 646 1936 σωφρονῶμεν.
659 1901 708 1929 "Av
724 1900 770 1929 οὖν
787 1903 824 1939 μὴ
840 1903 982 1939 σωφρονῶ-

149 1949 212 1976 μεν,
226 1942 294 1970 ἀλλά
308 1944 431 1980 μένωμεν
446 1947 536 1980 κακοὶ,
548 1948 598 1975 οὐκ
612 1949 707 1982 ὲπάξει
720 1950 769 1986 τὴν
782 1951 907 1986 κόλασιν;
921 1951 982 1980 είπέ

150 1998 206 2024 μοι.
220 1991 324 2019 Οὐκοῦν
341 1992 401 2020 οὐδὲ
419 1996 476 2027 τοῖς
497 1995 610 2030 ἀγαθοῖς
632 1998 764 2025 ἀποδώσει
781 1999 830 2031 τὰς
849 2000 981 2036 ἀμοιϐάς;

147 2037 214 2070 Ναὶ,
228 2039 294 2074 φησί
304 2047 312 2056 ⁸
328 2040 407 2068 τοῦτο
422 2042 478 2077 γὰρ
494 2044 599 2078 πρέπον
613 2045 687 2081 αύτῷ
701 2046 748 2072 καὶ
762 2047 831 2082 ὑπὲρ
843 2048 892 2084 τὴν
904 2047 982 2080 ἀξίαν

149 2085 314 2120 εὐεργετεῖν.
328 2087 410 2116 Ὥστε
432 2090 523 2117 ἐκεῖνα
544 2091 631 2128 ἀληθῆ
648 2093 695 2119 καὶ
718 2094 826 2126 πάντως
845 2094 932 2127 ἔσται,
948 2096 983 2123 τά

147 2133 177 2160 δὲ
189 2134 242 2161 τῶν
257 2134 392 2163 κολάσεων
411 2137 441 2163 οὐ
459 2138 583 2177 πάντως;
599 2140 630 2166 Ὢ
643 2140 694 2176 τῆς
708 2141 807 2177 πολλῆς
826 2142 873 2169 τοῦ
895 2143 984 2170 διαϐό-

148 2179 195 2206 λου
208 2182 397 2217 κακοτεχνίας,
410 2184 432 2210 ὢ
451 2185 501 2219 τῆς
515 2185 697 2222 ἀπανθρώπου
710 2188 811 2224 ταύτης
831 2189 983 2225 φιλανθρω-

149 2228 225 2260 πίας.
244 2229 362 2257 Ἐκείνου
378 2232 432 2268 γάρ
445 2233 517 2260 ἐστιν
531 2231 606 2265 οὗτος
619 2235 633 2261 6
646 2234 774 2270 λογισμὸς
789 2236 868 2272 χάριν
888 2237 985 2273 ἀνόνη-

147 2285 193 2304 τον
209 2278 385 2314 χαριζόμενος
402 2281 450 2308 καὶ
471 2282 610 2318 ῥᾳθύμους
628 2284 721 2311 ποιῶν.
741 2284 850 2320 Ἐπειδὴ
872 2286 927 2322 γὰρ
945 2284 985 2313 οἴ-

147 2325 202 2357 δεν,
215 2326 256 2352 ὃτι
268 2327 317 2362 τῆς
329 2328 465 2361 κολάσεως
478 2330 492 2356 6
507 2330 598 2365 φόϐος,
610 2331 735 2368 καθάπερ
749 2342 791 2365 τις
802 2334 918 2369 χαλινὸς,
934 2335 984 2370 τὴν

152 2374 289 2410 ἡμετέραν
314 2376 393 2412 ἄγχει
420 2377 517 2414 ψυχὴν,
541 2380 588 2406 κα)⁵
611 2380 666 2407 τῶν
694 2381 787 2408 κακῶν
810 2383 982 2416 ἀναστέλλει,

152 2422 242 2450 πάντα
261 2426 334 2451 ποιεῖ
348 2426 395 2452 καὶ
419 2428 651 2463 πραγματεύεται,
668 2429 736 2456 ὥστε
754 2430 900 2466 πρόρριζον
919 2432 985 2458 ἀνα-

149 2470 252 2498 σπάσαι
267 2473 371 2506 τοῦτον,
384 2474 427 2501 ἴνα
446 2475 537 2503 λοιπὸν
555 2477 639 2508 ἀδεῶς
655 2478 726 2505 κατὰ
740 2479 870 2514 κρημνῶν
893 2480 983 2515 φερώ‹

151 2514 231 2549 μεθα.
245 2515 308 2547 Πῶς
322 2515 368 2544 οὖν
384 2518 466 2545 αὐτοῦ
487 2520 711 2556 περιγενώμεθα;
727 2522 796 2549 Ὅσα
812 2522 844 2549 ἂν
862 2522 985 2559 εἴπωμεν

148 2562 204 2589 ἀπὸ
216 2563 270 2590 τῶν
291 2564 417 2600 Γραφῶν,
434 2566 541 2602 ἐροῦσιν
556 2569 581 2594 οἱ
602 2569 797 2604 ἀντιλέγοντες,
814 2570 855 2597 ὅτι
871 2571 986 2608 ἀπειλῆς

150 2611 244 2638 ἕνεκεν
258 2612 422 2648 γέγραπται,
436 2615 516 2643 Ἀλλά
530 2617 594 2653 περὶ
608 2617 657 2652 μὲν
667 2618 721 2645 τῶν
735 2619 884 2653 μελλόντων
898 2621 985 2657 ἔχοιεν

148 2658 184 2685 ἂν
202 2659 282 2687 τοῦτο
296 2661 396 2696 λέγειν,
416 2664 441 2690 εἰ
458 2664 505 2690 καὶ
518 2664 578 2691 λίαν
592 2666 713 2698 ἀσεϐῶς·
731 2668 795 2703 περὶ
814 2668 843 2695 δὲ
861 2669 916 2696 τῶν
938 2670 984 2697 ἐκ-

149 2705 308 2742 ϐεϐηκότων
329 2710 380 2737 ούκ
403 2710 459 2743 ἔτι,
485 2713 532 2739 καὶ
556 2713 631 2746 τέλος
656 2715 821 2750 ἐσχηκότων,
844 2716 985 2752 Ὲρώμεθα

149 2755 241 2784 τοίνυν
251 2757 350 2791 αὐτούς
360 2760 524 2789 ’Ἠκούσατε
532 2763 593 2798 περὶ
605 2763 652 2789 τοῦ
669 2764 860 2800 κατακλυσμοῦ
876 2766 924 2792 καὶ
935 2766 986 2801 τῆς

149 2806 339 2843 πανωλεθρίας
358 2809 479 2846 ὲκείνης;
505 2811 542 2847 μὴ
565 2813 674 2840 κάκεῖνο
692 2814 806 2850 ἀπειλῆς
831 2815 922 2842 ἕνεκεν
946 2815 986 2842 εἴ-

152 2864 235 2891 ρητο;
251 2857 312 2893 οὐχὶ
336 2858 442 2894 γέγονε,
467 2861 513 2887 καὶ
529 2861 570 2893 είς
593 2861 672 2898 ἔργον
687 2862 786 2896 ὲξέϐη;
806 2864 866 2900 οὐχὶ
884 2865 931 2892 καὶ
951 2865 984 2892 τὰ

786 148 832 177 DE
852 149 1032 179 PERFECTA
1051 153 1235 184 CARITATE.

1808 161 1860 189 288

1028 210 1078 247 ὅρη
1094 212 1227 250 μάρτυρεῖ
1247 217 1297 251 τῆς
1315 216 1478 253 Ἀρμενίας,
1500 216 1565 244 ἔνθα
1578 217 1595 252 ἡ
1615 218 1730 250 κιϐωτὸς
1748 218 1860 255 ἱδρύθης

1026 263 1087 297 οὐχὶ
1102 263 1149 290 καὶ
1169 265 1202 292 τὰ
1220 264 1332 300 λείψανα
1346 266 1432 299 αὐτῆς
1444 266 1496 298 ἕως
1510 266 1557 293 νῦν
1580 267 1637 293 ἐκεῖ
1659 267 1773 299 σώζεται
1793 268 1861 303 πρὸς

1028 312 1164 347 ἡμετέραν
1178 314 1345 350 ύπόμνησιν;
1363 315 1483 343 Τοιαῦτα
1497 316 1544 343 καὶ
1562 316 1623 342 τότε
1644 316 1736 343 πολλοὶ
1757 317 1859 352 ἔλεγον,

1029 360 1076 386 καὶ
1094 361 1123 388 ὲν
1145 362 1241 389 ἑκατὸν
1263 363 1334 390 ἔτεσι
1360 364 1411 398 τῆς
1427 364 1543 391 κιϐωτοῧ
1559 366 1788 402 τεκταινομένης,
1812 368 1860 394 καὶ

1028 407 1081 435 τῶν
1095 408 1180 440 ξύλων
1196 412 1473 446 κατασκευαζομένων
1483 418 1504 445 ’⁸,
1520 414 1567 439 καὶ
1581 413 1628 440 τοῦ
1648 414 1752 441 δικαίου
1779 414 1860 449 βοῶν-

1027 464 1082 488 τος.
1104 458 1191 489 οὐδεὶς
1208 460 1222 484 ὁ
1238 460 1372 487 πιστεύων
1386 458 1435 496 ἦν·
1453 461 1510 488 ἀλλ’
1524 462 1616 499 ἐπειδὴ
1629 463 1678 490 ούκ
1698 463 1860 491 ἐπίστευσαν

1028 501 1060 535 τῇ
1077 500 1119 527 διὰ
1140 501 1194 527 τῶν
1210 503 1338 538 ῥημάτων
1358 504 1473 541 ἀπειλῇ,
1493 506 1541 541 τὴν
1556 506 1599 533 διὰ
1614 507 1667 533 τῶν
1688 508 1860 542 πραγμάτων

1029 547 1182 584 ὑπέστησαν
1197 553 1331 586 τιμωρίαν
1347 552 1453 588 ἀθρόον.
1476 552 1544 581 Εἶτα
1562 556 1576 582 6
1598 555 1725 590 τοιαύτην
1747 556 1858 583 κόλασιν

1028 596 1104 633 [297]
1117 599 1263 633 ἐπαγαγὼν
1274 601 1397 633 ἐκείνοις,
1410 602 1440 628 ού
1456 602 1544 638 πολλῷ
1560 604 1657 639 μᾶλλον
1670 603 1763 636 ἐπάξει
1777 605 1859 640 ήμῖν;

1027 646 1058 673 οὐ
1078 647 1131 682 γὰρ
1145 647 1274 675 ἐλάττονα
1290 649 1344 676 τῶν
1356 649 1416 676 τότε
1428 651 1520 678 κακῶν
1532 651 1567 678 τὰ
1581 650 1627 677 νῦν
1641 652 1780 686 γινόμενα.
1792 652 1859 679 Τότε

1030 694 1078 728 μὲν
1091 694 1147 729 γὰρ
1163 696 1301 730 ἐπιμιξίας
1322 697 1429 724 ἐποίουν
1447 697 1601 733 ἀθέσμους·
1620 698 1773 733 Είσῆλθον
1793 700 1859 736 γὰρ,

1028 743 1119 778 φησὶν,
1133 746 1161 771 οἱ
1174 746 1232 772 υΙοὶ
1250 746 1303 772 τοῦ
1318 746 1391 774 Θεοῦ
1405 747 1479 780 πρὸς
1493 747 1546 780 τὰς
1562 747 1724 782 θυγατέρας
1736 748 1795 776 τῶν
1808 750 1860 776 ἀν-

1028 793 1165 826 θρώπιον-ο
1180 794 1228 820 νῦν
1241 794 1269 821 δὲ
1284 795 1334 822 οὐκ
1352 795 1425 823 ἔστιν
1439 794 1506 828 εἶδος
1528 797 1666 832 ἁμαρτίας
1680 797 1829 834 ἄπρακτον,
1846 797 1860 824 6

1027 843 1123 870 καταλι
1127 843 1270 879 μπόινεται.

1068 922 1148 956 Ἀλλ’,
1162 923 1186 950 εί
1202 923 1285 957 δοκεῖ,
1300 924 1347 951 καὶ
1363 925 1407 960 ἐφ’
1424 924 1506 961 ἕτερα
1522 925 1658 958 κολάσεως
1672 925 1728 961 εἴδη
1747 925 1794 952 τὸν
1815 925 1859 952 λό-

1026 979 1074 1006 γον
1092 972 1249 1008 ἀγάγωμεν,
1262 973 1306 1000 ἵνα
1323 974 1356 1000 ἐκ
1370 974 1424 1001 τῶν
1441 973 1594 1010 γενομένων
1614 975 1660 1001 καὶ
1679 974 1713 1001 τὰ
1730 974 1858 1009 μέλλοντα

1027 1023 1167 1058 πιστευθῇ.
1185 1022 1354 1058 Ἐπεδήμησέ
1377 1032 1418 1055 τις
1439 1024 1516 1060 ὑμῶν
1536 1025 1568 1060 τῇ
1586 1024 1751 1060 Παλαιστίνῃ
1773 1024 1857 1056 ποτέ;

1028 1070 1134 1105 Ἔγωγε
1153 1069 1239 1106 οἶμαι.
1260 1070 1363 1098 Οὐκοῦν
1382 1071 1461 1107 ὑμεῖς
1478 1073 1668 1108 μαρτυρήσατε
1689 1073 1721 1108 τῇ
1745 1071 1859 1107 ἀληθείᾳ

1026 1119 1081 1145 τῶν
1101 1118 1263 1154 λεγομένων.
1281 1119 1448 1151 Ἀσκάλωνος
1469 1119 1523 1154 γὰρ
1544 1120 1591 1146 καὶ
1613 1120 1703 1154 Γάζης
1723 1119 1858 1155 ἀνώτερον

1027 1166 1067 1197 είς
1083 1166 1148 1192 αύτδ
1168 1166 1215 1193 τοῦ
1233 1167 1366 1202 Ἰορδάνου
1383 1167 1506 1202 ποταμοῦ
1523 1167 1554 1193 τὸ
1573 1167 1650 1199 τέλος
1670 1165 1704 1202 ἦν
1725 1176 1766 1199 τις
1783 1167 1860 1203 χώρα

1026 1214 1109 1249 πολλή
1124 1223 1153 1241 τε
1167 1214 1214 1240 καὶ
1226 1213 1350 1250 εὔφορος,
1365 1216 1412 1242 καὶ
1425 1215 1464 1250 τῷ
1476 1215 1631 1250 παραδείσῳ
1643 1215 1691 1243 τοῦ
1704 1215 1771 1242 Θεοῦ
1785 1216 1862 1251 ἁμιλ-

1025 1260 1149 1298 λωμένη·
1162 1261 1232 1290 Εἷδε
1249 1263 1315 1299 γὰρ,
1327 1263 1404 1299 φησὶ,
1419 1263 1483 1290 Λὼτ
1504 1263 1608 1291 πᾶσαν
1621 1263 1679 1298 τὴν
1695 1264 1862 1299 περίχωρον

1026 1311 1079 1338 τοῦ
1094 1311 1251 1346 Ἰορδάνου,
1271 1311 1320 1339 καί
1335 1310 1376 1347 ἦν
1394 1311 1570 1346 ποτιζομένῃ
1589 1311 1630 1344 ὡς
1646 1313 1663 1339 ό
1681 1311 1862 1346 παράδεισος

1026 1360 1079 1388 τοῦ
1098 1361 1182 1388 Θεοῦ.
1201 1361 1282 1388 Ἀλλὰ
1304 1360 1352 1388 νῦν
1374 1360 1443 1397 αὕτη
1461 1361 1555 1388 πασῶν
1570 1360 1625 1388 τῶν
1652 1361 1764 1397 ἐρήμων
1787 1362 1862 1389 ἐστὶν

1027 1408 1190 1445 ὲρημοτέρα,
1202 1408 1321 1443 Ἐστηκε
1344 1408 1393 1443 μὲν
1408 1407 1463 1444 γὰρ
1474 1408 1584 1444 δένδρα,
1604 1409 1651 1436 καὶ
1670 1408 1777 1445 καρπὸν
1792 1409 1860 1444 ἔχει,

1027 1457 1042 1483 6
1052 1457 1081 1483 δὲ
1094 1456 1200 1492 καρπὸς
1210 1457 1260 1492 τῆς
1271 1456 1318 1483 τοῦ
1330 1456 1396 1484 Θεοῦ
1410 1457 1495 1493 ὀργῆς
1505 1458 1579 1484 ἐστιν
1592 1457 1751 1493 ὑπόμνημα.
1766 1457 1861 1493 Ἐστῄ-

1027 1513 1092 1532 κασι
1107 1505 1162 1540 γὰρ
1187 1504 1258 1540 ροιαὶ
1280 1504 1409 1540 λαμπρὰν
1426 1506 1475 1540 μὲν
1492 1505 1600 1541 ἔχουσαι
1616 1506 1665 1541 τὴν
1689 1506 1859 1541 ἐπιφάνειαν,

1027 1553 1075 1580 καὶ
1090 1553 1210 1589 χρηστὰς
1222 1552 1389 1589 παρέχουσαι
1404 1554 1461 1585 τοῖς
1478 1553 1620 1587 ἀγνοοῦσιν
1637 1553 1757 1586 ἐλπίδας,
1775 1556 1815 1586 εῑς
1833 1555 1862 1582 δὲ

1027 1603 1121 1637 χεῖρας
1143 1601 1286 1637 ληφθεῖσαι
1303 1602 1350 1628 καὶ
1374 1601 1595 1636 διακλασθεῖσαι,
1619 1602 1725 1638 καρπὸν
1747 1603 1797 1638 μὲν
1815 1603 1863 1630 οὒ-

1027 1650 1099 1683 δένα,
1120 1650 1193 1678 κόνιν
1215 1650 1244 1677 δὲ
1263 1650 1310 1677 καὶ
1324 1650 1429 1686 τέφραν
1450 1650 1648 1678 ἐπιδείκνυνται
1671 1651 1770 1687 πολλὴν
1789 1650 1863 1680 ἔνδον

1027 1698 1221 1734 ἀποκειμένην.
1241 1698 1359 1734 Τοιαύτη
1376 1698 1433 1726 ἐστὶ
1453 1699 1502 1725 καὶ
1524 1699 1540 1734 ὴ
1560 1699 1612 1734 γῆ,
1636 1699 1750 1726 τοιοῦτοι
1769 1700 1815 1727 καὶ
1838 1701 1863 1727 οι

1027 1747 1109 1780 λίθοι,
1126 1747 1245 1779 τοιοῦτος
1261 1747 1308 1774 καὶ
1327 1748 1341 1774 6
1364 1747 1419 1782 ἀὴρ
1435 1747 1525 1779 αὐτός.
1544 1747 1637 1774 Πάντα
1655 1747 1861 1783 ἑμπέπρησται,

1028 1796 1117 1823 πάντα
1129 1795 1305 1831 τετέφρωται,
1321 1796 1370 1831 τῆς
1385 1794 1573 1830 προλαϐούσης
1584 1794 1668 1831 ὀργῆς
1681 1795 1864 1830 ὑπομνήματα

1029 1843 1106 1876 ὅντα,
1127 1845 1177 1879 τῆς
1195 1843 1343 1879 μελλούσης
1359 1843 1495 1875 κολάσεως
1520 1842 1732 1879 προμηνύματα.
1748 1842 1794 1878 Μὴ
1815 1843 1863 1870 καὶ

1028 1891 1114 1919 ταῦτα
1126 1892 1235 1918 ἀπειλαὶ
1250 1892 1395 1928 ῥημάτων;
1411 1891 1447 1928 μὴ
1463 1891 1510 1918 καὶ
1523 1890 1609 1918 ταῦτα
1620 1890 1701 1925 ψόφοι
1719 1891 1862 1926 ρημάτων;

1029 1940 1063 1967 Et
1072 1949 1114 1971 τις
1130 1939 1240 1967 ἀπιστεῖ
1255 1941 1288 1976 τῇ
1305 1939 1412 1976 γεέννῃ,
1425 1939 1459 1966 τὰ
1472 1939 1577 1975 Σόδομα
1593 1938 1752 1974 λογιζέσθω,
1770 1939 1865 1966 τάτό-

1031 1989 1120 2024 μορρα
1135 1988 1271 2021 ἐννοείτω,
1286 1987 1335 2023 τὴν
1348 1987 1482 2023 τιμωρίαν
1495 1987 1543 2023 τὴν
1555 1987 1604 2022 ἤδη
1618 1986 1804 2022 γεγενημένην
1817 1986 1864 2014 καὶ

1032 2037 1114 2072 μέχρι
1129 2035 1177 2063 νῦν
1199 2036 1342 2071 μένουσαν.
1363 2035 1452 2070 Ὅπερ
1467 2035 1514 2062 καὶ
1530 2035 1546 2070 ὴ
1569 2034 1629 2061 θεία
1643 2034 1738 2070 Γραφὴ
1755 2035 1864 2070 διηγου-

1032 2085 1100 2121 μένη
1114 2086 1178 2120 περὶ
1197 2085 1246 2118 τῆς
1262 2084 1357 2119 σοφίας
1375 2083 1472 2120 φησίν·
1494 2083 1575 2117 Αὕτη
1593 2083 1720 2115 δίκαιον,
1736 2082 1865 2114 ἐξαπολ-

1030 2133 1169 2168 λυμένων
1193 2131 1325 2164 ἀσεϐῶν,
1349 2132 1496 2166 ἐρρύσατο
1520 2131 1654 2166 φυγόντα
1683 2129 1865 2158 καταϐάσιον

1031 2181 1091 2216 πῦρ
1107 2182 1330 2214 Πενταπόλεως.
1350 2180 1426 2215 Αὕτη
1444 2180 1492 2207 καὶ
1511 2178 1559 2207 νῦν
1578 2179 1617 2207 ἔτι
1637 2181 1678 2211 είς
1698 2179 1866 2214 Μαρτύριον

1031 2229 1088 2264 τῆς
1109 2229 1254 2264 πονηρίας
1274 2228 1470 2264 καπνιζομένη
1492 2229 1661 2263 καθέστηκε
1680 2228 1799 2262 χέρσος,
1814 2227 1864 2255 καὶ

1031 2279 1173 2306 ἀτελέσιν
1186 2278 1276 2312 ὥραις
1298 2277 1531 2313 καρποφοροῦσα
1545 2278 1581 2304 τὰ
1597 2276 1685 2312 φυτά.
1706 2276 1866 2310 ’Λναγκαῖον

1032 2327 1060 2354 δὲ
1078 2327 1125 2354 καὶ
1142 2327 1192 2363 τὴν
1206 2326 1295 2354 αἰτίαν
1308 2327 1405 2358 εἰπεῖν,
1421 2327 1454 2353 δι’
1467 2326 1501 2361 ἢν
1515 2325 1602 2352 ταῦτα
1625 2324 1800 2351 πεπόνθασιν.
1818 2325 1866 2352 Ἓν

1032 2375 1065 2413 ἦν
1078 2376 1107 2403 τὺ
1118 2377 1241 2411 πταῖσμα
1255 2376 1354 2409 αὐτῶν,
1368 2375 1485 2411 χαλεπὸν
1500 2374 1550 2410 μὲν
1569 2373 1616 2401 κα)⁴
1627 2373 1763 2408 ἐπάρατον
1774 2381 1782 2389 ⁸
1796 2373 1867 2409 πλὴν
1884 2370 1887 2372 ’

1032 2425 1071 2453 ἓν.
1094 2425 1189 2452 Παισὶν
1201 2425 1216 2445 ι)
1236 2423 1422 2459 ὲπεμαίνοντο,
1440 2422 1487 2449 καὶ
1508 2422 1552 2448 διὰ
1574 2421 1651 2448 τοῦτο
1676 2421 1782 2457 πυρίνῳ
1800 2429 1866 2448 κατ-

1033 2473 1188 2508 εκαύθησαν
1203 2471 1287 2507 ύετῷ’
1303 2470 1350 2498 νῦν
1362 2471 1390 2497 δὲ
1412 2470 1494 2505 μυρία
1510 2470 1557 2496 καὶ
1571 2470 1615 2496 ἴσα
1628 2469 1675 2495 καὶ
1687 2467 1866 2504 χαλεπώτερα

1033 2522 1152 2556 γίνεται,
1182 2520 1228 2547 καὶ
1253 2519 1372 2549 τοιοῦτος
1401 2518 1566 2553 ἐμπρησμὸς
1592 2517 1622 2544 οὐ
1649 2516 1764 2551 γίνεται.
1788 2516 1866 2548 Τίνος

1032 2570 1141 2602 ἒνεκεν;
1155 2567 1219 2596 Ὀτι
1236 2567 1291 2602 πῦρ
1310 2566 1402 2603 ἕτερον
1419 2565 1591 2601 ἡτοίμασται,
1613 2564 1745 2601 μηδέποτε
1759 2564 1866 2592 σϐεννύα

1036 2627 1125 2654 μενον.
1153 2617 1216 2648 Πῶς
1234 2617 1289 2651 γὰρ
1303 2616 1317 2642 6
1338 2615 1407 2651 ὑπὲρ
1429 2615 1488 2646 ἐνὸς
1513 2615 1710 2650 ἁμαρτήματος
1733 2613 1866 2648 τοσαύτην

1034 2665 1118 2701 ὀργὴν
1133 2664 1289 2699 ἐπαγαγὼν,
1305 2663 1352 2690 καὶ
1369 2663 1436 2698 μήτε
1454 2661 1501 2689 τοῦ
1520 2662 1646 2697 Ἀϐραὰμ
1662 2662 1710 2697 τὴν
1726 2661 1867 2697 ἱκετηρίαν

1035 2711 1194 2748 δεξάμενος,
1214 2711 1282 2746 μήτε
1305 2709 1350 2736 τὸν
1368 2709 1469 2736 ἕνοικον
1496 2708 1666 2743 δυσωπηθεὶς
1681 2708 1752 2742 Λὼτ,
1774 2706 1866 2734 τοσού-

1068 2838 1082 2853 ⁸
1092 2837 1159 2863 Colh.
1176 2838 1223 2861 τῶν
1235 2836 1485 2870 ξύλωννὺφαινομένων.
1570 2865 1577 2870 _
1667 2866 1671 2870 1

1070 2870 1083 2889 b
1097 2869 1137 2894 Sic
1148 2872 1214 2893 recte
1227 2867 1294 2894 Colb.
1309 2865 1418 2893 Μίδαι-Π.
1431 2867 1554 2898 ἐπάρατον·
1567 2865 1591 2890 iv
1602 2866 1691 2891 παισίν.
1721 2896 1729 2903 _
