2074 3126
160 149 218 177 ese
250 131 255 136 ’

161 218 273 251 peccato
288 217 388 240 tantam
402 211 468 238 iram
480 209 579 242 intulit,
598 216 684 244 neque
698 206 841 235 Abrahami
853 205 955 240 suppli-

161 260 299 289 cationem
313 257 441 292 suscepit,
455 264 542 290 neque
554 255 744 282 inhabitantem
760 254 854 280 Lotum
877 260 954 279 reve-

162 307 231 333 ritus
244 308 295 336 est,
310 307 349 330 tot
363 302 486 329 admissis
500 300 673 332 facinoribus,
685 299 762 327 nobis
777 299 885 334 parcet?
896 297 955 325 Non

165 351 203 377 ita
211 350 271 381 erit,
283 357 337 376 non
351 348 387 375 ita
400 351 483 375 certe.

201 395 228 422 8.
251 394 400 420 Peccatores
412 392 549 428 aliquando
563 391 590 418 in
604 391 651 418 hac
663 390 712 417 vita
723 389 784 416 dant
794 396 890 424 poenas.
906 388 956 422 Qui

166 440 193 467 in
209 439 257 467 hac
270 439 320 465 vita
331 446 377 473 pro
386 438 503 465 admissis
517 437 625 472 peccatis
642 435 705 462 nihil
720 435 859 470 patiuntur,
874 434 900 460 in
914 436 956 470 fu-

167 490 251 511 turam
266 484 387 519 puniendi
398 488 566 510 reservantur.
577 498 613 503 —
624 481 720 509 Verum
737 489 770 509 ne
788 481 831 508 hic
845 480 954 516 gradum

166 530 304 562 sistamus,
320 528 367 556 sed
383 536 440 563 age,
457 528 523 555 alios
539 528 564 555 in
579 527 695 555 medium
713 526 876 553 adducamus
890 533 954 559 sup‘

166 576 248 610 plicio
260 575 380 607 affectos,
394 578 421 600 ut
436 573 553 608 pluribus
570 571 839 600 demonstrationibus
851 577 882 598 ea
896 577 954 605 qua:

165 621 283 648 diximus
306 620 507 647 conﬁrmentur.
524 618 562 646 De
585 617 722 645 Pharaone
738 623 831 643 omnes
845 615 955 642 audistis

165 666 354 703 Egyptiorum
363 673 442 700 rege:
459 664 543 692 nostis
550 669 622 692 certe
633 671 699 698 quas
711 663 755 690 ille
770 662 842 689 dedit
851 668 951 696 poenas,

166 711 302 747 quomodo
325 719 384 738 cum
406 710 527 738 curribus
549 714 576 737 et
601 710 686 745 equis,
709 709 833 744 omnique
857 708 955 742 pariter

165 757 286 785 exercitu
301 756 328 783 in
343 757 462 783 Rubrum
480 763 556 782 mare
580 754 718 782 demersus
742 754 785 781 sit.
812 753 847 781 Ut
865 757 954 780 autem

165 803 318 831 Iudaeorum
338 809 443 837 quoque
466 801 594 836 supplicia
615 800 741 833 discatis,
764 799 826 827 audi
843 799 953 826 Paulum

165 849 299 877 dicentem
315 857 322 875 :
341 857 351 874 ‹
367 848 459 883 Neque
473 847 643 879 fornicemur,
659 847 727 874 sicut
740 846 846 881 quidam
861 853 953 873 eorum

164 894 287 922 fornicati
301 898 373 926 sunt,
389 898 415 921 et
425 893 561 928 perierunt
574 900 625 920 una
638 892 682 920 die
690 892 779 927 viginti
794 892 841 918 tria
851 891 931 918 millia
943 899 950 917 :

165 948 252 976 neque
264 947 470 972 murmuremus,
488 943 516 966 ut
533 938 639 973 quidam
658 945 749 966 eorum
772 944 954 964 murmurare—

163 992 237 1020 runt,
251 990 278 1013 et
289 986 422 1021 perierunt
434 986 468 1012 ab
481 985 706 1012 axterminatore:
720 991 806 1018 neque
820 987 953 1010 tentemus

164 1033 317 1065 Dominum,
331 1037 358 1058 ut
376 1031 484 1066 quidam
505 1038 595 1058 eorum
616 1033 796 1062 tentaverunt,
819 1033 845 1057 et
863 1037 878 1056 a
893 1037 952 1056 scr-

164 1079 287 1113 pentibus
302 1078 438 1112 perierunt
455 1086 464 1103 )
486 1077 529 1113 (l.
543 1075 602 1104 Cor.
617 1075 660 1104 l0.
675 1076 704 1103 8.
722 1075 766 1103 10.
783 1075 829 1109 9).
843 1074 918 1109 Quod
929 1075 952 1102 si

162 1129 192 1151 et
205 1125 242 1151 illi
257 1123 317 1150 talia
331 1131 378 1158 pro
390 1123 505 1158 peccatis
519 1122 588 1158 passi
598 1126 670 1154 sunt,
680 1121 743 1156 quid
757 1129 808 1148 non
821 1121 952 1155 patiemur

162 1170 231 1197 nos?
246 1171 278 1197 At
292 1177 363 1197 nunc
376 1169 441 1196 nihil
453 1176 534 1204 grave
547 1169 661 1203 patimur
678 1187 686 1200 ,
709 1166 822 1201 ideoque
836 1166 951 1194 maxime

163 1215 259 1242 timere
271 1218 384 1249 oportet.
401 1214 458 1241 Non
480 1213 550 1241 enim
565 1217 599 1239 ut
612 1220 665 1240 non
683 1218 775 1247 poenas
788 1211 881 1238 demus
899 1218 953 1238 ser-

162 1267 272 1292 vamur;
299 1259 346 1286 sed
360 1263 388 1286 ut
401 1259 535 1294 graviores
547 1258 641 1285 demus
652 1278 660 1291 ,
682 1257 733 1285 nisi
753 1261 950 1284 convertamur.

162 1306 204 1334 Illi
218 1306 290 1333 enim
310 1314 363 1332 non
385 1310 514 1333 noverant
532 1305 693 1340 gehennam,
707 1309 734 1332 et
748 1303 884 1339 suppliciis
908 1303 952 1331 hic

164 1351 255 1379 traditi
268 1356 329 1379 sunt
343 1360 350 1378 :
362 1359 410 1379 nos
424 1355 511 1379 autem
523 1351 743 1386 quandocumque
758 1344 914 1385 peccamus,
927 1349 951 1376 si

162 1398 228 1425 nihil
244 1399 270 1425 in
282 1398 404 1433 praesenti
420 1399 473 1425 vita
489 1405 570 1433 grave
584 1398 717 1432 patiamur
727 1417 734 1429 ,
750 1397 775 1424 in
790 1395 878 1423 futuro
892 1403 951 1423 om-

162 1445 206 1472 nia
229 1445 416 1479 perpetiantur.
445 1444 538 1471 Nonne
562 1451 621 1471 cum
641 1443 745 1471 ratione
765 1445 904 1477 pugnaret,
928 1441 950 1469 si

162 1490 228 1522 illis,
245 1489 287 1524 qui
299 1489 420 1516 rudiores
434 1494 461 1517 et
477 1489 653 1523 imperitiores
668 1493 755 1521 erant,
780 1488 842 1515 talia
853 1487 949 1522 passis,

163 1543 214 1562 nos
226 1535 270 1570 qui
287 1534 492 1570 perfectioribus
516 1534 629 1561 fruimur
649 1533 806 1568 disciplinis,
825 1539 851 1561 et
872 1534 951 1568 longe

162 1581 295 1616 graviora,
308 1589 386 1616 quam
398 1582 445 1613 illi,
461 1585 661 1615 perpetranius,
675 1580 834 1615 supplicium
853 1579 952 1614 effuge-

162 1629 270 1655 remus?
282 1627 367 1655 Vultis
380 1627 495 1662 reliquas
508 1627 587 1654 etiam
608 1627 714 1653 illorum
735 1625 827 1653 audire
840 1625 950 1653 calami-

164 1679 243 1705 tates,
264 1681 329 1709 quas
356 1674 425 1708 passi
448 1677 510 1701 sunt
534 1673 560 1700 in
587 1673 726 1700 Palaestina
747 1680 763 1699 a
787 1671 950 1707 Babyloniis,

163 1720 280 1755 Assyriis
300 1724 326 1746 et
348 1719 556 1746 Macedonibus?
579 1718 684 1753 quoties
709 1717 816 1749 famem,
837 1721 949 1751 pestem,

163 1766 232 1793 bella
247 1766 315 1800 passi
326 1769 397 1798 sunt,
411 1765 614 1799 etcaptivitates
627 1764 676 1790 sub
696 1763 756 1790 Tito
769 1767 794 1790 et
811 1762 952 1797 Vespasia-

163 1810 215 1836 no?
228 1809 336 1844 Jusepbi
349 1810 445 1837 librum
463 1809 542 1844 legite
552 1829 560 1842 ,
577 1816 655 1843 quem
669 1808 702 1835 de
721 1808 950 1843 Jerosolymorum

163 1856 267 1884 excidio
279 1856 394 1891 Scripsit,
408 1860 435 1883 et
448 1855 569 1882 acerbam
586 1855 656 1882 illam
669 1854 821 1890 tragmdiam
831 1853 950 1881 discetis.

163 1902 229 1929 Cum
241 1902 302 1928 aliis
316 1902 413 1936 quippe
428 1901 623 1928 calamitatibus
644 1900 670 1927 in
685 1904 784 1927 tantam
799 1899 894 1926 famem
908 1899 951 1925 in-

162 1947 294 1979 ciderunt,
311 1952 339 1974 ut
354 1947 456 1974 balteos
470 1947 550 1974 etiam
573 1953 646 1977 suos,
661 1949 688 1973 et
700 1945 803 1973 calceos
823 1945 949 1977 ederentI

163 1993 247 2028 iisque
273 1993 352 2020 etiam
377 1992 542 2020 horribiliora
560 2001 567 2020 :
582 1992 670 2019 omnia
700 1991 797 2027 quippe
827 1991 951 2018 dentibus

162 2038 301 2074 subigebat
323 2039 469 2066 necessitas
481 2059 489 2072 ,
506 2043 535 2066 ut
556 2038 697 2073 praedictus
716 2038 830 2072 scriptor
851 2037 898 2064 ait.
913 2037 951 2065 Ac

164 2093 249 2120 neque
264 2085 290 2112 in
303 2085 344 2112 his
356 2089 497 2118 steterunt,
509 2085 571 2120 quin
584 2085 664 2113 etiam
681 2085 803 2119 proprios
818 2083 888 2112 ﬁlios
902 2083 950 2111 dc-

164 2136 311 2166 guslarunt.
336 2131 475 2166 Quomodo
500 2139 574 2167 ergo,
600 2139 660 2158 cum
684 2131 721 2158 illi
740 2131 805 2158 tales
829 2129 951 2158 dederint

750 149 793 177 DE
812 147 993 176 PERFECTA
1012 146 1194 175 CARITATE.

1744 151 1798 180 290

1009 211 1113 240 pinnas,
1129 211 1187 237 nos,
1210 204 1254 239 qui
1271 205 1390 239 graviora
1409 204 1450 232 his
1465 209 1659 240 perpetramus,
1682 206 1795 238 effugia-

1008 249 1085 277 mus?
1097 249 1162 276 Nam
1176 250 1197 276 si
1212 254 1275 276 tunc
1290 249 1326 276 illi
1343 249 1412 283 plexi
1430 254 1507 282 sunt,
1534 258 1583 277 cur
1603 258 1651 277 nos
1663 252 1717 285 jam
1741 259 1795 278 non

1007 295 1167 329 plectimur?
1182 296 1278 323 Annon
1296 296 1338 323 vel
1352 303 1423 324 eieci)
1438 296 1607 324 manifestum
1622 301 1664 325 est
1681 297 1741 326 ideo
1754 298 1795 325 sic

1007 342 1059 376 agi,
1072 346 1101 368 ut
1115 349 1186 376 saepe
1197 341 1263 375 dixi,
1276 342 1346 376 quod
1361 342 1438 370 nobis
1448 342 1607 377 supplicium
1631 343 1656 370 in
1676 343 1793 371 futurum

1007 387 1178 415 reservetur?
1189 387 1229 415 Ad
1252 388 1309 415 haec
1320 395 1383 415 vero
1396 388 1587 416 consideranda
1604 389 1670 416 sunt
1684 397 1715 417 ea
1733 398 1795 426 qua:

1007 441 1078 460 nunc
1092 433 1118 460 in
1132 433 1183 461 hoc
1197 434 1296 461 mundo
1307 439 1436 469 geruntur
1447 456 1454 468 ,
1468 439 1495 463 et
1504 436 1633 470 gehenme
1647 436 1725 464 ﬁdem
1739 445 1792 464 non

1006 479 1172 514 negabimus.
1187 479 1251 506 Nam
1264 480 1286 507 si
1297 480 1383 515 justus
1396 485 1438 508 est
1453 481 1532 514 Deus,
1544 488 1593 509 nec
1608 489 1735 516 personas
1749 489 1794 509 ac-

1006 524 1080 558 cipit,
1093 529 1121 551 ut
1133 529 1207 552 certe
1221 533 1312 552 verum
1333 530 1384 559 est,
1407 533 1456 553 cur
1477 526 1519 553 hic
1543 527 1587 553 alii
1601 527 1712 554 casdium
1728 527 1792 554 dant

1007 577 1110 603 poenas,
1121 571 1166 597 alii
1180 579 1232 598 non
1242 571 1327 599 dant?
1340 580 1387 599 cur
1397 581 1429 600 ex
1443 573 1555 601 meritis
1568 574 1613 601 alii
1627 574 1773 609 puniuntur
1783 595 1790 607 ,

1006 615 1050 641 alii
1067 623 1118 642 non
1135 616 1204 650 plcxi
1219 617 1384 645 moriuntur?
1396 622 1460 653 quot
1483 618 1665 653 sepulcrorum
1683 619 1793 647 eﬁ‘osso-

1006 668 1049 687 res
1063 668 1167 695 pinnam
1189 662 1401 698 vitarunllquot
1422 664 1506 692 fures!
1536 669 1601 700 quot
1621 666 1712 693 avari!
1728 670 1793 700 quot

1006 711 1126 740 raptores
1139 707 1145 734 !
1157 707 1184 735 Si
1197 715 1261 743 ergo
1274 708 1395 743 gehenna
1411 717 1462 735 non
1475 715 1554 742 esset,
1570 710 1676 737 ubinam
1689 711 1724 737 illi
1738 720 1792 744 μω-

1006 760 1068 780 nam
1083 753 1205 783 dabunt!
1227 753 1294 781 Num
1320 755 1562 782 contradicentibus
1592 757 1790 790 persuademus,

1006 807 1065 834 qua:
1089 799 1121 826 de
1135 799 1180 826 illa
1206 804 1351 827 narrantur
1363 808 1416 827 non
1438 808 1498 829 esse
1520 801 1655 830 fabulam?
1670 802 1705 830 lta
1722 804 1792 830 enim

1005 853 1067 873 vera
1082 850 1154 878 sunt,
1167 851 1195 873 ut
1209 854 1261 874 non
1279 854 1327 874 nos
1342 851 1452 881 tantum,
1464 847 1511 874 sed
1526 849 1605 875 etiam
1621 854 1716 883 poetae,
1731 850 1791 884 phi-

1005 891 1109 927 losophi
1124 897 1151 920 et
1165 892 1311 920 fabularum
1324 894 1468 929 scriptores
1483 894 1515 922 de
1530 893 1614 922 futura
1632 903 1679 929 pro
1698 897 1792 923 merito

1005 943 1077 965 sorte
1092 938 1268 973 philosophati
1286 940 1340 966 sint
1356 959 1364 972 ,
1381 944 1407 967 et
1422 939 1557 974 improbos
1572 940 1598 967 in
1614 939 1717 967 inferno
1732 948 1792 968 cru-

1005 983 1068 1011 ciari
1083 984 1212 1012 dixerint.
1222 985 1286 1012 Nam
1300 986 1403 1013 etiamsi
1419 985 1476 1013 haec
1484 993 1547 1014 vere
1555 992 1582 1013 ut
1592 991 1653 1013 sunt
1665 994 1791 1016 enarrare

1005 1037 1057 1057 non
1071 1034 1220 1064 potuerunt,
1236 1035 1326 1065 utpote
1338 1031 1382 1066 qui
1393 1039 1427 1059 ex
1438 1032 1576 1059 ratiocinio
1589 1036 1689 1059 tantum
1705 1040 1791 1068 exque

1004 1080 1094 1103 nostra
1107 1076 1228 1104 doctrina
1241 1077 1312 1104 male
1331 1081 1439 1112 accepta
1463 1077 1496 1104 ad
1512 1077 1537 1104 id
1550 1079 1662 1112 permoti
1675 1078 1789 1112 fuerint,

1004 1127 1119 1149 attamen
1132 1123 1168 1149 illi
1180 1123 1319 1157 imaginem
1326 1123 1466 1158 quamdam
1477 1123 1570 1158 judieii
1581 1124 1668 1159 adepti
1676 1125 1790 1154 fuerant.

1004 1167 1116 1203 Cocytos
1131 1168 1202 1195 enim
1213 1172 1377 1201 memorant,
1400 1168 1666 1205 Pyriphlegethontas
1677 1170 1772 1197 ﬂuvios
1781 1191 1790 1204 ,

1003 1218 1029 1240 et
1040 1212 1127 1248 Stygis
1141 1220 1246 1248 aquam,
1262 1217 1290 1240 et
1302 1213 1442 1241 Tartarum
1457 1218 1559 1241 tantum
1572 1222 1587 1241 a
1598 1218 1668 1242 terra
1683 1213 1788 1243 distan-

1004 1264 1068 1293 tem,
1082 1264 1210 1295 quantum
1224 1259 1278 1294 ipsa
1292 1267 1306 1286 a
1318 1259 1393 1293 cmlo,
1409 1259 1506 1287 multos
1520 1268 1624 1296 quoque
1636 1259 1704 1288 alios
1713 1260 1794 1288 ultio-

1004 1305 1045 1333 nis
1058 1305 1151 1333 modos
1165 1315 1172 1333 :
1188 1313 1347 1341 rursumque
1358 1305 1477 1342 Elysium
1487 1313 1621 1341 campum,
1634 1309 1661 1334 et
1673 1305 1792 1334 fortuna-

1004 1355 1091 1378 torum
1113 1350 1224 1384 insulas,
1250 1355 1324 1386 prata
1346 1350 1450 1384 ﬂorida,
1479 1351 1648 1385 fragrantiam
1669 1351 1790 1386 multam,

1003 1403 1095 1423 auram
1109 1400 1213 1423 tenuem
1227 1401 1254 1423 et
1267 1395 1364 1423 choros
1375 1396 1428 1424 illic
1441 1401 1590 1431 versantes,
1611 1397 1673 1425 albo
1684 1397 1791 1426 indutos

1003 1443 1112 1475 amictu,
1137 1442 1263 1477 quasdam
1278 1442 1445 1470 modulantes
1457 1442 1617 1476 cantilenas,
1640 1443 1667 1470 in
1685 1450 1788 1471 summa

1003 1488 1082 1516 bonis
1096 1493 1123 1517 et
1135 1488 1213 1517 malis
1225 1493 1284 1524 post
1302 1488 1404 1516 exitum
1417 1496 1450 1515 ex
1466 1489 1515 1515 hac
1528 1489 1581 1515 vita
1596 1493 1792 1523 paratamsor-

1004 1539 1057 1562 tem
1069 1535 1252 1570 promeritam.
1267 1533 1307 1562 Ne
1317 1534 1406 1569 itaque
1413 1534 1542 1570 gehennae
1561 1533 1637 1562 ﬁdem
1654 1542 1789 1570 negemus,

1004 1589 1038 1609 ne
1052 1581 1078 1609 in
1093 1581 1164 1609 illam
1185 1580 1351 1608 incidamus:
1365 1588 1424 1607 nam
1438 1581 1481 1616 qui
1498 1588 1549 1607 non
1562 1580 1662 1613 credit,
1685 1582 1791 1616 segnior

1004 1627 1141 1660 efﬁcitur;
1158 1627 1202 1662 qui
1217 1627 1305 1661 segnis
1315 1630 1366 1657 est,
1382 1626 1408 1653 in
1422 1625 1493 1653 illam
1515 1626 1606 1661 procul
1626 1625 1706 1653 dubio
1721 1626 1768 1653 ibit
1782 1635 1789 1653 :

1006 1675 1058 1700 imo
1071 1673 1212 1700 credamus
1227 1672 1284 1699 sine
1299 1670 1465 1698 dubitatione
1478 1691 1487 1704 ,
1508 1671 1593 1706 deque
1609 1671 1652 1697 illa
1668 1670 1791 1706 frequen-

1003 1723 1046 1746 ter
1058 1717 1250 1752 colloquamur,
1274 1720 1301 1744 et
1322 1724 1375 1743 non
1393 1716 1469 1743 facile
1495 1716 1672 1751 peccabimus.
1694 1716 1791 1751 llujus-

1003 1764 1075 1792 modi
1089 1772 1202 1798 namque
1212 1770 1364 1791 sermonum
1379 1761 1607 1794 commemoratio,
1626 1762 1700 1796 quasi
1715 1769 1791 1789 acer-

1003 1810 1066 1838 bum
1081 1809 1212 1845 quoddam
1225 1808 1383 1840 remedium,
1398 1807 1544 1843 nequitiam
1559 1814 1666 1834 omnem
1685 1807 1791 1834 abster-

1003 1865 1066 1892 gere
1079 1855 1186 1891 poterit,
1201 1855 1224 1882 si
1238 1854 1336 1882 nostris
1348 1859 1479 1890 perpetuo
1492 1852 1590 1880 animis
1600 1852 1724 1880 insideat.
1735 1852 1792 1880 Hoc

1004 1903 1093 1938 itaque
1114 1901 1234 1929 remedio
1249 1905 1364 1933 utamur,
1392 1904 1421 1927 ut
1443 1899 1526 1935 probe
1545 1899 1699 1934 expurgati,
1720 1899 1792 1934 digni

1004 1949 1088 1976 simus
1098 1948 1142 1983 qui
1166 1947 1248 1974 Deum
1263 1947 1401 1974 videamus
1412 1965 1420 1978 ,
1435 1950 1464 1973 ut
1484 1945 1519 1972 ab
1543 1945 1695 1973 hominibus
1709 1945 1792 1971 videri

1004 1998 1101 2029 potest,
1115 1997 1143 2020 et
1154 1992 1250 2020 futuris
1263 1991 1381 2020 fruamur
1398 1991 1484 2022 bonis,
1494 1991 1577 2026 gratia
1592 1995 1619 2018 et
1632 1990 1794 2025 benignitate

1005 2038 1110 2067 Domini
1125 2038 1207 2066 nostri
1221 2038 1286 2066 Jesu
1300 2035 1408 2064 Christi.
1421 2035 1474 2072 Ipsi
1486 2035 1571 2072 gloria
1584 2035 1612 2064 in
1626 2036 1723 2063 saecula
1737 2043 1789 2063 sa:-

1004 2084 1136 2113 culorum.
1150 2084 1246 2111 Amen.

164 2282 1782 2318 W

483 2466 536 2496 AD
561 2461 767 2494 HOMILIAM
789 2459 828 2489 IN
856 2456 999 2488 JOSEPH
1031 2455 1081 2485 ET
1113 2453 1165 2484 DE
1190 2450 1472 2482 CONTINENTIA.

167 2595 239 2623 docti
254 2599 282 2622 et
293 2591 414 2621 accurati
431 2591 529 2625 Josepb

167 2671 247 2693 erant
262 2664 379 2692 exscribi
398 2663 519 2698 mihique
535 2659 682 2689 transmitti
696 2655 808 2685 curavit.
823 2654 925 2681 Caetera
944 2652 1016 2679 enim
1036 2650 1135 2677 avulsis
1157 2649 1227 2676 foliis
1244 2647 1393 2683 perierunt,

169 2734 212 2762 vir
229 2732 416 2761 Boevvlcsius.

547 2586 708 2618 Boevvlesii,
723 2579 999 2620 protobibliothecarii
1014 2573 1150 2606 Bodleiani
1161 2584 1244 2612 ,,qu:e
1267 2574 1426 2611 paucissima
1441 2573 1469 2600 in
1487 2571 1671 2606 Manuscripto
1686 2578 1781 2604 supcr-

1411 2649 1442 2672 ut
1455 2643 1561 2672 monuit
1577 2642 1636 2677 ipse
1657 2639 1785 2667 laudatus

207 2800 400 2837 lntcrprctatio
413 2798 516 2832 Latina,
531 2795 581 2825 etsi
598 2799 684 2828 rctus,
703 2798 743 2821 sat
756 2793 824 2820 bene
838 2788 998 2818 concinnata
1011 2789 1062 2813 est.

920 2880 1056 2890 ...._——--
