2074 3126
298 142 343 170 291

663 141 690 170 S.
710 142 847 170 JOANNIS
864 142 1099 173 CHRYSOSTOMI
1118 146 1276 175 ARClllEP.
1296 149 1560 182 CONSTAN‘I‘INOP.

1884 159 1936 188 ωε

299 214 1922 236 -.Ἥ

747 274 945 310 EJUSDE
952 276 992 309 Μ
1020 276 1090 311 DE
1117 278 1474 318 CONTINENTIA
1481 306 1494 318 .

334 355 347 370 ι
369 349 424 376 Ἀεὶ
443 349 493 386 μὲν
516 351 579 386 ἐμοὶ
599 351 674 379 δοκεῖ

297 395 507 431 χρησιμώτατος
534 395 603 424 εἴναι
626 398 672 424 καὶ

299 442 412 476 πρέπων
448 444 504 475 τοῖς
529 443 576 470 τοῦ
606 445 674 479 Χριν-

301 487 365 514 στοῦ
390 488 492 520 δούλοις
505 489 519 515 ὁ
536 491 601 524 περὶ
622 499 673 517 σω-

300 535 521 571 φροσύνηςλόγος
536 545 542 552 ·
555 538 673 572 μάλιστα

300 581 329 606 δὲ
346 581 392 607 νῦν
416 582 444 608 ὲν
468 583 556 618 καιρῷ
579 583 672 612 τοῦτον

303 627 473 663 ποιησόμεθα
497 629 565 664 πρὸς
589 630 672 665 ὑμᾶς,

298 674 343 701 ὅτε
366 676 411 702 τὸν
424 677 540 712 Χριστὸν
562 679 673 707 ἐνδυσά-

300 729 375 754 μενοι
399 723 447 757 τῆς
469 724 631 760 Ἑκκλησίας
649 728 672 754 οἱ

298 768 392 800 παῖδες
403 789 409 802 ,
427 771 602 805 σωφροσύνην
619 773 672 807 μά-

297 815 376 842 λιστα
389 817 538 852 κεκτῆσθαι
549 820 602 854 πρὸ
617 821 672 847 τῶν

297 864 384 910 ἄλλων
416 866 568 900 ὀφείλουσιν
602 869 672 903 ἀγα-

298 910 363 938 θῶν.
385 913 461 939 Ἐπεὶ
477 914 524 940 καὶ
544 915 617 946 ὅστις
633 913 671 942 εῖ-

297 956 341 983 δεν
356 957 474 993 ἀθλητὰς
484 980 491 992 ,
511 960 667 994 Ὀλυμπίοις

299 1004 475 1038 νομισθέντας
525 1008 642 1041 πρέπειν
661 1028 668 1040 ,

299 1047 495 1084 ἀλειψαμένους
507 1051 552 1078 ἐπὶ
563 1052 592 1079 τὸ
607 1055 670 1080 στά-

296 1092 352 1119 διον
366 1096 580 1129 καταίαίνοντας
589 1120 595 1130 ,
611 1097 669 1126 εἶτα

295 1139 359 1174 περὶ
390 1140 588 1177 παλαισμάτων
624 1146 671 1172 καὶ

296 1186 443 1221 καρτερίας
457 1189 504 1215 καὶ
518 1189 595 1225 νίκης
618 1191 671 1218 διε-

296 1230 378 1266 λέχθη
403 1233 471 1267 πρδς
494 1235 610 1268 αὐτοὺς,
640 1237 669 1264 ὲν

296 1277 383 1313 καιρῷ
392 1279 471 1306 τοῦτο
488 1283 670 1318 πεποιηκέναι

297 1323 409 1357 δικαίως
423 1326 455 1353 ἂν
468 1328 543 1362 παρὰ
560 1330 668 1358 πάντων

295 1371 442 1405 νομίζοιτο.
469 1375 524 1401 Καὶ
558 1376 589 1411 δὴ
620 1377 667 1404 καὶ

294 1417 374 1451 ἡμεῖς
385 1419 536 1454 ἑωρακότες
548 1423 611 1456 τοὺς
622 1425 668 1451 τοῦ

297 1462 373 1500 [300]
388 1465 514 1502 Σωτῆρος
527 1468 646 1505 ἀθλητὰς
658 1491 665 1503 ,

295 1508 409 1544 δύναμιν
433 1511 564 1546 λαϐόντας
593 1517 670 1552 παρὰ

293 1554 341 1581 τοῦ
363 1555 524 1592 Πνεύματος
541 1560 586 1587 διὰ
613 1563 668 1590 τῶν

293 1599 373 1628 θείων
383 1605 550 1640 μυστηρίων,
557 1607 668 1641 εἰκότως

292 1646 327 1674 ἂν
342 1648 412 1684 ὑπὲρ
424 1653 600 1688 σωφροσύνης
610 1655 668 1681 δια-

292 1694 440 1729 Λεχθέντες,
454 1698 499 1723 ἐπὶ
514 1699 559 1726 τὸν
574 1701 667 1735 ἀγῶνα

291 1738 336 1765 τὸν
361 1744 544 1777 πνευματικὸν
575 1755 667 1782 παρα-

295 1786 459 1822 πέμψωμεν.
483 1790 528 1816 Ἑν
545 1791 595 1826 μὲν
620 1790 666 1820 οὖν

291 1833 348 1863 τοῖς
363 1833 504 1868 ἀνθρωπί.
523 1856 530 1864 .
546 1857 552 1865 .

742 353 807 380 Mihi
831 354 942 388 quidem
971 362 1079 390 semper

707 399 869 428 utilissimus
893 401 1020 434 videtur,
1053 407 1082 430 et

706 446 808 474 Christi
818 447 905 475 servis
916 448 1015 484 dignus
1024 456 1083 476 ser-

708 501 752 520 mo
767 494 800 521 de
815 495 984 522 continentia
1001 505 1007 523 :
1022 505 1082 524 ma-

708 540 780 574 xime
788 545 878 568 autem
888 546 1010 577 tempore
1018 543 1079 576 hoc,

708 587 818 621 quando
839 587 979 615 Christum
994 583 1082 616 induti

708 633 785 667 pueri
803 633 932 661 Ecclesiae
954 642 1010 669 pra:
1021 635 1082 663 aliis

708 678 787 706 bonis
805 679 1003 708 continentiam
1018 689 1082 716 pos-

707 726 798 754 sidere
825 728 943 755 maxime
969 729 1080 757 debent.

706 775 792 804 Nemo
806 776 906 812 injuste
925 778 968 804 vel
982 778 1082 805 intem-

706 824 812 856 pestive
829 823 862 850 de
874 823 1038 851 fortitudine
1052 828 1080 851 et

707 871 856 898 certamine
868 870 969 898 factum
983 871 1082 899 dixerit

706 924 861 944 sermonem
873 937 880 949 ,
898 925 960 944 cum
974 917 1083 945 athleta:

703 962 779 996 juxta
818 961 972 998 Olympicas
1007 963 1082 999 leges

705 1013 879 1035 exercentur.
893 1008 987 1043 itaque
996 1014 1024 1036 ct
1032 1017 1082 1037 nos

705 1061 779 1080 nunc
786 1054 1007 1082 athletasChristi
1014 1063 1083 1090 quos

707 1097 832 1127 videmus
848 1101 986 1136 accepisse
996 1102 1083 1129 virtu-

709 1149 763 1173 tem
772 1153 787 1172 a
795 1145 898 1180 Spiritu
918 1151 1030 1182 propter
1039 1148 1083 1174 di-

708 1191 771 1219 vina
782 1197 964 1224 sacramenta,
974 1193 1008 1220 ad
1017 1201 1079 1228 ago-

708 1230 770 1265 nem
779 1238 950 1273 spiritualem
960 1239 1081 1273 missuri,

707 1284 846 1311 meritode
853 1285 1021 1312 continentia
1028 1286 1071 1313 dis

707 1329 834 1356 serimus.
877 1329 907 1356 In
935 1330 1082 1358 mundanis

687 1374 780 1405 ~,enim
803 1375 998 1403 certaminibus
1021 1381 1082 1411 post

706 1420 849 1448 victoriam
882 1429 1011 1455 coronae;
1052 1423 1082 1450 in

705 1466 806 1494 Christi
851 1471 941 1494 autem
987 1468 1082 1495 stadiis

705 1516 767 1539 ante
795 1512 937 1540 victoriam
963 1521 1096 1541 θοι-οπερ

705 1557 793 1591 Quare
819 1563 910 1586 autem
936 1565 1082 1588 coronatos

705 1605 733 1631 in
773 1612 887 1639 agonem
918 1605 1002 1633 mittit
1031 1614 1082 1634 nos

703 1650 842 1678 Christus?
858 1651 892 1679 Ut
911 1657 1014 1680 metum
1028 1653 1081 1680 -in-

703 1700 789 1726 cutiat
812 1700 990 1733 adversariis,
1016 1709 1080 1729 sen-

703 1752 804 1779 susque
828 1749 936 1774 nostros
962 1747 1049 1783 erigat
1070 1756 1079 1776 :

703 1797 734 1819 ut
760 1792 794 1819 ad
820 1792 952 1820 honorem
979 1802 994 1821 a
1024 1795 1079 1823 Deo

702 1837 781 1865 nobis
796 1837 888 1865 datum
905 1844 1060 1872 spectantes
1068 1861 1077 1872 ,

290 1874 357 1901 nihil
388 1874 524 1910 indignum
545 1874 657 1901 Domino
687 1875 730 1901 vel
753 1875 911 1909 loquamur,
932 1876 974 1903 vel
997 1878 1078 1903 facta-

290 1926 361 1946 mus.
390 1919 456 1947 Nam
477 1919 500 1946 si
523 1927 571 1947 rex
586 1919 680 1954 aliquis
695 1927 810 1955 purpura
823 1920 934 1948 amictus
946 1941 954 1953 ,
970 1928 1082 1949 corona-

289 1973 342 2000 que
359 1969 438 2000 caput
460 1969 629 1998 ornatus,'et
654 1966 740 1993 victus
754 1969 855 1993 natura
879 1966 1085 1999 all‘ectionibus.‘

290 2010 425 2046 indignum
439 2011 562 2045 quiddam
571 2011 643 2046 regia
659 2011 797 2046 majestate
812 2011 914 2045 fecerit,
929 2020 991 2040 mox
1007 2017 1036 2040 ut
1050 2013 1076 2040 in

289 2056 389 2091 regiam
409 2057 503 2083 stolam
526 2057 670 2091 aspexerit,
697 2057 823 2084 emendat
848 2065 894 2090 se,
918 2065 1079 2094 operamque

287 2101 334 2129 dat
347 2109 380 2128 ne
393 2101 504 2136 posthac
524 2109 540 2129 a
557 2102 634 2129 foedis
654 2103 776 2130 vincatur
791 2104 989 2139 cupiditatibus.
1004 2105 1037 2132 Et
1050 2110 1078 2132 tu

287 2154 392 2182 quoque
413 2147 522 2174 indutus
536 2148 690 2181 Christum,
706 2150 787 2177 vitata
810 2150 879 2185 turpi
896 2151 992 2178 animze
1011 2159 1078 2178 con-

286 2192 448 2227 cupiscentia
461 2214 468 2225 ,
483 2193 516 2220 ad
531 2193 647 2220 divinam
670 2194 759 2222 statim
773 2195 868 2222 stolam
884 2196 999 2231 respice,
1015 2205 1073 2224 me-

286 2238 389 2273 liorque
403 2238 491 2265 statim
506 2239 569 2272 eris,
579 2232 670 2274 neque
680 2240 787 2275 maligni
802 2241 903 2269 artibus
917 2242 1073 2270 oﬂ‘endcris.

285 2283 366 2318 Igitur
387 2283 527 2318 pulchrum
542 2284 647 2319 quidem
671 2286 862 2314 continentiam
885 2288 1074 2316 commendare

285 2328 416 2362 laudibus,
429 2329 563 2363 pulchrius
573 2334 661 2357 autem
678 2331 828 2365 possidere.
842 2332 875 2359 Et
889 2339 954 2360 sane
964 2340 1016 2360 non
1029 2341 1076 2368 pa-

284 2382 342 2402 rum
358 2375 391 2402 ad
411 2376 602 2403 continentiam
624 2377 785 2411 incitantur,
799 2378 844 2413 qui
863 2379 975 2406 multum
990 2379 1023 2408 de
1040 2387 1071 2407 ea

284 2419 426 2454 loquuntur
438 2425 465 2448 et
476 2421 596 2448 audiunt.
609 2422 694 2457 Atque
702 2430 761 2450 eam
770 2423 804 2450 ob
817 2431 873 2451 rem
887 2424 997 2452 virtutes
1010 2432 1074 2452 san-

284 2469 386 2494 ctorum
412 2466 543 2495 celebrari
570 2468 653 2495 sacris
674 2468 817 2503 Scripturis
831 2469 915 2497 voluit
938 2470 1020 2502 Deus,
1046 2475 1075 2498 ut

284 2517 377 2537 omnes
403 2510 526 2538 homines
541 2510 570 2538 in
587 2512 695 2540 illorum
720 2513 858 2541 trahantur
881 2515 1072 2548 imitationem,

283 2555 445 2591 vestigiaque
458 2556 561 2584 illorum
577 2558 717 2594 diligenter
727 2560 862 2595 sequendo
875 2563 993 2595 persuasi
1006 2570 1072 2589 con-

285 2601 425 2628 tinentiam
443 2607 547 2636 parent.
562 2603 667 2631 Etenim
683 2605 704 2632 si
723 2605 749 2632 in
770 2606 901 2641 gymnicis
915 2608 1072 2635 certamini-

281 2647 332 2674 bus
347 2647 482 2682 plerique,
496 2648 559 2676 visis
570 2649 679 2686 agletis
692 2652 824 2678 coronatis
834 2672 841 2683 ,
855 2653 977 2686 accensi,
992 2653 1072 2681 etiam

280 2693 331 2728 ipsi
344 2701 374 2721 se
388 2699 537 2728 exuerunt,
553 2700 581 2723 et
592 2697 691 2724 multos
708 2698 820 2724 sudores
839 2699 996 2734 laboresque
1012 2707 1072 2734 per-

280 2740 408 2774 tulerunt,
426 2745 454 2768 ut
469 2742 550 2769 ramis
565 2742 606 2769 vel
621 2743 687 2770 olea:
707 2744 746 2770 vel
771 2743 836 2771 lauri
852 2751 1046 2773 coronarentur
1062 2755 1069 2773 :

280 2791 376 2820 quanta
390 2794 454 2822 ergo
468 2795 517 2814 nos
535 2790 659 2815 convenit
677 2788 815 2817 alacritate
838 2798 886 2824 pro
909 2791 1070 2820 continentia

278 2831 390 2860 sudores
402 2833 481 2866 ferre,
493 2834 598 2868 quando
608 2835 674 2862 alios
685 2842 700 2862 a
715 2835 770 2862 Deo
784 2842 926 2865 coronatos
937 2838 1069 2871 videmus,

279 2883 307 2906 ut
333 2878 483 2906 ciclestibus
514 2879 686 2908 redimiamur
713 2883 840 2916 coronis,
870 2888 978 2918 propter
1002 2885 1070 2912 bona

278 2924 455 2960 salutariaque
469 2924 608 2952 facinora?
621 2926 760 2960 Quomodo
776 2935 829 2955 non
844 2936 924 2962 grave
936 2934 962 2957 ct
983 2930 1065 2957 multa

1136 358 1174 386 ira
1203 358 1328 393 dignum,
1355 359 1376 385 si
1407 359 1520 386 athletas
1545 359 1652 386 allectct
1680 359 1772 387 folium
1797 361 1863 388 lauri
1888 363 1930 389 vel

1135 405 1223 437 olivae,
1238 410 1270 431 ct‘
1281 405 1365 440 gloria
1389 405 1549 433 transitoria:
1569 406 1648 441 lmjus
1674 408 1734 441 vita:
1750 417 1755 434 :
1775 416 1824 436 nos
1839 414 1928 436 autent

1137 450 1201 476 nihil
1218 455 1340 477 moveant
1353 450 1450 478 Christi
1462 459 1581 484 munera,
1597 457 1626 479 ιιι
1638 460 1744 480 omnem
1766 455 1928 490 voluptatem

1132 502 1316 528 :unoveamus,
1341 499 1368 522 et
1390 497 1513 524 timorem
1541 497 1587 524 Dei
1609 499 1781 532 praeferamus
1802 502 1930 536 concupi-

1135 541 1266 567 scentiis?
1280 541 1363 569 Porro
1376 543 1465 569 nonin
1479 543 1542 570 solis
1556 544 1706 572 hominibus
1719 546 1840 575 videmus
1852 548 1928 575 simi-

1137 586 1201 613 lium
1217 587 1401 620 imitationem,
1415 587 1460 615 sed
1472 593 1500 615 et
1523 590 1548 616 in
1564 589 1658 618 brutis.
1675 591 1740 619 Nam
1755 597 1783 619 et
1795 594 1929 622 columba:

1135 639 1218 666 saepe,
1247 632 1301 659 visa
1315 641 1364 659 una
1383 634 1514 667 avolante,
1528 635 1619 663 statim
1641 642 1789 671 sequuntur
1806 646 1902 667 omnes
1920 649 1926 667 :

1135 684 1163 706 et
1182 679 1269 713 pullus
1283 687 1440 714 generosus,
1457 681 1483 707 in
1494 689 1622 716 equorum
1645 688 1766 711 armento
1781 686 1908 714 exsiliens
1919 707 1927 718 .

1135 732 1227 752 secum
1240 726 1308 760 rapit
1322 733 1402 753 omne
1411 732 1572 755 armentum.
1589 728 1623 756 Et
1638 729 1709 757 inter
1722 738 1780 763 vos,
1797 736 1826 758 ut
1840 732 1867 759 in
1881 740 1928 759 ar-

1135 776 1225 797 mento
1238 770 1346 803 Christi,
1367 771 1454 799 bonus
1471 777 1513 800 est
1528 773 1614 807 pullus
1634 774 1733 810 .loseph
1753 777 1928 806 continentis-

1134 817 1228 849 simus,
1242 817 1393 844 caelestibus
1408 818 1628 846 exsultationibus
1646 821 1679 848 ad
1693 821 1735 848 sui
1751 822 1926 851 imitationem

1133 869 1183 889 nos
1195 869 1338 890 conservos
1350 870 1459 891 vocans.
1470 864 1603 892 Saltemus
1616 865 1694 900 igitur
1707 874 1767 894 cum
1785 868 1856 897 bono
1877 870 1927 897 ad-

1135 907 1268 935 olescente
1279 908 1443 942 spiritualem
1453 910 1577 937 choream
1588 931 1596 944 ,
1610 912 1747 940 laudantes
1767 915 1851 948 ipsius
1863 923 1928 943 con-

1135 953 1272 980 tinentiam
1283 974 1291 986 ,
1307 961 1359 981 non
1382 955 1468 982 verbis
1482 956 1568 983 solum
1581 978 1590 990 ,
1606 957 1653 985 sed
1666 964 1691 986 et
1713 967 1823 994 operum
1837 961 1926 989 imita-

1136 999 1217 1027 tione.
1235 998 1280 1025 Ille
1294 999 1382 1033 igitur,
1398 1000 1443 1028 ille
1455 1006 1511 1028 erat
1524 1002 1636 1036 diligens
1644 1009 1671 1031 et
1683 1011 1825 1039 perpetuus
1838 1008 1926 1034 coliti-

1133 1044 1230 1071 nentia:
1240 1049 1330 1073 custos
1342 1066 1349 1078 ,
1363 1054 1422 1073 cum
1436 1053 1527 1082 posset
1540 1049 1639 1084 regina:
1651 1049 1700 1084 ipsi
1712 1051 1845 1086 imperare
1857 1057 1884 1080 et
1898 1054 1924 1081 in

1130 1089 1234 1118 deliciis
1258 1095 1338 1126 atque
1360 1093 1422 1119 luxu
1441 1093 1549 1121 divitem
1579 1100 1606 1122 et
1630 1096 1807 1131 voluptarium
1830 1106 1922 1134 agere.

1132 1134 1318 1163 Verumtamen
1338 1139 1458 1172 quamvis
1483 1140 1574 1167 talium
1596 1145 1620 1168 et
1637 1146 1770 1170 tantorum
1795 1144 1922 1174 dominus

1130 1179 1247 1214 futurus,
1262 1189 1322 1209 cum
1335 1185 1479 1218 cogitasset
1489 1185 1560 1219 quod
1579 1185 1677 1214 divitiae
1698 1188 1805 1222 quidem
1828 1194 1856 1217 ct
1868 1198 1918 1224 po-

1129 1226 1210 1253 tentia
1224 1234 1256 1255 ae
1267 1227 1351 1262 gloria
1365 1237 1426 1257 cum
1440 1231 1564 1264 praesenti
1577 1232 1634 1259 vita
1647 1237 1793 1268 transeant,
1809 1240 1837 1262 et
1852 1241 1921 1264 tem-

1128 1274 1258 1308 poralium
1281 1275 1383 1303 lucrum
1407 1277 1545 1305 dumtaxat
1565 1278 1699 1312 habeant,
1722 1280 1805 1308 solius
1829 1286 1920 1310 autem

1129 1320 1234 1348 virtutis
1253 1321 1341 1349 nullus
1362 1324 1397 1350 sit
1411 1323 1490 1356 ﬁnis,
1514 1324 1575 1351 ideo
1594 1325 1772 1360 voluptatibus
1797 1328 1919 1356 timorem

1127 1367 1225 1394 Christi
1240 1388 1248 1401 ,
1262 1373 1292 1395 ut
1304 1368 1409 1396 frenum
1422 1370 1567 1404 quoddam,
1581 1371 1683 1406 injecit.
1708 1373 1817 1400 Divitias
1828 1379 1919 1402 autem

1127 1418 1154 1439 et
1173 1413 1293 1447 delicias,
1308 1422 1339 1441 ac
1362 1415 1554 1449 promissiones
1574 1415 1689 1444 domina:
1711 1417 1814 1449 derisit,
1834 1419 1917 1447 mise-

1126 1458 1192 1485 riam
1207 1458 1234 1486 in
1247 1466 1355 1487 carcere
1365 1460 1511 1488 dulciorem
1522 1469 1635 1489 censens
1654 1463 1792 1498 prteclaris
1804 1463 1918 1492 domici-

1126 1504 1178 1538 liis,
1193 1505 1296 1532 tametsi
1311 1505 1353 1533 liis
1367 1507 1410 1541 qui
1425 1508 1588 1536 excellenter
1601 1508 1710 1537 formosi
1725 1515 1796 1544 sunt,
1811 1511 1918 1539 difﬁcile

1125 1553 1166 1576 est
1178 1550 1311 1585 imperare
1325 1552 1463 1587 voluptati.
1478 1553 1527 1581 llic
1545 1559 1634 1581 autem
1658 1559 1759 1582 tantum
1781 1556 1917 1591 specimen

1125 1595 1244 1623 exhibuit
1261 1597 1443 1631 continentiae,
1457 1603 1485 1625 ut
1495 1598 1689 1634 pulchritudine
1699 1601 1794 1628 anima:
1803 1601 1918 1635 pulchri~

1125 1641 1243 1669 tudinem
1263 1643 1385 1678 corporis
1400 1646 1555 1677 occultaret,
1577 1646 1662 1673 stella:
1676 1646 1783 1674 cuidam
1798 1647 1915 1681 pulchra:

1126 1685 1291 1716 formositate
1304 1689 1549 1729 curporisKangelis
1561 1696 1651 1718 autem
1667 1697 1806 1719 venustate
1819 1694 1916 1720 animae

1126 1732 1315 1760 conferendas.
1328 1733 1383 1761 Nos
1406 1738 1495 1761 autem
1512 1735 1590 1763 decet
1601 1736 1725 1763 admirari
1738 1757 1746 1769 ,
1763 1740 1816 1764 uOn
1828 1737 1916 1765 solum

1122 1778 1303 1806 adolescentis
1321 1780 1512 1808 continentiam
1525 1802 1533 1814 ,
1547 1781 1593 1809 sed
1606 1787 1633 1809 et
1646 1782 1761 1817 pericula
1773 1803 1780 1815 ,
1795 1791 1854 1817 quae
1868 1791 1916 1817 pro

1123 1824 1168 1851 illa
1193 1825 1336 1859 sustinuit,
1352 1826 1397 1860 qui
1411 1831 1496 1854 morte
1516 1827 1622 1862 gravius
1635 1836 1667 1855 ac
1681 1828 1822 1856 terribilius
1844 1829 1915 1863 judi-

1122 1869 1192 1896 cavit
1206 1871 1310 1898 servire
1328 1871 1517 1906 voluptatibus.
1536 1873 1717 1901 Admirabitur
1739 1879 1844 1907 autem,
1868 1875 1913 1909 qui

1123 1916 1248 1944 virtutem
1272 1917 1356 1952 ipsius
1381 1918 1521 1953 diligenter
1543 1920 1716 1954 cognoverit,
1742 1925 1768 1947 et
1792 1925 1912 1954 tempore

1124 1963 1281 1997 expenderit
1296 1963 1323 1990 in
1337 1964 1434 1998 quibus
1452 1965 1567 1992 animam
1589 1973 1682 2000 puram
1704 1967 1830 1993 servavit.
1845 1966 1912 1994 Nam

1123 2008 1276 2043 priusquam
1303 2009 1329 2036 in
1354 2015 1423 2037 terra
1437 2015 1464 2037 et
1489 2011 1617 2038 Dominus
1630 2016 1657 2038 et
1678 2011 1771 2046 Opifex
1796 2012 1912 2039 universi

1123 2055 1254 2089 apparuit,
1277 2055 1425 2083 libertatem
1438 2056 1581 2084 custodivit
1594 2057 1701 2084 mentis.
1727 2057 1756 2084 ln
1770 2057 1849 2084 domo
1861 2058 1911 2084 im-

1123 2102 1227 2136 piorum
1251 2102 1434 2137 educabatur,
1459 2103 1557 2131 multos
1584 2103 1698 2131 habebat
1721 2103 1755 2131 ad
1780 2103 1911 2131 deteriora

1122 2147 1304 2181 adhortantes,
1328 2149 1435 2176 carebat
1457 2149 1627 2176 continentia:
1648 2150 1784 2184 magistro.
1811 2149 1911 2178 Omnes

1122 2194 1251 2229 voluptati
1266 2195 1427 2228 serviebant,
1442 2196 1530 2223 ventri
1546 2196 1728 2231 indulgebant,
1743 2196 1808 2223 nihil
1827 2197 1911 2230 pium,

1122 2238 1187 2265 nihil
1200 2244 1322 2266 sanctum
1334 2240 1482 2268 faciebant:
1497 2245 1613 2268 attamen
1626 2242 1650 2268 in
1663 2245 1794 2268 tantorum
1806 2241 1912 2268 talium-

1122 2293 1174 2320 que
1188 2285 1328 2320 impiorum
1341 2294 1450 2320 corona,
1468 2287 1559 2314 videns
1571 2287 1706 2315 dominam
1728 2288 1910 2322 intemperan-

1124 2335 1176 2357 tem
1188 2330 1276 2365 jacere
1286 2351 1293 2364 ,
1308 2332 1451 2358 caelestium
1467 2332 1652 2359 thesaurorum
1672 2332 1791 2367 proditor
1805 2341 1857 2360 non
1871 2337 1912 2360 est

1122 2375 1217 2409 factus,
1237 2376 1283 2403 sed
1307 2376 1420 2411 Spiritus
1443 2377 1572 2412 templutn
1594 2377 1802 2412 indeprtedahile
1823 2383 1914 2404 custo-

1122 2423 1197 2457 divit,
1211 2424 1312 2451 malens
1327 2425 1395 2452 mori
1405 2444 1412 2456 ,
1427 2432 1506 2458 quam
1521 2425 1623 2452 servire
1645 2424 1836 2459 voluptatibus.
1854 2423 1912 2451 Non

1122 2470 1243 2497 audierat
1257 2470 1366 2498 Paulum
1385 2470 1517 2499 dicentem
1530 2492 1537 2502 .
1559 2479 1670 2506 corpora
1685 2475 1775 2498 nostra
1794 2471 1913 2498 tnembra

1121 2515 1220 2542 Christi
1247 2523 1308 2544 esse
1335 2516 1380 2552 (l.
1396 2517 1455 2544 Cor.
1469 2516 1562 2553 6.15)
1577 2525 1584 2543 :
1599 2522 1625 2544 et
1643 2517 1796 2551 priusquam
1810 2516 1914 2543 audiret

1122 2569 1214 2589 vocem
1228 2562 1354 2594 divinam,
1369 2570 1421 2590 non
1435 2564 1522 2590 minor
1533 2563 1655 2598 apparuit
1667 2563 1699 2590 iis
1710 2563 1753 2598 qui
1764 2563 1914 2590 cariesttbus

1122 2608 1344 2642 promissionibus
1359 2609 1482 2637 honorati
1493 2614 1565 2641 sunt,
1576 2609 1675 2636 docens
1688 2617 1736 2636 nos
1750 2610 1775 2635 in
1789 2609 1915 2636 Ecelesiis

1122 2661 1202 2688 quam
1218 2659 1340 2688 oporteat
1355 2663 1404 2682 nos
1418 2660 1523 2682 cerlare
1533 2676 1540 2688 ,
1557 2661 1584 2682 et
1607 2655 1789 2689 incorrttptattt
1805 2662 1913 2680 scrvare

1122 2698 1249 2725 animant.
1263 2699 1329 2726 Nam
1350 2701 1370 2727 si
1385 2708 1447 2735 ego,
1464 2700 1556 2728 dicere
1569 2704 1657 2735 potest
1669 2700 1780 2734 .loseph,
1797 2699 1839 2734 qni
1854 2705 1915 2726 ante

1123 2749 1212 2772 natum
1229 2746 1362 2773 Christum
1382 2747 1427 2780 fui,
1442 2754 1491 2774 nec
1508 2746 1596 2773 audivi
1616 2746 1750 2773 excelsum
1765 2745 1914 2780 apostolum

1124 2792 1232 2819 Paulum
1240 2792 1408 2825 clamantem,
1419 2799 1529 2827 corpora
1543 2797 1631 2819 nostra
1642 2792 1761 2819 membra
1773 2798 1832 2818 csse
1843 2789 1916 2816 Chri-

1123 2837 1155 2864 sli
1167 2858 1173 2870 ,
1190 2837 1277 2872 putavi
1295 2837 1342 2865 Dei
1357 2845 1450 2865 servos
1469 2838 1565 2865 decere
1586 2843 1615 2864 ut
1630 2837 1762 2871 imperent
1776 2836 1927 2870 voluptatt,.

1123 2892 1172 2911 nec
1181 2883 1304 2911 inventus
1310 2892 1367 2911 sum
1378 2884 1546 2911 continentia:
1555 2884 1689 2917 decoctor,
1699 2883 1819 2918 quamvis
1833 2883 1915 2909 multa

1124 2929 1238 2964 pericula
1251 2934 1341 2965 parata
1357 2929 1475 2957 viderem
1491 2939 1497 2957 :
1513 2934 1639 2965 quantum
1653 2936 1700 2957 vos
1716 2927 1839 2956 convenit
1853 2935 1915 2956 cum
