2047 3123
140 209 189 234 SH;
712 203 756 231 DE
775 203 1032 232 CONSOLATIONE
1052 203 1185 231 MOltTlS.
1717 215 1768 245 ΞΜ

140 267 237 293 timore
252 270 280 293 et
292 270 410 293 tremore
423 265 510 292 vivere
524 265 549 292 in
561 265 721 292 continentia
735 286 741 298 ,
758 269 786 292 ιιι
800 273 833 293 ne
846 273 928 300 appa-

140 313 220 341 rcatis
230 313 329 348 indigni
337 313 449 345 honore,
462 315 529 340 etne
541 312 657 339 membra
665 312 762 340 Christi
773 312 836 340 fiant
846 321 932 340 mem-

141 359 185 385 hm
197 359 292 386 scortil
308 359 363 386 Hoc
378 358 486 385 verbum
498 362 586 393 potest
598 365 704 386 omnem
715 358 830 385 animam
845 359 932 386 conti-

140 404 230 431 ncntia
247 403 360 436 munire,
379 403 429 430 hoc
439 404 548 431 verbum
564 403 688 431 ardentes
704 405 932 439 concupiscentias

141 450 216 476 facile
227 449 487 484 reSIinguit.-Neque
501 449 586 476 imber
600 450 627 476 in
640 450 727 485 ignem
738 450 836 478 cadens
850 451 883 478 ita
896 450 934 476 fa-

141 495 192 523 cilc
201 495 335 522 ﬂammam
345 495 479 530 deprimit,
489 499 517 522 ut
526 496 610 522 malas
624 496 853 530 concupiscentias
864 504 933 523 mar-

141 547 250 567 cescere
261 539 324 566 facit
337 547 427 566 sermo
440 540 484 567 ille
504 541 530 567 in
543 540 657 566 animam
668 540 809 568 admissus.
820 541 933 568 Eosdem

141 593 281 613 sermones
296 585 372 613 nobis
385 586 456 620 loqui
472 591 499 613 ct
513 593 624 620 magnus
632 586 682 614 Job
697 590 801 621 potest,
823 586 867 621 qui
881 594 933 613 non

141 632 227 658 solum
243 631 357 666 diligens
372 632 543 659 continentia:
569 632 618 659 fuit
642 633 812 665 exercitator,
836 632 882 660 sed
909 637 934 660 et

142 677 229 712 legem
242 677 327 704 oculis
340 677 395 704 suis
410 677 497 712 posuit
509 698 517 710 ,
533 685 567 705 ne
580 677 607 704 in
629 677 738 712 virginis
752 677 875 705 viderent
894 676 933 704 fa-

141 723 221 755 ciem,
236 730 270 749 ne
278 722 347 750 forte
357 727 473 750 mentem
486 723 555 750 illius
564 723 694 750 irradiatts
703 726 810 757 raperet
820 722 933 757 pulchri-

144 768 209 795 tudo
235 767 304 802 (Job
319 768 363 795 51.
378 767 409 803 1)
424 776 431 795 :
444 769 566 802 quamvis
580 768 639 803 quis
653 776 704 795 non
720 768 896 795 admiraretur
908 770 935 792 et

144 808 365 843 obstupesceret,
380 808 474 836 videns
490 814 572 834 Vtrum
588 807 659 833 hunc
672 813 732 833 cum
753 805 858 832 diabolo
872 805 932 840 qui-

144 854 205 880 dem
219 853 331 880 viriliter
345 857 457 885 certare,
471 857 499 880 et
509 858 602 879 omnes
613 851 718 886 maligni
732 851 869 877 machinas
880 851 936 877 vin-

144 907 217 932 rere,
234 899 343 933 virginis
362 902 450 925 autem
467 898 560 925 faciem
582 898 672 932 fugere
685 917 692 930 ,
722 902 748 923 et
771 904 785 922 a
811 896 934 923 formosa:

144 945 242 979 puellm
255 950 364 979 aspectu
381 943 473 971 oculos
487 943 655 970 subducere?
670 942 808 969 Diabolum
827 942 933 977 quidem

146 990 239 1017 ridens
257 990 426 1017 accedentem
442 997 495 1016 non
519 989 603 1024 fugit,
625 988 672 1017 sed
695 990 792 1016 mansit
810 984 878 1016 sicut
892 988 935 1016 leo

144 1035 247 1063 viribus
261 1035 346 1063 ﬁdens
360 1044 367 1062 :
383 1036 484 1070 virgine
497 1041 586 1063 autem
600 1035 655 1062 visa
671 1043 724 1062 non
738 1036 810 1062 stetit
823 1055 830 1068 ,
847 1042 934 1070 neque

145 1083 265 1106 moratus
279 1078 305 1105 in
322 1077 472 1105 contuenda
496 1077 705 1112 pulchritudine,
722 1077 769 1105 sed
783 1077 874 1104 statim
888 1084 934 1105 se-

144 1124 237 1151 cessit.
258 1123 391 1151 Censebat
407 1123 530 1150 nimirum
546 1123 572 1150 in
587 1123 679 1157 prmlio
693 1128 783 1150 contra
799 1123 934 1150 damones

145 1168 215 1195 virili
228 1173 255 1196 et
275 1168 368 1196 audaci
380 1169 470 1195 animo
493 1176 559 1203 opus
583 1169 632 1195 :in
652 1168 822 1196 continentia:
843 1172 934 1195 autem

146 1214 342 1248 prmparatione
362 1214 499 1241 victoriam
526 1213 647 1247 concedi,
671 1221 724 1241 non
748 1221 781 1240 ex
805 1213 934 1248 virginum

145 1260 338 1288 consuetudine
349 1280 357 1293 ,
371 1260 418 1288 sed
439 1267 556 1288 secessu.
578 1260 701 1294 Quisquis
714 1260 793 1294 igitur
806 1259 935 1293 promittit

147 1306 338 1341 virginitatem,
346 1306 457 1341 accipiat
468 1306 577 1334 consilia
586 1305 805 1333 continentissimi
816 1305 934 1332 ontniutn

146 1351 294 1384 hominum,
307 1351 353 1385 qui
367 1355 394 1379 et
408 1352 464 1386 ipse
476 1356 538 1378 ante
550 1351 684 1378 Christum
700 1351 864 1378 incarnatntn
880 1354 933 1377 tam

146 1397 257 1431 diligens
267 1397 437 1424 continentia:
449 1397 497 1424 fuit
509 1392 608 1424 custos.
617 1396 708 1432 Neque
718 1397 788 1424 cnim
798 1397 934 1431 negligen-

147 1447 188 1468 tcr
198 1443 360 1470 audiendum
370 1463 378 1473 .
393 1442 464 1478 quod
477 1447 540 1470 ante
549 1442 683 1470 Christum
704 1443 869 1470 incarnatum
884 1449 933 1476 ap-

148 1488 284 1522 paruerint
296 1488 360 1523 justi
371 1492 472 1516 tantum
482 1487 652 1515 continentize
664 1487 798 1522 specimen
807 1487 935 1515 exhiben-

147 1537 196 1560 tes.
213 1533 270 1560 Non
296 1534 368 1561 enini
390 1538 449 1561 erat
470 1533 541 1568 quod
555 1538 626 1560 tanta
639 1533 664 1559 vi
678 1533 710 1560 ad
726 1533 849 1560 virtutem
864 1533 933 1559 illam

147 1583 264 1613 urgeret,
276 1586 362 1614 neque
371 1579 516 1614 virginibus
528 1579 630 1606 crimen
643 1584 701 1606 erat.
713 1579 833 1613 neglecta
847 1578 933 1605 conti-

148 1625 244 1651 nentize
259 1625 401 1659 possessio.
418 1624 556 1658 Quomodo
576 1629 663 1651 autem
687 1623 754 1651 hoc?
768 1624 834 1657 Quia
858 1623 935 1658 hujus

148 1676 236 1697 causa:
245 1669 330 1704 gratia
342 1669 413 1697 Deus
425 1669 557 1701 excelsus,
568 1670 755 1696 universorum
767 1668 872 1704 Opifex,
885 1677 934 1695 no-

146 1719 228 1741 stram
245 1716 350 1749 accepit
365 1713 476 1742 formam
488 1735 496 1748 ,
514 1719 543 1742 ut
564 1714 718 1750 angelorum
733 1714 935 1742 sanctimoniam

147 1767 179 1787 ex
189 1760 256 1788 caelo
262 1760 415 1788 deduceret.
427 1760 537 1794 Quando
547 1761 625 1795 igitur
635 1760 756 1787 homines
764 1764 823 1794 post
833 1764 934 1787 tantum

147 1804 276 1834 honorem
298 1807 477 1841 voluptatibus
494 1814 524 1834 se
538 1807 706 1840 mancipant,
719 1805 770 1833 dici
784 1806 874 1840 nequit
896 1811 935 1832 te-

147 1851 277 1878 meritatis
303 1852 459 1886 magnitudo
473 1872 480 1885 ,
503 1859 554 1887 qua
569 1852 687 1879 membra
702 1851 801 1879 Christi
816 1851 934 1879 membra

147 1898 294 1926 meretricis
306 1897 444 1931 facientes,
456 1898 560 1926 Domini
574 1897 782 1925 misericordiam
806 1897 932 1928 afﬁciunt.

991 265 1018 287 et
1031 265 1155 294 quantum
1171 260 1196 286 iu
1213 259 1252 286 eis
1265 265 1316 292 est,
1331 267 1423 287 vanam
1445 260 1568 287 reddunt.
1585 260 1704 288 Audtunt
1718 262 1773 288 dae-

991 311 1093 336 mones,
1107 309 1135 332 et
1147 305 1250 337 timent,
1264 305 1325 339 quia
1340 305 1409 332 Deus
1421 313 1473 332 non
1487 305 1610 333 connivet
1624 309 1653 332 nt
1665 306 1777 340 conjun-
1816 310 1823 315 ’

991 355 1086 384 gantur
1107 350 1166 383 sibi,
1196 357 1245 378 nos
1271 355 1359 377 autem
1384 350 1434 377 sibi
1458 350 1593 385 adjungat.
1618 350 1653 378 Et
1677 352 1777 379 audent

991 395 1106 423 ﬁdelium
1119 396 1225 430 quidam
1239 397 1395 424 abscindere
1408 403 1437 424 se
1448 404 1463 423 a
1482 397 1599 431 Christo,
1615 402 1643 424 at.
1663 398 1776 434 iungere

991 441 1195 469 meretricibus?
1209 441 1266 468 Non
1276 446 1374 468 tantum
1386 446 1427 469 est
1435 442 1532 469 malum
1541 450 1556 469 e
1565 443 1631 469 caelo
1646 443 1671 469 in
1687 444 1771 471 lutum

990 487 1094 519 cadere,
1108 492 1233 521 quantttm
1256 488 1352 514 malum
1369 487 1448 515 fuerit
1462 488 1609 516 membrum
1623 488 1719 516 Christi
1734 490 1774 516 fa-

990 537 1061 558 ctum
1081 539 1096 558 a
1111 531 1201 559 divino
1215 532 1317 559 honore
1331 533 1465 564 excidere,
1491 538 1518 560 et
1542 534 1690 561 membrum
1719 535 1776 564 fieri

991 578 1082 604 scorti.
1097 576 1207 610 Quando
1220 577 1300 611 tgitur
1316 578 1529 612 concupiscentia
1544 579 1611 606 mala
1634 579 1779 607 inﬂammat

990 623 1104 648 animam
1118 642 1124 653 ,
1144 622 1233 649 statim
1253 622 1394 650 recordare
1417 623 1535 655 Christi,
1561 624 1646 658 cogita
1675 623 1779 652 adstare

991 667 1038 693 tibi
1050 663 1157 694 Paulum
1173 667 1371 699 adhortantem,
1381 675 1412 695 ac
1425 668 1556 695 dicentem
1572 678 1578 696 :
1591 669 1701 696 Nescitis
1711 670 1779 701 quod

990 721 1097 746 corpora
1110 718 1190 739 uestra
1211 713 1320 740 membra
1342 718 1398 740 sunt
1419 713 1530 741 Christi?
1554 713 1648 741 (ξεν-εγω
1670 715 1780 742 membra

990 758 1092 789 Christi,
1108 758 1218 793 faciasne
1232 758 1341 785 membra
1356 759 1477 794 ιιονιὶμ.
1488 759 1546 786 Cor.
1561 760 1587 786 6.
1604 759 1666 795 15)?
1679 759 1706 787 Si
1722 760 1782 786 illo-

991 810 1049 830 rum
1072 803 1214 831 verborum
1236 803 1318 830 fueris
1347 804 1511 836 recordatus,
1527 806 1614 831 statim
1636 804 1778 840 fugientem

990 849 1091 876 videbis
1106 850 1276 884 voluptatem.
1295 849 1361 877 Nam
1378 850 1399 877 si
1422 851 1531 877 ancillas
1544 850 1652 878 domina
1666 856 1738 878 casta
1753 855 1780 878 et

992 894 1085 928 pudica
1100 895 1254 929 turpitudini
1267 895 1370 922 deditas
1382 896 1470 922 statim
1485 896 1542 922 solo
1552 901 1660 930 aspectu
1671 896 1780 931 pudicas

991 940 1054 967 facit
1069 949 1075 966 :
1088 940 1150 975 quid
1165 941 1271 972 mirum,
1287 941 1309 968 si
1336 941 1486 968 titillantem
1502 941 1665 976 voluptatem
1681 941 1780 969 Christi

990 986 1118 1013 memoria
1139 986 1228 1012 statim
1253 985 1343 1020 sopit?
1364 985 1476 1020 Semper
1496 994 1603 1014 crucem
1625 987 1692 1014 habe
1719 991 1780 1014 ante

990 1031 1082 1058 oculos
1105 1035 1164 1058 tuos
1184 1030 1342 1063 radiantem,
1364 1035 1391 1058 et
1403 1038 1485 1066 purus
1507 1038 1522 1058 a
1548 1032 1663 1065 peccatis
1683 1039 1731 1066 per
1753 1032 1778 1059 id

991 1076 1118 1110 temporis
1129 1076 1223 1104 abibis.
1234 1076 1299 1103 Nam
1311 1077 1379 1104 sicut
1388 1077 1511 1104 columna
1528 1077 1616 1110 nubis,
1631 1077 1714 1111 figura
1729 1085 1778 1104 no-

990 1127 1054 1149 stras
1068 1123 1164 1154 crucis,
1181 1123 1352 1150 Hebrreorum
1364 1122 1559 1150 multitudinem
1571 1123 1735 1158 protegebat,
1745 1132 1778 1151 ne

992 1169 1054 1203 quid
1067 1169 1129 1195 mali
1141 1168 1174 1195 ab
1188 1168 1321 1204 Egyptiis
1333 1172 1470 1203 pateretur
1482 1168 1580 1203 (Exod.
1596 1170 1639 1197 15.
1655 1170 1686 1198 21
1699 1170 1708 1205 )
1721 1178 1728 1203 ;
1742 1170 1778 1197 ita

990 1221 1054 1240 crux
1066 1217 1128 1241 ante
1140 1214 1231 1241 oculos
1244 1214 1298 1240 visa
1309 1221 1414 1241 omnem
1427 1214 1516 1241 statim
1533 1214 1616 1249 abigit
1625 1215 1721 1242 malam
1736 1224 1780 1243 vo-

992 1258 1128 1292 luptatem.
1144 1258 1206 1286 llaec
1227 1259 1298 1286 enim
1316 1259 1389 1287 salus
1407 1264 1449 1287 est
1474 1259 1580 1294 animae,
1596 1260 1779 1297 fmdarumque

989 1305 1262 1339 concupiscentiarum
1275 1305 1380 1333 salubre
1393 1305 1553 1334 antidotum.
1577 1307 1682 1343 Etenim
1696 1308 1773 1336 infir-

990 1350 1094 1377 mitates
1119 1350 1239 1385 corporis
1258 1350 1423 1378 medicorum
1438 1357 1511 1380 artes
1532 1357 1643 1385 sanant,
1657 1354 1773 1381 animam

988 1401 1076 1423 autem
1090 1401 1216 1430 aegrotum
1226 1401 1321 1423 curant
1332 1398 1422 1425 statim
1431 1398 1535 1435 eloquia
1548 1399 1657 1427 Christi.
1673 1400 1774 1435 Eapro—

989 1445 1047 1474 pler
1060 1444 1088 1468 et
1100 1447 1147 1468 eos
1163 1441 1207 1475 qui
1225 1446 1381 1475 peccarunt,
1404 1446 1431 1470 et
1449 1443 1535 1471 adhuc
1547 1444 1635 1471 carnis
1648 1446 1771 1473 serviunt

988 1487 1178 1522 voluptatibus,
1191 1495 1300 1516 oramus
1318 1493 1346 1516 et
1360 1497 1509 1523 precamur,
1535 1495 1563 1517 ut
1577 1491 1731 1519 excitentur
1744 1499 1777 1520 ac

988 1533 1154 1568 resipiscam,
1175 1541 1209 1562 ne
1229 1534 1338 1561 omnino
1357 1535 1392 1562 ab
1412 1535 1596 1563 aﬂ'ectiunibus
1617 1538 1775 1570 vincantur,

988 1587 1054 1606 neve
1069 1579 1168 1614 impetu
1198 1580 1325 1613 ferantur,
1340 1589 1408 1608 neve
1427 1581 1453 1608 in
1477 1589 1594 1610 amaram
1620 1584 1775 1611 servitutem

987 1629 1083 1659 sponte
1092 1631 1122 1652 se
1136 1625 1287 1659 subjiciam,
1307 1625 1354 1653 sed
1369 1634 1399 1653 se
1413 1626 1439 1653 in
1456 1627 1514 1654 acie
1525 1633 1670 1662 opponant,
1694 1634 1721 1656 et
1741 1630 1776 1656 ti-

989 1677 1062 1697 more
1073 1669 1171 1698 Christi
1182 1676 1297 1698 mentem
1306 1671 1489 1704 corroboreut,
1505 1680 1536 1699 ac
1550 1672 1701 1707 ejiciaubex
1713 1682 1776 1702 arce

987 1723 1095 1750 gravem
1110 1715 1245 1743 dominam
1260 1725 1267 1743 :
1284 1720 1312 1743 ut
1329 1716 1432 1751 abjecta
1445 1717 1517 1744 omni
1534 1719 1636 1746 macula
1648 1740 1655 1752 ,
1669 1724 1696 1746 et
1710 1727 1775 1755 pee-

987 1762 1102 1788 cantiutn
1117 1761 1192 1789 turba
1206 1782 1213 1795 ,
1229 1770 1289 1790 eum
1303 1767 1394 1790 sancta
1408 1768 1433 1790 et
1452 1763 1601 1798 incorrupta
1615 1766 1701 1792 anima
1716 1774 1777 1801 pos.

987 1809 1071 1835 simus
1094 1809 1221 1835 accedere
1235 1809 1269 1835 ad
1283 1808 1371 1836 divina
1392 1815 1420 1837 et
1443 1811 1587 1839 reverenda
1607 1818 1773 1842 sacramenta

987 1854 1074 1888 magni
1086 1853 1167 1880 Deiet
1178 1853 1322 1881 Salvatoris
1330 1854 1392 1882 Jesu
1405 1854 1501 1883 Christi
1518 1866 1524 1883 :
1536 1858 1577 1884 cui
1591 1858 1674 1892 gloria
1690 1860 1775 1887 etim-

989 1899 1090 1933 perium
1106 1899 1131 1926 in
1145 1900 1240 1926 smcula
1251 1900 1418 1927 szeculorum.
1436 1903 1532 1929 Amen.

542 2009 731 2039 MONITUM
753 2009 793 2038 ΙΝ
817 2008 1041 2045 SEQUENTIA
1055 2008 1138 2039 DUO
1166 2009 1378 2039 OPUSCULA.

176 2061 242 2089 Haec
257 2061 390 2097 opuscula
404 2062 459 2089 duo
480 2061 508 2088 in
529 2061 622 2089 Latina
641 2060 881 2097 interpretatione,
901 2061 1039 2097 qutersola
1066 2060 1400 2097 superestpinventiouem
1425 2063 1514 2097 tamen
1539 2063 1567 2097 et
1593 2056 1773 2097 eloquentiam

141 2094 327 2133 Chrysostomi
340 2105 396 2132 pra:
409 2105 437 2125 se
448 2096 556 2133 ferunt,
573 2094 738 2131 omninoque
748 2096 829 2131 digna
845 2094 940 2133 sancto
962 2096 1073 2133 doctore
1082 2100 1156 2123 sunt.
1178 2095 1289 2133 Aliquid
1302 2100 1392 2133 tamen
1405 2094 1568 2133 suspicionis
1580 2094 1730 2133 succurrit,
1743 2101 1775 2133 ea

142 2127 263 2160 non'hoc
277 2127 376 2168 ordine
390 2137 418 2159 et
434 2132 496 2163 ritu,
514 2140 566 2166 quo
580 2132 625 2159 hic
638 2127 807 2168 comparent,
833 2131 869 2168 ab
884 2131 942 2165 ipso
959 2131 1063 2168 Joanne
1074 2135 1168 2168 nostro
1190 2127 1262 2168 edita
1278 2129 1371 2160 fuisse,
1384 2130 1431 2156 sed
1448 2127 1614 2168 amquopiam
1628 2127 1689 2167 alio.
1728 2127 1775 2168 qui

143 2168 274 2204 exrvariis
287 2167 499 2204 ejus_locisrhaec
520 2163 558 2194 ita
581 2163 820 2204 consarci'naverit.
833 2163 904 2204 Utut;
914 2175 957 2193 res
971 2171 1021 2198 est,
1038 2167 1095 2194 haec
1112 2166 1193 2200 digna
1208 2166 1370 2204 planesunt
1383 2172 1443 2199 quae
1458 2163 1642 2204 Chrysostomi
1662 2163 1776 2204 nomine

141 2198 326 2241 publicentur.
343 2202 533 2241 Praamittimus
552 2207 642 2230 autem
658 2202 876 2241 Admonitionem
894 2201 1007 2241 fratrum
1029 2198 1187 2241 nostrorum
1208 2198 1457 2241 Betiedictinorum,
1475 2198 1520 2241 qui
1538 2198 1776 2241 Editioneni_ppe—

143 2234 201 2265 rum
221 2238 277 2265 divi
292 2237 436 2273 Augustini
460 2242 633 2270 curaverunt,
650 2241 678 2265 et
692 2242 769 2264 sexto
782 2236 867 2264 Tomo
884 2245 910 2272 p.
926 2237 978 2264 259
994 2242 1021 2264 et
1039 2244 1114 2271 seqq.
1137 2234 1195 2264 haec.
1207 2236 1336 2271 opttscnla
1352 2236 1507 2267 ediderunt,
1526 2239 1608 2269 atque
1622 2234 1675 2262 hoc
1689 2235 1777 2262 Moni-

145 2276 200 2300 tum
213 2274 408 2300 praemiserunt
424 2283 431 2300 :

178 2281 473 2336 Ῥὲξςῗθπὲῗεεέῗὲξοῆεε
488 2308 531 2336 isti
548 2309 601 2336 duo
616 2308 643 2335 in
661 2312 753 2335 vetere
766 2307 924 2335 Corbeiensi
942 2307 1042 2335 Codice
1053 2312 1116 2335 ante
1127 2307 1210 2337 mille,
1223 2311 1253 2334 ttt
1266 2307 1383 2338 videtur,
1402 2313 1488 2333 annos
1503 2304 1650 2339 descripto,
1666 2305 1772 2341 primus

143 2344 252 2378 quidem
276 2344 360 2371 hocce
375 2343 455 2370 titulo
478 2348 644 2379 prmttotatus
663 2353 670 2370 ι
692 2343 786 2378 Incipit
807 2351 892 2379 sermo
909 2344 993 2379 cuncti
1006 2343 1116 2370 Joannis
1140 2344 1171 2379 de
1186 2342 1368 2379 Consolatione
1395 2341 1495 2379 mortis.
1522 2341 1670 2379 §ecundus
1684 2344 1775 2367 autem

145 2375 231 2412 primo
246 2386 329 2416 quam
345 2378 468 2416 proxime
478 2375 650 2416 'conjunetus
671 2375 773 2416 absque
795 2378 883 2410 titulo,
906 2378 1029 2416 nihilque
1051 2379 1123 2405 aliud
1138 2378 1168 2416 in
1185 2377 1358 2416 llueghabeus
1382 2377 1446 2416 nisi,
1465 2375 1625 2416 Explicitde
1648 2375 1774 2416 Resurref

144 2410 388 2450 ctionefiaeterum
404 2414 475 2450 alter
491 2410 646 2450 iste'sermo
664 2410 741 2441 tertia
755 2417 842 2448 parte,
857 2421 910 2447 qua
926 2413 951 2440 in
968 2410 1033 2450 ante
1048 2413 1160 2450 excusis
1176 2413 1297 2442 carebat,
1324 2412 1429 2450 auctior
1452 2419 1525 2438 nunc
1547 2410 1665 2450 primum
1684 2410 1775 2450 prpdit

143 2456 173 2476 ex
187 2449 302 2486 laudator
319 2448 477 2486 Corbeiensi
499 2449 647 2486 exemplari
666 2459 672 2486 ς
689 2445 775 2484 eaque
796 2445 873 2486 pars»
885 2448 1136 2486 recapitulationem
1154 2456 1325 2486 eorumqua:
1341 2447 1367 2474 in
1389 2446 1477 2486 primo
1491 2453 1617 2486 sermone
1632 2447 1702 2473 dicta
1714 2445 1774 2472 fue-

143 2489 213 2517 runt,
229 2485 364 2516 continet,
381 2484 490 2520 et_aliis
506 2492 562 2511 non
579 2480 690 2512 incertis
701 2480 873 2520 argumentis
894 2483 927 2520 ad
942 2480 994 2520 hoc
1017 2484 1179 2520 opusculum
1194 2480 1331 2520 pertinere
1344 2480 1673 2520 cognoscitur._._loannetn
1691 2488 1774 2520 porro

142 2516 303 2557 non_’alium_
315 2518 634 2557 quam-Chrysostomum
652 2516 786 2557 infroftte
796 2519 931 2557 sermonis
943 2519 1023 2557 primi
1037 2516 1208 2557 designatum
1234 2518 1388 2557 opinamur.
1405 2516 1506 2557 Confer
1531 2516 1674 2557 l|o_miliam
1690 2516 1776 2557 ipsius

143 2554 172 2616 :l
193 2555 220 2595 i_n
240 2555 257 2616 ἐ
282 2551 348 2582 Cor.
370 2554 415 2616 Ιῗ,
441 2551 629 2582 ειἸίοιηίιῑθω
650 2555 662 2582 1
683 2555 710 2582 in
733 2555 751 2582 Ξ
767 2554 844 2587 Cor.,
867 2558 895 2582 et
909 2551 1053 2582 Homiliam
1073 2551 1111 2581 tit"
1122 2554 1151 2582 in
1164 2551 1411 2586 Joan.,Homiliam
1434 2552 1553 2586 denique
1568 2551 1583 2577 Ἰ
1597 2552 1630 2578 ad
1647 2551 1776 2586 populum

166 2596 237 2616 ntioc
259 2598 356 2616 ennm.
375 2597 389 2616 ε
404 2597 429 2616 (ν.
451 2599 460 2616 ι
1520 2604 1523 2605 ν

166 2590 356 2620 ntiochennm.
375 2594 429 2617 etc.
451 2599 460 2616 ι
1520 2604 1523 2605 ν

582 2691 652 2725 DE
679 2689 1081 2726 CONSOLATIONE
1105 2689 1324 2725 MORTIS.

808 2756 941 2786 SERMO
962 2756 1118 2787 PRIMUS.

178 2809 203 2835 1.
233 2808 356 2836 Prmbete
384 2807 531 2840 silentium,
552 2807 665 2840 fratres,
689 2814 721 2834 ne
748 2815 795 2835 vos
816 2812 932 2835 transeat

144 2861 230 2881 sermo
243 2855 316 2882 utilis
331 2859 359 2882 et
370 2855 395 2882 in
407 2859 529 2890 tempore
540 2855 715 2883 necessarius.
731 2855 796 2883 Nam
812 2861 874 2883 tunc
887 2856 929 2884 vel

143 2901 254 2928 maxime
278 2908 348 2936 opus
370 2905 412 2928 est
431 2902 571 2935 medicina,
587 2902 693 2937 quando
704 2903 792 2938 gravis
810 2902 933 2930 nascitur

140 2947 268 2982 xgrltudo
280 2956 286 2974 :
298 2952 327 2975 et
338 2952 402 2975 tunc
412 2947 526 2977 sollicite
537 2948 677 2984 collyrium
688 2948 869 2976 adhibendum
879 2953 930 2983 est,

986 2815 1045 2834 Clllll
1064 2807 1142 2834 luerit
1163 2807 1256 2833 oculus
1269 2806 1361 2834 dolore
1375 2806 1505 2834 turbatus.
1521 2807 1686 2843 Quicumque
1710 2815 1772 2842 ergo

985 2864 1037 2883 non
1054 2856 1133 2883 habet
1149 2856 1218 2883 hunc
1233 2857 1363 2887 dolorem,
1381 2864 1432 2884 non
1454 2857 1600 2891 obstrepat,
1615 2859 1661 2885 sed
1686 2859 1770 2890 potius

987 2903 1094 2934 audiat,
1110 2903 1171 2937 quia
1192 2911 1244 2929 non
1261 2904 1371 2937 impedit
1395 2911 1488 2931 sanum
1515 2905 1584 2932 scire
1612 2906 1769 2931 medicinam

989 2956 1048 2984 quae
1060 2949 1152 2983 prosit.
1167 2949 1217 2983 Qui
1231 2956 1294 2976 vero
1305 2956 1353 2984 per
1364 2949 1433 2976 hunc
1443 2957 1535 2977 casum
1550 2949 1680 2977 turbatum
1695 2950 1769 2976 habet
