  <div class='ocr_page' id='page_1' title='image "/cluster/home/n/w/nwhite01/storage/ocr_20150623/56/njp.32101077772646/299.png"; bbox 0 0 2047 3123; ppageno 0'>
   <div class='ocr_carea' id='block_1_1' title="bbox 318 159 370 188">
    <p class='ocr_par' dir='ltr' id='par_1_1' title="bbox 318 159 370 188">
     <span class='ocr_line' id='line_1_1' title="bbox 318 159 370 188; baseline 0.038 -2"><span class='ocrx_word' id='word_1_1' title='bbox 318 159 370 188; x_wconf 74' lang='lat'><strong>295</strong></span> 
     </span>
    </p>
   </div>
   <div class='ocr_carea' id='block_1_2' title="bbox 317 212 1107 246">
    <p class='ocr_par' dir='ltr' id='par_1_2' title="bbox 317 212 1107 246">
     <span class='ocr_line' id='line_1_2' title="bbox 317 212 1107 246; baseline -0.004 -5"><span class='ocrx_word' id='word_1_2' title='bbox 317 213 424 241; x_wconf 87' lang='lat' dir='ltr'><strong>oculum</strong></span> <span class='ocrx_word' id='word_1_3' title='bbox 441 213 549 246; x_wconf 84' lang='lat' dir='ltr'><strong>utentis,</strong></span> <span class='ocrx_word' id='word_1_4' title='bbox 565 216 592 240; x_wconf 90' lang='lat' dir='ltr'><strong>et</strong></span> <span class='ocrx_word' id='word_1_5' title='bbox 605 212 743 240; x_wconf 83' lang='lat' dir='ltr'><strong>doloribus</strong></span> <span class='ocrx_word' id='word_1_6' title='bbox 754 212 899 245; x_wconf 77' lang='lat' dir='ltr'><strong>cruciatur,</strong></span> <span class='ocrx_word' id='word_1_7' title='bbox 914 212 998 246; x_wconf 87' lang='lat' dir='ltr'><strong>magis</strong></span> <span class='ocrx_word' id='word_1_8' title='bbox 1020 212 1107 239; x_wconf 88' lang='lat' dir='ltr'><strong>inten-</strong></span> 
     </span>
    </p>
   </div>
   <div class='ocr_carea' id='block_1_3' title="bbox 319 257 1107 293">
    <p class='ocr_par' dir='ltr' id='par_1_3' title="bbox 319 257 1107 293">
     <span class='ocr_line' id='line_1_3' title="bbox 319 257 1107 293; baseline -0.004 -6"><span class='ocrx_word' id='word_1_9' title='bbox 319 266 361 287; x_wconf 90' lang='lat' dir='ltr'><strong>tus</strong></span> <span class='ocrx_word' id='word_1_10' title='bbox 378 259 412 286; x_wconf 91' lang='lat' dir='ltr'><strong>sit</strong></span> <span class='ocrx_word' id='word_1_11' title='bbox 433 263 462 286; x_wconf 92' lang='lat' dir='ltr'><strong>ut</strong></span> <span class='ocrx_word' id='word_1_12' title='bbox 483 259 585 293; x_wconf 88' lang='lat' dir='ltr'><strong>aperiat</strong></span> <span class='ocrx_word' id='word_1_13' title='bbox 598 259 704 286; x_wconf 88' lang='lat' dir='ltr'><strong>oculum</strong></span> <span class='ocrx_word' id='word_1_14' title='bbox 726 258 758 285; x_wconf 90' lang='lat' dir='ltr'><strong>ad</strong></span> <span class='ocrx_word' id='word_1_15' title='bbox 773 257 971 292; x_wconf 87' lang='lat' dir='ltr'><strong>suscipiendum</strong></span> <span class='ocrx_word' id='word_1_16' title='bbox 983 257 1107 285; x_wconf 84' lang='lat' dir='ltr'><strong>salutaris</strong></span> 
     </span>
    </p>
   </div>
   <div class='ocr_carea' id='block_1_4' title="bbox 318 303 1105 340">
    <p class='ocr_par' dir='ltr' id='par_1_4' title="bbox 318 303 1105 340">
     <span class='ocr_line' id='line_1_4' title="bbox 318 303 1105 340; baseline -0.001 -8"><span class='ocrx_word' id='word_1_17' title='bbox 318 305 391 332; x_wconf 78' lang='lat' dir='ltr'><strong>verbi</strong></span> <span class='ocrx_word' id='word_1_18' title='bbox 414 304 554 340; x_wconf 85' lang='lat' dir='ltr'><strong>collyrium</strong></span> <span class='ocrx_word' id='word_1_19' title='bbox 566 324 575 337; x_wconf 96' lang='lat'><strong>,</strong></span> <span class='ocrx_word' id='word_1_20' title='bbox 590 311 643 339; x_wconf 91' lang='lat' dir='ltr'><strong>quo</strong></span> <span class='ocrx_word' id='word_1_21' title='bbox 655 312 708 331; x_wconf 93' lang='lat' dir='ltr'><strong>non</strong></span> <span class='ocrx_word' id='word_1_22' title='bbox 722 303 808 330; x_wconf 87' lang='lat' dir='ltr'><strong>solum</strong></span> <span class='ocrx_word' id='word_1_23' title='bbox 824 303 1043 336; x_wconf 74' lang='lat' dir='ltr'><strong>consolationem,</strong></span> <span class='ocrx_word' id='word_1_24' title='bbox 1058 304 1105 331; x_wconf 86' lang='lat' dir='ltr'><strong>sed</strong></span> 
     </span>
    </p>
   </div>
   <div class='ocr_carea' id='block_1_5' title="bbox 317 350 1104 385">
    <p class='ocr_par' dir='ltr' id='par_1_5' title="bbox 317 350 1104 385">
     <span class='ocr_line' id='line_1_5' title="bbox 317 350 1104 385; baseline 0 -6"><span class='ocrx_word' id='word_1_25' title='bbox 317 352 398 379; x_wconf 87' lang='lat' dir='ltr'><strong>etiam</strong></span> <span class='ocrx_word' id='word_1_26' title='bbox 418 351 566 379; x_wconf 87' lang='lat' dir='ltr'><strong>remediutn</strong></span> <span class='ocrx_word' id='word_1_27' title='bbox 590 354 777 385; x_wconf 83' lang='lat' dir='ltr'><strong>consequatur.</strong></span> <span class='ocrx_word' id='word_1_28' title='bbox 801 350 909 378; x_wconf 85' lang='lat' dir='ltr'><strong>Certum</strong></span> <span class='ocrx_word' id='word_1_29' title='bbox 931 355 973 378; x_wconf 90' lang='lat' dir='ltr'><strong>est</strong></span> <span class='ocrx_word' id='word_1_30' title='bbox 995 354 1104 379; x_wconf 82' lang='lat' dir='ltr'><strong>autem.</strong></span> 
     </span>
    </p>
   </div>
   <div class='ocr_carea' id='block_1_6' title="bbox 317 395 1104 432">
    <p class='ocr_par' dir='ltr' id='par_1_6' title="bbox 317 395 1104 432">
     <span class='ocr_line' id='line_1_6' title="bbox 317 395 1104 432; baseline -0.003 -7"><span class='ocrx_word' id='word_1_31' title='bbox 317 398 378 432; x_wconf 89' lang='lat' dir='ltr'><strong>quia</strong></span> <span class='ocrx_word' id='word_1_32' title='bbox 391 397 413 424; x_wconf 88' lang='lat' dir='ltr'><strong>is</strong></span> <span class='ocrx_word' id='word_1_33' title='bbox 428 397 472 432; x_wconf 87' lang='lat' dir='ltr'><strong>qui</strong></span> <span class='ocrx_word' id='word_1_34' title='bbox 486 396 559 424; x_wconf 88' lang='lat' dir='ltr'><strong>dolet</strong></span> <span class='ocrx_word' id='word_1_35' title='bbox 582 397 698 429; x_wconf 86' lang='lat' dir='ltr'><strong>oculum,</strong></span> <span class='ocrx_word' id='word_1_36' title='bbox 719 395 740 423; x_wconf 90' lang='lat' dir='ltr'><strong>si</strong></span> <span class='ocrx_word' id='word_1_37' title='bbox 754 403 815 423; x_wconf 91' lang='lat' dir='ltr'><strong>eum</strong></span> <span class='ocrx_word' id='word_1_38' title='bbox 829 396 933 423; x_wconf 90' lang='lat' dir='ltr'><strong>medico</strong></span> <span class='ocrx_word' id='word_1_39' title='bbox 957 395 1104 423; x_wconf 89' lang='lat' dir='ltr'><strong>infundeuli</strong></span> 
     </span>
    </p>
   </div>
   <div class='ocr_carea' id='block_1_7' title="bbox 316 441 1104 478">
    <p class='ocr_par' dir='ltr' id='par_1_7' title="bbox 316 441 1104 478">
     <span class='ocr_line' id='line_1_7' title="bbox 316 441 1104 478; baseline -0.001 -9"><span class='ocrx_word' id='word_1_40' title='bbox 316 443 454 478; x_wconf 84' lang='lat' dir='ltr'><strong>collyrium</strong></span> <span class='ocrx_word' id='word_1_41' title='bbox 478 442 583 476; x_wconf 82' lang='lat' dir='ltr'><strong>aperire</strong></span> <span class='ocrx_word' id='word_1_42' title='bbox 606 441 740 474; x_wconf 88' lang='lat' dir='ltr'><strong>noluerit,</strong></span> <span class='ocrx_word' id='word_1_43' title='bbox 766 441 904 476; x_wconf 87' lang='lat' dir='ltr'><strong>collyrium</strong></span> <span class='ocrx_word' id='word_1_44' title='bbox 918 441 1025 476; x_wconf 83' lang='lat' dir='ltr'><strong>quidem</strong></span> <span class='ocrx_word' id='word_1_45' title='bbox 1040 441 1104 468; x_wconf 90' lang='lat' dir='ltr'><strong>foris</strong></span> 
     </span>
    </p>
   </div>
   <div class='ocr_carea' id='block_1_8' title="bbox 317 487 1104 523">
    <p class='ocr_par' dir='ltr' id='par_1_8' title="bbox 317 487 1104 523">
     <span class='ocr_line' id='line_1_8' title="bbox 317 487 1104 523; baseline -0.001 -7"><span class='ocrx_word' id='word_1_46' title='bbox 317 494 393 516; x_wconf 72' lang='lat' dir='ltr'><strong>extra</strong></span> <span class='ocrx_word' id='word_1_47' title='bbox 407 488 531 523; x_wconf 88' lang='lat' dir='ltr'><strong>pupillam</strong></span> <span class='ocrx_word' id='word_1_48' title='bbox 546 488 674 520; x_wconf 87' lang='lat' dir='ltr'><strong>funditur,</strong></span> <span class='ocrx_word' id='word_1_49' title='bbox 695 487 788 515; x_wconf 83' lang='lat' dir='ltr'><strong>oculus</strong></span> <span class='ocrx_word' id='word_1_50' title='bbox 808 496 871 515; x_wconf 89' lang='lat' dir='ltr'><strong>vero</strong></span> <span class='ocrx_word' id='word_1_51' title='bbox 887 493 1007 516; x_wconf 89' lang='lat' dir='ltr'><strong>remanet</strong></span> <span class='ocrx_word' id='word_1_52' title='bbox 1018 489 1043 515; x_wconf 94' lang='lat' dir='ltr'><strong>in</strong></span> <span class='ocrx_word' id='word_1_53' title='bbox 1054 488 1104 515; x_wconf 93' lang='lat' dir='ltr'><strong>do-</strong></span> 
     </span>
    </p>
   </div>
   <div class='ocr_carea' id='block_1_9' title="bbox 319 534 1104 569">
    <p class='ocr_par' dir='ltr' id='par_1_9' title="bbox 319 534 1104 569">
     <span class='ocr_line' id='line_1_9' title="bbox 319 534 1104 569; baseline 0 -7"><span class='ocrx_word' id='word_1_54' title='bbox 319 536 375 562; x_wconf 91' lang='lat' dir='ltr'><strong>lore</strong></span> <span class='ocrx_word' id='word_1_55' title='bbox 390 543 398 561; x_wconf 85' lang='lat'><strong>:</strong></span> <span class='ocrx_word' id='word_1_56' title='bbox 411 535 449 562; x_wconf 91' lang='lat' dir='ltr'><strong>sic</strong></span> <span class='ocrx_word' id='word_1_57' title='bbox 462 538 488 562; x_wconf 86' lang='lat' dir='ltr'><strong>et</strong></span> <span class='ocrx_word' id='word_1_58' title='bbox 501 542 576 561; x_wconf 81' lang='lat' dir='ltr'><strong>mens</strong></span> <span class='ocrx_word' id='word_1_59' title='bbox 589 534 714 567; x_wconf 79' lang='lat' dir='ltr'><strong>dolentis,</strong></span> <span class='ocrx_word' id='word_1_60' title='bbox 731 534 754 562; x_wconf 88' lang='lat' dir='ltr'><strong>si</strong></span> <span class='ocrx_word' id='word_1_61' title='bbox 769 539 878 569; x_wconf 86' lang='lat' dir='ltr'><strong>propter</strong></span> <span class='ocrx_word' id='word_1_62' title='bbox 893 534 1001 561; x_wconf 90' lang='lat' dir='ltr'><strong>nimiam</strong></span> <span class='ocrx_word' id='word_1_63' title='bbox 1016 535 1104 562; x_wconf 83' lang='lat' dir='ltr'><strong>tristi-</strong></span> 
     </span>
    </p>
   </div>
   <div class='ocr_carea' id='block_1_10' title="bbox 316 579 1104 614">
    <p class='ocr_par' dir='ltr' id='par_1_10' title="bbox 316 579 1104 614">
     <span class='ocr_line' id='line_1_10' title="bbox 316 579 1104 614; baseline -0.001 -7"><span class='ocrx_word' id='word_1_64' title='bbox 316 581 379 607; x_wconf 83' lang='lat' dir='ltr'><strong>tiam</strong></span> <span class='ocrx_word' id='word_1_65' title='bbox 391 579 473 607; x_wconf 81' lang='lat' dir='ltr'><strong>verbo</strong></span> <span class='ocrx_word' id='word_1_66' title='bbox 488 587 517 607; x_wconf 90' lang='lat' dir='ltr'><strong>se</strong></span> <span class='ocrx_word' id='word_1_67' title='bbox 529 579 664 612; x_wconf 77' lang='lat' dir='ltr'><strong>clauserit,</strong></span> <span class='ocrx_word' id='word_1_68' title='bbox 685 587 736 606; x_wconf 92' lang='lat' dir='ltr'><strong>non</strong></span> <span class='ocrx_word' id='word_1_69' title='bbox 754 584 860 614; x_wconf 87' lang='lat' dir='ltr'><strong>recepta</strong></span> <span class='ocrx_word' id='word_1_70' title='bbox 875 580 975 607; x_wconf 84' lang='lat' dir='ltr'><strong>salubri</strong></span> <span class='ocrx_word' id='word_1_71' title='bbox 986 580 1104 607; x_wconf 87' lang='lat' dir='ltr'><strong>admoni-</strong></span> 
     </span>
    </p>
   </div>
   <div class='ocr_carea' id='block_1_11' title="bbox 315 624 1103 659">
    <p class='ocr_par' dir='ltr' id='par_1_11' title="bbox 315 624 1103 659">
     <span class='ocr_line' id='line_1_11' title="bbox 315 624 1103 659; baseline 0 -7"><span class='ocrx_word' id='word_1_72' title='bbox 315 626 397 658; x_wconf 86' lang='lat' dir='ltr'><strong>tione,</strong></span> <span class='ocrx_word' id='word_1_73' title='bbox 411 625 517 659; x_wconf 90' lang='lat' dir='ltr'><strong>incipiet</strong></span> <span class='ocrx_word' id='word_1_74' title='bbox 532 624 591 659; x_wconf 85' lang='lat' dir='ltr'><strong>plus</strong></span> <span class='ocrx_word' id='word_1_75' title='bbox 610 624 710 657; x_wconf 85' lang='lat' dir='ltr'><strong>dolere,</strong></span> <span class='ocrx_word' id='word_1_76' title='bbox 724 628 751 652; x_wconf 90' lang='lat' dir='ltr'><strong>et</strong></span> <span class='ocrx_word' id='word_1_77' title='bbox 761 624 868 651; x_wconf 90' lang='lat' dir='ltr'><strong>forsitan</strong></span> <span class='ocrx_word' id='word_1_78' title='bbox 882 625 935 659; x_wconf 89' lang='lat' dir='ltr'><strong>pati</strong></span> <span class='ocrx_word' id='word_1_79' title='bbox 950 625 1014 652; x_wconf 92' lang='lat' dir='ltr'><strong>illud</strong></span> <span class='ocrx_word' id='word_1_80' title='bbox 1033 625 1103 659; x_wconf 91' lang='lat' dir='ltr'><strong>quod</strong></span> 
     </span>
    </p>
   </div>
   <div class='ocr_carea' id='block_1_12' title="bbox 317 671 1103 706">
    <p class='ocr_par' dir='ltr' id='par_1_12' title="bbox 317 671 1103 706">
     <span class='ocr_line' id='line_1_12' title="bbox 317 671 1103 706; baseline -0.003 -7"><span class='ocrx_word' id='word_1_81' title='bbox 317 672 344 700; x_wconf 88' lang='lat' dir='ltr'><strong>in</strong></span> <span class='ocrx_word' id='word_1_82' title='bbox 360 671 495 706; x_wconf 86' lang='lat' dir='ltr'><strong>Scriptura</strong></span> <span class='ocrx_word' id='word_1_83' title='bbox 511 671 663 698; x_wconf 89' lang='lat' dir='ltr'><strong>continetur</strong></span> <span class='ocrx_word' id='word_1_84' title='bbox 677 691 685 703; x_wconf 85' lang='lat'><strong>,</strong></span> <span class='ocrx_word' id='word_1_85' title='bbox 705 671 772 704; x_wconf 83' lang='lat' dir='ltr'><strong>Quia</strong></span> <span class='ocrx_word' id='word_1_86' title='bbox 783 671 884 698; x_wconf 74' lang='lat' dir='ltr'><strong>tristitia</strong></span> <span class='ocrx_word' id='word_1_87' title='bbox 901 671 987 698; x_wconf 82' lang='lat' dir='ltr'><strong>mundi</strong></span> <span class='ocrx_word' id='word_1_88' title='bbox 999 676 1103 698; x_wconf 83' lang='lat' dir='ltr'><strong>mortem</strong></span> 
     </span>
    </p>
   </div>
   <div class='ocr_carea' id='block_1_13' title="bbox 314 716 1102 754">
    <p class='ocr_par' dir='ltr' id='par_1_13' title="bbox 314 716 1102 754">
     <span class='ocr_line' id='line_1_13' title="bbox 314 716 1102 754; baseline 0 -10"><span class='ocrx_word' id='word_1_89' title='bbox 314 723 434 754; x_wconf 85' lang='lat' dir='ltr'><strong>operatur</strong></span> <span class='ocrx_word' id='word_1_90' title='bbox 446 717 491 753; x_wconf 77' lang='grc'><strong>(2.</strong></span> <span class='ocrx_word' id='word_1_91' title='bbox 507 716 566 745; x_wconf 87' lang='lat' dir='ltr'><strong>Cor.</strong></span> <span class='ocrx_word' id='word_1_92' title='bbox 579 718 607 745; x_wconf 83' lang='lat'><strong>7.</strong></span> <span class='ocrx_word' id='word_1_93' title='bbox 634 717 668 744; x_wconf 71' lang='lat'><strong>10</strong></span> <span class='ocrx_word' id='word_1_94' title='bbox 678 716 699 754; x_wconf 92' lang='lat'><strong>).</strong></span> <span class='ocrx_word' id='word_1_95' title='bbox 726 717 823 744; x_wconf 87' lang='lat' dir='ltr'><strong>Beatus</strong></span> <span class='ocrx_word' id='word_1_96' title='bbox 837 717 934 745; x_wconf 83' lang='lat' dir='ltr'><strong>Paulus</strong></span> <span class='ocrx_word' id='word_1_97' title='bbox 956 717 1102 752; x_wconf 85' lang='lat' dir='ltr'><strong>apostolus,</strong></span> 
     </span>
    </p>
   </div>
   <div class='ocr_carea' id='block_1_14' title="bbox 317 762 1104 797">
    <p class='ocr_par' dir='ltr' id='par_1_14' title="bbox 317 762 1104 797">
     <span class='ocr_line' id='line_1_14' title="bbox 317 762 1104 797; baseline -0.003 -6"><span class='ocrx_word' id='word_1_98' title='bbox 317 764 433 792; x_wconf 88' lang='lat' dir='ltr'><strong>fidelium</strong></span> <span class='ocrx_word' id='word_1_99' title='bbox 447 763 542 791; x_wconf 91' lang='lat' dir='ltr'><strong>doctor</strong></span> <span class='ocrx_word' id='word_1_100' title='bbox 554 784 563 797; x_wconf 88' lang='lat'><strong>,</strong></span> <span class='ocrx_word' id='word_1_101' title='bbox 584 762 704 790; x_wconf 88' lang='lat' dir='ltr'><strong>medicus</strong></span> <span class='ocrx_word' id='word_1_102' title='bbox 725 763 859 794; x_wconf 79' lang='lat' dir='ltr'><strong>salutaris.</strong></span> <span class='ocrx_word' id='word_1_103' title='bbox 873 763 940 790; x_wconf 89' lang='lat' dir='ltr'><strong>duas</strong></span> <span class='ocrx_word' id='word_1_104' title='bbox 952 770 1011 790; x_wconf 85' lang='lat' dir='ltr'><strong>esse</strong></span> <span class='ocrx_word' id='word_1_105' title='bbox 1037 763 1104 790; x_wconf 81' lang='lat' dir='ltr'><strong>dixit</strong></span> 
     </span>
    </p>
   </div>
   <div class='ocr_carea' id='block_1_15' title="bbox 316 807 1101 840">
    <p class='ocr_par' dir='ltr' id='par_1_15' title="bbox 316 807 1101 840">
     <span class='ocr_line' id='line_1_15' title="bbox 316 807 1101 840; baseline -0.003 -4"><span class='ocrx_word' id='word_1_106' title='bbox 316 809 461 836; x_wconf 85' lang='lat' dir='ltr'><strong>trlstitias:</strong></span> <span class='ocrx_word' id='word_1_107' title='bbox 486 815 565 835; x_wconf 92' lang='lat' dir='ltr'><strong>unam</strong></span> <span class='ocrx_word' id='word_1_108' title='bbox 586 808 694 840; x_wconf 82' lang='lat' dir='ltr'><strong>bonam,</strong></span> <span class='ocrx_word' id='word_1_109' title='bbox 722 812 749 834; x_wconf 90' lang='lat' dir='ltr'><strong>et</strong></span> <span class='ocrx_word' id='word_1_110' title='bbox 759 807 870 834; x_wconf 88' lang='lat' dir='ltr'><strong>alteram</strong></span> <span class='ocrx_word' id='word_1_111' title='bbox 885 808 1001 840; x_wconf 84' lang='lat' dir='ltr'><strong>malam;</strong></span> <span class='ocrx_word' id='word_1_112' title='bbox 1022 815 1101 834; x_wconf 84' lang='lat' dir='ltr'><strong>unam</strong></span> 
     </span>
    </p>
   </div>
   <div class='ocr_carea' id='block_1_16' title="bbox 315 854 1101 889">
    <p class='ocr_par' dir='ltr' id='par_1_16' title="bbox 315 854 1101 889">
     <span class='ocr_line' id='line_1_16' title="bbox 315 854 1101 889; baseline -0.003 -6"><span class='ocrx_word' id='word_1_113' title='bbox 315 856 416 887; x_wconf 90' lang='lat' dir='ltr'><strong>utilem,</strong></span> <span class='ocrx_word' id='word_1_114' title='bbox 428 860 455 883; x_wconf 94' lang='lat' dir='ltr'><strong>et</strong></span> <span class='ocrx_word' id='word_1_115' title='bbox 464 855 575 882; x_wconf 84' lang='lat' dir='ltr'><strong>alteram</strong></span> <span class='ocrx_word' id='word_1_116' title='bbox 590 854 725 887; x_wconf 84' lang='lat' dir='ltr'><strong>inutilem;</strong></span> <span class='ocrx_word' id='word_1_117' title='bbox 743 862 822 881; x_wconf 88' lang='lat' dir='ltr'><strong>uuam</strong></span> <span class='ocrx_word' id='word_1_118' title='bbox 836 862 896 889; x_wconf 75' lang='lat' dir='ltr'><strong>qum</strong></span> <span class='ocrx_word' id='word_1_119' title='bbox 910 854 1004 887; x_wconf 82' lang='lat' dir='ltr'><strong>salvat,</strong></span> <span class='ocrx_word' id='word_1_120' title='bbox 1019 860 1047 881; x_wconf 90' lang='lat' dir='ltr'><strong>et</strong></span> <span class='ocrx_word' id='word_1_121' title='bbox 1060 855 1101 881; x_wconf 86' lang='lat' dir='ltr'><strong>al-</strong></span> 
     </span>
    </p>
   </div>
   <div class='ocr_carea' id='block_1_17' title="bbox 319 899 1101 936">
    <p class='ocr_par' dir='ltr' id='par_1_17' title="bbox 319 899 1101 936">
     <span class='ocr_line' id='line_1_17' title="bbox 319 899 1101 936; baseline -0.003 -7"><span class='ocrx_word' id='word_1_122' title='bbox 319 905 404 929; x_wconf 87' lang='lat' dir='ltr'><strong>teram</strong></span> <span class='ocrx_word' id='word_1_123' title='bbox 422 909 482 936; x_wconf 77' lang='lat' dir='ltr'><strong>qute</strong></span> <span class='ocrx_word' id='word_1_124' title='bbox 504 900 600 935; x_wconf 88' lang='lat' dir='ltr'><strong>perdit.</strong></span> <span class='ocrx_word' id='word_1_125' title='bbox 614 899 648 927; x_wconf 85' lang='lat' dir='ltr'><strong>Et</strong></span> <span class='ocrx_word' id='word_1_126' title='bbox 660 907 694 926; x_wconf 90' lang='lat' dir='ltr'><strong>ne</strong></span> <span class='ocrx_word' id='word_1_127' title='bbox 711 899 819 927; x_wconf 89' lang='lat' dir='ltr'><strong>dubium</strong></span> <span class='ocrx_word' id='word_1_128' title='bbox 840 899 918 926; x_wconf 85' lang='lat' dir='ltr'><strong>alicui</strong></span> <span class='ocrx_word' id='word_1_129' title='bbox 938 900 1058 927; x_wconf 80' lang='lat' dir='ltr'><strong>videatur</strong></span> <span class='ocrx_word' id='word_1_130' title='bbox 1076 900 1101 927; x_wconf 93' lang='lat' dir='ltr'><strong>id</strong></span> 
     </span>
    </p>
   </div>
   <div class='ocr_carea' id='block_1_18' title="bbox 316 945 1101 982">
    <p class='ocr_par' dir='ltr' id='par_1_18' title="bbox 316 945 1101 982">
     <span class='ocr_line' id='line_1_18' title="bbox 316 945 1101 982; baseline -0.003 -8"><span class='ocrx_word' id='word_1_131' title='bbox 316 948 386 982; x_wconf 90' lang='lat' dir='ltr'><strong>quod</strong></span> <span class='ocrx_word' id='word_1_132' title='bbox 400 947 469 978; x_wconf 86' lang='lat' dir='ltr'><strong>dico.</strong></span> <span class='ocrx_word' id='word_1_133' title='bbox 493 947 548 982; x_wconf 87' lang='lat' dir='ltr'><strong>ipsa</strong></span> <span class='ocrx_word' id='word_1_134' title='bbox 566 946 624 981; x_wconf 84' lang='lat' dir='ltr'><strong>ejus</strong></span> <span class='ocrx_word' id='word_1_135' title='bbox 637 946 717 973; x_wconf 88' lang='lat' dir='ltr'><strong>verba</strong></span> <span class='ocrx_word' id='word_1_136' title='bbox 737 945 866 972; x_wconf 87' lang='lat' dir='ltr'><strong>recitabo.</strong></span> <span class='ocrx_word' id='word_1_137' title='bbox 884 946 927 972; x_wconf 82' lang='lat' dir='ltr'><strong>Ait</strong></span> <span class='ocrx_word' id='word_1_138' title='bbox 941 946 1024 979; x_wconf 90' lang='lat' dir='ltr'><strong>enim,</strong></span> <span class='ocrx_word' id='word_1_139' title='bbox 1038 946 1101 979; x_wconf 70' lang='lat' dir='ltr'><strong>Quis</strong></span> 
     </span>
    </p>
   </div>
   <div class='ocr_carea' id='block_1_19' title="bbox 312 991 1101 1026">
    <p class='ocr_par' dir='ltr' id='par_1_19' title="bbox 312 991 1101 1026">
     <span class='ocr_line' id='line_1_19' title="bbox 312 991 1101 1026; baseline -0.001 -6"><span class='ocrx_word' id='word_1_140' title='bbox 312 993 450 1020; x_wconf 83' lang='lat' dir='ltr'><strong>secundum</strong></span> <span class='ocrx_word' id='word_1_141' title='bbox 460 991 541 1019; x_wconf 85' lang='lat' dir='ltr'><strong>Deum</strong></span> <span class='ocrx_word' id='word_1_142' title='bbox 549 997 584 1019; x_wconf 79' lang='lat' dir='ltr'><strong>est</strong></span> <span class='ocrx_word' id='word_1_143' title='bbox 599 992 710 1024; x_wconf 73' lang='lat' dir='ltr'><strong>tristitia,</strong></span> <span class='ocrx_word' id='word_1_144' title='bbox 721 992 891 1026; x_wconf 78' lang='lat' dir='ltr'><strong>panitentiam</strong></span> <span class='ocrx_word' id='word_1_145' title='bbox 904 992 929 1018; x_wconf 89' lang='lat' dir='ltr'><strong>in</strong></span> <span class='ocrx_word' id='word_1_146' title='bbox 938 991 1044 1019; x_wconf 80' lang='lat' dir='ltr'><strong>salutem</strong></span> <span class='ocrx_word' id='word_1_147' title='bbox 1053 997 1101 1019; x_wconf 74' lang='lat' dir='ltr'><strong>ata-</strong></span> 
     </span>
    </p>
   </div>
   <div class='ocr_carea' id='block_1_20' title="bbox 311 1037 1098 1073">
    <p class='ocr_par' dir='ltr' id='par_1_20' title="bbox 311 1037 1098 1073">
     <span class='ocr_line' id='line_1_20' title="bbox 311 1037 1098 1073; baseline 0 -7"><span class='ocrx_word' id='word_1_148' title='bbox 311 1039 383 1066; x_wconf 86' lang='lat' dir='ltr'><strong>bilem</strong></span> <span class='ocrx_word' id='word_1_149' title='bbox 398 1044 516 1073; x_wconf 82' lang='lat' dir='ltr'><strong>operatur</strong></span> <span class='ocrx_word' id='word_1_150' title='bbox 543 1037 636 1073; x_wconf 82' lang='lat' dir='ltr'><strong>(Ibid.)</strong></span> <span class='ocrx_word' id='word_1_151' title='bbox 660 1037 738 1065; x_wconf 72' lang='lat' dir='ltr'><strong>:h;ec</strong></span> <span class='ocrx_word' id='word_1_152' title='bbox 760 1042 801 1065; x_wconf 88' lang='lat' dir='ltr'><strong>est</strong></span> <span class='ocrx_word' id='word_1_153' title='bbox 825 1037 867 1064; x_wconf 90' lang='lat' dir='ltr'><strong>illa</strong></span> <span class='ocrx_word' id='word_1_154' title='bbox 891 1038 959 1065; x_wconf 90' lang='lat' dir='ltr'><strong>bona</strong></span> <span class='ocrx_word' id='word_1_155' title='bbox 983 1039 1098 1066; x_wconf 81' lang='lat' dir='ltr'><strong>tristitia.</strong></span> 
     </span>
    </p>
   </div>
   <div class='ocr_carea' id='block_1_21' title="bbox 311 1083 1100 1120">
    <p class='ocr_par' dir='ltr' id='par_1_21' title="bbox 311 1083 1100 1120">
     <span class='ocr_line' id='line_1_21' title="bbox 311 1083 1100 1120; baseline 0 -8"><span class='ocrx_word' id='word_1_156' title='bbox 311 1085 435 1120; x_wconf 83' lang='lat' dir='ltr'><strong>Sequitur</strong></span> <span class='ocrx_word' id='word_1_157' title='bbox 454 1084 549 1111; x_wconf 88' lang='lat' dir='ltr'><strong>deinde</strong></span> <span class='ocrx_word' id='word_1_158' title='bbox 564 1092 570 1110; x_wconf 94' lang='lat'>:</span> <span class='ocrx_word' id='word_1_159' title='bbox 587 1083 655 1110; x_wconf 89' lang='lat' dir='ltr'><strong>Nam</strong></span> <span class='ocrx_word' id='word_1_160' title='bbox 682 1084 769 1110; x_wconf 75' lang='lat' dir='ltr'><strong>swculi</strong></span> <span class='ocrx_word' id='word_1_161' title='bbox 784 1084 859 1118; x_wconf 86' lang='lat' dir='ltr'><strong>hujus</strong></span> <span class='ocrx_word' id='word_1_162' title='bbox 874 1085 975 1111; x_wconf 81' lang='lat' dir='ltr'><strong>tristitia</strong></span> <span class='ocrx_word' id='word_1_163' title='bbox 995 1091 1100 1112; x_wconf 86' lang='lat' dir='ltr'><strong>mortem</strong></span> 
     </span>
    </p>
   </div>
   <div class='ocr_carea' id='block_1_22' title="bbox 311 1128 935 1163">
    <p class='ocr_par' dir='ltr' id='par_1_22' title="bbox 311 1128 935 1163">
     <span class='ocr_line' id='line_1_22' title="bbox 311 1128 935 1163; baseline -0.005 -8"><span class='ocrx_word' id='word_1_164' title='bbox 311 1135 430 1163; x_wconf 83' lang='lat' dir='ltr'><strong>operatur</strong></span> <span class='ocrx_word' id='word_1_165' title='bbox 441 1137 450 1156; x_wconf 95' lang='lat'><em>:</em></span> <span class='ocrx_word' id='word_1_166' title='bbox 460 1129 517 1156; x_wconf 73' lang='lat' dir='ltr'><strong>haec</strong></span> <span class='ocrx_word' id='word_1_167' title='bbox 531 1133 571 1155; x_wconf 89' lang='lat' dir='ltr'><strong>est</strong></span> <span class='ocrx_word' id='word_1_168' title='bbox 583 1128 624 1154; x_wconf 90' lang='lat' dir='ltr'><strong>illa</strong></span> <span class='ocrx_word' id='word_1_169' title='bbox 638 1129 716 1156; x_wconf 82' lang='lat' dir='ltr'><strong>mala.</strong></span> <span class='ocrx_word' id='word_1_170' title='bbox 931 1147 935 1152; x_wconf 80' lang='lat'><strong>.</strong></span> 
     </span>
    </p>
   </div>
   <div class='ocr_carea' id='block_1_23' title="bbox 349 1173 1096 1209">
    <p class='ocr_par' dir='ltr' id='par_1_23' title="bbox 349 1173 1096 1209">
     <span class='ocr_line' id='line_1_23' title="bbox 349 1173 1096 1209; baseline 0.001 -8"><span class='ocrx_word' id='word_1_171' title='bbox 349 1175 377 1201; x_wconf 72' lang='grc'><strong>2.</strong></span> <span class='ocrx_word' id='word_1_172' title='bbox 394 1174 489 1201; x_wconf 82' lang='lat' dir='ltr'><strong>Luctus</strong></span> <span class='ocrx_word' id='word_1_173' title='bbox 502 1182 536 1200; x_wconf 88' lang='lat' dir='ltr'><strong>an</strong></span> <span class='ocrx_word' id='word_1_174' title='bbox 553 1174 641 1208; x_wconf 81' lang='lat' dir='ltr'><strong>prosit,</strong></span> <span class='ocrx_word' id='word_1_175' title='bbox 654 1181 738 1200; x_wconf 83' lang='lat' dir='ltr'><strong>necne.</strong></span> <span class='ocrx_word' id='word_1_176' title='bbox 753 1173 895 1201; x_wconf 82' lang='lat' dir='ltr'><strong>Videamus</strong></span> <span class='ocrx_word' id='word_1_177' title='bbox 907 1182 980 1209; x_wconf 85' lang='lat' dir='ltr'><strong>ergo,</strong></span> <span class='ocrx_word' id='word_1_178' title='bbox 991 1174 1096 1208; x_wconf 85' lang='lat' dir='ltr'><strong>fratres,</strong></span> 
     </span>
    </p>
   </div>
   <div class='ocr_carea' id='block_1_24' title="bbox 313 1219 1098 1255">
    <p class='ocr_par' dir='ltr' id='par_1_24' title="bbox 313 1219 1098 1255">
     <span class='ocr_line' id='line_1_24' title="bbox 313 1219 1098 1255; baseline 0 -7"><span class='ocrx_word' id='word_1_179' title='bbox 313 1221 362 1248; x_wconf 91' lang='lat' dir='ltr'><strong>ista</strong></span> <span class='ocrx_word' id='word_1_180' title='bbox 376 1221 479 1248; x_wconf 80' lang='lat' dir='ltr'><strong>tristitia</strong></span> <span class='ocrx_word' id='word_1_181' title='bbox 491 1228 550 1254; x_wconf 71' lang='lat' dir='ltr'><strong>qum</strong></span> <span class='ocrx_word' id='word_1_182' title='bbox 565 1227 636 1246; x_wconf 89' lang='lat' dir='ltr'><strong>nunc</strong></span> <span class='ocrx_word' id='word_1_183' title='bbox 648 1224 689 1246; x_wconf 84' lang='lat' dir='ltr'><strong>est</strong></span> <span class='ocrx_word' id='word_1_184' title='bbox 701 1219 725 1246; x_wconf 93' lang='lat' dir='ltr'><strong>in</strong></span> <span class='ocrx_word' id='word_1_185' title='bbox 741 1220 871 1252; x_wconf 83' lang='lat' dir='ltr'><strong>manibus,</strong></span> <span class='ocrx_word' id='word_1_186' title='bbox 883 1228 943 1254; x_wconf 57' lang='lat' dir='ltr'><strong>quae</strong></span> <span class='ocrx_word' id='word_1_187' title='bbox 960 1228 1030 1247; x_wconf 89' lang='lat' dir='ltr'><strong>nunc</strong></span> <span class='ocrx_word' id='word_1_188' title='bbox 1041 1221 1098 1255; x_wconf 83' lang='lat' dir='ltr'><strong>agi-</strong></span> 
     </span>
    </p>
   </div>
   <div class='ocr_carea' id='block_1_25' title="bbox 310 1265 1097 1300">
    <p class='ocr_par' dir='ltr' id='par_1_25' title="bbox 310 1265 1097 1300">
     <span class='ocr_line' id='line_1_25' title="bbox 310 1265 1097 1300; baseline 0 -7"><span class='ocrx_word' id='word_1_189' title='bbox 310 1271 354 1293; x_wconf 89' lang='lat' dir='ltr'><strong>tur</strong></span> <span class='ocrx_word' id='word_1_190' title='bbox 367 1266 392 1293; x_wconf 94' lang='lat' dir='ltr'><strong>iu</strong></span> <span class='ocrx_word' id='word_1_191' title='bbox 407 1270 522 1300; x_wconf 89' lang='lat' dir='ltr'><strong>pectore,</strong></span> <span class='ocrx_word' id='word_1_192' title='bbox 539 1269 567 1293; x_wconf 91' lang='lat' dir='ltr'><strong>et</strong></span> <span class='ocrx_word' id='word_1_193' title='bbox 588 1265 692 1292; x_wconf 86' lang='lat' dir='ltr'><strong>auditur</strong></span> <span class='ocrx_word' id='word_1_194' title='bbox 703 1273 768 1292; x_wconf 75' lang='lat' dir='ltr'><strong>voce</strong></span> <span class='ocrx_word' id='word_1_195' title='bbox 778 1286 785 1296; x_wconf 85' lang='grc'>,</span> <span class='ocrx_word' id='word_1_196' title='bbox 802 1265 873 1292; x_wconf 86' lang='lat' dir='ltr'><strong>utilis</strong></span> <span class='ocrx_word' id='word_1_197' title='bbox 885 1265 920 1292; x_wconf 89' lang='lat' dir='ltr'><strong>sit</strong></span> <span class='ocrx_word' id='word_1_198' title='bbox 939 1273 972 1292; x_wconf 91' lang='lat' dir='ltr'><strong>an</strong></span> <span class='ocrx_word' id='word_1_199' title='bbox 986 1266 1097 1299; x_wconf 78' lang='lat' dir='ltr'><strong>inutilis,</strong></span> 
     </span>
    </p>
   </div>
   <div class='ocr_carea' id='block_1_26' title="bbox 312 1310 1094 1347">
    <p class='ocr_par' dir='ltr' id='par_1_26' title="bbox 312 1310 1094 1347">
     <span class='ocr_line' id='line_1_26' title="bbox 312 1310 1094 1347; baseline -0.001 -8"><span class='ocrx_word' id='word_1_200' title='bbox 312 1312 437 1347; x_wconf 85' lang='lat' dir='ltr'><strong>prodesse</strong></span> <span class='ocrx_word' id='word_1_201' title='bbox 450 1311 535 1338; x_wconf 80' lang='lat' dir='ltr'><strong>valeat</strong></span> <span class='ocrx_word' id='word_1_202' title='bbox 544 1319 578 1337; x_wconf 86' lang='lat' dir='ltr'><strong>an</strong></span> <span class='ocrx_word' id='word_1_203' title='bbox 590 1318 698 1338; x_wconf 86' lang='lat' dir='ltr'><strong>nocere.</strong></span> <span class='ocrx_word' id='word_1_204' title='bbox 709 1310 851 1338; x_wconf 80' lang='lat' dir='ltr'><strong>Jacetecce</strong></span> <span class='ocrx_word' id='word_1_205' title='bbox 861 1318 957 1345; x_wconf 86' lang='lat' dir='ltr'><strong>corpus</strong></span> <span class='ocrx_word' id='word_1_206' title='bbox 965 1312 1094 1345; x_wconf 82' lang='lat' dir='ltr'><strong>exanime,</strong></span> 
     </span>
    </p>
   </div>
   <div class='ocr_carea' id='block_1_27' title="bbox 309 1356 1098 1393">
    <p class='ocr_par' dir='ltr' id='par_1_27' title="bbox 309 1356 1098 1393">
     <span class='ocr_line' id='line_1_27' title="bbox 309 1356 1098 1393; baseline 0 -9"><span class='ocrx_word' id='word_1_207' title='bbox 309 1359 380 1393; x_wconf 82' lang='lat' dir='ltr'><strong>jacet</strong></span> <span class='ocrx_word' id='word_1_208' title='bbox 394 1359 420 1384; x_wconf 92' lang='lat' dir='ltr'><strong>iu</strong></span> <span class='ocrx_word' id='word_1_209' title='bbox 439 1357 527 1384; x_wconf 86' lang='lat' dir='ltr'><strong>tabula</strong></span> <span class='ocrx_word' id='word_1_210' title='bbox 547 1356 628 1383; x_wconf 89' lang='lat' dir='ltr'><strong>homo</strong></span> <span class='ocrx_word' id='word_1_211' title='bbox 651 1357 709 1383; x_wconf 87' lang='lat' dir='ltr'><strong>sine</strong></span> <span class='ocrx_word' id='word_1_212' title='bbox 730 1356 838 1383; x_wconf 86' lang='lat' dir='ltr'><strong>homine</strong></span> <span class='ocrx_word' id='word_1_213' title='bbox 852 1376 859 1388; x_wconf 85' lang='lat'><strong>,</strong></span> <span class='ocrx_word' id='word_1_214' title='bbox 877 1357 995 1384; x_wconf 90' lang='lat' dir='ltr'><strong>membra</strong></span> <span class='ocrx_word' id='word_1_215' title='bbox 1009 1357 1098 1393; x_wconf 82' lang='lat' dir='ltr'><strong>utique</strong></span> 
     </span>
    </p>
   </div>
   <div class='ocr_carea' id='block_1_28' title="bbox 310 1403 1098 1439">
    <p class='ocr_par' dir='ltr' id='par_1_28' title="bbox 310 1403 1098 1439">
     <span class='ocr_line' id='line_1_28' title="bbox 310 1403 1098 1439; baseline -0.001 -8"><span class='ocrx_word' id='word_1_216' title='bbox 310 1406 368 1432; x_wconf 82' lang='lat' dir='ltr'><strong>sine</strong></span> <span class='ocrx_word' id='word_1_217' title='bbox 387 1405 482 1439; x_wconf 80' lang='lat' dir='ltr'><strong>spiritu</strong></span> <span class='ocrx_word' id='word_1_218' title='bbox 494 1412 502 1437; x_wconf 87' lang='lat'><strong>;</strong></span> <span class='ocrx_word' id='word_1_219' title='bbox 517 1403 647 1430; x_wconf 83' lang='lat' dir='ltr'><strong>clamatur</strong></span> <span class='ocrx_word' id='word_1_220' title='bbox 658 1423 666 1435; x_wconf 92' lang='lat'><strong>,</strong></span> <span class='ocrx_word' id='word_1_221' title='bbox 690 1410 740 1430; x_wconf 91' lang='lat' dir='ltr'><strong>nec</strong></span> <span class='ocrx_word' id='word_1_222' title='bbox 754 1403 915 1438; x_wconf 89' lang='lat' dir='ltr'><strong>respondet;</strong></span> <span class='ocrx_word' id='word_1_223' title='bbox 931 1407 1040 1431; x_wconf 86' lang='lat' dir='ltr'><strong>vocatur</strong></span> <span class='ocrx_word' id='word_1_224' title='bbox 1051 1423 1059 1437; x_wconf 93' lang='lat'><strong>,</strong></span> <span class='ocrx_word' id='word_1_225' title='bbox 1071 1408 1098 1431; x_wconf 89' lang='lat' dir='ltr'><strong>et</strong></span> 
     </span>
    </p>
   </div>
   <div class='ocr_carea' id='block_1_29' title="bbox 312 1448 1098 1484">
    <p class='ocr_par' dir='ltr' id='par_1_29' title="bbox 312 1448 1098 1484">
     <span class='ocr_line' id='line_1_29' title="bbox 312 1448 1098 1484; baseline -0.001 -6"><span class='ocrx_word' id='word_1_226' title='bbox 312 1457 366 1478; x_wconf 88' lang='lat' dir='ltr'><strong>non</strong></span> <span class='ocrx_word' id='word_1_227' title='bbox 378 1449 470 1483; x_wconf 82' lang='lat' dir='ltr'><strong>audit;</strong></span> <span class='ocrx_word' id='word_1_228' title='bbox 484 1449 556 1484; x_wconf 83' lang='lat' dir='ltr'><strong>jacet</strong></span> <span class='ocrx_word' id='word_1_229' title='bbox 580 1449 658 1476; x_wconf 76' lang='lat' dir='ltr'><strong>facies</strong></span> <span class='ocrx_word' id='word_1_230' title='bbox 674 1448 780 1483; x_wconf 85' lang='lat' dir='ltr'><strong>pallida,</strong></span> <span class='ocrx_word' id='word_1_231' title='bbox 806 1448 890 1475; x_wconf 86' lang='lat' dir='ltr'><strong>forma</strong></span> <span class='ocrx_word' id='word_1_232' title='bbox 911 1453 1023 1481; x_wconf 85' lang='lat' dir='ltr'><strong>mutata,</strong></span> <span class='ocrx_word' id='word_1_233' title='bbox 1050 1457 1098 1484; x_wconf 91' lang='lat' dir='ltr'><strong>per</strong></span> 
     </span>
    </p>
   </div>
   <div class='ocr_carea' id='block_1_30' title="bbox 311 1495 1095 1532">
    <p class='ocr_par' dir='ltr' id='par_1_30' title="bbox 311 1495 1095 1532">
     <span class='ocr_line' id='line_1_30' title="bbox 311 1495 1095 1532; baseline 0.001 -9"><span class='ocrx_word' id='word_1_234' title='bbox 311 1505 389 1532; x_wconf 81' lang='lat' dir='ltr'><strong>quam</strong></span> <span class='ocrx_word' id='word_1_235' title='bbox 404 1504 474 1524; x_wconf 85' lang='lat' dir='ltr'><strong>mors</strong></span> <span class='ocrx_word' id='word_1_236' title='bbox 487 1496 544 1532; x_wconf 86' lang='lat' dir='ltr'><strong>ipsa</strong></span> <span class='ocrx_word' id='word_1_237' title='bbox 559 1495 676 1523; x_wconf 89' lang='lat' dir='ltr'><strong>cernitur</strong></span> <span class='ocrx_word' id='word_1_238' title='bbox 686 1496 723 1532; x_wconf 88' lang='lat' dir='ltr'><strong>(a)</strong></span> <span class='ocrx_word' id='word_1_239' title='bbox 735 1503 742 1528; x_wconf 86' lang='lat'><strong>;</strong></span> <span class='ocrx_word' id='word_1_240' title='bbox 753 1495 884 1531; x_wconf 77' lang='lat' dir='ltr'><strong>cogitatur</strong></span> <span class='ocrx_word' id='word_1_241' title='bbox 896 1500 1026 1530; x_wconf 67' lang='lat' dir='ltr'><strong>pratterca</strong></span> <span class='ocrx_word' id='word_1_242' title='bbox 1037 1496 1095 1531; x_wconf 86' lang='lat' dir='ltr'><strong>ejus</strong></span> 
     </span>
    </p>
   </div>
   <div class='ocr_carea' id='block_1_31' title="bbox 311 1541 1097 1578">
    <p class='ocr_par' dir='ltr' id='par_1_31' title="bbox 311 1541 1097 1578">
     <span class='ocr_line' id='line_1_31' title="bbox 311 1541 1097 1578; baseline 0.001 -9"><span class='ocrx_word' id='word_1_243' title='bbox 311 1547 468 1578; x_wconf 84' lang='lat' dir='ltr'><strong>perpetuum</strong></span> <span class='ocrx_word' id='word_1_244' title='bbox 492 1541 626 1569; x_wconf 87' lang='lat' dir='ltr'><strong>silentiqu</strong></span> <span class='ocrx_word' id='word_1_245' title='bbox 640 1561 648 1573; x_wconf 86' lang='lat'><strong>.</strong></span> <span class='ocrx_word' id='word_1_246' title='bbox 664 1541 795 1577; x_wconf 79' lang='lat' dir='ltr'><strong>cogitatur</strong></span> <span class='ocrx_word' id='word_1_247' title='bbox 808 1542 959 1574; x_wconf 87' lang='lat' dir='ltr'><strong>delectatio,</strong></span> <span class='ocrx_word' id='word_1_248' title='bbox 975 1547 1021 1570; x_wconf 87' lang='lat' dir='ltr'><strong>aut</strong></span> <span class='ocrx_word' id='word_1_249' title='bbox 1037 1551 1097 1577; x_wconf 74' lang='lat' dir='ltr'><strong>quae</strong></span> 
     </span>
    </p>
   </div>
   <div class='ocr_carea' id='block_1_32' title="bbox 311 1586 1095 1622">
    <p class='ocr_par' dir='ltr' id='par_1_32' title="bbox 311 1586 1095 1622">
     <span class='ocr_line' id='line_1_32' title="bbox 311 1586 1095 1622; baseline 0.001 -8"><span class='ocrx_word' id='word_1_250' title='bbox 311 1588 368 1620; x_wconf 76' lang='lat' dir='ltr'><strong>fuit,</strong></span> <span class='ocrx_word' id='word_1_251' title='bbox 382 1591 428 1614; x_wconf 90' lang='lat' dir='ltr'><strong>aut</strong></span> <span class='ocrx_word' id='word_1_252' title='bbox 443 1594 503 1621; x_wconf 64' lang='lat' dir='ltr'><strong>quae</strong></span> <span class='ocrx_word' id='word_1_253' title='bbox 518 1586 605 1614; x_wconf 89' lang='lat' dir='ltr'><strong>futura</strong></span> <span class='ocrx_word' id='word_1_254' title='bbox 617 1592 674 1614; x_wconf 91' lang='lat' dir='ltr'><strong>erat</strong></span> <span class='ocrx_word' id='word_1_255' title='bbox 686 1586 801 1619; x_wconf 85' lang='lat' dir='ltr'><strong>utilitas;</strong></span> <span class='ocrx_word' id='word_1_256' title='bbox 815 1587 964 1622; x_wconf 88' lang='lat' dir='ltr'><strong>cogitantur</strong></span> <span class='ocrx_word' id='word_1_257' title='bbox 976 1587 1095 1615; x_wconf 86' lang='lat' dir='ltr'><strong>necessi-</strong></span> 
     </span>
    </p>
   </div>
   <div class='ocr_carea' id='block_1_33' title="bbox 311 1633 1095 1669">
    <p class='ocr_par' dir='ltr' id='par_1_33' title="bbox 311 1633 1095 1669">
     <span class='ocr_line' id='line_1_33' title="bbox 311 1633 1095 1669; baseline -0.001 -7"><span class='ocrx_word' id='word_1_258' title='bbox 311 1639 389 1667; x_wconf 87' lang='lat' dir='ltr'><strong>tates,</strong></span> <span class='ocrx_word' id='word_1_259' title='bbox 408 1633 520 1661; x_wconf 83' lang='lat' dir='ltr'><strong>veniunt</strong></span> <span class='ocrx_word' id='word_1_260' title='bbox 546 1633 572 1660; x_wconf 93' lang='lat' dir='ltr'><strong>in</strong></span> <span class='ocrx_word' id='word_1_261' title='bbox 595 1637 710 1660; x_wconf 91' lang='lat' dir='ltr'><strong>mentem</strong></span> <span class='ocrx_word' id='word_1_262' title='bbox 734 1633 816 1661; x_wconf 86' lang='lat' dir='ltr'><strong>verba</strong></span> <span class='ocrx_word' id='word_1_263' title='bbox 829 1633 981 1661; x_wconf 87' lang='lat' dir='ltr'><strong>dulcissima</strong></span> <span class='ocrx_word' id='word_1_264' title='bbox 994 1654 1002 1667; x_wconf 83' lang='lat'><strong>,</strong></span> <span class='ocrx_word' id='word_1_265' title='bbox 1018 1634 1095 1669; x_wconf 87' lang='lat' dir='ltr'><strong>longa</strong></span> 
     </span>
    </p>
   </div>
   <div class='ocr_carea' id='block_1_34' title="bbox 309 1679 1096 1714">
    <p class='ocr_par' dir='ltr' id='par_1_34' title="bbox 309 1679 1096 1714">
     <span class='ocr_line' id='line_1_34' title="bbox 309 1679 1096 1714; baseline -0.001 -6"><span class='ocrx_word' id='word_1_266' title='bbox 309 1680 476 1708; x_wconf 89' lang='lat' dir='ltr'><strong>consuetudo</strong></span> <span class='ocrx_word' id='word_1_267' title='bbox 496 1679 650 1714; x_wconf 89' lang='lat' dir='ltr'><strong>requiritur.</strong></span> <span class='ocrx_word' id='word_1_268' title='bbox 682 1679 743 1706; x_wconf 71' lang='lat' dir='ltr'><strong>llare</strong></span> <span class='ocrx_word' id='word_1_269' title='bbox 767 1683 828 1706; x_wconf 88' lang='lat' dir='ltr'><strong>sunt</strong></span> <span class='ocrx_word' id='word_1_270' title='bbox 849 1679 906 1706; x_wconf 85' lang='lat' dir='ltr'><strong>sine</strong></span> <span class='ocrx_word' id='word_1_271' title='bbox 927 1679 1009 1706; x_wconf 91' lang='lat' dir='ltr'><strong>dubio</strong></span> <span class='ocrx_word' id='word_1_272' title='bbox 1037 1687 1096 1714; x_wconf 76' lang='lat' dir='ltr'><strong>qure</strong></span> 
     </span>
    </p>
   </div>
   <div class='ocr_carea' id='block_1_35' title="bbox 308 1724 1094 1760">
    <p class='ocr_par' dir='ltr' id='par_1_35' title="bbox 308 1724 1094 1760">
     <span class='ocr_line' id='line_1_35' title="bbox 308 1724 1094 1760; baseline -0.001 -7"><span class='ocrx_word' id='word_1_273' title='bbox 308 1729 415 1753; x_wconf 88' lang='lat' dir='ltr'><strong>movent.</strong></span> <span class='ocrx_word' id='word_1_274' title='bbox 436 1726 576 1760; x_wconf 87' lang='lat' dir='ltr'><strong>lacrymas,</strong></span> <span class='ocrx_word' id='word_1_275' title='bbox 601 1725 711 1752; x_wconf 85' lang='lat' dir='ltr'><strong>incitant</strong></span> <span class='ocrx_word' id='word_1_276' title='bbox 725 1724 870 1758; x_wconf 86' lang='lat' dir='ltr'><strong>ululatum,</strong></span> <span class='ocrx_word' id='word_1_277' title='bbox 886 1730 913 1752; x_wconf 89' lang='lat' dir='ltr'><strong>et</strong></span> <span class='ocrx_word' id='word_1_278' title='bbox 928 1729 1011 1752; x_wconf 90' lang='lat' dir='ltr'><strong>totum</strong></span> <span class='ocrx_word' id='word_1_279' title='bbox 1033 1724 1094 1752; x_wconf 88' lang='lat' dir='ltr'><strong>ani-</strong></span> 
     </span>
    </p>
   </div>
   <div class='ocr_carea' id='block_1_36' title="bbox 307 1771 1096 1806">
    <p class='ocr_par' dir='ltr' id='par_1_36' title="bbox 307 1771 1096 1806">
     <span class='ocr_line' id='line_1_36' title="bbox 307 1771 1096 1806; baseline 0 -8"><span class='ocrx_word' id='word_1_280' title='bbox 307 1780 378 1799; x_wconf 89' lang='lat' dir='ltr'><strong>mum</strong></span> <span class='ocrx_word' id='word_1_281' title='bbox 394 1772 420 1798; x_wconf 91' lang='lat' dir='ltr'><strong>iu</strong></span> <span class='ocrx_word' id='word_1_282' title='bbox 429 1771 592 1806; x_wconf 81' lang='lat' dir='ltr'><strong>profundam</strong></span> <span class='ocrx_word' id='word_1_283' title='bbox 599 1771 736 1799; x_wconf 88' lang='lat' dir='ltr'><strong>tristitiam</strong></span> <span class='ocrx_word' id='word_1_284' title='bbox 745 1771 911 1806; x_wconf 76' lang='lat' dir='ltr'><strong>demergunt.</strong></span> <span class='ocrx_word' id='word_1_285' title='bbox 927 1771 1026 1798; x_wconf 87' lang='lat' dir='ltr'><strong>Contra</strong></span> <span class='ocrx_word' id='word_1_286' title='bbox 1038 1771 1096 1798; x_wconf 78' lang='lat' dir='ltr'><strong>hzrc</strong></span> 
     </span>
    </p>
   </div>
   <div class='ocr_carea' id='block_1_37' title="bbox 307 1814 1095 1853">
    <p class='ocr_par' dir='ltr' id='par_1_37' title="bbox 307 1814 1095 1853">
     <span class='ocr_line' id='line_1_37' title="bbox 307 1814 1095 1853; baseline -0.001 -8"><span class='ocrx_word' id='word_1_287' title='bbox 307 1823 361 1846; x_wconf 87' lang='lat' dir='ltr'><strong>tam</strong></span> <span class='ocrx_word' id='word_1_288' title='bbox 373 1818 474 1851; x_wconf 88' lang='lat' dir='ltr'><strong>valida,</strong></span> <span class='ocrx_word' id='word_1_289' title='bbox 490 1822 542 1844; x_wconf 91' lang='lat' dir='ltr'><strong>tam</strong></span> <span class='ocrx_word' id='word_1_290' title='bbox 561 1814 639 1844; x_wconf 89' lang='lat' dir='ltr'><strong>fortia</strong></span> <span class='ocrx_word' id='word_1_291' title='bbox 664 1817 764 1844; x_wconf 90' lang='lat' dir='ltr'><strong>doloris</strong></span> <span class='ocrx_word' id='word_1_292' title='bbox 776 1825 849 1844; x_wconf 85' lang='lat' dir='ltr'><strong>arma</strong></span> <span class='ocrx_word' id='word_1_293' title='bbox 870 1817 935 1844; x_wconf 91' lang='lat' dir='ltr'><strong>illud</strong></span> <span class='ocrx_word' id='word_1_294' title='bbox 951 1817 1036 1852; x_wconf 89' lang='lat' dir='ltr'><strong>primo</strong></span> <span class='ocrx_word' id='word_1_295' title='bbox 1057 1817 1095 1853; x_wconf 86' lang='lat' dir='ltr'><strong>(b)</strong></span> 
     </span>
    </p>
   </div>
   <div class='ocr_carea' id='block_1_38' title="bbox 308 1863 1096 1898">
    <p class='ocr_par' dir='ltr' id='par_1_38' title="bbox 308 1863 1096 1898">
     <span class='ocr_line' id='line_1_38' title="bbox 308 1863 1096 1898; baseline 0 -8"><span class='ocrx_word' id='word_1_296' title='bbox 308 1864 426 1891; x_wconf 91' lang='lat' dir='ltr'><strong>omnium</strong></span> <span class='ocrx_word' id='word_1_297' title='bbox 452 1863 639 1898; x_wconf 82' lang='lat' dir='ltr'><strong>opponendum</strong></span> <span class='ocrx_word' id='word_1_298' title='bbox 651 1866 701 1895; x_wconf 87' lang='lat' dir='ltr'><strong>est,</strong></span> <span class='ocrx_word' id='word_1_299' title='bbox 714 1863 773 1897; x_wconf 89' lang='lat' dir='ltr'><strong>quia</strong></span> <span class='ocrx_word' id='word_1_300' title='bbox 788 1870 882 1896; x_wconf 88' lang='lat' dir='ltr'><strong>omne,</strong></span> <span class='ocrx_word' id='word_1_301' title='bbox 896 1863 966 1898; x_wconf 91' lang='lat' dir='ltr'><strong>quod</strong></span> <span class='ocrx_word' id='word_1_302' title='bbox 981 1863 1096 1891; x_wconf 87' lang='lat' dir='ltr'><strong>nascitur</strong></span> 
     </span>
    </p>
   </div>
   <div class='ocr_carea' id='block_1_39' title="bbox 307 1909 1095 1942">
    <p class='ocr_par' dir='ltr' id='par_1_39' title="bbox 307 1909 1095 1942">
     <span class='ocr_line' id='line_1_39' title="bbox 307 1909 1095 1942; baseline 0 -5"><span class='ocrx_word' id='word_1_303' title='bbox 307 1910 333 1937; x_wconf 91' lang='lat' dir='ltr'><strong>in</strong></span> <span class='ocrx_word' id='word_1_304' title='bbox 350 1910 400 1937; x_wconf 90' lang='lat' dir='ltr'><strong>hoc</strong></span> <span class='ocrx_word' id='word_1_305' title='bbox 412 1909 521 1942; x_wconf 88' lang='lat' dir='ltr'><strong>mundo,</strong></span> <span class='ocrx_word' id='word_1_306' title='bbox 530 1916 639 1936; x_wconf 85' lang='lat' dir='ltr'><strong>necesse</strong></span> <span class='ocrx_word' id='word_1_307' title='bbox 646 1914 687 1936; x_wconf 85' lang='lat' dir='ltr'><strong>est</strong></span> <span class='ocrx_word' id='word_1_308' title='bbox 699 1909 777 1936; x_wconf 89' lang='lat' dir='ltr'><strong>mori.</strong></span> <span class='ocrx_word' id='word_1_309' title='bbox 791 1909 853 1937; x_wconf 67' lang='lat' dir='ltr'><strong>llmc</strong></span> <span class='ocrx_word' id='word_1_310' title='bbox 861 1910 979 1936; x_wconf 86' lang='lat' dir='ltr'><strong>estcnim</strong></span> <span class='ocrx_word' id='word_1_311' title='bbox 992 1910 1034 1937; x_wconf 81' lang='lat' dir='ltr'><strong>lex</strong></span> <span class='ocrx_word' id='word_1_312' title='bbox 1049 1910 1095 1938; x_wconf 87' lang='lat' dir='ltr'><strong>Dei</strong></span> 
     </span>
    </p>
   </div>
   <div class='ocr_carea' id='block_1_40' title="bbox 305 1954 1096 1991">
    <p class='ocr_par' dir='ltr' id='par_1_40' title="bbox 305 1954 1096 1991">
     <span class='ocr_line' id='line_1_40' title="bbox 305 1954 1096 1991; baseline 0.001 -9"><span class='ocrx_word' id='word_1_313' title='bbox 305 1959 332 1982; x_wconf 75' lang='lat' dir='ltr'><strong>et</strong></span> <span class='ocrx_word' id='word_1_314' title='bbox 344 1955 472 1982; x_wconf 85' lang='lat' dir='ltr'><strong>sententia</strong></span> <span class='ocrx_word' id='word_1_315' title='bbox 486 1955 666 1988; x_wconf 85' lang='lat' dir='ltr'><strong>immutabilis,</strong></span> <span class='ocrx_word' id='word_1_316' title='bbox 677 1962 755 1989; x_wconf 82' lang='lat' dir='ltr'><strong>quam</strong></span> <span class='ocrx_word' id='word_1_317' title='bbox 768 1959 826 1989; x_wconf 84' lang='lat' dir='ltr'><strong>post</strong></span> <span class='ocrx_word' id='word_1_318' title='bbox 837 1954 960 1982; x_wconf 89' lang='lat' dir='ltr'><strong>delictum</strong></span> <span class='ocrx_word' id='word_1_319' title='bbox 974 1956 1096 1991; x_wconf 89' lang='lat' dir='ltr'><strong>princeps</strong></span> 
     </span>
    </p>
   </div>
   <div class='ocr_carea' id='block_1_41' title="bbox 305 2000 1095 2038">
    <p class='ocr_par' dir='ltr' id='par_1_41' title="bbox 305 2000 1095 2038">
     <span class='ocr_line' id='line_1_41' title="bbox 305 2000 1095 2038; baseline -0.001 -8"><span class='ocrx_word' id='word_1_320' title='bbox 305 2002 412 2038; x_wconf 79' lang='lat' dir='ltr'><strong>generis</strong></span> <span class='ocrx_word' id='word_1_321' title='bbox 439 2002 545 2030; x_wconf 89' lang='lat' dir='ltr'><strong>humani</strong></span> <span class='ocrx_word' id='word_1_322' title='bbox 569 2001 669 2035; x_wconf 85' lang='lat' dir='ltr'><strong>accepit</strong></span> <span class='ocrx_word' id='word_1_323' title='bbox 682 2022 688 2033; x_wconf 83' lang='lat'><strong>,</strong></span> <span class='ocrx_word' id='word_1_324' title='bbox 713 2001 816 2028; x_wconf 87' lang='lat' dir='ltr'><strong>dicente</strong></span> <span class='ocrx_word' id='word_1_325' title='bbox 833 2001 886 2028; x_wconf 90' lang='lat' dir='ltr'><strong>Deo</strong></span> <span class='ocrx_word' id='word_1_326' title='bbox 902 2021 910 2033; x_wconf 91' lang='lat'><strong>,</strong></span> <span class='ocrx_word' id='word_1_327' title='bbox 924 2000 1004 2028; x_wconf 84' lang='lat' dir='ltr'><strong>Terra</strong></span> <span class='ocrx_word' id='word_1_328' title='bbox 1016 2010 1051 2035; x_wconf 86' lang='lat' dir='ltr'><strong>es,</strong></span> <span class='ocrx_word' id='word_1_329' title='bbox 1073 2007 1095 2029; x_wconf 87' lang='lat' dir='ltr'><strong>et</strong></span> 
     </span>
    </p>
   </div>
   <div class='ocr_carea' id='block_1_42' title="bbox 304 2047 1094 2084">
    <p class='ocr_par' dir='ltr' id='par_1_42' title="bbox 304 2047 1094 2084">
     <span class='ocr_line' id='line_1_42' title="bbox 304 2047 1094 2084; baseline -0.001 -9"><span class='ocrx_word' id='word_1_330' title='bbox 304 2050 330 2076; x_wconf 85' lang='lat' dir='ltr'><strong>in</strong></span> <span class='ocrx_word' id='word_1_331' title='bbox 349 2053 443 2075; x_wconf 80' lang='lat' dir='ltr'><strong>terram</strong></span> <span class='ocrx_word' id='word_1_332' title='bbox 456 2048 503 2075; x_wconf 87' lang='lat' dir='ltr'><strong>ibis</strong></span> <span class='ocrx_word' id='word_1_333' title='bbox 515 2048 592 2084; x_wconf 82' lang='lat' dir='ltr'><strong>(Gen.</strong></span> <span class='ocrx_word' id='word_1_334' title='bbox 617 2047 644 2074; x_wconf 77' lang='lat'><strong>5.</strong></span> <span class='ocrx_word' id='word_1_335' title='bbox 660 2047 722 2083; x_wconf 87' lang='lat' dir='ltr'><strong>l9).</strong></span> <span class='ocrx_word' id='word_1_336' title='bbox 742 2047 808 2081; x_wconf 87' lang='lat' dir='ltr'><strong>Quid</strong></span> <span class='ocrx_word' id='word_1_337' title='bbox 821 2054 884 2082; x_wconf 88' lang='lat' dir='ltr'><strong>ergo</strong></span> <span class='ocrx_word' id='word_1_338' title='bbox 895 2048 954 2074; x_wconf 86' lang='lat' dir='ltr'><strong>novi</strong></span> <span class='ocrx_word' id='word_1_339' title='bbox 968 2048 1094 2082; x_wconf 84' lang='lat' dir='ltr'><strong>contigit,</strong></span> 
     </span>
    </p>
   </div>
   <div class='ocr_carea' id='block_1_43' title="bbox 303 2092 1094 2128">
    <p class='ocr_par' dir='ltr' id='par_1_43' title="bbox 303 2092 1094 2128">
     <span class='ocr_line' id='line_1_43' title="bbox 303 2092 1094 2128; baseline -0.001 -7"><span class='ocrx_word' id='word_1_340' title='bbox 303 2094 326 2121; x_wconf 93' lang='lat' dir='ltr'><strong>si</strong></span> <span class='ocrx_word' id='word_1_341' title='bbox 340 2095 420 2120; x_wconf 92' lang='lat' dir='ltr'><strong>homo</strong></span> <span class='ocrx_word' id='word_1_342' title='bbox 434 2093 466 2120; x_wconf 86' lang='lat' dir='ltr'><strong>ad</strong></span> <span class='ocrx_word' id='word_1_343' title='bbox 479 2094 534 2123; x_wconf 89' lang='lat' dir='ltr'><strong>hoc</strong></span> <span class='ocrx_word' id='word_1_344' title='bbox 547 2097 623 2120; x_wconf 88' lang='lat' dir='ltr'><strong>natus</strong></span> <span class='ocrx_word' id='word_1_345' title='bbox 637 2092 732 2120; x_wconf 69' lang='lat' dir='ltr'><strong>divinat</strong></span> <span class='ocrx_word' id='word_1_346' title='bbox 747 2092 798 2128; x_wconf 85' lang='lat' dir='ltr'><strong>legi</strong></span> <span class='ocrx_word' id='word_1_347' title='bbox 813 2100 845 2120; x_wconf 88' lang='lat' dir='ltr'><strong>ac</strong></span> <span class='ocrx_word' id='word_1_348' title='bbox 859 2093 998 2120; x_wconf 84' lang='lat' dir='ltr'><strong>sententiae</strong></span> <span class='ocrx_word' id='word_1_349' title='bbox 1015 2093 1094 2120; x_wconf 84' lang='lat' dir='ltr'><strong>satis-</strong></span> 
     </span>
    </p>
   </div>
   <div class='ocr_carea' id='block_1_44' title="bbox 305 2137 1095 2173">
    <p class='ocr_par' dir='ltr' id='par_1_44' title="bbox 305 2137 1095 2173">
     <span class='ocr_line' id='line_1_44' title="bbox 305 2137 1095 2173; baseline 0 -7"><span class='ocrx_word' id='word_1_350' title='bbox 305 2138 456 2173; x_wconf 86' lang='lat' dir='ltr'><strong>fecit?quid</strong></span> <span class='ocrx_word' id='word_1_351' title='bbox 473 2137 533 2164; x_wconf 79' lang='lat' dir='ltr'><strong>novi</strong></span> <span class='ocrx_word' id='word_1_352' title='bbox 547 2137 652 2169; x_wconf 81' lang='lat' dir='ltr'><strong>accidit,</strong></span> <span class='ocrx_word' id='word_1_353' title='bbox 663 2138 685 2165; x_wconf 89' lang='lat' dir='ltr'><strong>si</strong></span> <span class='ocrx_word' id='word_1_354' title='bbox 695 2145 726 2165; x_wconf 78' lang='lat' dir='ltr'><strong>ex</strong></span> <span class='ocrx_word' id='word_1_355' title='bbox 739 2138 893 2165; x_wconf 82' lang='lat' dir='ltr'><strong>mortalibus</strong></span> <span class='ocrx_word' id='word_1_356' title='bbox 907 2143 984 2165; x_wconf 89' lang='lat' dir='ltr'><strong>natus</strong></span> <span class='ocrx_word' id='word_1_357' title='bbox 994 2143 1095 2166; x_wconf 61' lang='lat' dir='ltr'><strong>natura:</strong></span> 
     </span>
    </p>
   </div>
   <div class='ocr_carea' id='block_1_45' title="bbox 306 2184 1093 2220">
    <p class='ocr_par' dir='ltr' id='par_1_45' title="bbox 306 2184 1093 2220">
     <span class='ocr_line' id='line_1_45' title="bbox 306 2184 1093 2220; baseline 0 -8"><span class='ocrx_word' id='word_1_358' title='bbox 306 2184 430 2220; x_wconf 72' lang='lat' dir='ltr'><strong>ptoprite,</strong></span> <span class='ocrx_word' id='word_1_359' title='bbox 444 2185 505 2219; x_wconf 90' lang='lat' dir='ltr'><strong>quia</strong></span> <span class='ocrx_word' id='word_1_360' title='bbox 520 2192 570 2212; x_wconf 79' lang='lat' dir='ltr'><strong>nec</strong></span> <span class='ocrx_word' id='word_1_361' title='bbox 586 2188 689 2219; x_wconf 85' lang='lat' dir='ltr'><strong>poterat</strong></span> <span class='ocrx_word' id='word_1_362' title='bbox 699 2192 826 2212; x_wconf 78' lang='lat' dir='ltr'><strong>excusare</strong></span> <span class='ocrx_word' id='word_1_363' title='bbox 838 2205 846 2217; x_wconf 81' lang='lat'><strong>,</strong></span> <span class='ocrx_word' id='word_1_364' title='bbox 863 2184 1020 2220; x_wconf 81' lang='lat' dir='ltr'><strong>respondit?</strong></span> <span class='ocrx_word' id='word_1_365' title='bbox 1036 2184 1093 2212; x_wconf 88' lang='lat' dir='ltr'><strong>Non</strong></span> 
     </span>
    </p>
   </div>
   <div class='ocr_carea' id='block_1_46' title="bbox 305 2230 1093 2265">
    <p class='ocr_par' dir='ltr' id='par_1_46' title="bbox 305 2230 1093 2265">
     <span class='ocr_line' id='line_1_46' title="bbox 305 2230 1093 2265; baseline -0.001 -7"><span class='ocrx_word' id='word_1_366' title='bbox 305 2235 348 2258; x_wconf 86' lang='lat' dir='ltr'><strong>est</strong></span> <span class='ocrx_word' id='word_1_367' title='bbox 362 2231 514 2257; x_wconf 91' lang='lat' dir='ltr'><strong>inusitatum</strong></span> <span class='ocrx_word' id='word_1_368' title='bbox 530 2231 599 2265; x_wconf 91' lang='lat' dir='ltr'><strong>quod</strong></span> <span class='ocrx_word' id='word_1_369' title='bbox 610 2231 744 2265; x_wconf 87' lang='lat' dir='ltr'><strong>antiquum</strong></span> <span class='ocrx_word' id='word_1_370' title='bbox 760 2235 816 2262; x_wconf 90' lang='lat' dir='ltr'><strong>est,</strong></span> <span class='ocrx_word' id='word_1_371' title='bbox 833 2238 884 2257; x_wconf 91' lang='lat' dir='ltr'><strong>non</strong></span> <span class='ocrx_word' id='word_1_372' title='bbox 893 2234 932 2258; x_wconf 88' lang='lat' dir='ltr'><strong>est</strong></span> <span class='ocrx_word' id='word_1_373' title='bbox 947 2230 1093 2257; x_wconf 89' lang='lat' dir='ltr'><strong>inauditum</strong></span> 
     </span>
    </p>
   </div>
   <div class='ocr_carea' id='block_1_47' title="bbox 305 2268 1093 2310">
    <p class='ocr_par' dir='ltr' id='par_1_47' title="bbox 305 2268 1093 2310">
     <span class='ocr_line' id='line_1_47' title="bbox 305 2268 1093 2310; baseline 0 -8"><span class='ocrx_word' id='word_1_374' title='bbox 305 2275 375 2310; x_wconf 91' lang='lat' dir='ltr'><strong>quod</strong></span> <span class='ocrx_word' id='word_1_375' title='bbox 393 2276 579 2310; x_wconf 85' lang='lat' dir='ltr'><strong>quotidianum</strong></span> <span class='ocrx_word' id='word_1_376' title='bbox 590 2268 643 2308; x_wconf 80' lang='lat' dir='ltr'><strong>est,</strong></span> <span class='ocrx_word' id='word_1_377' title='bbox 661 2281 766 2303; x_wconf 88' lang='lat' dir='ltr'><strong>nonest</strong></span> <span class='ocrx_word' id='word_1_378' title='bbox 779 2275 913 2310; x_wconf 86' lang='lat' dir='ltr'><strong>proprium</strong></span> <span class='ocrx_word' id='word_1_379' title='bbox 935 2275 1004 2310; x_wconf 89' lang='lat' dir='ltr'><strong>quod</strong></span> <span class='ocrx_word' id='word_1_380' title='bbox 1018 2283 1093 2302; x_wconf 83' lang='lat' dir='ltr'><strong>eom-</strong></span> 
     </span>
    </p>
   </div>
   <div class='ocr_carea' id='block_1_48' title="bbox 307 2321 1094 2356">
    <p class='ocr_par' dir='ltr' id='par_1_48' title="bbox 307 2321 1094 2356">
     <span class='ocr_line' id='line_1_48' title="bbox 307 2321 1094 2356; baseline 0 -7"><span class='ocrx_word' id='word_1_381' title='bbox 307 2329 387 2349; x_wconf 89' lang='lat' dir='ltr'><strong>mune</strong></span> <span class='ocrx_word' id='word_1_382' title='bbox 409 2326 459 2349; x_wconf 85' lang='lat' dir='ltr'><strong>est.</strong></span> <span class='ocrx_word' id='word_1_383' title='bbox 486 2321 513 2349; x_wconf 91' lang='lat' dir='ltr'><strong>Si</strong></span> <span class='ocrx_word' id='word_1_384' title='bbox 541 2328 605 2348; x_wconf 82' lang='lat' dir='ltr'><strong>avos</strong></span> <span class='ocrx_word' id='word_1_385' title='bbox 627 2325 652 2348; x_wconf 86' lang='lat' dir='ltr'><strong>et</strong></span> <span class='ocrx_word' id='word_1_386' title='bbox 680 2329 792 2356; x_wconf 88' lang='lat' dir='ltr'><strong>proavos</strong></span> <span class='ocrx_word' id='word_1_387' title='bbox 815 2321 935 2348; x_wconf 85' lang='lat' dir='ltr'><strong>novimus</strong></span> <span class='ocrx_word' id='word_1_388' title='bbox 955 2329 1002 2355; x_wconf 88' lang='lat' dir='ltr'><strong>per</strong></span> <span class='ocrx_word' id='word_1_389' title='bbox 1026 2321 1094 2349; x_wconf 89' lang='lat' dir='ltr'><strong>hanc</strong></span> 
     </span>
    </p>
   </div>
   <div class='ocr_carea' id='block_1_49' title="bbox 307 2366 1093 2402">
    <p class='ocr_par' dir='ltr' id='par_1_49' title="bbox 307 2366 1093 2402">
     <span class='ocr_line' id='line_1_49' title="bbox 307 2366 1093 2402; baseline 0.001 -9"><span class='ocrx_word' id='word_1_390' title='bbox 307 2369 376 2395; x_wconf 86' lang='lat' dir='ltr'><strong>viam</strong></span> <span class='ocrx_word' id='word_1_391' title='bbox 389 2368 481 2395; x_wconf 90' lang='lat' dir='ltr'><strong>mortis</strong></span> <span class='ocrx_word' id='word_1_392' title='bbox 495 2367 627 2402; x_wconf 84' lang='lat' dir='ltr'><strong>profectos</strong></span> <span class='ocrx_word' id='word_1_393' title='bbox 643 2387 650 2400; x_wconf 88' lang='lat'><strong>,</strong></span> <span class='ocrx_word' id='word_1_394' title='bbox 668 2367 689 2394; x_wconf 90' lang='lat' dir='ltr'><strong>si</strong></span> <span class='ocrx_word' id='word_1_395' title='bbox 706 2368 777 2401; x_wconf 73' lang='lat' dir='ltr'><strong>ipsos</strong></span> <span class='ocrx_word' id='word_1_396' title='bbox 801 2366 914 2401; x_wconf 88' lang='lat' dir='ltr'><strong>denique</strong></span> <span class='ocrx_word' id='word_1_397' title='bbox 929 2367 1093 2401; x_wconf 85' lang='lat' dir='ltr'><strong>patriarchas</strong></span> 
     </span>
    </p>
   </div>
   <div class='ocr_carea' id='block_1_50' title="bbox 303 2413 1093 2448">
    <p class='ocr_par' dir='ltr' id='par_1_50' title="bbox 303 2413 1093 2448">
     <span class='ocr_line' id='line_1_50' title="bbox 303 2413 1093 2448; baseline 0 -7"><span class='ocrx_word' id='word_1_398' title='bbox 303 2419 332 2441; x_wconf 80' lang='lat' dir='ltr'><strong>et</strong></span> <span class='ocrx_word' id='word_1_399' title='bbox 357 2414 498 2448; x_wconf 81' lang='lat' dir='ltr'><strong>prophetas</strong></span> <span class='ocrx_word' id='word_1_400' title='bbox 511 2414 544 2441; x_wconf 87' lang='lat' dir='ltr'><strong>ab</strong></span> <span class='ocrx_word' id='word_1_401' title='bbox 557 2413 641 2441; x_wconf 81' lang='lat' dir='ltr'><strong>Adam</strong></span> <span class='ocrx_word' id='word_1_402' title='bbox 663 2413 826 2448; x_wconf 83' lang='lat' dir='ltr'><strong>protoplasto</strong></span> <span class='ocrx_word' id='word_1_403' title='bbox 845 2421 896 2440; x_wconf 90' lang='lat' dir='ltr'><strong>non</strong></span> <span class='ocrx_word' id='word_1_404' title='bbox 919 2413 976 2440; x_wconf 89' lang='lat' dir='ltr'><strong>sine</strong></span> <span class='ocrx_word' id='word_1_405' title='bbox 997 2421 1093 2441; x_wconf 86' lang='lat' dir='ltr'><strong>occasu</strong></span> 
     </span>
    </p>
   </div>
   <div class='ocr_carea' id='block_1_51' title="bbox 305 2458 1092 2494">
    <p class='ocr_par' dir='ltr' id='par_1_51' title="bbox 305 2458 1092 2494">
     <span class='ocr_line' id='line_1_51' title="bbox 305 2458 1092 2494; baseline 0 -8"><span class='ocrx_word' id='word_1_406' title='bbox 305 2459 454 2486; x_wconf 90' lang='lat' dir='ltr'><strong>audivimus</strong></span> <span class='ocrx_word' id='word_1_407' title='bbox 468 2460 595 2494; x_wconf 78' lang='lat' dir='ltr'><strong>migrasse</strong></span> <span class='ocrx_word' id='word_1_408' title='bbox 605 2459 638 2486; x_wconf 90' lang='lat' dir='ltr'><strong>de</strong></span> <span class='ocrx_word' id='word_1_409' title='bbox 651 2459 759 2490; x_wconf 74' lang='lat' dir='ltr'><strong>steculo,</strong></span> <span class='ocrx_word' id='word_1_410' title='bbox 774 2458 909 2485; x_wconf 76' lang='lat' dir='ltr'><strong>elevemus</strong></span> <span class='ocrx_word' id='word_1_411' title='bbox 922 2459 1039 2486; x_wconf 89' lang='lat' dir='ltr'><strong>animum</strong></span> <span class='ocrx_word' id='word_1_412' title='bbox 1058 2459 1092 2487; x_wconf 87' lang='lat' dir='ltr'><strong>de</strong></span> 
     </span>
    </p>
   </div>
   <div class='ocr_carea' id='block_1_52' title="bbox 307 2504 1089 2540">
    <p class='ocr_par' dir='ltr' id='par_1_52' title="bbox 307 2504 1089 2540">
     <span class='ocr_line' id='line_1_52' title="bbox 307 2504 1089 2540; baseline 0.001 -8"><span class='ocrx_word' id='word_1_413' title='bbox 307 2504 438 2540; x_wconf 88' lang='lat' dir='ltr'><strong>profundo</strong></span> <span class='ocrx_word' id='word_1_414' title='bbox 454 2505 566 2533; x_wconf 73' lang='lat' dir='ltr'><strong>tristitia:</strong></span> <span class='ocrx_word' id='word_1_415' title='bbox 580 2514 586 2533; x_wconf 91' lang='lat'><strong>:</strong></span> <span class='ocrx_word' id='word_1_416' title='bbox 602 2505 663 2540; x_wconf 86' lang='lat' dir='ltr'><strong>quia</strong></span> <span class='ocrx_word' id='word_1_417' title='bbox 674 2504 744 2539; x_wconf 89' lang='lat' dir='ltr'><strong>quod</strong></span> <span class='ocrx_word' id='word_1_418' title='bbox 765 2504 889 2538; x_wconf 86' lang='lat' dir='ltr'><strong>debebat,</strong></span> <span class='ocrx_word' id='word_1_419' title='bbox 902 2505 953 2532; x_wconf 88' lang='lat' dir='ltr'><strong>hoc</strong></span> <span class='ocrx_word' id='word_1_420' title='bbox 966 2505 1089 2533; x_wconf 89' lang='lat' dir='ltr'><strong>reddidit.</strong></span> 
     </span>
    </p>
   </div>
   <div class='ocr_carea' id='block_1_53' title="bbox 306 2549 1090 2584">
    <p class='ocr_par' dir='ltr' id='par_1_53' title="bbox 306 2549 1090 2584">
     <span class='ocr_line' id='line_1_53' title="bbox 306 2549 1090 2584; baseline 0.003 -7"><span class='ocrx_word' id='word_1_421' title='bbox 306 2551 337 2577; x_wconf 78' lang='lat' dir='ltr'><strong>Et</strong></span> <span class='ocrx_word' id='word_1_422' title='bbox 352 2550 442 2584; x_wconf 90' lang='lat' dir='ltr'><strong>utique</strong></span> <span class='ocrx_word' id='word_1_423' title='bbox 454 2549 570 2577; x_wconf 89' lang='lat' dir='ltr'><strong>debitum</strong></span> <span class='ocrx_word' id='word_1_424' title='bbox 579 2558 639 2577; x_wconf 88' lang='lat' dir='ltr'><strong>eum</strong></span> <span class='ocrx_word' id='word_1_425' title='bbox 651 2549 781 2582; x_wconf 84' lang='lat' dir='ltr'><strong>redditur,</strong></span> <span class='ocrx_word' id='word_1_426' title='bbox 793 2557 872 2584; x_wconf 91' lang='lat' dir='ltr'><strong>quam</strong></span> <span class='ocrx_word' id='word_1_427' title='bbox 884 2554 972 2584; x_wconf 89' lang='lat' dir='ltr'><strong>potest</strong></span> <span class='ocrx_word' id='word_1_428' title='bbox 992 2550 1090 2579; x_wconf 87' lang='lat' dir='ltr'><strong>habere</strong></span> 
     </span>
    </p>
   </div>
   <div class='ocr_carea' id='block_1_54' title="bbox 305 2593 1093 2631">
    <p class='ocr_par' dir='ltr' id='par_1_54' title="bbox 305 2593 1093 2631">
     <span class='ocr_line' id='line_1_54' title="bbox 305 2593 1093 2631; baseline 0.003 -10"><span class='ocrx_word' id='word_1_429' title='bbox 305 2595 438 2622; x_wconf 84' lang='lat' dir='ltr'><strong>tristitiam</strong></span> <span class='ocrx_word' id='word_1_430' title='bbox 451 2594 463 2621; x_wconf 66' lang='grc' dir='ltr'><strong><em></em></strong></span> <span class='ocrx_word' id='word_1_431' title='bbox 485 2593 544 2621; x_wconf 81' lang='lat' dir='ltr'><strong>Hoc</strong></span> <span class='ocrx_word' id='word_1_432' title='bbox 555 2598 597 2621; x_wconf 88' lang='lat' dir='ltr'><strong>est</strong></span> <span class='ocrx_word' id='word_1_433' title='bbox 614 2601 676 2621; x_wconf 86' lang='lat' dir='ltr'><strong>vere</strong></span> <span class='ocrx_word' id='word_1_434' title='bbox 687 2594 821 2626; x_wconf 88' lang='lat' dir='ltr'><strong>debitum,</strong></span> <span class='ocrx_word' id='word_1_435' title='bbox 836 2595 905 2629; x_wconf 92' lang='lat' dir='ltr'><strong>quod</strong></span> <span class='ocrx_word' id='word_1_436' title='bbox 921 2596 991 2622; x_wconf 89' lang='lat' dir='ltr'><strong>nulla</strong></span> <span class='ocrx_word' id='word_1_437' title='bbox 1005 2601 1093 2631; x_wconf 88' lang='lat' dir='ltr'><strong>potest</strong></span> 
     </span>
    </p>
   </div>
   <div class='ocr_carea' id='block_1_55' title="bbox 306 2640 1092 2676">
    <p class='ocr_par' dir='ltr' id='par_1_55' title="bbox 306 2640 1092 2676">
     <span class='ocr_line' id='line_1_55' title="bbox 306 2640 1092 2676; baseline 0.001 -8"><span class='ocrx_word' id='word_1_438' title='bbox 306 2642 417 2676; x_wconf 80' lang='lat' dir='ltr'><strong>pecunia</strong></span> <span class='ocrx_word' id='word_1_439' title='bbox 432 2641 526 2668; x_wconf 87' lang='lat' dir='ltr'><strong>redimi</strong></span> <span class='ocrx_word' id='word_1_440' title='bbox 539 2649 547 2668; x_wconf 90' lang='lat'>:</span> <span class='ocrx_word' id='word_1_441' title='bbox 568 2640 618 2668; x_wconf 90' lang='lat' dir='ltr'><strong>hoe</strong></span> <span class='ocrx_word' id='word_1_442' title='bbox 631 2644 672 2668; x_wconf 91' lang='lat' dir='ltr'><strong>est</strong></span> <span class='ocrx_word' id='word_1_443' title='bbox 684 2640 802 2667; x_wconf 91' lang='lat' dir='ltr'><strong>debitum</strong></span> <span class='ocrx_word' id='word_1_444' title='bbox 814 2661 822 2674; x_wconf 87' lang='lat'><strong>,</strong></span> <span class='ocrx_word' id='word_1_445' title='bbox 850 2640 920 2676; x_wconf 91' lang='lat' dir='ltr'><strong>quod</strong></span> <span class='ocrx_word' id='word_1_446' title='bbox 936 2649 986 2669; x_wconf 92' lang='lat' dir='ltr'><strong>nec</strong></span> <span class='ocrx_word' id='word_1_447' title='bbox 1008 2641 1092 2669; x_wconf 83' lang='lat' dir='ltr'><strong>virtus</strong></span> 
     </span>
    </p>
   </div>
   <div class='ocr_carea' id='block_1_56' title="bbox 306 2686 1092 2722">
    <p class='ocr_par' dir='ltr' id='par_1_56' title="bbox 306 2686 1092 2722">
     <span class='ocr_line' id='line_1_56' title="bbox 306 2686 1092 2722; baseline 0.001 -8"><span class='ocrx_word' id='word_1_448' title='bbox 306 2690 424 2720; x_wconf 67' lang='lat' dir='ltr'><strong>excusat,</strong></span> <span class='ocrx_word' id='word_1_449' title='bbox 439 2694 490 2714; x_wconf 87' lang='lat' dir='ltr'><strong>nec</strong></span> <span class='ocrx_word' id='word_1_450' title='bbox 503 2686 641 2721; x_wconf 85' lang='lat' dir='ltr'><strong>sapientia,</strong></span> <span class='ocrx_word' id='word_1_451' title='bbox 651 2693 700 2713; x_wconf 91' lang='lat' dir='ltr'><strong>nec</strong></span> <span class='ocrx_word' id='word_1_452' title='bbox 714 2691 840 2721; x_wconf 85' lang='lat' dir='ltr'><strong>potestas,</strong></span> <span class='ocrx_word' id='word_1_453' title='bbox 853 2694 902 2714; x_wconf 92' lang='lat' dir='ltr'><strong>nec</strong></span> <span class='ocrx_word' id='word_1_454' title='bbox 915 2687 963 2722; x_wconf 89' lang='lat' dir='ltr'><strong>ipsi</strong></span> <span class='ocrx_word' id='word_1_455' title='bbox 979 2687 1092 2722; x_wconf 83' lang='lat' dir='ltr'><strong>denique</strong></span> 
     </span>
    </p>
   </div>
   <div class='ocr_carea' id='block_1_57' title="bbox 304 2731 1092 2768">
    <p class='ocr_par' dir='ltr' id='par_1_57' title="bbox 304 2731 1092 2768">
     <span class='ocr_line' id='line_1_57' title="bbox 304 2731 1092 2768; baseline 0 -7"><span class='ocrx_word' id='word_1_456' title='bbox 304 2740 381 2768; x_wconf 77' lang='lat' dir='ltr'><strong>rcges</strong></span> <span class='ocrx_word' id='word_1_457' title='bbox 407 2736 535 2767; x_wconf 90' lang='lat' dir='ltr'><strong>poterunt</strong></span> <span class='ocrx_word' id='word_1_458' title='bbox 555 2731 700 2760; x_wconf 84' lang='lat' dir='ltr'><strong>declinare.</strong></span> <span class='ocrx_word' id='word_1_459' title='bbox 730 2732 812 2760; x_wconf 80' lang='lat' dir='ltr'><strong>Plane</strong></span> <span class='ocrx_word' id='word_1_460' title='bbox 837 2733 960 2761; x_wconf 87' lang='lat' dir='ltr'><strong>hortarer</strong></span> <span class='ocrx_word' id='word_1_461' title='bbox 987 2741 1037 2768; x_wconf 81' lang='lat' dir='ltr'><strong>ego</strong></span> <span class='ocrx_word' id='word_1_462' title='bbox 1063 2737 1092 2761; x_wconf 89' lang='lat' dir='ltr'><strong>ut</strong></span> 
     </span>
    </p>
   </div>
   <div class='ocr_carea' id='block_1_58' title="bbox 333 2787 1028 2822">
    <p class='ocr_par' dir='ltr' id='par_1_58' title="bbox 333 2787 1028 2822">
     <span class='ocr_line' id='line_1_58' title="bbox 333 2787 1028 2822; baseline 0 -7"><span class='ocrx_word' id='word_1_463' title='bbox 333 2791 371 2822; x_wconf 85' lang='lat' dir='ltr'><strong>(a)</strong></span> <span class='ocrx_word' id='word_1_464' title='bbox 387 2794 455 2821; x_wconf 48' lang='lat' dir='ltr'><strong>Post,</strong></span> <span class='ocrx_word' id='word_1_465' title='bbox 464 2787 578 2821; x_wconf 73' lang='lat' dir='ltr'><strong>rrnzitur,</strong></span> <span class='ocrx_word' id='word_1_466' title='bbox 587 2790 683 2822; x_wconf 83' lang='lat' dir='ltr'><strong>quidam</strong></span> <span class='ocrx_word' id='word_1_467' title='bbox 694 2790 752 2822; x_wconf 66' lang='lat' dir='ltr'><strong>aditi</strong></span> <span class='ocrx_word' id='word_1_468' title='bbox 763 2790 861 2822; x_wconf 73' lang='lat' dir='ltr'><strong>addunt,</strong></span> <span class='ocrx_word' id='word_1_469' title='bbox 873 2794 896 2815; x_wconf 87' lang='lat' dir='ltr'><strong>et</strong></span> <span class='ocrx_word' id='word_1_470' title='bbox 907 2790 1028 2822; x_wconf 76' lang='lat' dir='ltr'><strong>horretur.</strong></span> 
     </span>
    </p>
   </div>
   <div class='ocr_carea' id='block_1_59' title="bbox 334 2820 1092 2857">
    <p class='ocr_par' dir='ltr' id='par_1_59' title="bbox 334 2820 1092 2857">
     <span class='ocr_line' id='line_1_59' title="bbox 334 2820 1092 2857; baseline 0.001 -11"><span class='ocrx_word' id='word_1_471' title='bbox 334 2820 368 2857; x_wconf 60' lang='lat' dir='ltr'><strong>(tu)</strong></span> <span class='ocrx_word' id='word_1_472' title='bbox 384 2822 444 2849; x_wconf 77' lang='lat' dir='ltr'><strong>Edili</strong></span> <span class='ocrx_word' id='word_1_473' title='bbox 458 2822 559 2857; x_wconf 73' lang='lat' dir='ltr'><strong>quiam,</strong></span> <span class='ocrx_word' id='word_1_474' title='bbox 569 2820 633 2857; x_wconf 50' lang='lat' dir='ltr'><strong>post.</strong></span> <span class='ocrx_word' id='word_1_475' title='bbox 644 2820 733 2857; x_wconf 66' lang='lat' dir='ltr'><strong>doloris</strong></span> <span class='ocrx_word' id='word_1_476' title='bbox 745 2828 821 2851; x_wconf 77' lang='lat' dir='ltr'><strong>arma,</strong></span> <span class='ocrx_word' id='word_1_477' title='bbox 837 2821 933 2857; x_wconf 83' lang='lat' dir='ltr'><strong>ferunt,</strong></span> <span class='ocrx_word' id='word_1_478' title='bbox 944 2821 1092 2853; x_wconf 71' lang='lat' dir='ltr'><strong>spiritalibus</strong></span> 
     </span>
    </p>
   </div>
   <div class='ocr_carea' id='block_1_60' title="bbox 303 2851 866 2885">
    <p class='ocr_par' dir='ltr' id='par_1_60' title="bbox 303 2851 866 2885">
     <span class='ocr_line' id='line_1_60' title="bbox 303 2851 866 2885; baseline -0.002 -8"><span class='ocrx_word' id='word_1_479' title='bbox 303 2851 518 2880; x_wconf 61' lang='grc' dir='ltr'><strong></strong></span> <span class='ocrx_word' id='word_1_480' title='bbox 526 2851 653 2885; x_wconf 59' lang='grc' dir='ltr'><strong>.</strong></span> <span class='ocrx_word' id='word_1_481' title='bbox 668 2852 729 2877; x_wconf 79' lang='lat' dir='ltr'><strong>Illud</strong></span> <span class='ocrx_word' id='word_1_482' title='bbox 740 2858 806 2883; x_wconf 79' lang='lat' dir='ltr'><strong>ergo,</strong></span> <span class='ocrx_word' id='word_1_483' title='bbox 819 2856 866 2877; x_wconf 85' lang='lat' dir='ltr'><strong>etc.</strong></span> 
     </span>
    </p>
   </div>
   <div class='ocr_carea' id='block_1_61' title="bbox 673 153 1571 185">
    <p class='ocr_par' dir='ltr' id='par_1_61' title="bbox 673 153 1571 185">
     <span class='ocr_line' id='line_1_61' title="bbox 673 153 1571 185; baseline -0.001 0"><span class='ocrx_word' id='word_1_484' title='bbox 673 157 702 185; x_wconf 86' lang='lat' dir='ltr'><strong>S.</strong></span> <span class='ocrx_word' id='word_1_485' title='bbox 721 156 859 185; x_wconf 79' lang='lat' dir='ltr'><strong>JOANNIS</strong></span> <span class='ocrx_word' id='word_1_486' title='bbox 876 153 1112 184; x_wconf 81' lang='lat' dir='ltr'><strong>CHRYSOSTOMI</strong></span> <span class='ocrx_word' id='word_1_487' title='bbox 1130 154 1287 183; x_wconf 78' lang='lat' dir='ltr'><strong>ARCIIIEP.</strong></span> <span class='ocrx_word' id='word_1_488' title='bbox 1307 155 1571 184; x_wconf 80' lang='lat' dir='ltr'><strong>CONSTANTINOP.</strong></span> 
     </span>
    </p>
   </div>
   <div class='ocr_carea' id='block_1_62' title="bbox 1896 159 1947 188">
    <p class='ocr_par' dir='ltr' id='par_1_62' title="bbox 1896 159 1947 188">
     <span class='ocr_line' id='line_1_62' title="bbox 1896 159 1947 188; baseline 0.02 -1"><span class='ocrx_word' id='word_1_489' title='bbox 1896 159 1947 188; x_wconf 73' lang='lat'><strong>296</strong></span> 
     </span>
    </p>
   </div>
   <div class='ocr_carea' id='block_1_63' title="bbox 1155 211 1947 251">
    <p class='ocr_par' dir='ltr' id='par_1_63' title="bbox 1155 211 1947 251">
     <span class='ocr_line' id='line_1_63' title="bbox 1155 211 1947 251; baseline 0.009 -14"><span class='ocrx_word' id='word_1_490' title='bbox 1155 217 1269 245; x_wconf 84' lang='lat' dir='ltr'><strong>augeres</strong></span> <span class='ocrx_word' id='word_1_491' title='bbox 1280 211 1414 239; x_wconf 82' lang='lat' dir='ltr'><strong>tristitiam</strong></span> <span class='ocrx_word' id='word_1_492' title='bbox 1429 232 1437 245; x_wconf 92' lang='lat'><strong>,</strong></span> <span class='ocrx_word' id='word_1_493' title='bbox 1451 212 1474 240; x_wconf 86' lang='lat' dir='ltr'><strong>si</strong></span> <span class='ocrx_word' id='word_1_494' title='bbox 1488 212 1583 240; x_wconf 81' lang='lat' dir='ltr'><strong>fuisset</strong></span> <span class='ocrx_word' id='word_1_495' title='bbox 1597 212 1656 240; x_wconf 90' lang='lat' dir='ltr'><strong>talis</strong></span> <span class='ocrx_word' id='word_1_496' title='bbox 1671 220 1724 246; x_wconf 82' lang='lat' dir='ltr'><strong>res.</strong></span> <span class='ocrx_word' id='word_1_497' title='bbox 1739 221 1798 249; x_wconf 73' lang='lat' dir='ltr'><strong>qua:</strong></span> <span class='ocrx_word' id='word_1_498' title='bbox 1810 222 1872 243; x_wconf 86' lang='lat' dir='ltr'><strong>cum</strong></span> <span class='ocrx_word' id='word_1_499' title='bbox 1887 224 1947 251; x_wconf 84' lang='lat' dir='ltr'><strong>pus-</strong></span> 
     </span>
    </p>
   </div>
   <div class='ocr_carea' id='block_1_64' title="bbox 1157 257 1946 296">
    <p class='ocr_par' dir='ltr' id='par_1_64' title="bbox 1157 257 1946 296">
     <span class='ocr_line' id='line_1_64' title="bbox 1157 257 1946 296; baseline 0.009 -13"><span class='ocrx_word' id='word_1_500' title='bbox 1157 260 1198 283; x_wconf 89' lang='lat' dir='ltr'><strong>set</strong></span> <span class='ocrx_word' id='word_1_501' title='bbox 1213 261 1258 284; x_wconf 88' lang='lat' dir='ltr'><strong>tua</strong></span> <span class='ocrx_word' id='word_1_502' title='bbox 1270 257 1416 285; x_wconf 84' lang='lat' dir='ltr'><strong>substantia</strong></span> <span class='ocrx_word' id='word_1_503' title='bbox 1430 258 1536 291; x_wconf 87' lang='lat' dir='ltr'><strong>redimi,</strong></span> <span class='ocrx_word' id='word_1_504' title='bbox 1545 258 1587 286; x_wconf 93' lang='lat' dir='ltr'><strong>vel</strong></span> <span class='ocrx_word' id='word_1_505' title='bbox 1600 258 1711 292; x_wconf 89' lang='lat' dir='ltr'><strong>dill&#39;erri,</strong></span> <span class='ocrx_word' id='word_1_506' title='bbox 1722 260 1884 296; x_wconf 79' lang='lat' dir='ltr'><strong>negligentia</strong></span> <span class='ocrx_word' id='word_1_507' title='bbox 1898 268 1946 290; x_wconf 83' lang='lat' dir='ltr'><strong>aut</strong></span> 
     </span>
    </p>
   </div>
   <div class='ocr_carea' id='block_1_65' title="bbox 1158 301 1945 336">
    <p class='ocr_par' dir='ltr' id='par_1_65' title="bbox 1158 301 1945 336">
     <span class='ocr_line' id='line_1_65' title="bbox 1158 301 1945 336; baseline 0.01 -9"><span class='ocrx_word' id='word_1_508' title='bbox 1158 301 1286 336; x_wconf 83' lang='lat' dir='ltr'><strong>parcitate</strong></span> <span class='ocrx_word' id='word_1_509' title='bbox 1296 303 1472 336; x_wconf 88' lang='lat' dir='ltr'><strong>pr0veuisset.</strong></span> <span class='ocrx_word' id='word_1_510' title='bbox 1484 303 1550 330; x_wconf 91' lang='lat' dir='ltr'><strong>Cum</strong></span> <span class='ocrx_word' id='word_1_511' title='bbox 1560 311 1624 331; x_wconf 87' lang='lat' dir='ltr'><strong>vero</strong></span> <span class='ocrx_word' id='word_1_512' title='bbox 1635 304 1682 331; x_wconf 88' lang='lat' dir='ltr'><strong>Dei</strong></span> <span class='ocrx_word' id='word_1_513' title='bbox 1692 305 1829 333; x_wconf 89' lang='lat' dir='ltr'><strong>decretum</strong></span> <span class='ocrx_word' id='word_1_514' title='bbox 1840 307 1945 334; x_wconf 83' lang='lat' dir='ltr'><strong>rmum</strong></span> 
     </span>
    </p>
   </div>
   <div class='ocr_carea' id='block_1_66' title="bbox 1157 347 1946 382">
    <p class='ocr_par' dir='ltr' id='par_1_66' title="bbox 1157 347 1946 382">
     <span class='ocr_line' id='line_1_66' title="bbox 1157 347 1946 382; baseline 0.01 -10"><span class='ocrx_word' id='word_1_515' title='bbox 1157 347 1192 373; x_wconf 86' lang='lat' dir='ltr'><strong>sit</strong></span> <span class='ocrx_word' id='word_1_516' title='bbox 1217 351 1244 373; x_wconf 88' lang='lat' dir='ltr'><strong>et</strong></span> <span class='ocrx_word' id='word_1_517' title='bbox 1270 347 1456 380; x_wconf 84' lang='lat' dir='ltr'><strong>immutabile,</strong></span> <span class='ocrx_word' id='word_1_518' title='bbox 1486 347 1583 375; x_wconf 81' lang='lat' dir='ltr'><strong>frustra</strong></span> <span class='ocrx_word' id='word_1_519' title='bbox 1610 348 1741 382; x_wconf 90' lang='lat' dir='ltr'><strong>dolemus,</strong></span> <span class='ocrx_word' id='word_1_520' title='bbox 1766 355 1793 378; x_wconf 89' lang='lat' dir='ltr'><strong>et</strong></span> <span class='ocrx_word' id='word_1_521' title='bbox 1815 351 1849 378; x_wconf 89' lang='lat' dir='ltr'><strong>de</strong></span> <span class='ocrx_word' id='word_1_522' title='bbox 1869 352 1946 380; x_wconf 80' lang='lat' dir='ltr'><strong>nobis</strong></span> 
     </span>
    </p>
   </div>
   <div class='ocr_carea' id='block_1_67' title="bbox 1157 393 1945 430">
    <p class='ocr_par' dir='ltr' id='par_1_67' title="bbox 1157 393 1945 430">
     <span class='ocr_line' id='line_1_67' title="bbox 1157 393 1945 430; baseline 0.01 -12"><span class='ocrx_word' id='word_1_523' title='bbox 1157 393 1299 428; x_wconf 61' lang='lat' dir='ltr'><strong>qua&#39;rimus</strong></span> <span class='ocrx_word' id='word_1_524' title='bbox 1313 401 1396 428; x_wconf 87' lang='lat' dir='ltr'><strong>quare</strong></span> <span class='ocrx_word' id='word_1_525' title='bbox 1409 395 1444 420; x_wconf 87' lang='lat' dir='ltr'><strong>sit</strong></span> <span class='ocrx_word' id='word_1_526' title='bbox 1456 399 1588 427; x_wconf 84' lang='lat' dir='ltr'><strong>mortuus,</strong></span> <span class='ocrx_word' id='word_1_527' title='bbox 1603 402 1664 422; x_wconf 87' lang='lat' dir='ltr'><strong>cum</strong></span> <span class='ocrx_word' id='word_1_528' title='bbox 1686 396 1813 430; x_wconf 90' lang='lat' dir='ltr'><strong>scriptum</strong></span> <span class='ocrx_word' id='word_1_529' title='bbox 1827 397 1872 429; x_wconf 87' lang='lat' dir='ltr'><strong>sit,</strong></span> <span class='ocrx_word' id='word_1_530' title='bbox 1888 398 1945 425; x_wconf 86' lang='lat' dir='ltr'><strong>Do-</strong></span> 
     </span>
    </p>
   </div>
   <div class='ocr_carea' id='block_1_68' title="bbox 1157 438 1946 479">
    <p class='ocr_par' dir='ltr' id='par_1_68' title="bbox 1157 438 1946 479">
     <span class='ocr_line' id='line_1_68' title="bbox 1157 438 1946 479; baseline 0.01 -15"><span class='ocrx_word' id='word_1_531' title='bbox 1157 438 1218 464; x_wconf 85' lang='lat' dir='ltr'><strong>mini</strong></span> <span class='ocrx_word' id='word_1_532' title='bbox 1242 438 1288 465; x_wconf 81' lang='lat' dir='ltr'><strong>Dei</strong></span> <span class='ocrx_word' id='word_1_533' title='bbox 1301 444 1360 466; x_wconf 82' lang='lat' dir='ltr'><strong>sunt</strong></span> <span class='ocrx_word' id='word_1_534' title='bbox 1374 440 1455 466; x_wconf 72' lang='lat' dir='ltr'><strong>exitus</strong></span> <span class='ocrx_word' id='word_1_535' title='bbox 1479 441 1567 467; x_wconf 75' lang='lat' dir='ltr'><strong>mortis</strong></span> <span class='ocrx_word' id='word_1_536' title='bbox 1580 440 1666 475; x_wconf 77' lang='lat' dir='ltr'><strong>(Psal.</strong></span> <span class='ocrx_word' id='word_1_537' title='bbox 1678 441 1722 468; x_wconf 87' lang='grc'><strong>67.</strong></span> <span class='ocrx_word' id='word_1_538' title='bbox 1737 442 1768 469; x_wconf 60' lang='lat' dir='ltr'><strong>t</strong></span> <span class='ocrx_word' id='word_1_539' title='bbox 1783 443 1802 476; x_wconf 93' lang='lat'><strong>).</strong></span> <span class='ocrx_word' id='word_1_540' title='bbox 1820 442 1871 470; x_wconf 82' lang='lat' dir='ltr'><strong>Ista</strong></span> <span class='ocrx_word' id='word_1_541' title='bbox 1882 451 1946 479; x_wconf 85' lang='lat' dir='ltr'><strong>ergo</strong></span> 
     </span>
    </p>
   </div>
   <div class='ocr_carea' id='block_1_69' title="bbox 1157 485 1944 522">
    <p class='ocr_par' dir='ltr' id='par_1_69' title="bbox 1157 485 1944 522">
     <span class='ocr_line' id='line_1_69' title="bbox 1157 485 1944 522; baseline 0.008 -11"><span class='ocrx_word' id='word_1_542' title='bbox 1157 485 1305 511; x_wconf 80' lang='lat' dir='ltr'><strong>Communis</strong></span> <span class='ocrx_word' id='word_1_543' title='bbox 1320 485 1380 512; x_wconf 79' lang='lat' dir='ltr'><strong>vita:</strong></span> <span class='ocrx_word' id='word_1_544' title='bbox 1408 485 1526 513; x_wconf 88' lang='lat' dir='ltr'><strong>conditio</strong></span> <span class='ocrx_word' id='word_1_545' title='bbox 1540 486 1562 513; x_wconf 90' lang='lat' dir='ltr'><strong>si</strong></span> <span class='ocrx_word' id='word_1_546' title='bbox 1583 487 1726 521; x_wconf 88' lang='lat' dir='ltr'><strong>recipiatur</strong></span> <span class='ocrx_word' id='word_1_547' title='bbox 1738 487 1763 514; x_wconf 90' lang='lat' dir='ltr'><strong>iu</strong></span> <span class='ocrx_word' id='word_1_548' title='bbox 1787 489 1888 522; x_wconf 86' lang='lat' dir='ltr'><strong>animo,</strong></span> <span class='ocrx_word' id='word_1_549' title='bbox 1904 491 1944 517; x_wconf 52' lang='lat' dir='ltr'><strong>in-</strong></span> 
     </span>
    </p>
   </div>
   <div class='ocr_carea' id='block_1_70' title="bbox 1156 530 1946 567">
    <p class='ocr_par' dir='ltr' id='par_1_70' title="bbox 1156 530 1946 567">
     <span class='ocr_line' id='line_1_70' title="bbox 1156 530 1946 567; baseline 0.01 -12"><span class='ocrx_word' id='word_1_550' title='bbox 1156 530 1236 564; x_wconf 89' lang='lat' dir='ltr'><strong>eipiet</strong></span> <span class='ocrx_word' id='word_1_551' title='bbox 1256 535 1378 565; x_wconf 82' lang='lat' dir='ltr'><strong>gravatus</strong></span> <span class='ocrx_word' id='word_1_552' title='bbox 1398 531 1486 558; x_wconf 87' lang='lat' dir='ltr'><strong>cordis</strong></span> <span class='ocrx_word' id='word_1_553' title='bbox 1501 531 1604 564; x_wconf 82' lang='lat' dir='ltr'><strong>oculus,</strong></span> <span class='ocrx_word' id='word_1_554' title='bbox 1617 533 1691 566; x_wconf 91' lang='lat' dir='ltr'><strong>quasi</strong></span> <span class='ocrx_word' id='word_1_555' title='bbox 1713 533 1797 567; x_wconf 90' lang='lat' dir='ltr'><strong>prima</strong></span> <span class='ocrx_word' id='word_1_556' title='bbox 1814 534 1946 563; x_wconf 77' lang='lat' dir='ltr'><strong>infusimte</strong></span> 
     </span>
    </p>
   </div>
   <div class='ocr_carea' id='block_1_71' title="bbox 1157 576 1278 602">
    <p class='ocr_par' dir='ltr' id='par_1_71' title="bbox 1157 576 1278 602">
     <span class='ocr_line' id='line_1_71' title="bbox 1157 576 1278 602; baseline 0 0"><span class='ocrx_word' id='word_1_557' title='bbox 1157 576 1278 602; x_wconf 88' lang='lat' dir='ltr'><strong>relevari.</strong></span> 
     </span>
    </p>
   </div>
   <div class='ocr_carea' id='block_1_72' title="bbox 1191 620 1944 661">
    <p class='ocr_par' dir='ltr' id='par_1_72' title="bbox 1191 620 1944 661">
     <span class='ocr_line' id='line_1_72' title="bbox 1191 620 1944 661; baseline 0.009 -14"><span class='ocrx_word' id='word_1_558' title='bbox 1191 621 1217 648; x_wconf 81' lang='lat'><strong>5.</strong></span> <span class='ocrx_word' id='word_1_559' title='bbox 1229 620 1323 648; x_wconf 79' lang='lat' dir='ltr'><strong>Luctus</strong></span> <span class='ocrx_word' id='word_1_560' title='bbox 1342 621 1435 649; x_wconf 77' lang='lat' dir='ltr'><strong>nimius</strong></span> <span class='ocrx_word' id='word_1_561' title='bbox 1455 630 1471 649; x_wconf 88' lang='lat' dir='ltr'><strong>a</strong></span> <span class='ocrx_word' id='word_1_562' title='bbox 1489 623 1588 650; x_wconf 81' lang='lat' dir='ltr'><strong>ratione</strong></span> <span class='ocrx_word' id='word_1_563' title='bbox 1600 624 1697 651; x_wconf 83' lang='lat' dir='ltr'><strong>alienus</strong></span> <span class='ocrx_word' id='word_1_564' title='bbox 1709 625 1832 661; x_wconf 77' lang='lat' dir='ltr'><strong>etiamque</strong></span> <span class='ocrx_word' id='word_1_565' title='bbox 1844 627 1944 661; x_wconf 81' lang='lat' dir='ltr'><strong>pericu-</strong></span> 
     </span>
    </p>
   </div>
   <div class='ocr_carea' id='block_1_73' title="bbox 1156 666 1944 701">
    <p class='ocr_par' dir='ltr' id='par_1_73' title="bbox 1156 666 1944 701">
     <span class='ocr_line' id='line_1_73' title="bbox 1156 666 1944 701; baseline 0.01 -9"><span class='ocrx_word' id='word_1_566' title='bbox 1156 666 1234 693; x_wconf 79' lang='lat' dir='ltr'><strong>losus.</strong></span> <span class='ocrx_word' id='word_1_567' title='bbox 1248 681 1283 686; x_wconf 88' lang='lat'></span> <span class='ocrx_word' id='word_1_568' title='bbox 1296 666 1348 694; x_wconf 83' lang='lat' dir='ltr'><strong>Sed</strong></span> <span class='ocrx_word' id='word_1_569' title='bbox 1371 667 1447 701; x_wconf 87' lang='lat' dir='ltr'><strong>dicis,</strong></span> <span class='ocrx_word' id='word_1_570' title='bbox 1461 668 1517 695; x_wconf 86' lang='lat' dir='ltr'><strong>scio</strong></span> <span class='ocrx_word' id='word_1_571' title='bbox 1537 676 1705 697; x_wconf 89' lang='lat' dir='ltr'><strong>communem</strong></span> <span class='ocrx_word' id='word_1_572' title='bbox 1726 678 1786 699; x_wconf 85' lang='lat' dir='ltr'><strong>esse</strong></span> <span class='ocrx_word' id='word_1_573' title='bbox 1805 671 1875 699; x_wconf 89' lang='lat' dir='ltr'><strong>hunc</strong></span> <span class='ocrx_word' id='word_1_574' title='bbox 1899 680 1944 700; x_wconf 87' lang='lat' dir='ltr'><strong>ca-</strong></span> 
     </span>
    </p>
   </div>
   <div class='ocr_carea' id='block_1_74' title="bbox 1156 712 1943 750">
    <p class='ocr_par' dir='ltr' id='par_1_74' title="bbox 1156 712 1943 750">
     <span class='ocr_line' id='line_1_74' title="bbox 1156 712 1943 750; baseline 0.01 -13"><span class='ocrx_word' id='word_1_575' title='bbox 1156 719 1229 744; x_wconf 88' lang='lat' dir='ltr'><strong>sum;</strong></span> <span class='ocrx_word' id='word_1_576' title='bbox 1245 712 1301 739; x_wconf 91' lang='lat' dir='ltr'><strong>scio</strong></span> <span class='ocrx_word' id='word_1_577' title='bbox 1313 712 1374 747; x_wconf 88' lang='lat' dir='ltr'><strong>quia</strong></span> <span class='ocrx_word' id='word_1_578' title='bbox 1387 712 1420 746; x_wconf 89' lang='lat' dir='ltr'><strong>is,</strong></span> <span class='ocrx_word' id='word_1_579' title='bbox 1435 713 1479 748; x_wconf 92' lang='lat' dir='ltr'><strong>qui</strong></span> <span class='ocrx_word' id='word_1_580' title='bbox 1493 719 1614 742; x_wconf 90' lang='lat' dir='ltr'><strong>mortuus</strong></span> <span class='ocrx_word' id='word_1_581' title='bbox 1627 719 1689 748; x_wconf 86' lang='lat' dir='ltr'><strong>est,</strong></span> <span class='ocrx_word' id='word_1_582' title='bbox 1705 715 1825 744; x_wconf 88' lang='lat' dir='ltr'><strong>debitum</strong></span> <span class='ocrx_word' id='word_1_583' title='bbox 1846 717 1943 750; x_wconf 83' lang='lat' dir='ltr'><strong>solvit;</strong></span> 
     </span>
    </p>
   </div>
   <div class='ocr_carea' id='block_1_75' title="bbox 1154 758 1944 797">
    <p class='ocr_par' dir='ltr' id='par_1_75' title="bbox 1154 758 1944 797">
     <span class='ocr_line' id='line_1_75' title="bbox 1154 758 1944 797; baseline 0.01 -13"><span class='ocrx_word' id='word_1_584' title='bbox 1154 758 1201 785; x_wconf 92' lang='lat' dir='ltr'><strong>sed</strong></span> <span class='ocrx_word' id='word_1_585' title='bbox 1211 758 1413 786; x_wconf 87' lang='lat' dir='ltr'><strong>delectationem</strong></span> <span class='ocrx_word' id='word_1_586' title='bbox 1423 761 1521 795; x_wconf 90' lang='lat' dir='ltr'><strong>cogito,</strong></span> <span class='ocrx_word' id='word_1_587' title='bbox 1536 762 1707 789; x_wconf 87' lang='lat' dir='ltr'><strong>necessitates</strong></span> <span class='ocrx_word' id='word_1_588' title='bbox 1716 768 1818 797; x_wconf 88' lang='lat' dir='ltr'><strong>repeto,</strong></span> <span class='ocrx_word' id='word_1_589' title='bbox 1828 771 1929 792; x_wconf 88' lang='lat' dir='ltr'><strong>consue</strong></span> <span class='ocrx_word' id='word_1_590' title='bbox 1937 780 1944 786; x_wconf 86' lang='lat'><strong>-</strong></span> 
     </span>
    </p>
   </div>
   <div class='ocr_carea' id='block_1_76' title="bbox 1155 803 1942 842">
    <p class='ocr_par' dir='ltr' id='par_1_76' title="bbox 1155 803 1942 842">
     <span class='ocr_line' id='line_1_76' title="bbox 1155 803 1942 842; baseline 0.008 -12"><span class='ocrx_word' id='word_1_591' title='bbox 1155 803 1271 830; x_wconf 91' lang='lat' dir='ltr'><strong>tudinem</strong></span> <span class='ocrx_word' id='word_1_592' title='bbox 1293 804 1411 839; x_wconf 92' lang='lat' dir='ltr'><strong>requiro.</strong></span> <span class='ocrx_word' id='word_1_593' title='bbox 1430 805 1458 832; x_wconf 89' lang='lat' dir='ltr'><strong>Si</strong></span> <span class='ocrx_word' id='word_1_594' title='bbox 1479 810 1586 840; x_wconf 89' lang='lat' dir='ltr'><strong>propter</strong></span> <span class='ocrx_word' id='word_1_595' title='bbox 1611 806 1668 834; x_wconf 61' lang='lat' dir='ltr'><strong>haec</strong></span> <span class='ocrx_word' id='word_1_596' title='bbox 1687 808 1794 835; x_wconf 86' lang='lat' dir='ltr'><strong>tristitia</strong></span> <span class='ocrx_word' id='word_1_597' title='bbox 1816 809 1942 842; x_wconf 77' lang='lat' dir='ltr'><strong>afficeris,</strong></span> 
     </span>
    </p>
   </div>
   <div class='ocr_carea' id='block_1_77' title="bbox 1154 849 1942 887">
    <p class='ocr_par' dir='ltr' id='par_1_77' title="bbox 1154 849 1942 887">
     <span class='ocr_line' id='line_1_77' title="bbox 1154 849 1942 887; baseline 0.01 -12"><span class='ocrx_word' id='word_1_598' title='bbox 1154 856 1246 876; x_wconf 85' lang='lat' dir='ltr'><strong>errore</strong></span> <span class='ocrx_word' id='word_1_599' title='bbox 1264 849 1369 877; x_wconf 88' lang='lat' dir='ltr'><strong>duceris</strong></span> <span class='ocrx_word' id='word_1_600' title='bbox 1383 871 1389 882; x_wconf 85' lang='grc'><strong>,</strong></span> <span class='ocrx_word' id='word_1_601' title='bbox 1401 858 1459 878; x_wconf 86' lang='grc' dir='ltr'><strong>-</strong></span> <span class='ocrx_word' id='word_1_602' title='bbox 1474 852 1577 879; x_wconf 88' lang='lat' dir='ltr'><strong>ratione</strong></span> <span class='ocrx_word' id='word_1_603' title='bbox 1595 852 1763 887; x_wconf 81' lang='lat' dir='ltr'><strong>gubernaris.</strong></span> <span class='ocrx_word' id='word_1_604' title='bbox 1776 854 1851 883; x_wconf 87' lang='lat' dir='ltr'><strong>Scire</strong></span> <span class='ocrx_word' id='word_1_605' title='bbox 1872 857 1942 883; x_wconf 92' lang='lat' dir='ltr'><strong>enim</strong></span> 
     </span>
    </p>
   </div>
   <div class='ocr_carea' id='block_1_78' title="bbox 1153 893 1943 931">
    <p class='ocr_par' dir='ltr' id='par_1_78' title="bbox 1153 893 1943 931">
     <span class='ocr_line' id='line_1_78' title="bbox 1153 893 1943 931; baseline 0.01 -11"><span class='ocrx_word' id='word_1_606' title='bbox 1153 893 1246 926; x_wconf 86' lang='lat' dir='ltr'><strong>debes,</strong></span> <span class='ocrx_word' id='word_1_607' title='bbox 1262 895 1321 929; x_wconf 89' lang='lat' dir='ltr'><strong>quia</strong></span> <span class='ocrx_word' id='word_1_608' title='bbox 1347 895 1475 923; x_wconf 84' lang='lat' dir='ltr'><strong>Dominus</strong></span> <span class='ocrx_word' id='word_1_609' title='bbox 1489 917 1496 928; x_wconf 92' lang='lat'><strong>,</strong></span> <span class='ocrx_word' id='word_1_610' title='bbox 1513 897 1559 931; x_wconf 88' lang='lat' dir='ltr'><strong>qui</strong></span> <span class='ocrx_word' id='word_1_611' title='bbox 1580 897 1650 925; x_wconf 84' lang='lat' dir='ltr'><strong>hanc</strong></span> <span class='ocrx_word' id='word_1_612' title='bbox 1663 898 1773 926; x_wconf 89' lang='lat' dir='ltr'><strong>dederat</strong></span> <span class='ocrx_word' id='word_1_613' title='bbox 1786 900 1943 928; x_wconf 87' lang='lat' dir='ltr'><strong>delectatio-</strong></span> 
     </span>
    </p>
   </div>
   <div class='ocr_carea' id='block_1_79' title="bbox 1153 940 1943 982">
    <p class='ocr_par' dir='ltr' id='par_1_79' title="bbox 1153 940 1943 982">
     <span class='ocr_line' id='line_1_79' title="bbox 1153 940 1943 982; baseline 0.013 -16"><span class='ocrx_word' id='word_1_614' title='bbox 1153 947 1225 972; x_wconf 88' lang='lat' dir='ltr'><strong>nem,</strong></span> <span class='ocrx_word' id='word_1_615' title='bbox 1239 940 1303 968; x_wconf 88' lang='lat' dir='ltr'><strong>dare</strong></span> <span class='ocrx_word' id='word_1_616' title='bbox 1315 945 1402 975; x_wconf 90' lang='lat' dir='ltr'><strong>potest</strong></span> <span class='ocrx_word' id='word_1_617' title='bbox 1420 947 1447 969; x_wconf 92' lang='lat' dir='ltr'><strong>et</strong></span> <span class='ocrx_word' id='word_1_618' title='bbox 1459 943 1536 970; x_wconf 88' lang='lat' dir='ltr'><strong>aliam</strong></span> <span class='ocrx_word' id='word_1_619' title='bbox 1552 945 1681 978; x_wconf 89' lang='lat' dir='ltr'><strong>potiorem</strong></span> <span class='ocrx_word' id='word_1_620' title='bbox 1694 966 1701 979; x_wconf 84' lang='lat'><strong>,</strong></span> <span class='ocrx_word' id='word_1_621' title='bbox 1717 951 1744 973; x_wconf 93' lang='lat' dir='ltr'><strong>et</strong></span> <span class='ocrx_word' id='word_1_622' title='bbox 1754 948 1798 982; x_wconf 87' lang='lat' dir='ltr'><strong>qui</strong></span> <span class='ocrx_word' id='word_1_623' title='bbox 1812 948 1859 976; x_wconf 91' lang='lat' dir='ltr'><strong>tibi</strong></span> <span class='ocrx_word' id='word_1_624' title='bbox 1874 948 1943 977; x_wconf 87' lang='lat' dir='ltr'><strong>hanc</strong></span> 
     </span>
    </p>
   </div>
   <div class='ocr_carea' id='block_1_80' title="bbox 1153 985 1944 1024">
    <p class='ocr_par' dir='ltr' id='par_1_80' title="bbox 1153 985 1944 1024">
     <span class='ocr_line' id='line_1_80' title="bbox 1153 985 1944 1024; baseline 0.013 -13"><span class='ocrx_word' id='word_1_625' title='bbox 1153 985 1240 1012; x_wconf 85' lang='lat' dir='ltr'><strong>intulit</strong></span> <span class='ocrx_word' id='word_1_626' title='bbox 1254 987 1450 1020; x_wconf 87' lang='lat' dir='ltr'><strong>necessitatem,</strong></span> <span class='ocrx_word' id='word_1_627' title='bbox 1467 988 1604 1017; x_wconf 84' lang='lat' dir='ltr'><strong>sufficiens</strong></span> <span class='ocrx_word' id='word_1_628' title='bbox 1616 995 1656 1017; x_wconf 87' lang='lat' dir='ltr'><strong>est</strong></span> <span class='ocrx_word' id='word_1_629' title='bbox 1670 998 1717 1024; x_wconf 89' lang='lat' dir='ltr'><strong>per</strong></span> <span class='ocrx_word' id='word_1_630' title='bbox 1728 992 1808 1019; x_wconf 88' lang='lat' dir='ltr'><strong>aliam</strong></span> <span class='ocrx_word' id='word_1_631' title='bbox 1823 995 1944 1021; x_wconf 80' lang='lat' dir='ltr'><strong>occasio-</strong></span> 
     </span>
    </p>
   </div>
   <div class='ocr_carea' id='block_1_81' title="bbox 1153 1033 1940 1073">
    <p class='ocr_par' dir='ltr' id='par_1_81' title="bbox 1153 1033 1940 1073">
     <span class='ocr_line' id='line_1_81' title="bbox 1153 1033 1940 1073; baseline 0.013 -16"><span class='ocrx_word' id='word_1_632' title='bbox 1153 1039 1214 1058; x_wconf 90' lang='lat' dir='ltr'><strong>nem</strong></span> <span class='ocrx_word' id='word_1_633' title='bbox 1240 1033 1375 1067; x_wconf 88' lang='lat' dir='ltr'><strong>supplere.</strong></span> <span class='ocrx_word' id='word_1_634' title='bbox 1401 1033 1546 1062; x_wconf 89' lang='lat' dir='ltr'><strong>Utilitatem</strong></span> <span class='ocrx_word' id='word_1_635' title='bbox 1560 1035 1567 1050; x_wconf 85' lang='lat'></span> <span class='ocrx_word' id='word_1_636' title='bbox 1584 1043 1647 1063; x_wconf 79' lang='lat' dir='ltr'><strong>Vero</strong></span> <span class='ocrx_word' id='word_1_637' title='bbox 1660 1057 1667 1069; x_wconf 89' lang='lat'><strong>,</strong></span> <span class='ocrx_word' id='word_1_638' title='bbox 1683 1037 1750 1064; x_wconf 86' lang='lat' dir='ltr'><strong>sicut</strong></span> <span class='ocrx_word' id='word_1_639' title='bbox 1765 1043 1836 1065; x_wconf 89' lang='lat' dir='ltr'><strong>tuam</strong></span> <span class='ocrx_word' id='word_1_640' title='bbox 1854 1040 1940 1073; x_wconf 83' lang='lat' dir='ltr'><strong>vides,</strong></span> 
     </span>
    </p>
   </div>
   <div class='ocr_carea' id='block_1_82' title="bbox 1151 1076 1942 1118">
    <p class='ocr_par' dir='ltr' id='par_1_82' title="bbox 1151 1076 1942 1118">
     <span class='ocr_line' id='line_1_82' title="bbox 1151 1076 1942 1118; baseline 0.013 -15"><span class='ocrx_word' id='word_1_641' title='bbox 1151 1076 1233 1104; x_wconf 89' lang='lat' dir='ltr'><strong>debes</strong></span> <span class='ocrx_word' id='word_1_642' title='bbox 1241 1081 1268 1104; x_wconf 85' lang='lat' dir='ltr'><strong>et</strong></span> <span class='ocrx_word' id='word_1_643' title='bbox 1281 1078 1338 1113; x_wconf 84' lang='lat' dir='ltr'><strong>ejus</strong></span> <span class='ocrx_word' id='word_1_644' title='bbox 1351 1079 1395 1113; x_wconf 90' lang='lat' dir='ltr'><strong>qui</strong></span> <span class='ocrx_word' id='word_1_645' title='bbox 1417 1079 1558 1108; x_wconf 85' lang='lat' dir='ltr'><strong>defunctus</strong></span> <span class='ocrx_word' id='word_1_646' title='bbox 1570 1086 1611 1108; x_wconf 87' lang='lat' dir='ltr'><strong>est</strong></span> <span class='ocrx_word' id='word_1_647' title='bbox 1631 1083 1749 1117; x_wconf 87' lang='lat' dir='ltr'><strong>cogitare</strong></span> <span class='ocrx_word' id='word_1_648' title='bbox 1766 1093 1773 1110; x_wconf 84' lang='lat'><strong>:</strong></span> <span class='ocrx_word' id='word_1_649' title='bbox 1788 1085 1849 1118; x_wconf 88' lang='lat' dir='ltr'><strong>quia</strong></span> <span class='ocrx_word' id='word_1_650' title='bbox 1864 1087 1903 1112; x_wconf 86' lang='lat' dir='ltr'><strong>sic</strong></span> <span class='ocrx_word' id='word_1_651' title='bbox 1917 1088 1942 1114; x_wconf 93' lang='lat' dir='ltr'><strong>ei</strong></span> 
     </span>
    </p>
   </div>
   <div class='ocr_carea' id='block_1_83' title="bbox 1151 1123 1940 1165">
    <p class='ocr_par' dir='ltr' id='par_1_83' title="bbox 1151 1123 1940 1165">
     <span class='ocr_line' id='line_1_83' title="bbox 1151 1123 1940 1165; baseline 0.01 -15"><span class='ocrx_word' id='word_1_652' title='bbox 1151 1123 1261 1151; x_wconf 88' lang='lat' dir='ltr'><strong>forsitan</strong></span> <span class='ocrx_word' id='word_1_653' title='bbox 1282 1125 1448 1159; x_wconf 83' lang='lat' dir='ltr'><strong>expediebat,</strong></span> <span class='ocrx_word' id='word_1_654' title='bbox 1464 1127 1534 1153; x_wconf 89' lang='lat' dir='ltr'><strong>sicut</strong></span> <span class='ocrx_word' id='word_1_655' title='bbox 1554 1128 1682 1162; x_wconf 84' lang='lat' dir='ltr'><strong>scriptum</strong></span> <span class='ocrx_word' id='word_1_656' title='bbox 1696 1134 1755 1156; x_wconf 88' lang='lat' dir='ltr'><strong>est:</strong></span> <span class='ocrx_word' id='word_1_657' title='bbox 1771 1129 1872 1165; x_wconf 78' lang='lat' dir='ltr'><strong>Raptus</strong></span> <span class='ocrx_word' id='word_1_658' title='bbox 1893 1137 1940 1165; x_wconf 77' lang='lat' dir='ltr'><strong>est,</strong></span> 
     </span>
    </p>
   </div>
   <div class='ocr_carea' id='block_1_84' title="bbox 1151 1169 1941 1204">
    <p class='ocr_par' dir='ltr' id='par_1_84' title="bbox 1151 1169 1941 1204">
     <span class='ocr_line' id='line_1_84' title="bbox 1151 1169 1941 1204; baseline 0.013 -10"><span class='ocrx_word' id='word_1_659' title='bbox 1151 1176 1182 1194; x_wconf 77' lang='lat' dir='ltr'><strong>ne</strong></span> <span class='ocrx_word' id='word_1_660' title='bbox 1193 1169 1290 1195; x_wconf 85' lang='lat' dir='ltr'><strong>malitia</strong></span> <span class='ocrx_word' id='word_1_661' title='bbox 1302 1174 1408 1197; x_wconf 81' lang='lat' dir='ltr'><strong>mutaret</strong></span> <span class='ocrx_word' id='word_1_662' title='bbox 1436 1171 1492 1204; x_wconf 77' lang='lat' dir='ltr'><strong>eius</strong></span> <span class='ocrx_word' id='word_1_663' title='bbox 1510 1172 1672 1201; x_wconf 79' lang='lat' dir='ltr'><strong>intellectum.</strong></span> <span class='ocrx_word' id='word_1_664' title='bbox 1688 1173 1790 1202; x_wconf 80' lang='lat' dir='ltr'><strong>Placita</strong></span> <span class='ocrx_word' id='word_1_665' title='bbox 1809 1178 1875 1203; x_wconf 82' lang='lat' dir='ltr'><strong>enim</strong></span> <span class='ocrx_word' id='word_1_666' title='bbox 1888 1183 1941 1204; x_wconf 81' lang='lat' dir='ltr'><strong>erat</strong></span> 
     </span>
    </p>
   </div>
   <div class='ocr_carea' id='block_1_85' title="bbox 1150 1213 1943 1258">
    <p class='ocr_par' dir='ltr' id='par_1_85' title="bbox 1150 1213 1943 1258">
     <span class='ocr_line' id='line_1_85' title="bbox 1150 1213 1943 1258; baseline 0.014 -19"><span class='ocrx_word' id='word_1_667' title='bbox 1150 1213 1204 1240; x_wconf 82' lang='lat' dir='ltr'><strong>Deo</strong></span> <span class='ocrx_word' id='word_1_668' title='bbox 1217 1215 1302 1241; x_wconf 85' lang='lat' dir='ltr'><strong>anima</strong></span> <span class='ocrx_word' id='word_1_669' title='bbox 1314 1216 1377 1250; x_wconf 80' lang='lat' dir='ltr'><strong>ejus,</strong></span> <span class='ocrx_word' id='word_1_670' title='bbox 1390 1216 1495 1251; x_wconf 81' lang='lat' dir='ltr'><strong>ideoque</strong></span> <span class='ocrx_word' id='word_1_671' title='bbox 1517 1219 1658 1253; x_wconf 76' lang='lat' dir='ltr'><strong>properauit</strong></span> <span class='ocrx_word' id='word_1_672' title='bbox 1673 1220 1705 1246; x_wconf 73' lang='lat' dir='ltr'><strong>de</strong></span> <span class='ocrx_word' id='word_1_673' title='bbox 1716 1221 1799 1248; x_wconf 77' lang='lat' dir='ltr'><strong>media</strong></span> <span class='ocrx_word' id='word_1_674' title='bbox 1812 1223 1943 1258; x_wconf 73' lang='lat' dir='ltr'><strong>iniquitate</strong></span> 
     </span>
    </p>
   </div>
   <div class='ocr_carea' id='block_1_86' title="bbox 1150 1260 1939 1300">
    <p class='ocr_par' dir='ltr' id='par_1_86' title="bbox 1150 1260 1939 1300">
     <span class='ocr_line' id='line_1_86' title="bbox 1150 1260 1939 1300; baseline 0.015 -14"><span class='ocrx_word' id='word_1_675' title='bbox 1150 1260 1254 1287; x_wconf 79' lang='lat' dir='ltr'><strong>educere</strong></span> <span class='ocrx_word' id='word_1_676' title='bbox 1265 1269 1321 1288; x_wconf 85' lang='lat' dir='ltr'><strong>eum</strong></span> <span class='ocrx_word' id='word_1_677' title='bbox 1333 1262 1409 1298; x_wconf 76' lang='lat' dir='ltr'><strong>(Sep.</strong></span> <span class='ocrx_word' id='word_1_678' title='bbox 1423 1264 1450 1290; x_wconf 77' lang='grc'>4.</span> <span class='ocrx_word' id='word_1_679' title='bbox 1466 1264 1508 1291; x_wconf 87' lang='grc' dir='ltr'><strong>.</strong></span> <span class='ocrx_word' id='word_1_680' title='bbox 1523 1265 1578 1300; x_wconf 73' lang='grc' dir='ltr'><strong>).</strong></span> <span class='ocrx_word' id='word_1_681' title='bbox 1595 1267 1630 1293; x_wconf 89' lang='lat' dir='ltr'><strong>De</strong></span> <span class='ocrx_word' id='word_1_682' title='bbox 1646 1269 1837 1296; x_wconf 87' lang='lat' dir='ltr'><strong>consuetudine</strong></span> <span class='ocrx_word' id='word_1_683' title='bbox 1851 1277 1939 1298; x_wconf 84' lang='lat' dir='ltr'><strong>autent</strong></span> 
     </span>
    </p>
   </div>
   <div class='ocr_carea' id='block_1_87' title="bbox 1150 1305 1938 1348">
    <p class='ocr_par' dir='ltr' id='par_1_87' title="bbox 1150 1305 1938 1348">
     <span class='ocr_line' id='line_1_87' title="bbox 1150 1305 1938 1348; baseline 0.015 -18"><span class='ocrx_word' id='word_1_684' title='bbox 1150 1305 1212 1339; x_wconf 86' lang='lat' dir='ltr'><strong>quid</strong></span> <span class='ocrx_word' id='word_1_685' title='bbox 1236 1305 1332 1339; x_wconf 83' lang='lat' dir='ltr'><strong>dicam,</strong></span> <span class='ocrx_word' id='word_1_686' title='bbox 1355 1315 1433 1342; x_wconf 88' lang='lat' dir='ltr'><strong>quam</strong></span> <span class='ocrx_word' id='word_1_687' title='bbox 1453 1308 1516 1335; x_wconf 91' lang='lat' dir='ltr'><strong>dum</strong></span> <span class='ocrx_word' id='word_1_688' title='bbox 1532 1315 1635 1345; x_wconf 82' lang='lat' dir='ltr'><strong>tempus</strong></span> <span class='ocrx_word' id='word_1_689' title='bbox 1647 1312 1657 1327; x_wconf 82' lang='grc'></span> <span class='ocrx_word' id='word_1_690' title='bbox 1670 1312 1709 1339; x_wconf 87' lang='lat' dir='ltr'><strong>sic</strong></span> <span class='ocrx_word' id='word_1_691' title='bbox 1721 1314 1784 1340; x_wconf 82' lang='lat' dir='ltr'><strong>facit</strong></span> <span class='ocrx_word' id='word_1_692' title='bbox 1806 1315 1938 1348; x_wconf 79' lang='lat' dir='ltr'><strong>oblivisci,</strong></span> 
     </span>
    </p>
   </div>
   <div class='ocr_carea' id='block_1_88' title="bbox 1151 1351 1939 1396">
    <p class='ocr_par' dir='ltr' id='par_1_88' title="bbox 1151 1351 1939 1396">
     <span class='ocr_line' id='line_1_88' title="bbox 1151 1351 1939 1396; baseline 0.016 -21"><span class='ocrx_word' id='word_1_693' title='bbox 1151 1354 1180 1376; x_wconf 94' lang='lat' dir='ltr'><strong>ut</strong></span> <span class='ocrx_word' id='word_1_694' title='bbox 1208 1359 1351 1386; x_wconf 88' lang='lat' dir='ltr'><strong>numquam</strong></span> <span class='ocrx_word' id='word_1_695' title='bbox 1379 1351 1462 1381; x_wconf 90' lang='lat' dir='ltr'><strong>fuisse</strong></span> <span class='ocrx_word' id='word_1_696' title='bbox 1485 1355 1626 1382; x_wconf 77' lang='lat' dir='ltr'><strong>videatur?</strong></span> <span class='ocrx_word' id='word_1_697' title='bbox 1648 1357 1723 1390; x_wconf 89' lang='lat' dir='ltr'><strong>Quod</strong></span> <span class='ocrx_word' id='word_1_698' title='bbox 1749 1366 1812 1394; x_wconf 87' lang='lat' dir='ltr'><strong>ergo</strong></span> <span class='ocrx_word' id='word_1_699' title='bbox 1836 1366 1939 1396; x_wconf 85' lang='lat' dir='ltr'><strong>tempus</strong></span> 
     </span>
    </p>
   </div>
   <div class='ocr_carea' id='block_1_89' title="bbox 1150 1398 1938 1436">
    <p class='ocr_par' dir='ltr' id='par_1_89' title="bbox 1150 1398 1938 1436">
     <span class='ocr_line' id='line_1_89' title="bbox 1150 1398 1938 1436; baseline 0.016 -14"><span class='ocrx_word' id='word_1_700' title='bbox 1150 1401 1258 1430; x_wconf 61' lang='lat' dir='ltr'><strong>praestat</strong></span> <span class='ocrx_word' id='word_1_701' title='bbox 1279 1401 1306 1425; x_wconf 92' lang='lat' dir='ltr'><strong>et</strong></span> <span class='ocrx_word' id='word_1_702' title='bbox 1332 1398 1400 1432; x_wconf 87' lang='lat' dir='ltr'><strong>dies,</strong></span> <span class='ocrx_word' id='word_1_703' title='bbox 1418 1400 1502 1427; x_wconf 91' lang='lat' dir='ltr'><strong>multo</strong></span> <span class='ocrx_word' id='word_1_704' title='bbox 1526 1402 1609 1436; x_wconf 84' lang='lat' dir='ltr'><strong>magis</strong></span> <span class='ocrx_word' id='word_1_705' title='bbox 1632 1403 1711 1431; x_wconf 84' lang='lat' dir='ltr'><strong>debet</strong></span> <span class='ocrx_word' id='word_1_706' title='bbox 1733 1407 1801 1432; x_wconf 83' lang='lat' dir='ltr'><strong>ratio</strong></span> <span class='ocrx_word' id='word_1_707' title='bbox 1828 1413 1854 1434; x_wconf 87' lang='lat' dir='ltr'><strong>et</strong></span> <span class='ocrx_word' id='word_1_708' title='bbox 1870 1407 1938 1435; x_wconf 85' lang='lat' dir='ltr'><strong>bona</strong></span> 
     </span>
    </p>
   </div>
   <div class='ocr_carea' id='block_1_90' title="bbox 1151 1445 1937 1485">
    <p class='ocr_par' dir='ltr' id='par_1_90' title="bbox 1151 1445 1937 1485">
     <span class='ocr_line' id='line_1_90' title="bbox 1151 1445 1937 1485; baseline 0.015 -17"><span class='ocrx_word' id='word_1_709' title='bbox 1151 1447 1279 1476; x_wconf 63' lang='lat' dir='ltr'><strong>praestare</strong></span> <span class='ocrx_word' id='word_1_710' title='bbox 1293 1445 1428 1478; x_wconf 83' lang='lat' dir='ltr'><strong>cogitatio.</strong></span> <span class='ocrx_word' id='word_1_711' title='bbox 1446 1445 1480 1472; x_wconf 86' lang='lat' dir='ltr'><strong>Et</strong></span> <span class='ocrx_word' id='word_1_712' title='bbox 1494 1446 1536 1474; x_wconf 88' lang='lat' dir='ltr'><strong>vel</strong></span> <span class='ocrx_word' id='word_1_713' title='bbox 1553 1447 1616 1474; x_wconf 92' lang='lat' dir='ltr'><strong>illud</strong></span> <span class='ocrx_word' id='word_1_714' title='bbox 1633 1450 1747 1477; x_wconf 75' lang='lat' dir='ltr'><strong>maxime</strong></span> <span class='ocrx_word' id='word_1_715' title='bbox 1767 1451 1937 1485; x_wconf 77' lang='lat' dir='ltr'><strong>cogitandum</strong></span> 
     </span>
    </p>
   </div>
   <div class='ocr_carea' id='block_1_91' title="bbox 1151 1489 1935 1530">
    <p class='ocr_par' dir='ltr' id='par_1_91' title="bbox 1151 1489 1935 1530">
     <span class='ocr_line' id='line_1_91' title="bbox 1151 1489 1935 1530; baseline 0.013 -16"><span class='ocrx_word' id='word_1_716' title='bbox 1151 1492 1202 1521; x_wconf 87' lang='lat' dir='ltr'><strong>est,</strong></span> <span class='ocrx_word' id='word_1_717' title='bbox 1218 1489 1290 1523; x_wconf 89' lang='lat' dir='ltr'><strong>quod</strong></span> <span class='ocrx_word' id='word_1_718' title='bbox 1313 1489 1402 1516; x_wconf 88' lang='lat' dir='ltr'><strong>divina</strong></span> <span class='ocrx_word' id='word_1_719' title='bbox 1423 1497 1470 1525; x_wconf 88' lang='lat' dir='ltr'><strong>per</strong></span> <span class='ocrx_word' id='word_1_720' title='bbox 1484 1491 1639 1525; x_wconf 84' lang='lat' dir='ltr'><strong>Apostolqu</strong></span> <span class='ocrx_word' id='word_1_721' title='bbox 1655 1496 1785 1522; x_wconf 84' lang='lat' dir='ltr'><strong>sententia</strong></span> <span class='ocrx_word' id='word_1_722' title='bbox 1801 1497 1935 1530; x_wconf 82' lang='lat' dir='ltr'><strong>ditlinivit,</strong></span> 
     </span>
    </p>
   </div>
   <div class='ocr_carea' id='block_1_92' title="bbox 1151 1532 1935 1578">
    <p class='ocr_par' dir='ltr' id='par_1_92' title="bbox 1151 1532 1935 1578">
     <span class='ocr_line' id='line_1_92' title="bbox 1151 1532 1935 1578; baseline 0.013 -18"><span class='ocrx_word' id='word_1_723' title='bbox 1151 1532 1216 1565; x_wconf 84' lang='lat' dir='ltr'><strong>Quia</strong></span> <span class='ocrx_word' id='word_1_724' title='bbox 1229 1535 1331 1562; x_wconf 73' lang='lat' dir='ltr'><strong>tristitia</strong></span> <span class='ocrx_word' id='word_1_725' title='bbox 1349 1536 1436 1562; x_wconf 85' lang='lat' dir='ltr'><strong>mundi</strong></span> <span class='ocrx_word' id='word_1_726' title='bbox 1459 1542 1562 1564; x_wconf 84' lang='lat' dir='ltr'><strong>mortem</strong></span> <span class='ocrx_word' id='word_1_727' title='bbox 1575 1544 1693 1573; x_wconf 77' lang='lat' dir='ltr'><strong>operatur</strong></span> <span class='ocrx_word' id='word_1_728' title='bbox 1707 1540 1743 1575; x_wconf 72' lang='grc' dir='ltr'><strong>(.</strong></span> <span class='ocrx_word' id='word_1_729' title='bbox 1758 1540 1816 1568; x_wconf 88' lang='lat' dir='ltr'><strong>Cor.</strong></span> <span class='ocrx_word' id='word_1_730' title='bbox 1832 1542 1858 1568; x_wconf 93' lang='lat'><strong>7.</strong></span> <span class='ocrx_word' id='word_1_731' title='bbox 1875 1543 1935 1578; x_wconf 72' lang='lat'><strong>10).</strong></span> 
     </span>
    </p>
   </div>
   <div class='ocr_carea' id='block_1_93' title="bbox 1150 1579 1937 1620">
    <p class='ocr_par' dir='ltr' id='par_1_93' title="bbox 1150 1579 1937 1620">
     <span class='ocr_line' id='line_1_93' title="bbox 1150 1579 1937 1620; baseline 0.014 -15"><span class='ocrx_word' id='word_1_732' title='bbox 1150 1579 1226 1613; x_wconf 86' lang='lat' dir='ltr'><strong>Quod</strong></span> <span class='ocrx_word' id='word_1_733' title='bbox 1252 1581 1274 1607; x_wconf 89' lang='lat' dir='ltr'><strong>si</strong></span> <span class='ocrx_word' id='word_1_734' title='bbox 1298 1585 1351 1608; x_wconf 91' lang='lat' dir='ltr'><strong>tam</strong></span> <span class='ocrx_word' id='word_1_735' title='bbox 1373 1581 1521 1615; x_wconf 86' lang='lat' dir='ltr'><strong>oblectatio,</strong></span> <span class='ocrx_word' id='word_1_736' title='bbox 1539 1590 1618 1617; x_wconf 87' lang='lat' dir='ltr'><strong>quam</strong></span> <span class='ocrx_word' id='word_1_737' title='bbox 1633 1585 1729 1612; x_wconf 90' lang='lat' dir='ltr'><strong>utilitas</strong></span> <span class='ocrx_word' id='word_1_738' title='bbox 1742 1594 1868 1620; x_wconf 75' lang='lat' dir='ltr'><strong>pnnsens,</strong></span> <span class='ocrx_word' id='word_1_739' title='bbox 1881 1589 1937 1616; x_wconf 83' lang='lat' dir='ltr'><strong>sive</strong></span> 
     </span>
    </p>
   </div>
   <div class='ocr_carea' id='block_1_94' title="bbox 1149 1626 1938 1665">
    <p class='ocr_par' dir='ltr' id='par_1_94' title="bbox 1149 1626 1938 1665">
     <span class='ocr_line' id='line_1_94' title="bbox 1149 1626 1938 1665; baseline 0.011 -13"><span class='ocrx_word' id='word_1_740' title='bbox 1149 1626 1312 1653; x_wconf 87' lang='lat' dir='ltr'><strong>consuetudo</strong></span> <span class='ocrx_word' id='word_1_741' title='bbox 1323 1646 1331 1658; x_wconf 90' lang='lat'><strong>,</strong></span> <span class='ocrx_word' id='word_1_742' title='bbox 1345 1634 1389 1654; x_wconf 85' lang='lat' dir='ltr'><strong>res</strong></span> <span class='ocrx_word' id='word_1_743' title='bbox 1403 1627 1494 1654; x_wconf 91' lang='lat' dir='ltr'><strong>mundi</strong></span> <span class='ocrx_word' id='word_1_744' title='bbox 1515 1633 1578 1656; x_wconf 89' lang='lat' dir='ltr'><strong>sunt</strong></span> <span class='ocrx_word' id='word_1_745' title='bbox 1591 1633 1618 1656; x_wconf 89' lang='lat' dir='ltr'><strong>et</strong></span> <span class='ocrx_word' id='word_1_746' title='bbox 1629 1630 1722 1664; x_wconf 85' lang='lat' dir='ltr'><strong>gaudia</strong></span> <span class='ocrx_word' id='word_1_747' title='bbox 1732 1633 1825 1665; x_wconf 70' lang='lat' dir='ltr'><strong>saeculi</strong></span> <span class='ocrx_word' id='word_1_748' title='bbox 1841 1634 1938 1661; x_wconf 86' lang='lat' dir='ltr'><strong>transi-</strong></span> 
     </span>
    </p>
   </div>
   <div class='ocr_carea' id='block_1_95' title="bbox 1149 1672 1936 1714">
    <p class='ocr_par' dir='ltr' id='par_1_95' title="bbox 1149 1672 1936 1714">
     <span class='ocr_line' id='line_1_95' title="bbox 1149 1672 1936 1714; baseline 0.013 -17"><span class='ocrx_word' id='word_1_749' title='bbox 1149 1672 1227 1704; x_wconf 87' lang='lat' dir='ltr'><strong>toria,</strong></span> <span class='ocrx_word' id='word_1_750' title='bbox 1251 1677 1360 1708; x_wconf 90' lang='lat' dir='ltr'><strong>propter</strong></span> <span class='ocrx_word' id='word_1_751' title='bbox 1386 1673 1443 1700; x_wconf 80' lang='lat' dir='ltr'><strong>luec</strong></span> <span class='ocrx_word' id='word_1_752' title='bbox 1468 1675 1586 1702; x_wconf 90' lang='lat' dir='ltr'><strong>animum</strong></span> <span class='ocrx_word' id='word_1_753' title='bbox 1612 1676 1739 1711; x_wconf 88' lang='lat' dir='ltr'><strong>dejicere,</strong></span> <span class='ocrx_word' id='word_1_754' title='bbox 1764 1683 1791 1706; x_wconf 90' lang='lat' dir='ltr'><strong>et</strong></span> <span class='ocrx_word' id='word_1_755' title='bbox 1814 1680 1936 1714; x_wconf 86' lang='lat' dir='ltr'><strong>spiritum</strong></span> 
     </span>
    </p>
   </div>
   <div class='ocr_carea' id='block_1_96' title="bbox 1148 1719 1938 1754">
    <p class='ocr_par' dir='ltr' id='par_1_96' title="bbox 1148 1719 1938 1754">
     <span class='ocr_line' id='line_1_96' title="bbox 1148 1719 1938 1754; baseline 0.013 -10"><span class='ocrx_word' id='word_1_756' title='bbox 1148 1719 1308 1752; x_wconf 86' lang='lat' dir='ltr'><strong>contristari,</strong></span> <span class='ocrx_word' id='word_1_757' title='bbox 1324 1719 1384 1747; x_wconf 89' lang='lat' dir='ltr'><strong>vide</strong></span> <span class='ocrx_word' id='word_1_758' title='bbox 1397 1728 1431 1748; x_wconf 88' lang='lat' dir='ltr'><strong>ne</strong></span> <span class='ocrx_word' id='word_1_759' title='bbox 1451 1721 1486 1748; x_wconf 88' lang='lat' dir='ltr'><strong>sit</strong></span> <span class='ocrx_word' id='word_1_760' title='bbox 1501 1729 1563 1750; x_wconf 89' lang='lat' dir='ltr'><strong>vere</strong></span> <span class='ocrx_word' id='word_1_761' title='bbox 1587 1723 1722 1751; x_wconf 90' lang='lat' dir='ltr'><strong>mortifera</strong></span> <span class='ocrx_word' id='word_1_762' title='bbox 1736 1725 1869 1753; x_wconf 85' lang='lat' dir='ltr'><strong>valetudo.</strong></span> <span class='ocrx_word' id='word_1_763' title='bbox 1884 1726 1938 1754; x_wconf 83' lang='lat' dir='ltr'><strong>Re-</strong></span> 
     </span>
    </p>
   </div>
   <div class='ocr_carea' id='block_1_97' title="bbox 1148 1765 1938 1804">
    <p class='ocr_par' dir='ltr' id='par_1_97' title="bbox 1148 1765 1938 1804">
     <span class='ocr_line' id='line_1_97' title="bbox 1148 1765 1938 1804; baseline 0.011 -14"><span class='ocrx_word' id='word_1_764' title='bbox 1148 1769 1243 1798; x_wconf 89' lang='lat' dir='ltr'><strong>petens</strong></span> <span class='ocrx_word' id='word_1_765' title='bbox 1256 1769 1344 1792; x_wconf 85' lang='lat' dir='ltr'><strong>autem</strong></span> <span class='ocrx_word' id='word_1_766' title='bbox 1361 1765 1457 1793; x_wconf 88' lang='lat' dir='ltr'><strong>iterum</strong></span> <span class='ocrx_word' id='word_1_767' title='bbox 1472 1772 1550 1802; x_wconf 88' lang='lat' dir='ltr'><strong>atque</strong></span> <span class='ocrx_word' id='word_1_768' title='bbox 1566 1768 1662 1796; x_wconf 87' lang='lat' dir='ltr'><strong>iterum</strong></span> <span class='ocrx_word' id='word_1_769' title='bbox 1679 1769 1765 1797; x_wconf 89' lang='lat' dir='ltr'><strong>dicam</strong></span> <span class='ocrx_word' id='word_1_770' title='bbox 1781 1779 1787 1797; x_wconf 91' lang='lat'><strong>:</strong></span> <span class='ocrx_word' id='word_1_771' title='bbox 1810 1771 1877 1804; x_wconf 81' lang='lat' dir='ltr'><strong>Quia</strong></span> <span class='ocrx_word' id='word_1_772' title='bbox 1892 1774 1938 1799; x_wconf 84' lang='lat' dir='ltr'><strong>tri-</strong></span> 
     </span>
    </p>
   </div>
   <div class='ocr_carea' id='block_1_98' title="bbox 1147 1809 1935 1851">
    <p class='ocr_par' dir='ltr' id='par_1_98' title="bbox 1147 1809 1935 1851">
     <span class='ocr_line' id='line_1_98' title="bbox 1147 1809 1935 1851; baseline 0.013 -16"><span class='ocrx_word' id='word_1_773' title='bbox 1147 1809 1215 1836; x_wconf 84' lang='lat' dir='ltr'><strong>stitia</strong></span> <span class='ocrx_word' id='word_1_774' title='bbox 1237 1810 1325 1837; x_wconf 81' lang='lat' dir='ltr'><strong>mundi</strong></span> <span class='ocrx_word' id='word_1_775' title='bbox 1341 1816 1446 1838; x_wconf 86' lang='lat' dir='ltr'><strong>mortem</strong></span> <span class='ocrx_word' id='word_1_776' title='bbox 1473 1819 1592 1848; x_wconf 76' lang='lat' dir='ltr'><strong>operatur</strong></span> <span class='ocrx_word' id='word_1_777' title='bbox 1607 1813 1710 1851; x_wconf 83' lang='lat' dir='ltr'><strong>(Ibid.).</strong></span> <span class='ocrx_word' id='word_1_778' title='bbox 1733 1816 1820 1850; x_wconf 88' lang='lat' dir='ltr'><strong>Quare</strong></span> <span class='ocrx_word' id='word_1_779' title='bbox 1845 1823 1935 1846; x_wconf 87' lang='lat' dir='ltr'><strong>autem</strong></span> 
     </span>
    </p>
   </div>
   <div class='ocr_carea' id='block_1_99' title="bbox 1148 1857 1936 1891">
    <p class='ocr_par' dir='ltr' id='par_1_99' title="bbox 1148 1857 1936 1891">
     <span class='ocr_line' id='line_1_99' title="bbox 1148 1857 1936 1891; baseline 0.013 -11"><span class='ocrx_word' id='word_1_780' title='bbox 1148 1859 1260 1882; x_wconf 87' lang='lat' dir='ltr'><strong>mortetn</strong></span> <span class='ocrx_word' id='word_1_781' title='bbox 1287 1857 1429 1891; x_wconf 83' lang='lat' dir='ltr'><strong>operatur?</strong></span> <span class='ocrx_word' id='word_1_782' title='bbox 1455 1858 1521 1891; x_wconf 88' lang='lat' dir='ltr'><strong>Quia</strong></span> <span class='ocrx_word' id='word_1_783' title='bbox 1549 1859 1619 1886; x_wconf 87' lang='lat' dir='ltr'><strong>solet</strong></span> <span class='ocrx_word' id='word_1_784' title='bbox 1644 1860 1725 1887; x_wconf 89' lang='lat' dir='ltr'><strong>nimia</strong></span> <span class='ocrx_word' id='word_1_785' title='bbox 1749 1862 1856 1890; x_wconf 90' lang='lat' dir='ltr'><strong>tristitia</strong></span> <span class='ocrx_word' id='word_1_786' title='bbox 1891 1868 1936 1890; x_wconf 86' lang='lat' dir='ltr'><strong>aut</strong></span> 
     </span>
    </p>
   </div>
   <div class='ocr_carea' id='block_1_100' title="bbox 1147 1899 1936 1941">
    <p class='ocr_par' dir='ltr' id='par_1_100' title="bbox 1147 1899 1936 1941">
     <span class='ocr_line' id='line_1_100' title="bbox 1147 1899 1936 1941; baseline 0.011 -15"><span class='ocrx_word' id='word_1_787' title='bbox 1147 1899 1179 1926; x_wconf 93' lang='lat' dir='ltr'><strong>ad</strong></span> <span class='ocrx_word' id='word_1_788' title='bbox 1192 1899 1385 1930; x_wconf 86' lang='lat' dir='ltr'><strong>dubitationem</strong></span> <span class='ocrx_word' id='word_1_789' title='bbox 1396 1922 1404 1936; x_wconf 93' lang='lat'><strong>,</strong></span> <span class='ocrx_word' id='word_1_790' title='bbox 1417 1907 1463 1930; x_wconf 89' lang='lat' dir='ltr'><strong>aut</strong></span> <span class='ocrx_word' id='word_1_791' title='bbox 1474 1903 1508 1930; x_wconf 87' lang='lat' dir='ltr'><strong>ad</strong></span> <span class='ocrx_word' id='word_1_792' title='bbox 1520 1904 1694 1939; x_wconf 82' lang='lat' dir='ltr'><strong>perniciOsam</strong></span> <span class='ocrx_word' id='word_1_793' title='bbox 1706 1906 1854 1941; x_wconf 86' lang='lat' dir='ltr'><strong>perducere</strong></span> <span class='ocrx_word' id='word_1_794' title='bbox 1868 1908 1936 1936; x_wconf 87' lang='lat' dir='ltr'><strong>blas-</strong></span> 
     </span>
    </p>
   </div>
   <div class='ocr_carea' id='block_1_101' title="bbox 1149 1946 1293 1981">
    <p class='ocr_par' dir='ltr' id='par_1_101' title="bbox 1149 1946 1293 1981">
     <span class='ocr_line' id='line_1_101' title="bbox 1149 1946 1293 1981; baseline 0.007 -8"><span class='ocrx_word' id='word_1_795' title='bbox 1149 1946 1293 1981; x_wconf 88' lang='lat' dir='ltr'><strong>phcmiam.</strong></span> 
     </span>
    </p>
   </div>
   <div class='ocr_carea' id='block_1_102' title="bbox 1182 1992 1936 2029">
    <p class='ocr_par' dir='ltr' id='par_1_102' title="bbox 1182 1992 1936 2029">
     <span class='ocr_line' id='line_1_102' title="bbox 1182 1992 1936 2029; baseline 0.011 -10"><span class='ocrx_word' id='word_1_796' title='bbox 1182 1993 1209 2019; x_wconf 77' lang='grc'><strong>4.</strong></span> <span class='ocrx_word' id='word_1_797' title='bbox 1226 1992 1319 2020; x_wconf 80' lang='lat' dir='ltr'><strong>Luctus</strong></span> <span class='ocrx_word' id='word_1_798' title='bbox 1331 1994 1362 2022; x_wconf 80' lang='lat' dir='ltr'><strong>iis</strong></span> <span class='ocrx_word' id='word_1_799' title='bbox 1375 1995 1418 2029; x_wconf 82' lang='lat' dir='ltr'><strong>qui</strong></span> <span class='ocrx_word' id='word_1_800' title='bbox 1438 1999 1496 2022; x_wconf 85' lang='lat' dir='ltr'><strong>ante</strong></span> <span class='ocrx_word' id='word_1_801' title='bbox 1508 1995 1634 2023; x_wconf 82' lang='lat' dir='ltr'><strong>Christum</strong></span> <span class='ocrx_word' id='word_1_802' title='bbox 1649 1997 1740 2024; x_wconf 82' lang='lat' dir='ltr'><strong>licitas.</strong></span> <span class='ocrx_word' id='word_1_803' title='bbox 1757 1998 1809 2026; x_wconf 88' lang='lat' dir='ltr'><strong>Cur</strong></span> <span class='ocrx_word' id='word_1_804' title='bbox 1820 1999 1936 2027; x_wconf 78' lang='lat' dir='ltr'><strong>Christus</strong></span> 
     </span>
    </p>
   </div>
   <div class='ocr_carea' id='block_1_103' title="bbox 1146 2037 1935 2076">
    <p class='ocr_par' dir='ltr' id='par_1_103' title="bbox 1146 2037 1935 2076">
     <span class='ocr_line' id='line_1_103' title="bbox 1146 2037 1935 2076; baseline 0.013 -13"><span class='ocrx_word' id='word_1_805' title='bbox 1146 2037 1241 2072; x_wconf 80' lang='lat' dir='ltr'><strong>everit</strong></span> <span class='ocrx_word' id='word_1_806' title='bbox 1254 2037 1390 2065; x_wconf 76' lang='lat' dir='ltr'><strong>Lazarum.</strong></span> <span class='ocrx_word' id='word_1_807' title='bbox 1405 2038 1503 2075; x_wconf 85' lang='lat' dir='ltr'><strong>Lugere</strong></span> <span class='ocrx_word' id='word_1_808' title='bbox 1513 2046 1624 2068; x_wconf 82' lang='lat' dir='ltr'><strong>mortuos</strong></span> <span class='ocrx_word' id='word_1_809' title='bbox 1632 2043 1689 2076; x_wconf 86' lang='lat' dir='ltr'><strong>jam</strong></span> <span class='ocrx_word' id='word_1_810' title='bbox 1704 2051 1754 2070; x_wconf 84' lang='lat' dir='ltr'><strong>non</strong></span> <span class='ocrx_word' id='word_1_811' title='bbox 1769 2043 1874 2071; x_wconf 78' lang='lat' dir='ltr'><strong>licet.-</strong></span> <span class='ocrx_word' id='word_1_812' title='bbox 1883 2046 1935 2073; x_wconf 84' lang='lat' dir='ltr'><strong>Sed</strong></span> 
     </span>
    </p>
   </div>
   <div class='ocr_carea' id='block_1_104' title="bbox 1147 2082 1935 2126">
    <p class='ocr_par' dir='ltr' id='par_1_104' title="bbox 1147 2082 1935 2126">
     <span class='ocr_line' id='line_1_104' title="bbox 1147 2082 1935 2126; baseline 0.011 -17"><span class='ocrx_word' id='word_1_813' title='bbox 1147 2082 1218 2110; x_wconf 88' lang='lat' dir='ltr'><strong>dicet</strong></span> <span class='ocrx_word' id='word_1_814' title='bbox 1230 2083 1325 2118; x_wconf 89' lang='lat' dir='ltr'><strong>aliquis</strong></span> <span class='ocrx_word' id='word_1_815' title='bbox 1337 2092 1343 2110; x_wconf 93' lang='lat'>:</span> <span class='ocrx_word' id='word_1_816' title='bbox 1356 2084 1484 2112; x_wconf 88' lang='lat' dir='ltr'><strong>Prohibes</strong></span> <span class='ocrx_word' id='word_1_817' title='bbox 1499 2085 1590 2120; x_wconf 84' lang='lat' dir='ltr'><strong>lugere</strong></span> <span class='ocrx_word' id='word_1_818' title='bbox 1604 2093 1740 2121; x_wconf 88' lang='lat' dir='ltr'><strong>mortuos,</strong></span> <span class='ocrx_word' id='word_1_819' title='bbox 1759 2096 1820 2116; x_wconf 92' lang='lat' dir='ltr'><strong>cum</strong></span> <span class='ocrx_word' id='word_1_820' title='bbox 1839 2095 1867 2118; x_wconf 85' lang='lat' dir='ltr'><strong>et</strong></span> <span class='ocrx_word' id='word_1_821' title='bbox 1888 2098 1935 2126; x_wconf 84' lang='lat' dir='ltr'><strong>pa-</strong></span> 
     </span>
    </p>
   </div>
   <div class='ocr_carea' id='block_1_105' title="bbox 1147 2129 1933 2169">
    <p class='ocr_par' dir='ltr' id='par_1_105' title="bbox 1147 2129 1933 2169">
     <span class='ocr_line' id='line_1_105' title="bbox 1147 2129 1933 2169; baseline 0.013 -15"><span class='ocrx_word' id='word_1_822' title='bbox 1147 2129 1268 2156; x_wconf 75' lang='lat' dir='ltr'><strong>triarcha:</strong></span> <span class='ocrx_word' id='word_1_823' title='bbox 1290 2129 1384 2164; x_wconf 88' lang='lat' dir='ltr'><strong>plorati</strong></span> <span class='ocrx_word' id='word_1_824' title='bbox 1406 2135 1478 2163; x_wconf 91' lang='lat' dir='ltr'><strong>sunt,</strong></span> <span class='ocrx_word' id='word_1_825' title='bbox 1501 2136 1528 2159; x_wconf 92' lang='lat' dir='ltr'><strong>ct</strong></span> <span class='ocrx_word' id='word_1_826' title='bbox 1551 2131 1654 2168; x_wconf 85' lang='lat' dir='ltr'><strong>Moyses</strong></span> <span class='ocrx_word' id='word_1_827' title='bbox 1678 2133 1721 2161; x_wconf 86' lang='lat' dir='ltr'><strong>ille</strong></span> <span class='ocrx_word' id='word_1_828' title='bbox 1742 2134 1856 2163; x_wconf 87' lang='lat' dir='ltr'><strong>famulus</strong></span> <span class='ocrx_word' id='word_1_829' title='bbox 1872 2136 1933 2169; x_wconf 85' lang='lat' dir='ltr'><strong>Dei,</strong></span> 
     </span>
    </p>
   </div>
   <div class='ocr_carea' id='block_1_106' title="bbox 1146 2174 1936 2217">
    <p class='ocr_par' dir='ltr' id='par_1_106' title="bbox 1146 2174 1936 2217">
     <span class='ocr_line' id='line_1_106' title="bbox 1146 2174 1936 2217; baseline 0.013 -17"><span class='ocrx_word' id='word_1_830' title='bbox 1146 2178 1173 2200; x_wconf 88' lang='lat' dir='ltr'><strong>et</strong></span> <span class='ocrx_word' id='word_1_831' title='bbox 1187 2175 1261 2201; x_wconf 89' lang='lat' dir='ltr'><strong>mttlti</strong></span> <span class='ocrx_word' id='word_1_832' title='bbox 1274 2174 1371 2203; x_wconf 91' lang='lat' dir='ltr'><strong>deinde</strong></span> <span class='ocrx_word' id='word_1_833' title='bbox 1385 2176 1529 2211; x_wconf 70' lang='lat' dir='ltr'><strong>prophettc,</strong></span> <span class='ocrx_word' id='word_1_834' title='bbox 1538 2179 1685 2212; x_wconf 71' lang='lat' dir='ltr'><strong>prmsertim</strong></span> <span class='ocrx_word' id='word_1_835' title='bbox 1696 2187 1757 2206; x_wconf 93' lang='lat' dir='ltr'><strong>cum</strong></span> <span class='ocrx_word' id='word_1_836' title='bbox 1768 2179 1818 2208; x_wconf 82' lang='lat' dir='ltr'><strong>Job</strong></span> <span class='ocrx_word' id='word_1_837' title='bbox 1828 2189 1936 2217; x_wconf 81' lang='lat' dir='ltr'><strong>quoque</strong></span> 
     </span>
    </p>
   </div>
   <div class='ocr_carea' id='block_1_107' title="bbox 1144 2219 1936 2259">
    <p class='ocr_par' dir='ltr' id='par_1_107' title="bbox 1144 2219 1936 2259">
     <span class='ocr_line' id='line_1_107' title="bbox 1144 2219 1936 2259; baseline 0.013 -13"><span class='ocrx_word' id='word_1_838' title='bbox 1144 2220 1307 2254; x_wconf 87' lang='lat' dir='ltr'><strong>justissimus</strong></span> <span class='ocrx_word' id='word_1_839' title='bbox 1321 2227 1420 2249; x_wconf 86' lang='lat' dir='ltr'><strong>vestem</strong></span> <span class='ocrx_word' id='word_1_840' title='bbox 1441 2219 1526 2250; x_wconf 82' lang='lat' dir='ltr'><strong>suam</strong></span> <span class='ocrx_word' id='word_1_841' title='bbox 1540 2231 1618 2259; x_wconf 88' lang='lat' dir='ltr'><strong>supra</strong></span> <span class='ocrx_word' id='word_1_842' title='bbox 1641 2224 1754 2253; x_wconf 88' lang='lat' dir='ltr'><strong>liorum</strong></span> <span class='ocrx_word' id='word_1_843' title='bbox 1775 2227 1936 2256; x_wconf 85' lang='lat' dir='ltr'><strong>conseiderit</strong></span> 
     </span>
    </p>
   </div>
   <div class='ocr_carea' id='block_1_108' title="bbox 1146 2265 1935 2306">
    <p class='ocr_par' dir='ltr' id='par_1_108' title="bbox 1146 2265 1935 2306">
     <span class='ocr_line' id='line_1_108' title="bbox 1146 2265 1935 2306; baseline 0.011 -15"><span class='ocrx_word' id='word_1_844' title='bbox 1146 2272 1238 2292; x_wconf 90' lang='lat' dir='ltr'><strong>necem</strong></span> <span class='ocrx_word' id='word_1_845' title='bbox 1252 2265 1321 2300; x_wconf 79' lang='lat' dir='ltr'><strong>(Job.</strong></span> <span class='ocrx_word' id='word_1_846' title='bbox 1338 2267 1363 2293; x_wconf 79' lang='grc' dir='ltr'><strong>.</strong></span> <span class='ocrx_word' id='word_1_847' title='bbox 1380 2267 1446 2302; x_wconf 75' lang='lat'><strong>20)?</strong></span> <span class='ocrx_word' id='word_1_848' title='bbox 1461 2267 1518 2295; x_wconf 86' lang='lat' dir='ltr'><strong>Non</strong></span> <span class='ocrx_word' id='word_1_849' title='bbox 1536 2276 1585 2304; x_wconf 84' lang='lat' dir='ltr'><strong>ego</strong></span> <span class='ocrx_word' id='word_1_850' title='bbox 1605 2269 1733 2303; x_wconf 84' lang='lat' dir='ltr'><strong>prohibeo</strong></span> <span class='ocrx_word' id='word_1_851' title='bbox 1754 2270 1848 2306; x_wconf 84' lang='lat' dir='ltr'><strong>lugere</strong></span> <span class='ocrx_word' id='word_1_852' title='bbox 1861 2281 1935 2300; x_wconf 90' lang='lat' dir='ltr'><strong>mor-</strong></span> 
     </span>
    </p>
   </div>
   <div class='ocr_carea' id='block_1_109' title="bbox 1147 2311 1934 2351">
    <p class='ocr_par' dir='ltr' id='par_1_109' title="bbox 1147 2311 1934 2351">
     <span class='ocr_line' id='line_1_109' title="bbox 1147 2311 1934 2351; baseline 0.011 -15"><span class='ocrx_word' id='word_1_853' title='bbox 1147 2313 1222 2342; x_wconf 85' lang='lat' dir='ltr'><strong>tuos,</strong></span> <span class='ocrx_word' id='word_1_854' title='bbox 1242 2311 1289 2338; x_wconf 89' lang='lat' dir='ltr'><strong>sed</strong></span> <span class='ocrx_word' id='word_1_855' title='bbox 1302 2311 1417 2345; x_wconf 86' lang='lat' dir='ltr'><strong>gentium</strong></span> <span class='ocrx_word' id='word_1_856' title='bbox 1434 2312 1755 2349; x_wconf 85' lang='lat' dir='ltr'><strong>illuminatorAposIolus,</strong></span> <span class='ocrx_word' id='word_1_857' title='bbox 1770 2318 1815 2351; x_wconf 88' lang='lat' dir='ltr'><strong>qui</strong></span> <span class='ocrx_word' id='word_1_858' title='bbox 1830 2318 1870 2345; x_wconf 88' lang='lat' dir='ltr'><strong>sic</strong></span> <span class='ocrx_word' id='word_1_859' title='bbox 1883 2319 1934 2345; x_wconf 87' lang='lat' dir='ltr'><strong>ait:</strong></span> 
     </span>
    </p>
   </div>
   <div class='ocr_carea' id='block_1_110' title="bbox 1146 2353 1935 2393">
    <p class='ocr_par' dir='ltr' id='par_1_110' title="bbox 1146 2353 1935 2393">
     <span class='ocr_line' id='line_1_110' title="bbox 1146 2353 1935 2393; baseline 0.011 -12"><span class='ocrx_word' id='word_1_860' title='bbox 1146 2353 1215 2382; x_wconf 86' lang='lat' dir='ltr'><strong>Nolo</strong></span> <span class='ocrx_word' id='word_1_861' title='bbox 1236 2363 1279 2382; x_wconf 74' lang='lat' dir='ltr'><strong>vos</strong></span> <span class='ocrx_word' id='word_1_862' title='bbox 1297 2356 1423 2391; x_wconf 84' lang='lat' dir='ltr'><strong>ignorare,</strong></span> <span class='ocrx_word' id='word_1_863' title='bbox 1443 2357 1549 2391; x_wconf 81' lang='lat' dir='ltr'><strong>fratres,</strong></span> <span class='ocrx_word' id='word_1_864' title='bbox 1573 2358 1604 2385; x_wconf 82' lang='lat' dir='ltr'><strong>de</strong></span> <span class='ocrx_word' id='word_1_865' title='bbox 1622 2359 1818 2393; x_wconf 78' lang='lat' dir='ltr'><strong>dormientibus,</strong></span> <span class='ocrx_word' id='word_1_866' title='bbox 1839 2367 1867 2388; x_wconf 86' lang='lat' dir='ltr'><strong>ut</strong></span> <span class='ocrx_word' id='word_1_867' title='bbox 1886 2371 1935 2390; x_wconf 80' lang='lat' dir='ltr'><strong>non</strong></span> 
     </span>
    </p>
   </div>
   <div class='ocr_carea' id='block_1_111' title="bbox 1145 2402 1933 2441">
    <p class='ocr_par' dir='ltr' id='par_1_111' title="bbox 1145 2402 1933 2441">
     <span class='ocr_line' id='line_1_111' title="bbox 1145 2402 1933 2441; baseline 0.011 -15"><span class='ocrx_word' id='word_1_868' title='bbox 1145 2402 1324 2428; x_wconf 86' lang='lat' dir='ltr'><strong>cantristemiui</strong></span> <span class='ocrx_word' id='word_1_869' title='bbox 1333 2422 1340 2433; x_wconf 90' lang='lat'><strong>,</strong></span> <span class='ocrx_word' id='word_1_870' title='bbox 1354 2403 1418 2429; x_wconf 79' lang='lat' dir='ltr'><strong>sicut</strong></span> <span class='ocrx_word' id='word_1_871' title='bbox 1432 2403 1474 2437; x_wconf 88' lang='lat' dir='ltr'><strong>qui</strong></span> <span class='ocrx_word' id='word_1_872' title='bbox 1492 2411 1561 2438; x_wconf 83' lang='lat' dir='ltr'><strong>spent</strong></span> <span class='ocrx_word' id='word_1_873' title='bbox 1581 2412 1630 2431; x_wconf 89' lang='lat' dir='ltr'><strong>non</strong></span> <span class='ocrx_word' id='word_1_874' title='bbox 1643 2405 1733 2432; x_wconf 82' lang='lat' dir='ltr'><strong>habent</strong></span> <span class='ocrx_word' id='word_1_875' title='bbox 1746 2406 1784 2441; x_wconf 87' lang='lat' dir='ltr'><strong>(l.</strong></span> <span class='ocrx_word' id='word_1_876' title='bbox 1803 2406 1891 2434; x_wconf 81' lang='lat' dir='ltr'><strong>Thess.</strong></span> <span class='ocrx_word' id='word_1_877' title='bbox 1906 2409 1933 2435; x_wconf 75' lang='grc' dir='ltr'><strong>.</strong></span> 
     </span>
    </p>
   </div>
   <div class='ocr_carea' id='block_1_112' title="bbox 1146 2445 1935 2487">
    <p class='ocr_par' dir='ltr' id='par_1_112' title="bbox 1146 2445 1935 2487">
     <span class='ocr_line' id='line_1_112' title="bbox 1146 2445 1935 2487; baseline 0.009 -15"><span class='ocrx_word' id='word_1_878' title='bbox 1146 2445 1201 2482; x_wconf 72' lang='grc' dir='ltr'><strong>).</strong></span> <span class='ocrx_word' id='word_1_879' title='bbox 1215 2446 1272 2473; x_wconf 87' lang='lat' dir='ltr'><strong>Non</strong></span> <span class='ocrx_word' id='word_1_880' title='bbox 1283 2448 1518 2482; x_wconf 71' lang='lat' dir='ltr'><strong>potestEvangelii</strong></span> <span class='ocrx_word' id='word_1_881' title='bbox 1533 2449 1639 2476; x_wconf 85' lang='lat' dir='ltr'><strong>claritas</strong></span> <span class='ocrx_word' id='word_1_882' title='bbox 1653 2450 1802 2483; x_wconf 86' lang='lat' dir='ltr'><strong>obscurari,</strong></span> <span class='ocrx_word' id='word_1_883' title='bbox 1818 2452 1842 2479; x_wconf 89' lang='lat' dir='ltr'><strong>si</strong></span> <span class='ocrx_word' id='word_1_884' title='bbox 1858 2452 1875 2479; x_wconf 90' lang='lat' dir='ltr'><strong>ii</strong></span> <span class='ocrx_word' id='word_1_885' title='bbox 1891 2452 1935 2487; x_wconf 88' lang='lat' dir='ltr'><strong>qui</strong></span> 
     </span>
    </p>
   </div>
   <div class='ocr_carea' id='block_1_113' title="bbox 1144 2493 1935 2531">
    <p class='ocr_par' dir='ltr' id='par_1_113' title="bbox 1144 2493 1935 2531">
     <span class='ocr_line' id='line_1_113' title="bbox 1144 2493 1935 2531; baseline 0.009 -12"><span class='ocrx_word' id='word_1_886' title='bbox 1144 2497 1206 2520; x_wconf 91' lang='lat' dir='ltr'><strong>ante</strong></span> <span class='ocrx_word' id='word_1_887' title='bbox 1220 2493 1302 2528; x_wconf 81' lang='lat' dir='ltr'><strong>legem</strong></span> <span class='ocrx_word' id='word_1_888' title='bbox 1315 2513 1322 2526; x_wconf 86' lang='lat'><strong>,</strong></span> <span class='ocrx_word' id='word_1_889' title='bbox 1337 2498 1384 2520; x_wconf 89' lang='lat' dir='ltr'><strong>aut</strong></span> <span class='ocrx_word' id='word_1_890' title='bbox 1397 2493 1447 2521; x_wconf 91' lang='lat' dir='ltr'><strong>sub</strong></span> <span class='ocrx_word' id='word_1_891' title='bbox 1459 2494 1524 2529; x_wconf 80' lang='lat' dir='ltr'><strong>legis</strong></span> <span class='ocrx_word' id='word_1_892' title='bbox 1538 2495 1630 2522; x_wconf 82' lang='lat' dir='ltr'><strong>umbra</strong></span> <span class='ocrx_word' id='word_1_893' title='bbox 1642 2496 1720 2530; x_wconf 88' lang='lat' dir='ltr'><strong>positi</strong></span> <span class='ocrx_word' id='word_1_894' title='bbox 1736 2496 1858 2531; x_wconf 80' lang='lat' dir='ltr'><strong>fuerant,</strong></span> <span class='ocrx_word' id='word_1_895' title='bbox 1873 2506 1935 2526; x_wconf 75' lang='lat' dir='ltr'><strong>suos</strong></span> 
     </span>
    </p>
   </div>
   <div class='ocr_carea' id='block_1_114' title="bbox 1144 2539 1936 2576">
    <p class='ocr_par' dir='ltr' id='par_1_114' title="bbox 1144 2539 1936 2576">
     <span class='ocr_line' id='line_1_114' title="bbox 1144 2539 1936 2576; baseline 0.008 -11"><span class='ocrx_word' id='word_1_896' title='bbox 1144 2543 1262 2566; x_wconf 91' lang='lat' dir='ltr'><strong>mortuos</strong></span> <span class='ocrx_word' id='word_1_897' title='bbox 1275 2539 1382 2566; x_wconf 85' lang='lat' dir='ltr'><strong>llebant.</strong></span> <span class='ocrx_word' id='word_1_898' title='bbox 1398 2540 1431 2567; x_wconf 87' lang='lat' dir='ltr'><strong>Et</strong></span> <span class='ocrx_word' id='word_1_899' title='bbox 1444 2540 1539 2567; x_wconf 89' lang='lat' dir='ltr'><strong>merito</strong></span> <span class='ocrx_word' id='word_1_900' title='bbox 1557 2540 1672 2573; x_wconf 80' lang='lat' dir='ltr'><strong>ebant,</strong></span> <span class='ocrx_word' id='word_1_901' title='bbox 1686 2542 1748 2576; x_wconf 88' lang='lat' dir='ltr'><strong>quia</strong></span> <span class='ocrx_word' id='word_1_902' title='bbox 1767 2544 1888 2571; x_wconf 89' lang='lat' dir='ltr'><strong>nondum</strong></span> <span class='ocrx_word' id='word_1_903' title='bbox 1902 2545 1936 2571; x_wconf 85' lang='lat' dir='ltr'><strong>de</strong></span> 
     </span>
    </p>
   </div>
   <div class='ocr_carea' id='block_1_115' title="bbox 1144 2584 1935 2622">
    <p class='ocr_par' dir='ltr' id='par_1_115' title="bbox 1144 2584 1935 2622">
     <span class='ocr_line' id='line_1_115' title="bbox 1144 2584 1935 2622; baseline 0.006 -12"><span class='ocrx_word' id='word_1_904' title='bbox 1144 2584 1216 2611; x_wconf 69' lang='lat' dir='ltr'><strong>caelis</strong></span> <span class='ocrx_word' id='word_1_905' title='bbox 1229 2589 1336 2611; x_wconf 85' lang='lat' dir='ltr'><strong>venerat</strong></span> <span class='ocrx_word' id='word_1_906' title='bbox 1348 2584 1479 2618; x_wconf 87' lang='lat' dir='ltr'><strong>Christus,</strong></span> <span class='ocrx_word' id='word_1_907' title='bbox 1495 2585 1539 2620; x_wconf 91' lang='lat' dir='ltr'><strong>qui</strong></span> <span class='ocrx_word' id='word_1_908' title='bbox 1554 2584 1653 2613; x_wconf 87' lang='lat' dir='ltr'><strong>fontem</strong></span> <span class='ocrx_word' id='word_1_909' title='bbox 1668 2585 1740 2613; x_wconf 92' lang='lat' dir='ltr'><strong>illum</strong></span> <span class='ocrx_word' id='word_1_910' title='bbox 1757 2587 1935 2622; x_wconf 82' lang='lat' dir='ltr'><strong>Iacrymarum</strong></span> 
     </span>
    </p>
   </div>
   <div class='ocr_carea' id='block_1_116' title="bbox 1144 2629 1936 2667">
    <p class='ocr_par' dir='ltr' id='par_1_116' title="bbox 1144 2629 1936 2667">
     <span class='ocr_line' id='line_1_116' title="bbox 1144 2629 1936 2667; baseline 0.006 -11"><span class='ocrx_word' id='word_1_911' title='bbox 1144 2636 1191 2656; x_wconf 87' lang='lat' dir='ltr'><strong>sua</strong></span> <span class='ocrx_word' id='word_1_912' title='bbox 1206 2629 1400 2657; x_wconf 83' lang='lat' dir='ltr'><strong>resurrectione</strong></span> <span class='ocrx_word' id='word_1_913' title='bbox 1413 2629 1531 2657; x_wconf 86' lang='lat' dir='ltr'><strong>siccavit.</strong></span> <span class='ocrx_word' id='word_1_914' title='bbox 1546 2629 1639 2657; x_wconf 86' lang='lat' dir='ltr'><strong>Merito</strong></span> <span class='ocrx_word' id='word_1_915' title='bbox 1650 2630 1759 2665; x_wconf 82' lang='lat' dir='ltr'><strong>ebant,</strong></span> <span class='ocrx_word' id='word_1_916' title='bbox 1774 2633 1837 2667; x_wconf 83' lang='lat' dir='ltr'><strong>quia</strong></span> <span class='ocrx_word' id='word_1_917' title='bbox 1849 2633 1936 2661; x_wconf 79' lang='lat' dir='ltr'><strong>adhue</strong></span> 
     </span>
    </p>
   </div>
   <div class='ocr_carea' id='block_1_117' title="bbox 1176 2717 1638 2752">
    <p class='ocr_par' dir='ltr' id='par_1_117' title="bbox 1176 2717 1638 2752">
     <span class='ocr_line' id='line_1_117' title="bbox 1176 2717 1638 2752; baseline 0.002 -10"><span class='ocrx_word' id='word_1_918' title='bbox 1176 2719 1184 2734; x_wconf 82' lang='grc' dir='ltr'></span> <span class='ocrx_word' id='word_1_919' title='bbox 1202 2717 1279 2742; x_wconf 79' lang='lat' dir='ltr'><strong>Aliam</strong></span> <span class='ocrx_word' id='word_1_920' title='bbox 1300 2717 1437 2752; x_wconf 75' lang='lat' dir='ltr'><strong>lectionem</strong></span> <span class='ocrx_word' id='word_1_921' title='bbox 1463 2718 1539 2752; x_wconf 70' lang='lat' dir='ltr'><strong>habet</strong></span> <span class='ocrx_word' id='word_1_922' title='bbox 1563 2718 1638 2752; x_wconf 71' lang='lat' dir='ltr'><strong>Editio</strong></span> 
     </span>
    </p>
   </div>
   <div class='ocr_carea' id='block_1_118' title="bbox 1144 2749 1936 2779">
    <p class='ocr_par' dir='ltr' id='par_1_118' title="bbox 1144 2749 1936 2779">
     <span class='ocr_line' id='line_1_118' title="bbox 1144 2749 1936 2779; baseline 0.004 -6"><span class='ocrx_word' id='word_1_923' title='bbox 1144 2755 1244 2779; x_wconf 83' lang='lat' dir='ltr'><strong>nempe,</strong></span> <span class='ocrx_word' id='word_1_924' title='bbox 1256 2749 1378 2779; x_wconf 82' lang='lat' dir='ltr'><strong>potiorem,</strong></span> <span class='ocrx_word' id='word_1_925' title='bbox 1390 2752 1412 2773; x_wconf 89' lang='lat' dir='ltr'><strong>et</strong></span> <span class='ocrx_word' id='word_1_926' title='bbox 1423 2749 1586 2774; x_wconf 85' lang='lat' dir='ltr'><strong>necessitatem</strong></span> <span class='ocrx_word' id='word_1_927' title='bbox 1596 2749 1684 2779; x_wconf 78' lang='lat' dir='ltr'><strong>sufcit</strong></span> <span class='ocrx_word' id='word_1_928' title='bbox 1703 2750 1753 2774; x_wconf 83' lang='lat' dir='ltr'><strong>alia</strong></span> <span class='ocrx_word' id='word_1_929' title='bbox 1763 2749 1888 2776; x_wconf 68' lang='lat' dir='ltr'><strong>occasione</strong></span> <span class='ocrx_word' id='word_1_930' title='bbox 1900 2749 1936 2775; x_wconf 64' lang='lat' dir='ltr'><strong>re-</strong></span> 
     </span>
    </p>
   </div>
   <div class='ocr_carea' id='block_1_119' title="bbox 1144 2779 1936 2810">
    <p class='ocr_par' dir='ltr' id='par_1_119' title="bbox 1144 2779 1936 2810">
     <span class='ocr_line' id='line_1_119' title="bbox 1144 2779 1936 2810; baseline 0.003 -6"><span class='ocrx_word' id='word_1_931' title='bbox 1144 2779 1217 2810; x_wconf 82' lang='lat' dir='ltr'><strong>plere.</strong></span> <span class='ocrx_word' id='word_1_932' title='bbox 1234 2779 1370 2808; x_wconf 76' lang='lat' dir='ltr'><strong>Utilitatem,</strong></span> <span class='ocrx_word' id='word_1_933' title='bbox 1380 2783 1427 2804; x_wconf 89' lang='lat' dir='ltr'><strong>etc.</strong></span> <span class='ocrx_word' id='word_1_934' title='bbox 1437 2779 1483 2803; x_wconf 83' lang='lat' dir='ltr'><strong>sed</strong></span> <span class='ocrx_word' id='word_1_935' title='bbox 1494 2779 1644 2810; x_wconf 68' lang='lat' dir='ltr'><strong>praeferenda</strong></span> <span class='ocrx_word' id='word_1_936' title='bbox 1655 2781 1751 2805; x_wconf 81' lang='lat' dir='ltr'><strong>videtur</strong></span> <span class='ocrx_word' id='word_1_937' title='bbox 1763 2781 1840 2806; x_wconf 85' lang='lat' dir='ltr'><strong>altera</strong></span> <span class='ocrx_word' id='word_1_938' title='bbox 1864 2782 1936 2806; x_wconf 76' lang='lat' dir='ltr'><strong>lectio</strong></span> 
     </span>
    </p>
   </div>
   <div class='ocr_carea' id='block_1_120' title="bbox 1144 2809 1475 2842">
    <p class='ocr_par' dir='ltr' id='par_1_120' title="bbox 1144 2809 1475 2842">
     <span class='ocr_line' id='line_1_120' title="bbox 1144 2809 1475 2842; baseline 0.003 -9"><span class='ocrx_word' id='word_1_939' title='bbox 1144 2816 1199 2842; x_wconf 67' lang='lat' dir='ltr'><strong>qum</strong></span> <span class='ocrx_word' id='word_1_940' title='bbox 1212 2810 1236 2834; x_wconf 87' lang='lat' dir='ltr'><strong>in</strong></span> <span class='ocrx_word' id='word_1_941' title='bbox 1247 2810 1356 2841; x_wconf 87' lang='lat' dir='ltr'><strong>margine</strong></span> <span class='ocrx_word' id='word_1_942' title='bbox 1368 2809 1475 2841; x_wconf 67' lang='lat' dir='ltr'><strong>affertur.</strong></span> 
     </span>
    </p>
   </div>
   <div class='ocr_carea' id='block_1_121' title="bbox 1178 2850 1701 2882">
    <p class='ocr_par' dir='ltr' id='par_1_121' title="bbox 1178 2850 1701 2882">
     <span class='ocr_line' id='line_1_121' title="bbox 1178 2850 1701 2882; baseline 0.006 -8"><span class='ocrx_word' id='word_1_943' title='bbox 1178 2852 1187 2866; x_wconf 79' lang='grc'><strong><em></em></strong></span> <span class='ocrx_word' id='word_1_944' title='bbox 1204 2854 1272 2875; x_wconf 77' lang='lat' dir='ltr'><strong>Forte</strong></span> <span class='ocrx_word' id='word_1_945' title='bbox 1285 2850 1379 2880; x_wconf 78' lang='lat' dir='ltr'><strong>melius,</strong></span> <span class='ocrx_word' id='word_1_946' title='bbox 1390 2857 1460 2882; x_wconf 78' lang='lat' dir='ltr'><strong>quam</strong></span> <span class='ocrx_word' id='word_1_947' title='bbox 1469 2850 1589 2876; x_wconf 78' lang='lat' dir='ltr'><strong>interdum</strong></span> <span class='ocrx_word' id='word_1_948' title='bbox 1601 2855 1701 2881; x_wconf 79' lang='lat' dir='ltr'><strong>Imtpus.</strong></span> 
     </span>
    </p>
   </div>
   <div class='ocr_carea' id='block_1_122' title="bbox 1660 2719 1935 2755">
    <p class='ocr_par' dir='ltr' id='par_1_122' title="bbox 1660 2719 1935 2755">
     <span class='ocr_line' id='line_1_122' title="bbox 1660 2719 1935 2755; baseline 0.004 -1"><span class='ocrx_word' id='word_1_949' title='bbox 1660 2719 1770 2755; x_wconf 59' lang='grc' dir='ltr'><strong>(</strong></span> <span class='ocrx_word' id='word_1_950' title='bbox 1793 2720 1935 2755; x_wconf 54' lang='lat' dir='ltr'><strong>Ausi-sunt.</strong></span> 
     </span>
    </p>
   </div>
  </div>
