2074 3126
193 168 246 195 397

193 227 288 255 mortis
301 225 433 254 sententia
448 225 631 261 permanebat.
648 225 740 253 Merito
756 224 984 257 lamentabantur,

191 273 254 308 quia
281 272 397 300 nondum
426 272 588 299 resurrectio
609 270 812 306 praedicabatur.
838 270 986 306 Sperabam

191 317 298 353 quidem
311 318 396 345 sancti
408 317 506 352 quique
516 317 658 344 adventum
673 317 787 350 Domini,
803 316 853 344 sed
865 320 986 343 mortuos

193 362 297 390 interim
312 363 425 395 ﬂebant,
450 363 511 398 quia
532 362 649 390 nondum
664 362 787 390 viderant
799 370 877 397 quem
892 370 984 397 spera-

193 410 266 437 bant.
283 410 402 445 Denique
413 410 522 437 Simeon
539 417 607 437 unus
621 409 654 437 de
668 410 802 437 veteribus
815 409 924 439 sanctis.
940 409 984 443 qui

193 457 267 491 prius
281 456 368 484 fuerat
381 456 415 483 de
428 463 474 483 sua
488 460 574 483 morte
586 456 725 488 sollicitus,
740 461 879 490 postquam
893 455 983 482 Jesum

192 502 334 530 Dominum
349 502 437 529 adhuc
456 509 567 536 puerum
582 501 728 529 secundum
744 509 852 528 carnem
867 502 984 535 suscepit

193 548 219 575 iit
235 548 367 580 manibus,
383 548 416 575 de
429 555 478 575 suo
491 548 562 575 exitu
577 548 724 582 gratulatur
737 547 837 580 dicens,
852 546 929 573 Nunc
942 547 982 573 di-

191 593 285 626 mittis,
306 593 431 625 Domine,
455 601 553 620 servum
573 598 642 619 tuum
661 593 689 620 in
704 601 780 627 pace,
797 593 856 628 quia
870 593 983 619 viderunt

192 639 260 666 oculi
274 640 322 666 mei
335 640 446 667 salutare
460 644 531 666 tuum
542 639 618 674 (Luc.
633 639 661 666 2.
674 639 719 667 29.
734 638 789 675 30).
802 639 824 666 Ο
836 640 928 667 beatus
939 639 982 666 ille

190 685 320 714 Simeon!
336 686 402 719 Quia
417 686 487 721 quod
507 685 632 720 sperabat
653 686 772 718 viderat,
791 686 847 719 jam
869 689 982 712 mortem

191 740 266 759 suam
281 739 371 766 pacem
387 735 414 759 et.
428 732 545 766 requiem
556 732 736 766 computabat.
749 731 800 759 Sed
813 731 885 758 dices
896 740 903 758 :
913 731 982 758 Ecce

192 778 218 804 in
233 778 377 812 Evangelio
399 777 510 812 legitur,
534 777 734 813 archisynagogi
751 777 880 811 ploratam
901 777 981 804 tiliam

191 822 266 857 (Luc.
278 823 305 850 8.
316 823 373 857 52),
387 827 414 850 et
427 830 532 850 sorores
541 823 632 850 Lazari
641 823 770 850 Lazarum
780 822 883 850 flevisse
892 822 980 858 (Joau.

191 868 235 895 11.
250 867 307 903 '51).
324 867 377 895 Sed
392 868 429 894 illi
444 867 531 895 adhuc
545 867 689 895 secundum
704 873 822 896 veterem
837 869 920 903 legem
935 876 982 895 sa-

190 913 308 948 piebant,
317 913 377 948 quia
389 913 501 940 necdum
512 921 526 940 a
540 913 650 940 mortuis
657 913 791 941 Christum
801 913 983 941 resurrexisse

191 963 395 994 conspexerant.
410 959 496 986 Flevit
510 959 588 994 plane
600 963 628 987 et
641 959 698 993 ipse
713 960 838 986 Dominus
853 959 980 986 Lazarum

189 1005 244 1039 jam
258 1005 389 1039 sepultum
403 1025 410 1037 ,
427 1012 479 1032 non
495 1004 585 1040 utique
599 1009 627 1032 ut
641 1004 722 1032 flendi
736 1008 856 1032 mortuos
869 1004 980 1031 formam

189 1051 282 1082 daret,
303 1049 349 1077 sed
371 1055 399 1076 ut
415 1055 441 1077 et
454 1058 483 1077 se
498 1054 545 1085 pei-
558 1050 690 1085 lacrymas
702 1057 763 1077 suas
777 1058 869 1078 verum
885 1058 981 1084 corpus

189 1096 368 1130 assumpsisse
382 1100 551 1123 monstraret.
575 1096 621 1123 Vel
642 1101 714 1124 certe
733 1096 806 1123 ﬂevit
826 1104 918 1124 amore
930 1097 981 1123 hn-

189 1141 287 1168 mano‘
300 1140 417 1173 Iudaeos,
433 1141 494 1176 quia
509 1148 559 1169 nec
573 1141 617 1168 tali
632 1142 707 1176 signo
721 1145 868 1168 monstrato
881 1141 906 1168 in
920 1149 981 1169 eum

189 1186 294 1214 fuerant
307 1187 443 1214 credituri.
456 1187 546 1221 Neque
557 1187 628 1215 enim
642 1195 714 1214 tnors
723 1187 815 1214 Lazari
828 1194 907 1214 causa
923 1194 982 1215 esse

190 1237 294 1268 poterat
313 1234 490 1268 lacrymarum
502 1255 509 1268 ,
530 1242 609 1269 quem
625 1234 682 1269 ipse
694 1234 771 1261 Jesus
784 1238 810 1261 et
825 1234 982 1262 dormivisse

189 1278 304 1311 dixerat,
319 1284 346 1306 et
356 1279 544 1307 suseitaturum
559 1287 588 1307 se
603 1280 770 1315 promiserat,
786 1280 855 1307 sicut
867 1284 894 1307 et
908 1280 979 1307 fecit.

226 1324 252 1351 5.
267 1323 422 1352 Habuerunt
433 1333 499 1360 ergo
515 1330 620 1354 veteres
635 1334 712 1353 suum
727 1333 839 1358 morem,
855 1333 982 1361 suamque

190 1369 361 1404 fragilitatem
374 1391 380 1403 ,
406 1370 506 1399 Christi
527 1372 669 1399 adventum
693 1372 874 1406 praecedentes
887 1372 909 1398 ‘.
922 1371 980 1399 Jam

190 1423 255 1442 vero
267 1423 301 1443 ex
314 1423 367 1450 quo
382 1416 497 1444 Verbum
517 1425 580 1445 caro
593 1417 690 1445 factum
703 1422 759 1451 est,
775 1422 801 1445 et
814 1418 942 1446 habitavit
954 1419 981 1446 in

192 1460 280 1493 nobis,
302 1468 335 1487 ex
355 1468 407 1495 quo
427 1463 516 1497 primo
536 1463 601 1489 Adae
614 1462 702 1490 datam
725 1464 883 1490 sententiam
896 1463 980 1490 Adam

190 1507 352 1534 novissimus
363 1507 450 1541 solvit,
465 1515 498 1535 ex
508 1516 562 1543 quo
574 1514 693 1536 nostram
707 1514 821 1537 mortem
834 1516 881 1536 sua
896 1514 981 1536 morte

189 1552 330 1586 destruxit,
346 1558 373 1581 et
386 1553 420 1581 ab
433 1554 524 1582 inferis
538 1554 581 1582 die
595 1555 671 1582 tertia
683 1555 811 1583 Dominus
824 1556 979 1589 resurrexit,

188 1597 244 1633 jam
266 1606 317 1626 non
339 1603 380 1627 est
401 1600 526 1628 terribilis
547 1608 619 1628 mors
638 1601 760 1629 ﬁdelibus
777 1610 851 1629 :non
874 1603 980 1629 timetur

189 1652 311 1679 occasus,
325 1646 384 1680 quia
395 1646 489 1674 Oriens
503 1647 576 1674 venit
589 1655 622 1674 ex
638 1648 701 1674 alto.
713 1647 815 1675 Clamat
825 1648 881 1682 ipse
892 1648 980 1675 Domi-

191 1698 243 1718 nus
254 1691 298 1726 qui
318 1692 423 1719 mentiri
437 1693 523 1720 nescit
535 1702 541 1720 :
552 1692 609 1729 Ego
623 1701 693 1726 sum,
710 1693 811 1728 inquit,
832 1694 979 1720 resurrectio

190 1741 215 1764 et
227 1737 344 1773 oita:qui
360 1739 438 1765 credit
452 1739 478 1765 in
497 1747 546 1772 me,
559 1740 655 1766 etiamsi
668 1745 782 1766 mortuus
794 1740 879 1775 fuerit,
896 1740 956 1766 vivet
970 1747 979 1767 :

190 1788 214 1810 et
233 1785 314 1811 omnis
330 1785 374 1820 qui
394 1786 451 1812 vivit
472 1790 497 1812 et
510 1786 589 1813 credit
602 1786 629 1812 in
642 1794 690 1819 me,
706 1792 809 1813 mortem
827 1795 876 1813 non
889 1787 979 1813 uidebit

190 1830 217 1856 in
229 1835 350 1857 aeternum
364 1830 453 1866 (Joan.
471 1832 514 1859 11.
529 1832 573 1859 25.
590 1832 648 1868 26).
663 1832 799 1860 Manifesta
812 1838 852 1860 est
862 1853 869 1863 ,
885 1832 978 1860 fratres

190 1876 331 1910 carissimi,
348 1885 398 1904 vox
413 1878 510 1912 divina,
526 1879 586 1914 quia
601 1879 644 1914 qui
656 1879 741 1907 credit
751 1879 866 1912 Christo,
881 1884 907 1907 et
920 1881 978 1914 ejus

190 1922 314 1949 mandata
326 1923 457 1954 custodit.
474 1924 495 1951 si
512 1929 632 1951 mortuus
646 1924 734 1958 fuerit,
749 1925 828 1952 vivet.
846 1925 919 1952 llanc
932 1933 978 1952 vo-

189 1975 249 1995 cem
264 1968 356 1996 beatus
371 1969 468 1997 Paulus
486 1970 623 2004 apostolus
640 1971 783 2005 accipiens,
799 1975 826 1998 et
840 1972 902 1998 totis
917 1971 976 1999 ﬁdei

189 2014 290 2042 viribus
303 2015 436 2048 retinens,
454 2016 616 2043 instruebat:
632 2016 699 2044 Nolo
709 2037 716 2049 ,
733 2017 835 2052 inquit,
849 2026 891 2044 vos
902 2018 976 2052 igno-

189 2068 263 2092 rare,
283 2061 390 2096 fratres,
412 2061 444 2088 de
457 2062 635 2089 dormientibus
645 2083 652 2095 ,
672 2067 699 2089 ut
713 2071 763 2090 non
777 2064 858 2090 tristes
870 2063 925 2090 sitis
937 2063 975 2098 (1.

189 2105 277 2133 Thess.
291 2106 318 2133 4.
331 2106 387 2141 12).
398 2106 420 2134 Ο
430 2107 496 2134 mira
503 2107 623 2142 Apostoli
639 2109 831 2143 pronuntiatio!
845 2108 903 2136 Uno
917 2117 976 2136 ser-

188 2159 278 2185 mone,
289 2155 429 2187 autequam
440 2153 586 2180 doctrinam
599 2153 744 2188 proferat',
755 2155 976 2182 resurrectionem

188 2197 367 2225 commendat.
387 2198 554 2227 Dormientes
575 2207 689 2235 namque
703 2201 819 2235 appellat
832 2201 906 2234 illos,
931 2201 975 2235 qui

188 2244 286 2272 mortui
298 2249 369 2279 sunt,
385 2250 412 2273 ut
427 2246 488 2273 dum
503 2246 620 2274 dormire
633 2254 680 2274 eos
691 2247 765 2280 dicit,
778 2252 975 2275 resurrecturos

187 2291 246 2318 sine
260 2290 424 2319 dubitatione
439 2292 586 2328 consignet.
610 2292 685 2326 Non,
707 2293 807 2328 inquit,
825 2293 906 2320 tristes
921 2293 975 2320 sitis

187 2335 219 2362 de
230 2335 419 2371 dormientibus,
434 2338 497 2364 sicut
510 2342 533 2364 et
546 2338 637 2365 ueteri.
650 2338 701 2371 Qui
714 2345 789 2373 spem
802 2346 854 2366 non
865 2338 974 2372 habent,

151 2371 154 2375 ’
186 2381 396 2408 contristentur:
408 2389 457 2409 nos
470 2387 558 2410 autem
574 2383 618 2418 qui
633 2383 689 2418 spei
705 2383 751 2411 filii
765 2391 866 2416 sumus,
883 2384 974 2411 colla:-

187 2430 282 2454 temur.
294 2426 358 2460 Quae
366 2431 455 2455 autem
464 2428 541 2455 nobis
548 2436 609 2463 spes
617 2429 660 2462 sit,
670 2429 727 2464 ipse
734 2435 925 2458 commemorat
935 2430 976 2457 di-

185 2479 259 2500 cens:
267 2472 297 2500 Si
303 2472 438 2506 credimus,
445 2474 502 2508 quia
508 2472 621 2501 Christus
626 2479 792 2507 mortuusest,
799 2479 822 2502 et
827 2475 975 2502 resurrexit:

185 2519 222 2545 ita
235 2524 258 2546 et
267 2518 338 2546 Deus
347 2527 399 2553 eos,
414 2521 457 2554 qui
467 2521 630 2553 dormierunt,
646 2529 690 2556 per
699 2520 715 2547 ,1
718 2529 786 2548 esum
798 2522 904 2548 adducet
916 2530 974 2549 cum

184 2572 213 2591 eo
222 2564 261 2599 (1.
270 2563 359 2592 Thess.
372 2565 399 2592 4.
411 2565 467 2601 15).
477 2565 554 2593 .lesus
564 2566 635 2593 enim
645 2566 721 2593 nobis
733 2570 760 2593 et
770 2566 813 2593 hic
825 2567 974 2594 viventibus

184 2611 255 2637 salus
270 2615 320 2644 est,
335 2615 362 2638 et
374 2611 435 2638 hinc
452 2611 638 2639 recedentibus
650 2612 702 2639 vita
716 2616 766 2639 est.
784 2612 865 2645 Mihi,
890 2613 974 2647 inquit

175 2657 421 2692 Apostolus,vivere
428 2655 544 2684 Christus
555 2661 601 2691 est,
616 2662 639 2684 et
654 2657 717 2684 mori
730 2657 829 2684 lucrum
843 2657 971 2693 (Philipp.

183 2702 207 2728 1.
225 2701 255 2728 21
263 2698 280 2734 j.
298 2701 412 2728 Lucrum
423 2701 510 2737 plane,
522 2703 582 2737 quia
592 2702 726 2737 angustias
736 2706 763 2730 et
773 2702 969 2735 tribulationes,

214 2801 222 2816 ¹
240 2804 280 2825 Ms.
294 2801 458 2830 Corbeiensis,
471 2807 536 2826 ntere
547 2801 657 2826 humano.

215 2833 225 2863 τ
242 2835 282 2863 tus.
293 2831 458 2861 Corbeiensis,
468 2831 557 2857 Christi
569 2833 670 2857 adventu
681 2833 806 2863 pendente.
828 2853 832 2856 ι

215 2862 226 2878 ³
241 2861 300 2887 mm
310 2863 417 2895 quidam,
430 2869 476 2889 uno
483 2869 592 2890 sermone
603 2867 628 2889 ut
638 2861 762 2896 utramque
773 2864 907 2890 doctrinam
918 2871 972 2896 pro-

772 163 815 192 DE
835 162 1092 192 CONSOLATIONE
1111 165 1247 194 MOltTlS.

1777 171 1831 201 298

1042 231 1107 259 quas
1129 225 1208 253 habet
1222 226 1326 261 longior
1340 226 1411 260 vita,
1435 235 1508 255 mors
1523 229 1675 257 accelerans
1689 230 1830 260 lucrifacit.

1039 269 1099 296 Jam
1113 278 1176 297 vero
1190 270 1311 298 ordinem
1332 277 1359 299 et
1379 272 1499 300 habitum
1518 274 1574 308 spei
1591 279 1688 302 nostrae
1702 274 1832 304 describit

1037 313 1192 348 Apostolus.
1206 316 1315 350 «Hoc,»
1337 318 1432 352 inquit,
1456 319 1549 346 «vobis
1569 320 1683 347 dicimus
1703 320 1728 347 in
1749 321 1832 348 verbo

1041 361 1155 394 Domini,
1171 362 1231 397 quia
1248 371 1298 390 nos
1311 365 1355 399 qui
1369 365 1491 397 vivimus,
1505 366 1550 400 qui
1565 366 1663 393 residui
1679 373 1788 400 sumus,
1803 367 1830 395 in

1039 405 1154 434 adventu
1176 408 1233 442 ejus
1247 416 1299 436 non
1314 410 1507 444 praeveniemus
1524 418 1571 438 eos
1583 412 1628 446 qui
1642 411 1807 440 dormierunt
1820 422 1828 440 :

1037 452 1098 486 quia
1112 453 1168 487 ipse
1181 453 1308 481 Dominus
1322 456 1347 482 in
1360 455 1434 489 jussu
1449 460 1476 483 et
1489 464 1554 483 voce
1566 457 1717 492 archangeli
1730 478 1738 491 ,
1760 462 1788 485 et
1802 459 1830 486 in

1038 498 1099 525 tuba
1113 498 1158 526 Dei
1172 498 1316 527 descendet
1326 501 1360 528 de
1373 502 1449 534 cano,
1466 506 1492 529 et
1513 503 1609 530 mortui
1625 504 1669 538 qui
1685 504 1711 530 in
1723 503 1831 532 Christo

1037 548 1099 570 sttnt
1113 549 1254 579 resurgent
1266 546 1344 580 primi
1358 555 1364 574 :
1379 546 1476 575 deinde
1490 555 1540 575 nos
1553 548 1597 583 qui
1612 548 1736 582 vivimus,
1748 550 1828 578 simul

1035 596 1094 622 cum
1106 589 1158 616 illis
1171 591 1304 624 rapiemur
1315 592 1339 617 in
1354 592 1466 619 nubibus
1474 593 1578 620 obviam
1591 593 1699 621 Christo
1714 595 1740 621 in
1752 602 1826 630 aera,

1036 637 1062 660 et
1077 633 1112 660 ita
1127 642 1233 670 semper
1245 644 1303 662 cum
1317 637 1428 663 Domino
1442 638 1541 664 erimus
1553 648 1562 664 ι
1577 638 1615 674 (1.
1627 639 1716 667 Thess.
1730 641 1756 667 4.
1772 641 1828 668 Με-

1036 677 1091 712 16).
1106 678 1163 706 Hoc
1183 684 1223 706 est
1236 681 1306 714 quod
1320 681 1400 714 dicit,
1415 683 1475 716 quia
1490 691 1549 710 cum
1565 685 1667 712 venerit
1682 686 1808 714 Dominus
1819 706 1827 719 ,

1035 723 1152 752 inveniet
1172 726 1271 753 multos
1285 727 1311 753 in
1327 734 1439 761 corpore
1458 728 1632 762 Christianos,
1650 731 1694 765 qui
1709 732 1826 760 nondum

1034 771 1138 804 experti
1152 775 1214 798 sunt
1226 776 1338 799 mortem
1352 781 1358 798 :
1370 778 1396 800 et
1410 778 1496 800 tamen
1508 782 1560 802 non
1573 780 1635 802 ante
1647 777 1783 810 rapientur
1794 778 1826 805 ad

1036 815 1149 850 caelum,
1172 824 1251 851 quam
1271 818 1367 845 mortui
1388 820 1472 846 sancti
1490 820 1525 846 de
1545 822 1724 850 monumentis
1737 830 1827 851 resur-

1036 862 1164 896 rexerint,
1180 863 1241 890 tuba
1258 864 1302 891 Dei
1324 869 1351 891 et
1372 872 1437 892 voce
1452 866 1602 901 archangeli
1618 869 1745 896 suscitati.
1759 869 1826 897 Cum

1034 911 1122 934 autem
1143 908 1241 936 fuerint
1255 910 1383 943 suscitati,
1396 910 1480 945 juncti
1496 913 1593 946 pariter
1605 921 1664 941 cum
1678 915 1826 943 viventibus

1035 953 1172 987 rapientur
1195 955 1220 981 in
1235 955 1349 983 nubibus
1364 956 1468 983 obviam
1484 957 1590 985 Christo
1605 959 1630 985 in
1646 967 1708 986 aera
1720 981 1726 991 ,
1743 964 1769 987 et
1788 961 1826 987 sic

1035 1004 1142 1032 semper
1153 1007 1214 1026 cum
1228 1001 1285 1035 ipso
1305 1002 1462 1036 regnabunt.
1476 1002 1531 1030 Nec
1543 1011 1607 1031 sane
1619 1005 1702 1039 possit
1713 1005 1826 1032 dubitari

1033 1044 1104 1078 quod
1124 1047 1226 1080 possint
1246 1054 1356 1081 corpora
1366 1068 1373 1080 ,
1388 1048 1508 1082 quamvis
1525 1049 1577 1076 sint
1591 1050 1678 1083 gravia
1690 1070 1698 1081 ,
1723 1050 1748 1077 in
1763 1058 1824 1078 aera

1033 1089 1167 1118 sublevari
1181 1100 1187 1118 :
1200 1099 1259 1118 cum
1272 1092 1382 1126 jubente
1400 1093 1511 1121 Domino
1525 1094 1619 1122 Petrus
1632 1096 1715 1129 ipsum
1729 1103 1825 1130 corpus

1034 1135 1134 1163 habens
1154 1145 1234 1171 super
1257 1139 1340 1166 undas
1360 1140 1535 1168 ambulaverit
1557 1143 1638 1170 maris
1653 1143 1758 1178 (Matth.
1780 1145 1824 1170 Η.

1034 1180 1094 1216 29),
1107 1181 1178 1208 Elias
1191 1190 1296 1217 quoque
1310 1184 1341 1210 ad
1356 1184 1435 1218 hujus
1448 1186 1503 1220 spei
1518 1187 1746 1215 conﬁrmationem
1756 1209 1763 1221 ,
1778 1195 1826 1222 per

1035 1225 1105 1252 hunc
1119 1234 1180 1253 acra
1194 1235 1273 1255 curru
1289 1227 1412 1257 ﬂammeo
1422 1231 1455 1258 sit
1466 1236 1557 1266 raptus
1566 1232 1599 1260 ad
1607 1233 1699 1260 caelum
1708 1233 1746 1268 (4.
1759 1233 1823 1270 Reg.

1032 1271 1059 1298 2.
1078 1272 1133 1307 11).

1070 1318 1096 1344 6.
1122 1318 1215 1351 Quales
1235 1321 1316 1355 futuri
1333 1322 1412 1348 simus
1431 1327 1487 1357 post
1506 1325 1824 1354 resurrectionem—Sed

1034 1365 1132 1398 quzcris
1145 1364 1215 1392 forte
1229 1374 1235 1392 :
1247 1366 1345 1399 Quales
1358 1373 1436 1395 erunt
1455 1369 1498 1403 qui
1513 1377 1527 1395 a
1542 1371 1653 1398 mortuis
1672 1378 1826 1399 resurrexe-

1033 1409 1104 1436 rint?
1127 1411 1195 1438 Audi
1219 1412 1303 1446 ipsum
1329 1413 1460 1442 dicentem
1483 1415 1623 1442 Dominum
1640 1421 1712 1443 tuum
1726 1416 1823 1450 :Tunc,

1033 1454 1126 1489 inquit,
1149 1457 1211 1490 justi
1232 1457 1378 1492 fulgebunt,
1401 1461 1466 1486 sicut
1485 1461 1524 1487 sol
1544 1460 1571 1487 in
1590 1470 1666 1496 regno
1682 1462 1766 1490 Patris
1785 1464 1825 1490 sui

1032 1500 1139 1536 (Matth.
1152 1503 1194 1528 15.
1207 1503 1262 1538 43).
1273 1503 1340 1536 Quid
1351 1505 1520 1538 splendorem
1527 1514 1733 1536 commemorem
1743 1510 1824 1537 solis?

1031 1547 1097 1575 Cum
1113 1548 1204 1576 hdeles
1219 1550 1399 1586 transﬁgurari
1412 1560 1522 1580 necesse
1535 1557 1575 1580 est
1587 1553 1619 1581 ad
1634 1554 1717 1588 ipsius
1726 1555 1824 1583 Chriin

1033 1592 1139 1622 Domini
1162 1596 1328 1630 claritatem,
1354 1602 1383 1625 ut
1410 1603 1522 1627 testatur
1547 1600 1681 1634 apostolus
1705 1601 1821 1629 Paulus:

1034 1649 1042 1665 ι
1052 1640 1156 1673 Nostra,
1171 1651 1181 1667 ι
1198 1642 1292 1677 inquit,
1309 1652 1319 1669 ι
1331 1644 1498 1672 conversatio
1511 1645 1536 1672 in
1552 1645 1625 1672 cmlis
1637 1651 1677 1673 est
1690 1655 1696 1672 :
1710 1647 1780 1674 unde
1795 1652 1823 1675 et

1030 1685 1115 1719 ipsum
1126 1686 1288 1715 Salvatorem
1299 1693 1486 1723 exspectamus
1498 1689 1637 1717 Dominum
1647 1690 1738 1718 Jesum
1746 1690 1823 1719 Chri-

1030 1736 1109 1763 stum,
1125 1732 1168 1767 qui
1183 1732 1381 1760 transformabit
1395 1740 1492 1768 corpus
1505 1734 1662 1763 humilitatis
1675 1741 1772 1764 nostra:
1785 1738 1818 1764 ad

1029 1775 1266 1805 conformationem
1278 1779 1396 1813 corporis
1407 1779 1500 1814 gloriae
1512 1788 1567 1806 su:e
1581 1790 1589 1806 ν
1603 1779 1730 1817 (Philipp.
1738 1783 1764 1809 5.
1774 1783 1820 1810 20.

1029 1822 1334 1857 21):transtigurabitur
1353 1824 1410 1851 sine
1430 1824 1511 1852 dubio
1536 1833 1599 1852 caro
1621 1826 1669 1853 ista
1699 1828 1820 1854 mortalis

1029 1868 1061 1895 ad
1075 1868 1312 1896 conformationem
1324 1869 1421 1897 Christi
1433 1870 1569 1902 claritatis,
1582 1871 1673 1899 induet
1686 1873 1694 1888 ⁸
1711 1873 1822 1901 mortale

1030 1914 1270 1942 immortalitatem:
1281 1915 1341 1951 quia
1359 1916 1434 1949 Quod
1446 1918 1596 1945 seminatum
1609 1919 1692 1953 fuerat
1708 1920 1732 1946 in
1748 1920 1821 1954 inﬁr-

1029 1961 1123 1993 mitate,
1139 1961 1257 1995 prolittus
1269 1967 1353 1997 surget
1366 1962 1392 1988 in
1405 1963 1494 1989 virtute
1507 1962 1545 2000 (l.
1559 1963 1618 1991 Cor.
1630 1964 1673 1992 15.
1689 1965 1745 2000 45).
1761 1965 1818 1993 Non

1029 2006 1133 2033 timebit
1146 2014 1209 2033 caro
1222 2007 1336 2041 amplius
1355 2009 1550 2043 corruptionem
1562 2030 1569 2041 ,
1585 2018 1637 2036 non
1653 2011 1765 2044 patietur
1780 2011 1820 2038 fa-

1029 2058 1109 2083 mem,
1125 2059 1176 2078 non
1187 2052 1257 2079 sitim
1268 2073 1275 2085 ,
1293 2061 1344 2080 non
1360 2053 1530 2087 aegritudines
1541 2075 1549 2087 ,
1565 2062 1617 2081 non
1632 2062 1709 2082 casus
1723 2056 1820 2084 adver-

1028 2105 1084 2125 sos.
1099 2098 1152 2125 Pax
1166 2098 1235 2125 enitn
1250 2102 1304 2125 tuta
1316 2119 1322 2130 ,
1339 2103 1366 2126 et
1381 2099 1455 2126 firma
1476 2101 1605 2127 securitas
1620 2101 1681 2128 vita:
1693 2107 1743 2129 est.
1761 2103 1818 2130 Alia

1028 2143 1118 2178 utique
1130 2143 1243 2170 caelestis
1257 2148 1298 2171 est
1310 2144 1393 2179 gloria
1405 2164 1413 2177 ,
1429 2145 1472 2172 ubi
1493 2150 1520 2174 et
1534 2146 1657 2180 gaudium
1672 2146 1730 2174 sine
1743 2147 1818 2175 dete-

1028 2189 1116 2216 etione
1132 2189 1309 2223 prmstabitur.

1064 2236 1090 2262 7.
1108 2235 1178 2262 Mors
1193 2237 1272 2271 magis
1284 2237 1406 2271 optanda.
1422 2245 1497 2272 quant
1510 2237 1628 2273 lugenda,
1645 2239 1688 2265 sed
1705 2247 1754 2266 non
1771 2240 1819 2267 sibi

1027 2280 1284 2315 inferenda.—Htec
1306 2281 1332 2308 in
1355 2288 1436 2309 sensu
1458 2286 1485 2309 et
1505 2283 1588 2310 oculis
1608 2291 1703 2318 gerens
1724 2285 1818 2311 beatus

1028 2327 1124 2354 Paulus
1138 2327 1260 2360 dicebat,
1279 2337 1289 2353 ‹
1301 2327 1430 2362 Optabam
1452 2328 1572 2362 dissolvi,
1589 2333 1615 2356 et
1635 2337 1694 2356 cum
1710 2330 1817 2358 Christo

1026 2380 1086 2400 esse
1101 2373 1185 2400 multo
1195 2373 1278 2408 magis
1290 2373 1383 2400 melius
1393 2374 1402 2389 ¹
1415 2383 1424 2399 ι
1439 2373 1566 2410 (Philipp.
1582 2374 1607 2401 1.
1616 2374 1663 2410 25)
1672 2395 1678 2401 .
1688 2374 1721 2402 Et
1730 2375 1817 2403 adhuc

1026 2422 1118 2451 aperte
1131 2417 1245 2451 docens,
1266 2427 1276 2444 ‹
1288 2418 1355 2445 Dum
1370 2425 1471 2450 sumus,
1484 2427 1493 2444 )
1511 2419 1604 2453 inquit,
1620 2429 1630 2445 ‹
1641 2420 1666 2446 in
1682 2427 1795 2455 corpore
1808 2442 1815 2453 ,

1027 2462 1226 2497 peregrinatnur
1236 2471 1250 2489 a
1262 2463 1374 2490 Domino
1387 2471 1393 2490 :
1407 2471 1453 2498 per
1465 2463 1542 2490 tidem
1555 2464 1625 2490 enim
1639 2465 1815 2498 ambulamus,

1026 2512 1053 2535 et
1067 2515 1118 2534 non
1135 2515 1181 2542 per
1190 2508 1316 2543 speciem.
1336 2508 1469 2536 llabemus
1479 2513 1566 2535 autent
1580 2510 1672 2543 magis,
1685 2519 1695 2536 ›
1716 2511 1814 2544 inquit,

1029 2564 1039 2581 ι
1049 2555 1143 2582 bonam
1150 2555 1310 2582 voluntatem
1319 2555 1480 2590 peregrinari
1488 2562 1502 2581 a
1508 2562 1629 2589 corpore,
1637 2562 1663 2583 et
1670 2561 1816 2590 prmsentes

1026 2609 1086 2630 esse
1097 2602 1129 2629 ad
1140 2602 1281 2629 Dominum
1293 2610 1301 2626 ι
1322 2601 1359 2636 (2.
1377 2601 1433 2628 Cor.
1447 2600 1554 2636 5.6-8).
1566 2601 1633 2635 Quid
1649 2602 1751 2637 agimus
1767 2609 1814 2629 nos

1027 2654 1114 2683 parva:
1130 2648 1190 2675 ﬁdei
1211 2647 1342 2678 homines,
1366 2648 1410 2682 qui
1426 2648 1565 2675 anxiamur
1577 2653 1604 2676 et
1623 2649 1777 2681 deficimus,
1793 2649 1814 2675 si

1026 2694 1121 2730 aliquis
1141 2694 1174 2721 de
1194 2693 1263 2720 caris
1281 2693 1381 2720 nostris
1403 2693 1499 2727 migret
1520 2693 1551 2720 ad
1570 2693 1729 2721 Dominum?
1745 2693 1814 2727 Quid

1058 2805 1066 2837 ξ
1084 2807 1147 2837 Mss,
1159 2802 1281 2837 induatur.
1331 2834 1335 2837 _
1378 2836 1391 2837 η
1570 2833 1592 2837 Η
1707 2833 1712 2837 _
1783 2832 1788 2837 _

1057 2836 1067 2850 ι
1083 2835 1121 2859 sic
1140 2838 1179 2858 Ms.
1196 2833 1358 2859 Corbeicnsis.
1378 2832 1437 2858 ιμ’Λίιὶ
1460 2839 1520 2857 vero
1536 2833 1649 2864 quidam,
1662 2833 1736 2857 nmlto
1750 2832 1816 2859 enim

1025 2863 1118 2896 mlius.
1130 2864 1194 2890 Infra
1205 2868 1246 2890 Its.
1263 2864 1344 2894 (bitu,
1365 2867 1494 2896 pt'wsenles
1512 2871 1562 2889 esse
1585 2868 1606 2889 rt
1622 2865 1750 2890 aduentare
1767 2868 1808 2888 De

1026 2895 1100 2923 mino.
