2074 3126
254 177 307 205 299

252 235 356 270 agimus
366 256 375 270 ,
397 243 465 271 quos
480 236 654 272 peregrinatio
669 237 694 263 in
710 236 760 263 hoc
776 235 875 264 mundo
898 235 982 270 magis
993 235 1041 262 de-

254 281 352 315 lectat,
373 290 451 317 quant
477 282 663 317 repraesentari
685 282 718 309 ad
737 282 835 310 Christi
854 282 1046 316 conspectum?

255 326 334 360 Vere,
351 335 415 356 vere
431 328 608 363 peregrinatio
620 332 661 355 est
671 335 750 355 omne
760 327 830 362 quod
842 327 973 355 vivimus:
985 335 1046 356 nam

255 372 324 400 sicut
346 373 476 408 peregrini
494 374 519 400 in
535 373 650 406 smculo,
670 373 748 400 sedes
771 373 898 401 habemus
913 373 1044 406 incertas,

255 418 422 451 laboramus,
446 418 607 446 desudamus
618 439 624 451 ,
647 419 703 446 vias
720 418 887 447 ambulantes
903 419 1044 453 difﬁciles‘,

256 466 382 500 periculis
397 466 488 500 plenas
501 474 507 492 :
520 465 636 500 undique
657 465 760 493 insidia:
772 487 780 499 ,
805 473 819 493 a
842 466 1014 500 spiritalibus,
1031 474 1045 493 a

253 510 436 545 corporalibus
449 510 589 543 inimicis‘,
601 510 719 545 undique
730 518 850 538 errorum
861 511 973 539 calliculi
984 515 1047 539 sunt

254 556 406 591 praeparati.
428 556 463 583 Et
481 564 542 584 cum
565 556 646 584 tantis
660 557 786 592 periculis
805 565 967 593 urgeamur,
993 566 1046 586 non

253 601 340 629 solum
354 601 404 636 ipsi
424 608 477 629 non
491 603 612 637 cupimus
626 603 751 636 liberari,
767 603 814 631 sed
827 604 906 631 etiam
922 605 1046 632 liberatos

254 652 388 682 tamquam
402 648 520 682 perditos
535 649 656 683 legemus
670 653 696 676 et
712 649 871 684 plangimus.
885 648 957 682 Quid
968 649 1046 678 nobis

254 694 378 728 praestitit
390 693 460 722 Deus
471 702 519 729 per
531 702 608 722 suum
624 695 804 730 Unigenitum,
818 695 841 723 si
853 695 941 723 adhuc
954 697 1047 724 mortis

254 739 379 766 timemus
396 739 503 767 casum?
518 739 586 774 Quid
601 747 650 767 nos
664 744 771 768 renatos
783 748 815 768 ex
828 748 897 776 aqua
910 744 937 769 et
948 741 1046 776 Spiritu

253 785 406 820 gloriamur,
417 793 484 820 quos
494 786 670 821 peregrinatio
680 786 714 814 de
723 786 774 813 hoc
784 786 883 813 mundo
891 787 1046 814 contristat?

253 831 312 867 ipse
328 831 456 859 Dominus
468 831 576 865 clamat,
593 831 624 859 Si
637 832 691 866 quis
703 832 766 858 mihi
780 824 914 863 ministrat,
929 837 1048 867 sequatur

253 885 292 903 me
302 885 311 903 :
322 881 346 904 et
358 876 400 904 ubi
412 885 457 912 ego
470 885 537 910 sum,
550 877 584 904 ibi
596 877 642 904 erit
652 881 675 904 et
689 878 802 904 minister
814 885 884 904 meus
898 877 986 912 (Joan.
1001 877 1046 905 12.

253 922 311 959 26).
336 923 417 950 Putas
441 924 464 950 si
486 931 535 951 rex
549 924 684 951 terrestris
705 923 738 950 ad
761 931 837 951 suum
861 924 985 958 palatium
1005 924 1046 951 vel

253 969 405 997 convivium
419 969 534 1004 aliquem
547 973 635 1002 vocet,
648 977 701 996 non
714 977 773 997 cum
786 970 930 1004 gratiarum
944 971 1047 998 actione

253 1015 426 1050 properabit?
441 1015 546 1049 Quanto
565 1015 650 1050 magis
672 1015 706 1042 ad
729 1015 862 1043 caelestem
886 1015 1045 1043 currendum

253 1065 295 1088 cst
308 1067 409 1095 regem.
425 1061 468 1095 qui
484 1068 551 1095 quos
566 1063 707 1095 receperit,
725 1068 781 1088 non
803 1061 889 1088 solum
903 1061 1045 1094 convivas,

254 1106 301 1134 scd
314 1107 393 1134 etiam
407 1107 632 1142 conregnatores'
643 1106 750 1139 eliiciet,
766 1107 835 1134 sicut
846 1107 973 1142 scriptum
988 1111 1045 1135 est:

255 1152 286 1180 Si
300 1153 450 1180 commortui
466 1160 564 1183 sumus,
585 1157 608 1180 et
623 1153 797 1184 convivemus;
811 1153 834 1180 si
848 1154 1007 1187 sustinemus,
1024 1159 1048 1181 et

254 1199 461 1235 conregnabimus
482 1199 520 1234 (Ξ.
543 1199 609 1226 Tim.
633 1199 662 1226 2.
687 1199 730 1227 ii.
758 1199 814 1235 i2).
839 1199 893 1227 Nec
921 1200 972 1227 hoc
997 1207 1048 1236 ego

258 1245 328 1279 dico,
349 1250 378 1273 ut
392 1246 450 1280 quis
468 1253 563 1273 manus
580 1245 630 1273 sibi
652 1245 763 1278 inierat,
788 1250 833 1273 aut
856 1254 886 1274 se
907 1247 1047 1274 interﬁciat

256 1296 347 1319 contra
361 1292 525 1319 voluntatem
550 1291 595 1319 Dei
610 1291 739 1319 creatoris
749 1312 756 1322 .
776 1297 822 1319 aut
843 1293 958 1319 animam
973 1297 1001 1320 ut
1014 1293 1047 1320 de

255 1338 375 1372 corporis
387 1338 428 1365 sui
441 1338 556 1373 expellat
572 1338 703 1374 hospitio;
719 1337 765 1365 sed
780 1338 831 1366 hoc
844 1338 914 1372 dico,
928 1343 958 1366 ut
971 1339 1047 1366 laetus

253 1389 282 1411 et
293 1383 422 1419 gaudens,
433 1391 493 1411 cum
506 1388 551 1411 aut
563 1384 619 1419 ipse
632 1388 742 1411 vocatur
752 1388 778 1411 et
789 1384 937 1418 proximus,
951 1389 978 1412 ct
991 1385 1049 1420 ipse

253 1430 342 1463 vadat,
355 1435 382 1458 et
389 1430 515 1458 euntibus
523 1430 679 1465 gratuletur.
690 1430 751 1458 llaec
760 1431 830 1457 enim
842 1430 1048 1459 estChristianze

255 1476 316 1504 ﬁdei
328 1483 447 1508 summa,
471 1476 551 1503 vitam
565 1483 654 1503 veram
669 1479 826 1510 exspectare
840 1480 900 1510 post
913 1480 1026 1503 mortem
1039 1497 1047 1509 ,

256 1522 370 1550 reditum
394 1529 503 1556 sperare
525 1526 585 1557 post
609 1522 719 1549 exitum.
744 1523 860 1557 Accepta
883 1523 962 1558 igitur
983 1531 1049 1551 voce

258 1568 391 1604 Apostoii,
404 1575 468 1595 cum
487 1567 584 1595 fiducia
602 1568 657 1602 jam
671 1568 792 1596 dicamus
805 1570 903 1604 gratias
916 1569 987 1602 Deo,
1003 1569 1047 1604 qui

257 1613 333 1641 nobis
347 1618 440 1641 contra
461 1619 573 1641 mortem
595 1614 731 1642 victoriam
746 1615 835 1649 dedit,
854 1623 902 1650 per
914 1615 1048 1644 Christum

257 1660 397 1688 Dominum
412 1665 541 1694 nostrum,
558 1661 600 1688 cui
615 1666 656 1688 est
670 1661 752 1696 gloria
765 1666 792 1690 et
807 1667 925 1697 potestas
938 1671 1009 1691 nunc
1023 1667 1049 1691 et

257 1706 282 1733 in
297 1707 392 1734 saecula
407 1707 577 1734 saeculorum.
592 1707 687 1734 Amen.

575 1761 688 1790 SERMO
702 1762 737 1790 ll.

294 1819 319 1846 Ι.
334 1818 493 1845 Resurrectio
513 1818 580 1845 unde
600 1819 668 1853 apud
687 1819 801 1854 inﬁdeles
813 1820 898 1848 dubia.
912 1836 949 1842 —
964 1820 1050 1856 Supe-

210 1890 211 1894 η
257 1864 321 1891 riori
334 1864 440 1899 quidem
456 1864 546 1891 libello
561 1865 765 1898 perstrinximus
775 1866 893 1894 breviter
903 1867 937 1895 de
950 1875 1050 1895 conso-

257 1910 358 1937 latione
378 1910 548 1937 mortalilatis
560 1910 588 1942 ³,
614 1910 647 1938 de
667 1919 715 1946 spe
738 1913 941 1941 resurrectionis
957 1922 963 1940 :
979 1922 1051 1942 nunc

258 1956 362 1990 plenius
381 1959 408 1982 ct
420 1955 533 1982 validius
548 1955 695 1984 de'eisdcm
711 1957 800 1985 dicere
813 1966 998 1993 properamus.
1019 1960 1048 1989 Si

258 2001 362 2036 quidem
389 2001 464 2034 haec,
486 2009 546 2036 qme
564 2001 688 2036 loquutus
707 2009 776 2037 sum,
797 2003 919 2032 ﬁdelibus
942 2006 1049 2040 quidem

257 2053 327 2075 certa
349 2053 410 2075 sunt
421 2069 427 2080 ,
445 2048 592 2076 infidelibus
607 2054 694 2076 autem
709 2057 741 2077 ac
752 2050 839 2078 dubiis
849 2052 972 2080 videntur
989 2061 1049 2082 esse

259 2093 388 2127 fabulosa,
411 2093 444 2121 ad
459 2102 525 2129 quos
542 2102 624 2128 pauca
637 2095 754 2123 strictius
770 2097 945 2131 proferamus.
957 2098 1048 2127 'Certe

258 2139 417 2174 quicumque
431 2140 495 2167 estis
510 2140 658 2174 increduli,
683 2149 791 2170 omnem
811 2143 1003 2172 dubitationem
1015 2145 1049 2174 de

258 2185 404 2212 substantia
415 2185 534 2220 corporis
547 2186 692 2213 sustinetis.
705 2187 867 2215 Discreditur
879 2190 950 2216 enim
964 2198 978 2217 a
989 2191 1049 2225 qui-

258 2230 380 2263 busdam,
389 2238 496 2257 carnem
508 2238 662 2258 conversam
671 2231 697 2259 in
706 2233 853 2267 pulverem,
865 2234 962 2262 iterum
971 2243 1050 2270 posse

258 2285 414 2312 resurgere,
439 2277 534 2304 iterum
556 2278 727 2306 reviviscere.
751 2279 883 2307 Caeterum
906 2281 940 2308 de
961 2282 1049 2310 anima

258 2325 359 2351 nullum
375 2332 452 2359 posse
460 2324 596 2353 hominum
610 2325 747 2353 dubitare:
759 2327 780 2354 si
794 2327 900 2362 quidem
909 2329 944 2357 de
953 2331 1049 2359 animae

260 2369 456 2397 immortalitate
471 2377 521 2398 nec
537 2370 686 2406 philosophi
705 2372 772 2406 ipsi,
795 2380 856 2401 cum
875 2374 928 2402 sint
941 2378 1047 2412 pagani,

259 2415 430 2443 dissentiunt.
456 2415 521 2443 Nam
534 2416 597 2451 quid
612 2421 653 2444 est
666 2424 739 2444 mors
749 2437 756 2450 ,
780 2419 830 2446 nisi
844 2422 976 2454 separatio
988 2429 1050 2450 cor-

259 2460 332 2495 poris
346 2461 515 2496 animmquc?
530 2461 681 2490 Recedeute
695 2463 766 2491 enim
782 2465 885 2499 anima,
901 2475 961 2501 quae
976 2475 1049 2495 sem-

260 2513 308 2541 per
322 2506 387 2533 vivit
398 2526 406 2538 ,
428 2515 487 2541 qua:
501 2507 569 2535 mori
589 2508 693 2542 nescit,
715 2510 775 2544 quia
791 2511 825 2538 de
839 2511 901 2539 ﬁatu
916 2513 962 2541 Dei
974 2519 1015 2542 est
1026 2514 1047 2547 ⁸,

260 2552 345 2579 solum
358 2559 454 2587 corpus
467 2554 595 2580 emoritur
608 2562 616 2581 :
628 2555 689 2589 quia
702 2555 772 2582 aliud
793 2557 819 2584 in
836 2557 912 2586 nobis
926 2560 1048 2594 mortale,

261 2597 332 2624 aliud
345 2597 496 2625 immortale
507 2603 557 2625 est.
570 2599 623 2627 Sed
634 2600 761 2628 recedens
773 2602 871 2636 anima,
883 2612 943 2639 quae
954 2613 1049 2634 carna-

260 2643 331 2671 libus
350 2643 434 2671 oculis
449 2651 502 2671 non
524 2644 648 2678 videtur,
668 2646 702 2674 ab
723 2647 824 2682 angelis
845 2650 1000 2685 suscipitur,
1023 2657 1049 2680 et

292 2713 358 2751 illus.
371 2711 762 2751 qorbqaspiritalibuslinimicis,
786 2718 888 2751 tantum.
913 2723 938 2743 et
949 2720 1047 2751 ibidem,

260 2742 364 2777 undique
374 2749 482 2768 errorum
494 2742 564 2768 casus
575 2744 658 2769 saeculi
670 2742 810 2777 prcepta-oti.

292 2776 301 2789 ¹
319 2777 369 2803 Ms,
379 2778 571 2804 conregnaturos.

292 2805 302 2820 ³
319 2805 495 2836 Εόίνιίννειετοε
514 2806 647 2836 Augustini.
669 2806 700 2830 de
718 2807 873 2834 consolatione
892 2814 1047 2836 mortuorum.

259 2834 330 2860 Corb.
344 2835 435 2864 Codex,
448 2836 478 2860 de
490 2834 645 2861 constitutione
656 2838 817 2864 mortalitatis.

291 2871 302 2881 ⁸
318 2867 377 2891 Fditi
390 2870 497 2905 veteres,
508 2867 538 2905 de
548 2865 608 2905 ﬂatu
620 2868 665 2905 ζὶεὶ
675 2871 709 2893 est
726 2868 852 2905 inspirant,
865 2874 891 2895 et
903 2872 972 2903 paulo
984 2878 1045 2905 post,

262 2902 314 2924 quia
325 2897 461 2922 ramalibus
471 2897 552 2923 oculis
558 2897 635 2922 videri
643 2905 688 2923 non
703 2897 785 2930 potest.

608 180 636 208 S.
657 180 795 208 .IOANNIS
813 179 1051 208 CllliYSOSTOMl
1071 180 1228 210 AﬂClllEP.
1248 183 1516 213 CONSTAN'l'lNUP.

1842 192 1894 219 500

1102 237 1247 265 collocatur
1268 243 1313 266 aut
1334 241 1359 267 in
1375 240 1434 267 sinu
1453 240 1584 275 Abraltze,
1605 242 1626 269 si
1642 242 1726 270 ﬁdelis
1738 249 1793 277 est;
1807 250 1854 272 aut
1868 246 1894 273 in

1100 285 1215 312 carceris
1229 285 1324 312 inferni
1344 286 1464 314 custodia
1475 307 1483 320 ,
1499 287 1521 314 si
1537 289 1669 322 peccatrix
1684 294 1725 316 est
1738 299 1744 316 :
1760 289 1822 318 dum
1838 296 1894 319 sta-

1101 334 1172 357 tutus
1184 331 1274 358 veniat
1285 331 1360 365 dies,
1377 340 1429 367 quo
1443 340 1519 360 suum
1535 334 1646 368 recipiat
1660 342 1769 371 corpus,
1785 340 1812 364 et
1823 337 1894 372 apud

1101 375 1215 403 tribunal
1235 375 1334 404 Christi
1353 377 1449 412 judicis
1469 379 1523 405 veri
1545 379 1638 406 reddat
1660 387 1768 408 suorum
1782 389 1894 417 operum

1100 421 1242 450 rationem.
1266 422 1336 458 Ergo
1359 424 1419 458 quia
1440 424 1473 450 de
1493 431 1575 452 carne
1597 429 1651 452 tota
1665 426 1801 454 cunctatio
1815 432 1856 456 est
1872 428 1893 460 ⁸.

1100 466 1177 502 hujus
1190 472 1231 495 est
1246 468 1385 497 inﬁrmitas
1405 469 1588 504 defendenda,
1605 477 1632 500 et
1650 473 1811 502 resurrectio
1827 482 1896 503 con—

1100 512 1236 547 signanda.

1134 558 1162 585 2.
1177 558 1274 586 Mortui
1284 560 1414 594 quomodo
1431 567 1571 597 resurgant.
1593 563 1720 591 Probatur
1733 564 1813 592 Deum
1827 575 1894 593 morv

1100 609 1156 631 tuos
1174 613 1249 640 posse
1262 606 1394 633 suscitare.
1414 622 1450 627 ——
1471 607 1546 641 Quod
1567 608 1590 636 si
1611 609 1670 644 quis
1692 612 1809 645 requirat
1822 619 1837 639 a
1851 619 1896 639 me

1099 650 1194 678 dubius
1206 656 1233 679 et
1246 652 1397 679 incredulus
1409 674 1416 685 ,
1433 654 1565 687 Quomodo
1583 657 1675 682 mortui
1687 663 1828 693 resurgant,
1843 667 1895 693 quo

1099 700 1182 722 autem
1202 705 1307 732 corpore
1328 699 1444 725 venient?
1467 700 1636 734 respondebo
1655 702 1678 728 ei
1693 710 1739 730 ore
1754 710 1785 730 ac
1805 705 1895 732 verbis

1101 741 1233 778 Apostoli,
1253 744 1393 780 Insipiens,
1409 749 1436 771 tu
1452 746 1519 780 quod
1538 748 1657 780 seminus,
1679 757 1729 775 non
1743 750 1892 785 viviﬁcamr,

1099 788 1150 814 nisi
1167 790 1236 822 prius
1257 789 1381 816 moriatur
1394 798 1403 816 :
1416 795 1439 817 et
1457 792 1524 825 quod
1535 793 1660 826 seminus,
1680 795 1895 823 nudumseminas

1099 842 1205 868 granum
1219 835 1294 862 tritici
1310 841 1354 862 aut
1369 837 1472 864 alterius
1489 837 1597 873 alicujus
1608 841 1710 867 seminis
1725 841 1762 877 (l.
1774 840 1832 869 Cor.
1849 843 1893 869 15.

1100 879 1196 915 55-57)
1208 900 1215 913 ,
1232 884 1365 908 mortuum
1385 886 1413 909 et
1430 882 1534 910 aridum
1553 884 1610 912 sine
1631 885 1761 920 humore;
1787 891 1814 914 ct
1832 895 1894 915 cum

1099 925 1275 960 putrefactum
1295 926 1385 961 fuerit,
1400 927 1539 956 fecundius
1552 931 1654 965 surgit,
1672 932 1752 967 ﬁtque
1770 935 1895 961 vestitum

1100 970 1240 1004 folliculis,
1263 972 1352 999 aristis
1373 978 1514 1001 armatum.
1540 975 1589 1009 Qui
1612 984 1676 1011 ergo
1690 985 1800 1012 granum
1813 979 1894 1006 tritici

1099 1016 1210 1044 suscitat
1237 1021 1346 1053 propter
1369 1023 1414 1052 te,
1442 1014 1576 1055 ipsum'te
1604 1029 1657 1049 nou
1683 1024 1782 1057 poterit
1808 1026 1895 1052 Susci-

1101 1067 1157 1091 tare
1171 1069 1282 1098 propter
1303 1072 1332 1092 se
1354 1064 1414 1101 (a)?
1437 1067 1493 1105 qui
1509 1067 1594 1095 solem
1617 1070 1734 1103 quotidie
1759 1071 1835 1105 quasi
1860 1071 1895 1098 de

1099 1109 1222 1143 sepulcro
1242 1111 1328 1138 noctis
1344 1112 1470 1145 suscitat,
1488 1103 1517 1141 et
1536 1113 1626 1141 lunam
1647 1116 1722 1150 quasi
1735 1103 1895 1145 deinteritu

1099 1159 1224 1189 reparat,
1241 1160 1267 1183 et
1282 1160 1401 1191 tempora
1414 1157 1566 1186 recedentia
1586 1165 1694 1188 revocat
1706 1161 1739 1188 ad
1754 1162 1894 1190 utilitatem

1100 1200 1202 1228 scilicet
1215 1206 1333 1229 nostram
1350 1212 1357 1230 :
1377 1203 1448 1238 ipsos
1468 1212 1518 1232 nos
1528 1225 1534 1235 .
1550 1212 1658 1241 propter
1668 1214 1734 1240 quos
1749 1208 1836 1235 omnia
1852 1217 1896 1236 re-

1100 1250 1193 1281 parat,
1215 1254 1267 1274 non
1288 1249 1425 1283 requiret,
1440 1254 1468 1277 et
1488 1252 1571 1279 semel
1595 1253 1708 1287 patietur
1725 1254 1855 1288 exstingui
1871 1255 1894 1288 ',

1100 1300 1168 1328 quos
1180 1301 1228 1321 suo
1242 1293 1305 1321 ﬁatu
1320 1295 1458 1330 accendit,
1482 1305 1548 1332 quos
1568 1305 1618 1325 suo
1637 1299 1732 1333 spiritu
1747 1300 1895 1327 animavit?

1101 1343 1127 1366 et
1141 1338 1168 1366 in
1182 1344 1339 1374 perpetuum
1352 1341 1406 1375 jam
1421 1349 1472 1368 non
1490 1343 1540 1370 erit
1555 1343 1646 1375 homo,
1662 1344 1706 1379 qui
1725 1345 1796 1372 illum
1811 1347 1853 1381 pie
1867 1351 1896 1374 et

1101 1385 1208 1420 agnovit
1220 1389 1247 1413 et
1267 1386 1369 1413 coluit?
1391 1386 1443 1414 Sed
1467 1387 1562 1415 iterum
1585 1389 1700 1421 dubitas,
1722 1390 1794 1425 quod
1809 1392 1895 1426 possis

1101 1431 1219 1467 reparari
1234 1435 1295 1466 post
1313 1436 1426 1459 mortem
1437 1452 1445 1466 ,
1468 1434 1573 1461 restitui
1588 1439 1647 1469 post
1660 1435 1777 1463 cinerem
1792 1441 1819 1463 et
1832 1444 1895 1464 ossa

1101 1482 1257 1511 consumpta
1267 1477 1280 1504 ?
1292 1477 1314 1505 Ο
1328 1477 1418 1510 homo,
1433 1478 1476 1506 die
1486 1479 1561 1512 mihi,
1577 1480 1640 1514 quid
1657 1480 1726 1507 fuisti
1740 1486 1801 1509 ante
1813 1489 1894 1517 quam

1102 1522 1129 1548 in
1143 1522 1235 1549 matris
1248 1526 1324 1550 utero
1332 1523 1529 1558 concipereris?
1541 1523 1612 1551 Nihil
1627 1525 1726 1560 utique.
1739 1526 1807 1553 Deus
1817 1535 1893 1562 ergo,

1101 1568 1146 1602 qui
1158 1572 1183 1595 te
1192 1569 1292 1595 creavit
1303 1575 1336 1596 ex
1351 1569 1443 1603 nihilo,
1453 1577 1542 1597 nonne
1550 1570 1653 1598 facilius
1667 1573 1763 1605 poterit
1771 1580 1896 1608 reparare

1102 1614 1136 1641 de
1150 1614 1260 1649 aliquo?
1279 1614 1342 1642 Mihi
1355 1616 1434 1643 crede
1445 1637 1452 1648 ,
1468 1616 1571 1644 facilius
1586 1618 1682 1652 poterit
1696 1619 1805 1646 reﬁcere
1823 1620 1895 1654 quod

1103 1665 1165 1688 ante
1175 1660 1228 1695 jam
1242 1661 1291 1689 fuit
1301 1683 1307 1694 ,
1330 1662 1374 1697 qui
1390 1663 1476 1698 potuit
1489 1663 1499 1678 '
1514 1671 1605 1691 creare
1616 1665 1684 1699 quod
1700 1673 1751 1692 non
1765 1666 1820 1693 fuit.
1845 1667 1896 1700 Qui

1104 1709 1130 1732 te
1146 1713 1178 1733 ex
1197 1710 1270 1741 gutta
1290 1706 1410 1735 informis
1425 1708 1534 1743 liquoris
1545 1710 1581 1738 ,in
1604 1715 1654 1737 tu;e
1669 1711 1761 1738 matris
1776 1717 1852 1739 utero
1867 1713 1894 1739 in

1103 1759 1209 1784 nervos,
1225 1760 1305 1779 venas
1318 1757 1345 1780 et
1357 1761 1417 1780 ossa
1433 1754 1687 1788 jussitexcrescere,
1710 1758 1816 1789 poterit,
1830 1758 1896 1785 mihi

1103 1797 1192 1830 crede,
1208 1797 1242 1825 de
1253 1802 1329 1825 utero
1344 1804 1422 1826 terra:
1435 1800 1529 1827 iterum
1543 1808 1684 1835 generare.
1704 1801 1757 1829 Sed
1771 1803 1849 1830 times
1862 1811 1897 1831 ne

1104 1842 1172 1870 forte
1187 1851 1246 1870 ossa
1266 1848 1309 1871 tua
1331 1844 1406 1872 arida
1421 1846 1510 1872 vestiri
1531 1846 1641 1881 pristina
1663 1855 1744 1876 carne
1764 1857 1816 1875 non
1831 1857 1897 1884 pos-

1104 1889 1176 1915 sint?
1199 1889 1276 1922 Noli,
1293 1890 1362 1922 noli,
1381 1891 1525 1918 secundum
1545 1897 1616 1919 tuam
1631 1893 1829 1929 impotentiam,
1849 1896 1897 1924 Dei

1104 1934 1237 1962 aestimare
1256 1936 1433 1970 maiestatem.
1457 1937 1527 1965 Deus
1542 1939 1586 1966 ille
1602 1947 1691 1967 rerum
1705 1941 1824 1969 omnium
1835 1949 1898 1976 pro-

1104 1984 1219 2013 creator,
1245 1982 1289 2016 qui
1314 1983 1393 2009 vestit
1413 1984 1524 2011 arbores
1537 1983 1622 2018 foliis,
1646 1991 1672 2013 et
1686 1991 1759 2021 prata
1775 1986 1896 2020 ﬁoribus,

1104 2027 1203 2061 poterit
1217 2031 1243 2053 et
1263 2031 1308 2054 tua
1330 2035 1389 2055 ossa
1413 2028 1484 2056 illico
1502 2030 1574 2057 veris
1595 2031 1740 2067 tempore‘
1753 2032 1778 2059 in
1804 2040 1896 2060 resur-

1105 2071 1222 2099 rectione
1239 2073 1348 2100 vestire.
1375 2073 1547 2102 Dubitaverat
1561 2075 1705 2110 aliquando
1719 2077 1752 2104 de
1769 2077 1818 2105 hoc
1839 2078 1897 2113 ipso

1105 2117 1235 2151 propheta
1250 2117 1393 2151 Ezechiel,
1408 2124 1436 2146 ct
1450 2119 1627 2156 interrogatus
1643 2129 1657 2148 a
1670 2122 1792 2155 Domino,
1807 2128 1896 2152 utrum

1105 2162 1227 2189 viverent
1236 2170 1297 2191 ossa
1310 2163 1383 2191 arida
1393 2185 1400 2197 ,
1415 2172 1474 2199 qua:
1485 2165 1643 2193 videbantur
1656 2174 1746 2202 sparsa
1762 2176 1810 2202 per
1820 2177 1896 2196 cam-

1105 2215 1177 2241 pum,
1193 2209 1330 2242 respoudit
1340 2229 1347 2240 ,
1364 2209 1402 2235 Tu
1412 2210 1474 2244 eis,
1488 2209 1597 2239 Domine
1613 2211 1716 2246 (Ezech.
1729 2213 1773 2240 57.
1787 2213 1825 2250 ὃ).
1842 2214 1896 2242 Sed

1106 2257 1244 2288 postquam
1260 2253 1314 2280 Deo
1331 2254 1442 2289 jubente
1454 2276 1461 2288 ,
1478 2260 1503 2283 et
1516 2257 1605 2291 seipse
1619 2257 1795 2292 prophetante
1807 2280 1815 2292 ,
1831 2260 1897 2287 vidit

1104 2306 1164 2325 ossa
1185 2298 1218 2326 ad
1232 2306 1279 2326 sua
1294 2299 1353 2327 loca
1370 2305 1397 2327 et
1415 2300 1554 2335 iuncturas
1577 2303 1711 2330 currentia
1723 2324 1730 2336 ,
1756 2308 1896 2339 postquam

1104 2343 1170 2370 vidit
1183 2351 1244 2371 ossa
1255 2345 1327 2372 arida
1342 2347 1430 2373 nervis
1442 2346 1525 2381 ligari,
1543 2349 1618 2375 venis
1634 2349 1725 2383 intcxi,
1737 2357 1818 2377 carne
1829 2358 1898 2377 con-

1105 2390 1171 2425 tegi,
1195 2395 1255 2418 cute
1275 2392 1380 2425 vestiri,
1405 2397 1497 2427 postea
1519 2394 1687 2428 prophetavit
1701 2395 1727 2422 iu
1742 2396 1854 2431 spiritu,
1870 2401 1898 2425 et

1104 2435 1214 2462 veniens
1235 2435 1345 2470 spiritus
1364 2437 1570 2473 uniuscujusque
1595 2439 1713 2467 introivit
1738 2440 1763 2468 in
1782 2448 1897 2476 corpora

1105 2480 1149 2508 illa
1159 2480 1272 2515 jacentis
1284 2502 1291 2514 ,
1312 2487 1339 2509 et
1356 2489 1572 2517 resurrexerunt,
1593 2489 1621 2512 et
1640 2493 1701 2513 mox
1716 2491 1849 2514 steterunt
1863 2488 1874 2503 '
1889 2497 1896 2515 :

1104 2527 1143 2553 sic
1157 2527 1328 2554 conﬁrmatus
1343 2527 1377 2555 de
1399 2529 1595 2557 resurrectione
1617 2531 1745 2565 propheta
1759 2552 1768 2566 ,
1791 2533 1898 2568 scripsit

1105 2572 1233 2600 visionem
1245 2593 1252 2606 ,
1269 2577 1298 2600 ut
1311 2573 1344 2600 ad
1359 2578 1480 2608 posteros
1498 2578 1579 2602 tanta:
1591 2576 1630 2603 rei
1644 2577 1761 2611 cognitio
1775 2579 1898 2612 perveni-

1137 2648 1145 2664 ι
1163 2647 1226 2684 ΡΔὶιιι
1240 2653 1356 2678 veteres,
1375 2651 1422 2674 tota
1440 2649 1597 2676 contradictio
1616 2654 1667 2681 est,
1688 2658 1744 2684 quae
1759 2652 1834 2679 lectio
1849 2661 1898 2679 non

1103 2680 1250 2709 Spernenda.

1137 2711 1146 2744 ξ
1163 2709 1248 2740 tidem,
1259 2712 1282 2734 et
1291 2709 1384 2744 eineres
1393 2711 1496 2741 patietur
1504 2712 1632 2744 exstingui.

1137 2740 1147 2775 ξ
1163 2744 1203 2775 tus.
1213 2741 1319 2775 secunda
1330 2740 1414 2775 manu,
1423 2749 1494 2773 quam
1504 2740 1586 2775 potuit:

1135 2771 1146 2786 λ
1164 2774 1227 2800 5155.,
1235 2771 1278 2796 illo
1288 2775 1352 2796 certo
1364 2773 1422 2797 veri.

1135 2802 1146 2817 ⁸
1164 2805 1227 2831 Haec,
1239 2805 1262 2827 et
1273 2809 1329 2827 mea:
1340 2806 1462 2833 steterunt,
1474 2803 1564 2829 desunt
1580 2806 1605 2829 in
1617 2809 1670 2830 Mss.

1136 2843 1172 2875 (a)
1188 2847 1251 2873 Haec,
1265 2844 1344 2875 ipsum
1356 2848 1378 2870 te
1386 2851 1431 2870 non
1442 2846 1527 2877 poterit
1538 2847 1653 2872 suscitare
1662 2851 1759 2880 propter
1771 2855 1806 2878 se,
1819 2850 1844 2873 in
1857 2856 1896 2874 ve-

1136 2874 1199 2898 ribus
1218 2875 1290 2900 Editis
1309 2875 1437 2901 habentur.
1458 2881 1483 2901 et
1501 2877 1530 2901 ad
1549 2878 1682 2901 maruinem
1700 2879 1792 2901 reiecta
1804 2882 1894 2901 suntin

1104 2875 1199 2899 teribus
1218 2875 1290 2900 Editis
1309 2875 1446 2906 habentur,
1458 2881 1483 2901 et
1501 2877 1530 2901 ad
1549 2875 1682 2909 marginem
1700 2875 1894 2910 rejecta'suntin

1108 2909 1228 2936 postrema
1239 2906 1355 2931 t-‘xlitione.
1367 2907 1412 2932 sed
1420 2912 1477 2940 puto
1487 2908 1516 2933 ad
1527 2909 1618 2934 seriem
1630 2910 1756 2939 guadrare.
