2074 3126
190 165 240 195 ὅθί

191 227 243 251 ret.
265 221 357 250 Merito
371 228 435 255 ergo
447 220 545 247 clamat
561 218 642 246 Isaias
656 227 663 246 :
679 218 822 253 Exsurgent
834 219 941 249 mortui,
958 220 981 243 et

192 271 322 304 resurgent
340 267 383 302 qui
402 271 460 293 sunt
478 266 504 292 in
522 264 705 296 monumentis,
727 269 750 290 et
770 262 921 290 twtabuntur
940 261 983 296 qui

192 319 249 341 sunt
260 314 287 340 in
302 318 378 340 terra.
402 312 455 339 Ras
468 311 545 344 enim,
562 311 606 345 qui
617 310 661 337 abs
672 314 695 336 te
707 313 758 342 est,
778 309 872 336 sanitas
888 312 923 335 est
932 307 984 334 illis

192 359 270 394 (lsai.
277 359 324 386 ‘26.
336 357 393 393 19).
402 357 472 384 Vere
482 356 564 389 enim,
576 356 645 383 sicut
654 362 716 382 rore
725 353 870 381 madefacta
882 352 984 381 semina

192 404 343 440 germinant
359 408 385 431 et
399 407 562 438 exsurgunt,
586 401 625 430 sic
640 408 701 429 rore
715 400 829 436 Spiritus
841 408 902 428 ossa
918 399 984 426 lide-

193 450 257 479 lium
270 450 455 487 germinabunt
469 449 490 476 ί.
607 449 612 451 ·

230 497 257 525 5.
272 494 348 523 Aliud
365 499 550 530 argumentum.
563 508 599 514 —
610 492 663 521 Sed
675 492 789 524 dubitas,
805 490 937 526 quomodo
952 490 985 518 de

195 541 283 576 parvis
300 540 405 569 ossibus
423 545 494 567 totus
515 539 596 566 homo
607 538 711 566 restitui
724 537 828 573 pOSsit?
843 537 944 564 Revera
958 540 986 563 tu

195 594 230 613 ex
242 586 345 613 modica
360 585 475 613 scintilla
486 584 552 619 ignis
563 584 698 619 ingentem
708 582 821 611 suscitas
833 581 985 612 ﬁammam;

196 633 266 660 Deus
282 639 336 659 non
351 631 446 666 poterit
465 638 498 658 ex
514 628 620 657 modico
631 629 730 657 cineris
752 629 788 656 tui
802 629 932 656 termento
945 632 987 654 to-

196 683 252 705 tum
266 677 417 712 corpusculi
440 676 477 703 lui
501 675 685 710 redintegrare
703 673 900 709 conspersum?
921 673 987 700 Nam

196 723 247 752 etsi
269 723 344 751 dicas
359 731 366 750 :
381 722 516 757 Nusquam
537 725 692 756 comparent
711 721 799 748 carnis
821 719 903 754 ipsius
923 718 988 746 reli-

197 769 284 804 quize;
304 768 414 796 forsitan
428 770 499 795 enim
514 771 560 794 aut
571 767 632 801 igne
648 769 813 800 consumptae
826 768 897 797 sunt,
913 768 958 791 aut
973 771 987 789 a

199 813 290 842 bestiis
312 813 445 840 devorata:
460 821 466 839 :
484 812 534 839 hoc
549 812 662 847 primum
677 811 759 843 scito,
780 810 840 845 quia
862 808 989 844 quidquid

197 859 381 892 consumitur,
408 859 434 886 in
459 863 537 886 terrae
560 856 706 885 visceribus
728 857 895 887 continetur,
920 853 989 881 unde

199 914 291 934 rursus
306 905 402 941 poterit
417 905 471 933 Deo
484 905 656 940 pra‘cipiente
677 902 796 938 produci.
826 901 891 929 Nam
907 905 934 928 et
949 905 986 933 tu,

199 960 259 980 cum
274 960 327 980 non
339 955 466 987 appareat
478 951 545 987 ignis
558 972 565 982 .
587 950 697 978 adhibes
713 949 849 984 lapillum,
864 952 892 975 et
905 947 990 975 modi-

199 1006 262 1025 cum
281 996 365 1029 ferri,
389 1001 416 1024 et
429 997 532 1025 excutis
547 996 580 1023 de
594 995 741 1023 visceribus
764 993 845 1029 lapilli
862 997 990 1029 quantum

201 1051 267 1078 opus
281 1047 323 1070 est
344 1042 421 1078 ignis.
445 1042 520 1076 Quod
539 1048 604 1077 ergo
623 1048 670 1076 per
693 1045 765 1068 tuam
786 1038 942 1066 industriam
965 1041 992 1064 et

200 1088 369 1124 sapientiam,
383 1095 461 1123 quam
485 1087 532 1114 tibi
556 1087 624 1114 Deus
637 1086 694 1121 ipse
706 1084 848 1117 concessit,
864 1084 944 1117 facis,
963 1087 992 1110 ut

201 1133 334 1169 producas
345 1133 416 1168 quod
428 1140 481 1160 non
491 1137 600 1168 apparet
613 1133 623 1148 ¹
634 1153 641 1165 ,
658 1131 783 1167 majestas
797 1130 841 1158 illa
855 1129 942 1158 divina
952 1129 992 1156 fa-

202 1187 265 1206 cere
276 1186 324 1206 sua
336 1179 433 1206 virtute
447 1186 498 1205 non
511 1178 624 1213 poterit,
648 1182 676 1204 ut
687 1185 747 1212 qua;
760 1177 866 1204 interim
880 1183 932 1203 non
949 1175 991 1202 vi-

201 1224 300 1252 dentur
311 1223 447 1252 excutiat?
460 1222 523 1251 Mihi
539 1222 630 1255 crede,
643 1225 732 1257 potest
743 1221 831 1249 omnia
845 1221 925 1249 Deus.

207 1276 212 1279 '
239 1269 267 1297 4.
279 1268 392 1296 Christus
404 1270 515 1305 futuram
529 1268 733 1296 resurrectionem
747 1267 905 1302 testiﬁcatur.
928 1266 993 1293 Item

203 1314 312 1349 apostoli
326 1319 350 1341 et
362 1319 501 1349 martyres,
518 1318 541 1341 et
557 1313 761 1341 Mue/minearum
776 1317 865 1340 mater.
881 1326 916 1333 —-
939 1312 994 1339 lloc

204 1360 307 1387 tantum
329 1359 435 1395 require
446 1379 454 1393 ,
475 1363 565 1386 utrum
587 1358 738 1393 promiserit
755 1365 785 1386 se
799 1357 888 1386 facere
900 1364 991 1385 reSur-

205 1405 354 1434 rectionem
376 1414 383 1433 :
403 1410 431 1433 et
450 1412 510 1432 cum
533 1405 692 1440 promissam
716 1408 849 1431 tantorum
869 1403 995 1431 didiceris

207 1451 365 1479 testimoniis
377 1470 385 1483 ,
408 1451 463 1478 imo
474 1457 534 1478 cum
548 1450 631 1484 ipsius
643 1449 741 1477 Christi
755 1448 859 1476 Domini
879 1447 991 1476 certissi-

206 1503 279 1524 mam
292 1496 390 1524 habeas
402 1495 551 1524 cautionem
563 1515 571 1527 ,
594 1494 765 1523 conﬁrmatus
787 1494 857 1527 ﬁde,
881 1499 994 1522 mortem

206 1542 299 1570 desine
306 1542 362 1578 jam
375 1542 479 1570 timere.
493 1541 543 1576 Qui
556 1541 629 1569 enim
641 1541 717 1569 timet
728 1540 814 1568 adhuc
823 1561 831 1574 ,
847 1539 973 1568 discredit
987 1548 994 1568 :

207 1589 253 1623 qui
275 1581 419 1621 discredit,
444 1591 580 1623 peccatum
602 1587 736 1615 contrahit
757 1587 920 1620 insanabile,
934 1586 995 1622 quia

208 1641 256 1661 sua
276 1633 460 1661 incredulitate
479 1633 560 1661 audet
579 1633 663 1661 Deum
684 1637 731 1660 aut
754 1633 928 1668 impotentem
949 1635 997 1659 aut

209 1684 282 1706 certe
301 1685 454 1706 asseverare
471 1678 636 1706 mendacem.
661 1678 714 1706 Sed
728 1685 782 1706 non
796 1679 831 1706 ita
845 1678 916 1706 beati
934 1685 998 1712 apo-

209 1725 282 1758 stoli,
296 1733 349 1752 non
361 1725 397 1752 ita
415 1725 499 1753 sancti
512 1729 643 1760 martyres
653 1724 778 1760 probant.
790 1724 921 1759 Apostoli,
935 1731 998 1758 pro-

211 1776 270 1804 pter
290 1770 359 1798 hanc
380 1770 595 1805 praedicationem
619 1770 820 1798 resurrectionis
833 1790 840 1803 ,
863 1769 998 1797 Christum

210 1816 389 1844 resurrexisse
403 1815 565 1851 praedicant,
587 1819 614 1843 et
627 1815 653 1843 in
667 1815 724 1850 ipso
739 1818 857 1842 mortuos
870 1814 1001 1842 suscitan-

210 1862 260 1889 dos
274 1861 449 1894 annuntiant,
470 1868 520 1889 nec
538 1865 652 1889 mortem
673 1867 723 1888 nec
747 1864 877 1888 tormenta
891 1867 1000 1888 recusa-

212 1911 308 1934 verunt
321 1914 372 1935 nec
388 1914 490 1934 cruces.
514 1906 543 1935 Si
557 1914 620 1942 ergo
633 1907 660 1934 in
673 1914 720 1934 ore
734 1906 847 1934 duorum
860 1906 900 1933 vel
922 1906 1000 1933 trium

213 1952 320 1980 testium
333 1956 385 1980 stat
399 1959 478 1980 omne
491 1952 603 1980 verbum
619 1961 625 1979 :
646 1952 807 1980 resurrectio
821 1956 999 1985 mortuorum,

213 1998 256 2025 cui
274 2003 313 2026 tot
325 2003 351 2026 et
366 2002 419 2025 tam
434 1998 521 2026 idonei
536 2002 618 2026 testes
631 1998 778 2032 exsistunt,
800 1998 841 2025 cui
861 2005 919 2025 cum
935 1998 1002 2025 eﬁ‘u.

212 2043 288 2071 sione
302 2043 437 2078 sanguinis
451 2043 628 2071 testimonium
642 2043 749 2076 dicunt,
767 2043 901 2078 quomodo
915 2047 1003 2078 potest

215 2089 241 2116 in
255 2089 366 2117 dubium
386 2089 525 2117 revocari?
545 2088 613 2124 Quid
636 2093 725 2116 autem
745 2089 830 2116 sancti
854 2087 1002 2125 martyres?

215 2134 363 2163 habuerunt
376 2138 475 2162 certam
498 2142 572 2169 spem
595 2134 815 2167 resurrectionis,
837 2134 946 2162 annon?
973 2133 1002 2162 Si

215 2188 270 2208 non
284 2180 456 2213 habuissent,
479 2189 530 2208 non
544 2180 635 2215 utique
654 2187 703 2215 per
722 2184 811 2208 tantos
829 2180 963 2207 cruciatus
976 2183 1003 2208 et

216 2235 309 2263 pinnas
324 2232 436 2255 mortem
452 2234 500 2262 pro
514 2227 587 2254 lucro
609 2227 724 2253 maximo
737 2226 934 2261 suscepissent:
949 2234 1002 2253 non

216 2274 366 2309 cogitabant
377 2274 505 2308 supplicia
515 2272 666 2308 praesentia,
675 2272 722 2300 sed
735 2273 840 2306 praemia
851 2277 1002 2307 sequutum.

214 2319 341 2346 Sciebant
351 2318 449 2345 dictum
460 2339 468 2350 ,
483 2318 546 2352 ρυω
554 2318 669 2345 videntur
679 2338 686 2350 ,
701 2317 735 2344 ad
747 2323 843 2353 tempus
855 2322 911 2344 sunt
921 2326 931 2350 ;
948 2325 1004 2352 qua

217 2369 301 2392 autem
314 2373 365 2391 non
386 2365 517 2396 videntur,
535 2368 629 2391 interna
641 2368 698 2390 sunt
714 2363 750 2398 (2.
763 2362 823 2391 Cor.
834 2363 861 2391 4.
877 2364 933 2398 18).
951 2365 1005 2391 Au-

217 2410 272 2438 dite
282 2430 289 2442 ,
304 2410 399 2437 fratres
411 2430 418 2443 ,
431 2410 536 2437 virtutis
549 2409 711 2443 exelnplum.
726 2408 807 2436 Mater
818 2413 920 2444 septem
935 2408 1005 2436 ﬁlios

218 2455 387 2487 hortabatur,
411 2459 438 2482 et
460 2462 512 2481 non
534 2453 659 2489 lugebat,
685 2453 732 2480 sed
746 2454 834 2488 potius
848 2453 1004 2481 ltetabatur:

217 2499 323 2527 videbat
335 2499 403 2526 ﬁlios
417 2507 480 2526 suos
493 2499 597 2534 ungulis
616 2498 672 2526 radi
686 2519 692 2530 ,
717 2497 789 2526 ferro
808 2499 927 2531 concidi,
948 2507 1005 2526 sar-

217 2546 305 2579 tagine
319 2544 418 2577 assari;
438 2549 465 2571 et
478 2551 531 2570 non
544 2544 673 2579 lacrymas
687 2542 827 2575 fundebat.
851 2552 904 2572 non
922 2545 1006 2571 ulula-

218 2596 260 2617 tus
274 2590 382 2618 tollebat
394 2609 401 2621 ,
423 2590 471 2617 sed
484 2589 596 2617 Sollicite
607 2589 639 2616 ad
654 2589 822 2617 tolerantiam
833 2589 900 2618 ﬁlios
914 2589 1005 2617 horta-

218 2636 304 2663 batur.
320 2635 377 2664 Non
391 2636 461 2664 enim
475 2640 532 2662 erat
546 2635 590 2663 illa
602 2635 717 2663 crudelis
730 2635 829 2670 utique,
844 2636 890 2663 sed
904 2632 1004 2663 fidelis:

218 2682 325 2709 amabat
338 2682 420 2714 ﬁlios,
441 2689 494 2708 non
506 2681 616 2708 delicate
628 2702 635 2714 ,
649 2681 695 2708 sed
710 2680 824 2709 fortiter.
847 2680 1007 2709 Hortabatur

230 2768 235 2773 .
250 2739 258 2754 ί
279 2737 444 2773 inveteribus
454 2738 536 2767 Editis,
546 2737 582 2763 sic
601 2744 656 2773 rore
667 2738 744 2763 sancti
765 2738 871 2773 Spiritus
882 2745 937 2764 ossa
948 2737 1008 2773 ﬁde-

218 2768 382 2824 :tl'z‘rnwun'situta
394 2775 450 2793 cum
466 2775 511 2794 suo
520 2775 620 2800 corpore
640 2769 665 2794 in
683 2773 798 2794 a'ternam
809 2769 912 2801 gloriam
921 2768 1008 2801 gemi-

223 2860 228 2864 π
251 2831 262 2847 ¹
278 2834 341 2864 ttae,
353 2833 379 2854 ut
390 2829 509 2864 producas
520 2829 586 2864 quod
595 2836 649 2864 uon‘
658 2832 766 2864 apparet,
789 2834 815 2856 et
831 2838 896 2861 mox,
913 2833 940 2856 ut
953 2837 1008 2862 qute

219 2861 316 2886 interim
327 2867 372 2885 non
386 2861 494 2884 tidentru'
505 2862 618 2889 ert-cutim,
635 2861 724 2885 desunt
736 2861 758 2885 in
772 2865 811 2886 Ms.

372 2907 508 2938 ΡΔτιωι.
532 2907 590 2937 Gn.
615 2907 693 2938 LVI.

773 161 817 189 DE
836 158 1089 189 CONSOLATIONE
1109 158 1241 187 MORTIS.

1773 158 1825 186 50‘!

1036 215 1104 243 ﬁlios
1116 216 1148 244 ad
1162 216 1312 252 passionem
1325 237 1332 249 ,
1353 222 1431 251 quam
1444 215 1562 251 gaudens
1577 215 1633 249 ipsa
1646 222 1752 250 quoque
1765 223 1824 243 sus-

1034 262 1113 296 cepit.
1138 262 1202 289 Erat
1217 262 1288 290 enim
1316 261 1350 289 de
1369 268 1416 288 sua
1431 265 1459 289 et
1477 268 1585 288 suorum
1606 260 1718 288 ﬁliorum
1733 268 1824 290 resur-

1036 308 1154 335 rectione
1173 315 1278 335 secura.
1307 306 1375 340 Quid
1398 307 1491 341 loquar
1510 306 1591 340 viros,
1604 306 1677 342 quid
1701 306 1824 337 feminas.

1036 353 1099 388 quid
1108 360 1214 388 pueros,
1225 353 1289 388 quid
1303 352 1422 387 puellas?
1436 351 1570 388 quomodo
1580 352 1630 380 sibi
1642 351 1676 379 de
1684 352 1733 380 ista
1740 355 1826 379 morte

1037 399 1173 431 luserunt,
1197 398 1331 433 quomodo
1353 406 1458 426 summa
1480 398 1618 426 celeritate
1638 397 1672 425 ad
1692 397 1826 425 cmlestem

1037 444 1158 472 militiam
1183 445 1363 472 transierunt?
1385 444 1512 472 Poterant
1536 444 1629 478 utique
1653 443 1686 471 ad
1709 449 1828 478 prteseus

1036 491 1129 519 vivere
1139 492 1162 519 si
1176 491 1332 524 voluissent,
1344 492 1405 526 quia
1418 492 1444 519 in
1460 490 1525 526 ipsis
1535 494 1593 518 erat
1606 490 1719 525 positum
1731 510 1739 523 ,
1751 488 1825 517 Chri-

1038 542 1108 565 stum
1123 537 1243 572 negandn
1257 538 1396 570 viverent,
1411 542 1456 564 aut
1471 535 1621 565 conﬁtendo
1632 539 1802 564 morerentur
1816 543 1823 561 :

1038 583 1086 611 sed
1111 583 1194 618 magis
1216 583 1355 618 elegerunt
1366 583 1448 610 vitam
1467 582 1598 618 projicere
1616 587 1826 617 temporaneam,

1039 633 1067 657 et
1077 629 1157 656 vitam
1170 636 1305 656 assumere
1319 629 1509 664 sempiternam
1519 649 1528 662 ,
1544 627 1648 655 excludi
1662 627 1695 655 de
1707 632 1787 661 terra,
1803 632 1830 654 et

1007 702 1009 705 ,
1040 676 1157 704 incolere
1166 676 1270 704 caelum.

1075 722 1102 749 5.
1116 721 1239 749 Formido
1249 722 1336 749 mortis
1348 721 1500 749 excluditur.
1512 736 1549 741 —
1560 721 1630 748 inter
1638 721 1707 752 haec,
1723 719 1829 752 fratres,

1041 767 1101 802 quis
1114 767 1286 795 dubitationis
1300 773 1341 796 est
1358 767 1452 795 locus?
1473 767 1519 795 ubi
1533 772 1625 803 potest
1636 767 1723 794 adhuc
1736 766 1832 794 mortis

1041 814 1161 842 residere
1175 813 1309 841 formido?
1324 814 1352 842 Si
1366 819 1512 850 martyrum
1525 821 1617 841 sumus
1631 813 1690 845 ﬁlii,
1704 813 1726 840 si
1738 819 1832 840 eorum

1042 859 1107 886 socii
1117 860 1240 887 volumus
1251 859 1375 893 inveniri,
1396 867 1450 887 non
1463 859 1653 887 contristamur
1668 861 1765 890 morte,
1779 864 1832 884 non

1042 904 1180 939 lugeamus
1201 912 1292 938 caros,
1317 905 1361 940 qui
1386 913 1434 932 nos
1454 904 1607 939 praecedunt
1626 903 1660 931 ad
1679 903 1831 931 Dominum.

1042 949 1109 977 Nam
1123 949 1146 977 si
1165 949 1289 985 plangere
1304 950 1484 982 voluerimus,
1509 950 1559 984 ipsi
1579 949 1655 977 nobis
1669 947 1835 976 insultabunt

1043 995 1114 1023 beati
1133 1000 1275 1031 martyres,
1297 999 1325 1023 et
1337 995 1425 1023 dicent
1440 1004 1446 1021 ε
1461 995 1484 1022 0
1499 995 1589 1023 ﬁdeles
1603 995 1609 1021 ε
1633 1002 1650 1022 ο
1662 1001 1773 1029 regnum
1785 993 1840 1021 Dei,

1043 1041 1200 1077 cupientes!
1225 1049 1273 1069 vos
1293 1042 1337 1076 qui
1354 1049 1431 1069 caros
1443 1046 1547 1070 vestros
1562 1042 1676 1069 delicate
1689 1041 1834 1068 morientes

1045 1089 1071 1116 in
1086 1088 1161 1116 lcctis
1176 1089 1266 1124 utique
1281 1092 1308 1116 et
1319 1089 1415 1124 plumis
1425 1109 1433 1122 ,
1455 1096 1515 1116 cum
1536 1095 1652 1116 maerore
1667 1087 1792 1122 plangitis
1805 1090 1834 1113 et

1044 1133 1150 1169 lugetis,
1163 1133 1186 1161 si
1197 1141 1244 1161 eos
1258 1141 1273 1161 a
1285 1134 1427 1169 gentilibus
1438 1138 1545 1168 propter
1552 1140 1649 1160 nomen
1660 1132 1764 1160 Domini
1773 1139 1836 1159 cru-

1041 1178 1108 1206 ciari
1119 1183 1146 1206 et
1155 1178 1408 1212 interﬁcivideretis,
1415 1178 1477 1214 quid
1485 1178 1578 1205 facturi
1585 1178 1681 1206 essetis
1690 1177 1702 1204 τ
1714 1177 1768 1204 Aut
1782 1183 1835 1203 non

1044 1225 1120 1252 vobis
1127 1225 1263 1260 prmcessit
1271 1224 1439 1260 exemplum?
1450 1223 1582 1252 Abraham
1595 1222 1744 1258 patriarcha
1752 1222 1835 1250 ﬁlium

1045 1271 1155 1298 unicum
1167 1270 1283 1299 oll‘erens
1292 1269 1453 1298 sacriﬁcium
1464 1291 1472 1304 ,
1487 1270 1574 1306 gladio
1587 1268 1746 1297 obedientice
1754 1267 1835 1303 jugu—

1046 1317 1109 1345 lavit
1122 1316 1198 1353 (Gen.
1211 1316 1257 1345 22.
1273 1316 1318 1353 10)
1335 1325 1341 1344 :
1355 1324 1405 1345 nec
1414 1317 1449 1350 ei,
1458 1324 1536 1352 quem
1548 1320 1623 1344 tanto
1632 1322 1723 1343 amore
1732 1313 1836 1347 dilexit,

1046 1362 1165 1398 pepercit
1177 1363 1198 1396 ί,
1221 1365 1250 1389 ut
1274 1362 1385 1390 Domino
1403 1361 1532 1389 obediens
1544 1361 1715 1397 probaretur.
1743 1358 1796 1387 Sed
1811 1358 1835 1386 si

1047 1408 1161 1442 dicatis,
1185 1409 1258 1436 illum
1282 1413 1392 1444 propter
1413 1409 1460 1436 Dei
1476 1408 1527 1436 hoc
1539 1408 1635 1436 fecisse
1650 1410 1813 1443 praeceptum
1829 1413 1836 1432 :

1046 1459 1074 1482 et
1085 1462 1134 1482 vos
1144 1454 1247 1482 habetis
1262 1458 1434 1490 pra-ceptum,
1447 1458 1477 1482 ut
1489 1462 1541 1481 non
1555 1454 1643 1481 tristes
1655 1453 1714 1480 sitis
1727 1452 1761 1480 de
1775 1451 1838 1479 dor-

1047 1500 1200 1529 mientibus.
1225 1500 1275 1534 Qui
1295 1508 1359 1537 ergo
1383 1501 1492 1528 minima
1513 1508 1568 1529 non
1590 1503 1712 1533 servant,
1735 1499 1839 1533 majora

1048 1546 1154 1582 quando
1167 1546 1332 1574 servabunt?
1356 1547 1397 1574 An
1418 1546 1542 1579 nescitis,
1561 1545 1623 1581 quia
1634 1546 1739 1574 animus
1753 1544 1797 1579 qui
1810 1543 1838 1571 in

1050 1592 1147 1620 talibus
1172 1591 1311 1627 frangitur,
1336 1591 1369 1619 ad
1391 1592 1502 1620 fortiora
1529 1591 1659 1626 reprobus
1684 1590 1838 1619 invenitur?

1049 1637 1116 1670 Quis
1128 1637 1224 1665 timens
1236 1637 1323 1664 rivum
1332 1658 1340 1670 ,
1360 1644 1434 1664 mare
1449 1637 1600 1672 aliquando
1613 1635 1780 1670 ingreditur?
1793 1634 1838 1663 Sic

1050 1682 1094 1718 qui
1109 1682 1209 1717 plangit
1223 1682 1394 1717 impatienter
1405 1681 1547 1714 amissum,
1569 1681 1676 1717 quando
1689 1681 1787 1716 poterit
1803 1680 1839 1707 ad

1050 1727 1170 1764 martyrii
1190 1727 1329 1762 pervenire
1350 1727 1504 1756 certamen?
1526 1727 1592 1755 Nam
1606 1727 1649 1762 qui
1664 1727 1691 1754 in
1712 1727 1754 1754 his
1771 1733 1840 1755 con-

1050 1777 1124 1801 stans
1142 1777 1169 1800 et
1192 1773 1375 1808 magnanimus
1397 1773 1517 1805 exsistit,
1539 1774 1595 1808 jam
1615 1773 1664 1800 sibi
1684 1772 1793 1808 gradum
1805 1771 1839 1799 ad

1050 1819 1154 1854 potiora
1168 1819 1321 1846 substernit.

1087 1865 1114 1892 6.
1138 1864 1274 1900 Egregiuttt
1295 1863 1401 1891 Doridis
1424 1864 1574 1899 exemptum.
1610 1864 1694 1891 Vestes
1714 1864 1793 1900 nigra
1814 1863 1840 1890 in

1054 1909 1169 1937 luctibus.
1189 1925 1225 1930 —
1245 1909 1384 1937 Sufﬁciunt
1398 1912 1470 1944 haec,
1494 1909 1606 1942 fratres,
1622 1909 1656 1937 ad
1669 1910 1763 1937 mortis
1776 1917 1843 1937 cou-

1054 1960 1193 1990 temptum,
1204 1960 1231 1982 et
1239 1955 1272 1983 ad
1286 1955 1342 1990 spei
1355 1952 1450 1983 futurae
1461 1955 1700 1983 conﬁrmationem.
1713 1955 1845 1992 Superest

1054 2006 1083 2028 ut
1106 2009 1185 2028 unum
1207 2000 1242 2029 de
1265 2001 1399 2029 veteribus
1421 2001 1572 2036 exemplum
1593 2000 1744 2037 proferam,
1770 2000 1842 2036 quod

1054 2055 1161 2076 omnem
1173 2047 1381 2075 consolationem
1396 2047 1485 2082 faciat,
1502 2053 1529 2076 et
1540 2048 1610 2083 quod
1623 2048 1703 2075 etiam
1719 2048 1842 2082 patienti-

1054 2094 1104 2122 bus
1113 2094 1201 2121 cordis
1213 2093 1322 2121 auribus
1331 2093 1391 2121 volo
1406 2101 1498 2121 omnes
1508 2093 1610 2121 audire.
1631 2093 1712 2120 David
1727 2100 1774 2120 rex
1786 2101 1842 2120 ma~

1054 2147 1121 2175 gnus
1133 2139 1215 2166 ﬁlium
1228 2139 1353 2167 dilectum
1364 2160 1371 2171 ,
1391 2146 1469 2174 quem
1489 2139 1559 2167 sicut
1573 2139 1689 2166 animam
1707 2139 1842 2174 propriam

1055 2184 1190 2220 diligebat,
1205 2184 1358 2212 inﬁrmitate
1375 2192 1531 2220 percussum
1562 2184 1792 2219 impatientissime
1806 2183 1843 2211 fc-

1056 2231 1130 2258 rebat
1144 2231 1182 2266 (2.
1199 2229 1262 2266 Reg.
1279 2230 1322 2258 f2.
1335 2230 1379 2257 16.
1394 2229 1473 2266 seqq.)
1490 2239 1497 2257 :
1519 2235 1546 2258 et
1565 2237 1626 2257 cum
1653 2229 1769 2257 humana
1787 2229 1842 2265 jam

1056 2276 1153 2304 auxilia
1165 2276 1230 2303 nihil
1245 2276 1416 2311 prodessent,
1438 2275 1555 2310 seipsum
1566 2275 1697 2303 convertit
1708 2275 1741 2302 ad
1756 2275 1844 2302 Domi-

1057 2329 1131 2355 num,
1145 2320 1264 2356 deposita
1280 2321 1361 2356 regali
1379 2320 1471 2356 gloria,
1492 2320 1561 2347 sedit
1580 2320 1606 2347 in
1622 2325 1707 2353 terra,
1719 2319 1802 2355 jacuit
1817 2320 1843 2347 in

1056 2367 1153 2399 cilicio,
1165 2375 1217 2394 non
1227 2367 1404 2400 manducavit,
1416 2374 1467 2394 non
1479 2367 1555 2400 bibit,
1565 2371 1667 2402 septem
1677 2367 1770 2395 diebus
1781 2374 1844 2394 con-

1057 2414 1137 2441 tinuis
1160 2421 1240 2441 orans
1262 2414 1360 2447 Deum,
1386 2414 1410 2441 si
1434 2413 1502 2441 forte
1525 2413 1575 2440 sibi
1600 2413 1670 2440 filius
1689 2412 1845 2441 donaretur.

1058 2459 1234 2486 Accesserunt
1250 2459 1370 2486 seniores
1382 2457 1477 2486 domus
1491 2458 1548 2493 ejus
1560 2479 1567 2492 ,
1583 2457 1751 2486 consolantes
1765 2465 1844 2494 roga-

1058 2508 1154 2531 verunt
1165 2508 1194 2531 ut
1206 2511 1301 2538 panem
1316 2508 1444 2536 sumeret,
1457 2503 1533 2531 veriti
1549 2510 1582 2530 ne
1595 2502 1673 2535 forte,
1688 2502 1752 2530 dum
1763 2502 1846 2532 filium

1059 2550 1137 2577 vellet
1149 2550 1254 2583 vivere,
1271 2549 1327 2584 ipse
1340 2554 1401 2577 ante
1415 2549 1551 2577 deﬁceret.
1573 2548 1629 2576 Non
1646 2552 1789 2583 potuerunt
1800 2555 1846 2574 ex-

1059 2599 1191 2629 torquere,
1212 2602 1265 2622 non
1284 2602 1396 2629 cogere;
1420 2602 1497 2622 amor
1517 2594 1588 2622 enim
1618 2594 1759 2629 impatiens
1778 2593 1847 2621 solet

1059 2640 1175 2675 pericula
1189 2640 1245 2674 ipsa
1260 2644 1440 2668 contemnere.
1465 2640 1539 2667 Jacet
1550 2648 1596 2667 rex
1610 2640 1636 2667 in
1649 2640 1773 2675 squalore
1790 2640 1847 2667 cili-

1058 2685 1093 2713 cii
1107 2689 1252 2720 aagrotaute
1267 2685 1321 2712 ﬁlio
1335 2694 1341 2712 :
1357 2693 1405 2712 nec
1420 2686 1498 2712 verba
1514 2685 1615 2712 faciunt
1627 2686 1847 2719 consolationem,

1061 2738 1110 2759 nec
1131 2731 1187 2766 ipsa
1212 2737 1332 2758 escarum
1360 2731 1504 2758 necessitas
1527 2736 1613 2759 vocat.
1642 2731 1716 2760 Mens
1742 2731 1846 2759 tristitia

1094 2863 1102 2877 ί
1120 2865 1171 2891 ιι..
1184 2867 1226 2887 nec
1237 2864 1302 2886 tanta
1313 2867 1379 2886 amor
1391 2864 1505 2894 peperat.
1627 2896 1662 2926 19
