2074 3126
246 166 295 193 3‘l3

247 233 363 266 pascitur
376 233 393 265 ',
411 237 502 267 pectus
514 232 606 261 delore
619 233 746 266 reﬁcitur,
761 233 828 260 oeuli
849 232 978 268 lacrymas
992 239 1041 267 pro

246 277 352 312 potibus
366 277 460 305 ﬂuunt.
477 277 549 306 Inter
563 279 620 306 lucc
633 278 730 306 factum
744 283 785 306 est
801 279 870 313 quod
885 278 1040 306 decreverat

248 325 317 351 Deus
332 333 340 352 :
354 324 467 352 moritur
487 332 563 360 puer.
585 324 658 352 Uxor
680 325 706 352 in
725 325 813 357 luctu,
834 328 889 351 tota
904 324 999 352 domus
1013 324 1039 351 in

246 370 362 404 planctu,
375 371 472 399 servuli
486 371 581 406 pavidi,
591 371 653 406 quid
665 372 739 399 ﬁeret
752 375 929 399 exrrstuantes
942 380 948 398 :
961 378 1040 398 nemo

245 416 316 442 enim
332 415 446 443 audebat
460 415 572 446 domino
587 416 669 443 lilium
683 421 819 444 mortuum
837 416 960 443 nuntiare
972 436 980 449 ,
1004 415 1040 442 ti-

246 466 350 489 mentes
371 461 462 496 utique
472 483 480 494 ,
501 470 535 489 ne
550 462 594 490 ille
607 463 652 498 qui
664 464 703 490 sic
717 463 887 497 impatienter
899 462 986 489 adhuc
1000 461 1040 488 vi-

245 515 307 534 vum
319 507 435 543 lugebat,
447 508 469 535 si
482 508 600 536 audisset
609 513 752 542 mortuum,
765 510 825 536 vita:
838 509 935 537 faceret
947 509 1038 536 ﬁnem.

246 553 314 580 Dum
338 559 461 588 strepunt
484 554 575 582 famuli
591 555 661 582 inter
673 563 712 587 se,
726 555 789 582 dum
814 556 902 582 tristes
923 556 990 582 alter
1006 555 1039 582 ad

245 599 358 626 alterum
371 599 462 627 dicere
474 606 518 628 aut
533 600 627 628 euadet
640 606 686 628 aut
701 605 789 633 vetat,
806 601 933 628 intellexit
945 601 1037 634 David,

244 646 374 679 prmvenit
388 647 512 680 nuntios,
533 654 566 674 an
587 648 668 675 vitam
690 647 761 675 ﬁlius
780 648 934 676 exhalasset
958 649 1041 676 inter-

244 696 330 725 rogat.
352 691 454 727 Negare
467 700 519 719 non
536 698 662 727 possunt,
678 692 776 722 factum
792 693 898 721 fletibus
912 694 1038 722 indicant.

245 736 287 764 Fit
301 745 448 766 concursus
461 739 584 767 insolitus
599 740 619 772 ',
643 741 809 775 exspectatio
822 740 930 776 grandis
943 745 970 768 et
983 749 1040 768 me-

245 787 305 815 tus,
326 791 359 811 ne
372 784 433 819 quid
449 785 498 812 sibi
514 785 624 819 periculi
639 786 698 820 pius
720 789 796 820 pater
821 785 930 814 inferat.
952 786 1041 822 Surgit

245 829 373 856 continuo
392 837 438 857 rex
460 830 542 857 David
556 830 589 858 de
608 830 695 858 cilicio
707 851 714 863 ,
736 831 821 865 surgit
838 830 947 862 hilaris,
965 831 1039 866 quasi

245 874 328 902 ﬁlium
348 883 426 902 suum
447 875 565 904 audisset
584 876 744 904 incolumem
759 885 767 904 :
782 876 854 904 vadit
867 876 900 904 ad
920 876 1038 910 balneas,

245 919 317 948 lavat
329 921 529 956 corpusculum,
550 921 623 949 vadit
635 921 668 949 ad
683 922 822 956 templum,
836 922 930 949 adorat
945 923 1038 956 Deum,

245 966 369 1000 epulatur
385 974 446 994 eum
468 967 579 1000 amicis,
602 967 765 1002 compressis
785 968 916 1002 suspiriis,
941 969 1040 1003 gemitu

243 1012 318 1039 omni
334 1013 473 1047 deposito,
496 1014 637 1048 vultujam
649 1014 720 1040 lzcto.
745 1013 875 1041 Mirantur
888 1013 1039 1047 domestici,

245 1063 353 1099 stupent
375 1060 451 1087 amici
477 1067 573 1087 novam
597 1065 624 1088 et
646 1060 760 1088 subitam
785 1061 987 1088 conversionem
1002 1061 1013 1076 ³
1032 1070 1038 1087 :

245 1105 342 1133 audent
357 1106 471 1142 denique
484 1107 651 1142 interrogare
663 1128 669 1139 ,
684 1107 747 1142 quid
762 1107 812 1135 sibi
827 1107 910 1134 vellet
926 1107 977 1134 hoc
988 1128 995 1140 ,
1010 1110 1041 1134 ut

245 1158 305 1178 cum
319 1153 425 1180 vivente
440 1152 494 1181 ﬁlio
508 1153 546 1180 sic
558 1153 691 1186 doluerit,
716 1159 822 1181 mortuo
843 1161 895 1181 non
916 1152 1042 1181 doleret?

246 1198 396 1234 Respondit
418 1200 459 1226 vir
484 1200 530 1226 ille
556 1200 775 1235 magnanimitate
798 1200 968 1235 praecipuus:
989 1200 1041 1228 Ne-

246 1252 322 1273 cesse
346 1246 394 1272 fuit
416 1253 475 1273 cum
490 1246 576 1273 adhuc
590 1247 691 1274 viveret
703 1246 774 1274 ﬁlius
786 1267 793 1279 ,
809 1251 836 1274 et
850 1245 983 1273 humiliari
994 1267 1000 1279 ,
1015 1250 1042 1274 et

243 1292 384 1327 jejunarc,
405 1297 432 1320 et
446 1293 538 1328 iugere
553 1293 579 1320 in
594 1297 739 1328 conspectu
753 1292 874 1325 Domini;
898 1296 956 1320 erat
970 1292 1040 1320 enim

247 1345 308 1373 spes
322 1338 479 1374 impetrandi
498 1342 664 1366 commeatus
678 1338 739 1365 vita
756 1346 763 1365 :
779 1341 807 1365 at
823 1345 886 1365 vero
903 1342 1041 1373 postquam

246 1385 368 1412 voluntas
386 1384 488 1411 Domini
511 1384 578 1412 facta
600 1388 657 1417 est,
679 1384 788 1411 stultum
812 1387 854 1411 est
871 1388 898 1410 et
918 1383 1040 1418 impium,

247 1431 364 1457 animum
386 1430 575 1458 lamentatione
595 1429 679 1457 inutili
703 1430 831 1457 macerari
849 1437 856 1456 :
873 1429 911 1456 sic
930 1428 1040 1456 dicens:

249 1476 303 1512 Ego
316 1477 356 1503 ibo
371 1476 404 1503 ad
417 1476 499 1510 illum,
513 1475 557 1503 ille
571 1484 620 1502 non
635 1480 770 1502 revertetur
783 1474 817 1501 ad
825 1483 863 1501 me
873 1474 911 1510 (9..
921 1474 984 1510 Reg.
996 1473 1039 1500 12.

246 1522 305 1558 28).
331 1523 401 1550 Ecce
422 1522 573 1557 exemplum
589 1521 814 1556 magnanimitatis
828 1525 909 1555 atque
923 1519 1039 1547 virtutis.

247 1569 321 1603 Quod
336 1569 358 1596 si
372 1568 417 1596 ille
432 1569 513 1596 David
524 1589 531 1601 ,
546 1568 634 1596 adhuc
645 1567 695 1595 sub
710 1567 767 1602 lege
786 1567 886 1602 positus
899 1586 905 1598 ,
922 1566 972 1594 sub
985 1565 1040 1598 illa,

248 1623 299 1642 non
313 1615 372 1642 dico
386 1615 508 1647 licentia,
534 1614 580 1641 sed
600 1614 759 1641 neceSSitate
774 1612 988 1645 lamentationis,
1002 1612 1042 1639 sic

249 1660 365 1687 animum
379 1668 393 1686 a
407 1659 661 1687 luctuirrationabili
673 1658 836 1694 separavit‘,
852 1659 890 1686 sic
906 1658 1040 1685 tristitiam

249 1715 321 1736 suam
338 1715 501 1742 suorumque
515 1706 677 1741 compescuit
694 1715 701 1733 :
713 1712 761 1733 nos
776 1705 819 1740 qui
831 1705 885 1740 jam
896 1704 946 1732 sub
958 1705 1041 1740 gratia

247 1761 338 1781 sumus
352 1774 358 1783 .
375 1753 425 1780 sub
438 1757 510 1780 certa
523 1760 569 1787 spe
591 1750 795 1779 resurrectionis
807 1771 814 1783 ,
840 1750 935 1785 quibus
954 1750 1041 1777 omnis

248 1799 352 1827 tristitia
364 1798 541 1828 in'crdicitur.
557 1805 609 1833 qtta
625 1797 710 1824 fronte
724 1802 844 1824 mortuos
855 1801 961 1823 nostros
975 1803 1041 1830 gen-

247 1845 333 1872 tilium
348 1852 421 1872 more
441 1844 606 1878 plangimus.
630 1843 744 1870 ululatus
760 1843 868 1869 insanos
881 1841 1038 1873 attollimus,

248 1890 327 1917 veluti
343 1890 395 1917 alio
415 1897 512 1924 genere
535 1888 712 1921 bacchantes,
730 1888 872 1916 conscissis
885 1887 979 1914 tunicis
991 1894 1040 1922 pe-

247 1940 320 1963 ctora
334 1935 473 1967 nudanius,
489 1934 570 1962 verba
584 1934 670 1965 inania
684 1937 711 1961 et
726 1934 827 1960 nmnias
841 1933 910 1960 circa
922 1933 933 1949 ⁵
943 1940 1041 1967 corpus

248 1987 276 2009 et
293 1982 422 2009 tuumlum
442 1980 560 2008 defuncti
573 1979 727 2008 cantamus?
740 1980 878 2006 Postremo
893 1979 974 2006 etiam
989 1986 1040 2013 qua

248 2029 351 2056 ratione
373 2033 459 2056 vestes
475 2028 564 2063 nigras
580 2028 704 2063 tingimus
715 2048 722 2060 ,
740 2027 789 2054 nisi
804 2032 832 2054 ιιι
852 2034 900 2054 nos
922 2034 986 2053 vere
999 2027 1040 2053 in—

248 2074 340 2102 ﬁdeles
362 2080 388 2101 ct
410 2074 523 2101 miseros
537 2082 589 2101 non
615 2078 715 2100 tantum
741 2072 864 2104 ﬂetibus,
890 2072 937 2100 sed
960 2072 1040 2100 etiam

247 2121 366 2148 vestibus
379 2119 577 2155 approbemus?
592 2120 683 2146 Aliena
697 2123 759 2146 sunt
775 2119 823 2146 ista
835 2118 954 2152 ,‘fratrcs
964 2140 970 2150 ,
993 2126 1041 2146 ex-

248 2170 339 2194 tranea
351 2170 422 2199 sunt,
438 2173 491 2193 non
505 2166 586 2193 licent
602 2174 607 2192 :
625 2170 651 2193 et
666 2166 687 2192 si
701 2165 822 2197 liccrcut,
837 2172 889 2192 non
903 2165 1039 2191 deccreut.

247 2212 301 2242 Sed
315 2213 465 2248 aliquantus
479 2212 512 2239 de
528 2212 653 2239 fratribus
668 2216 695 2239 et
715 2211 850 2239 sororibus
861 2232 867 2241 ,
894 2211 955 2238 licet
975 2211 1040 2237 ﬁdes

248 2259 354 2295 propria
370 2264 396 2286 ct
413 2263 573 2294 prmccptum
589 2258 693 2285 Domini
705 2258 787 2285 fortes
798 2257 884 2291 faciat,
902 2262 1040 2292 parentum

250 2309 337 2332 tamen
361 2309 387 2332 et
411 2305 557 2332 vicinorunt
579 2304 669 2338 opinio
687 2303 808 2330 debilitat
829 2308 855 2330 et
875 2303 991 2337 frangit:
1009 2311 1042 2329 ne

251 2350 347 2385 Iapidei
361 2357 386 2379 ct
408 2351 530 2378 crudeles
551 2351 718 2386 judiccntur,
740 2350 762 2377 si
781 2349 948 2384 pepercerim
962 2350 1042 2376 vesti-

250 2401 342 2424 mento
357 2396 378 2428 ⁸,
400 2396 422 2423 si
443 2405 496 2423 non
519 2396 620 2423 insanis
634 2395 748 2422 luctibus
763 2394 860 2421 fuerint
872 2393 1040 2421 debacchati.

251 2443 284 2470 Et
297 2443 347 2470 hoc
360 2451 438 2478 quam
454 2450 550 2469 vanum
565 2447 604 2469 est
616 2463 623 2474 ,
646 2449 726 2476 quam
750 2441 878 2475 int-ptum,
903 2441 1042 2475 opiniones

249 2488 387 2517 hominum
401 2489 546 2515 errantium
563 2488 689 2522 cogitare,
704 2491 730 2513 ct
745 2494 795 2512 non
814 2486 915 2518 timere,
932 2493 965 2512 ne
980 2485 1041 2520 quid

250 2536 338 2563 minus
352 2534 430 2561 faciat
441 2534 474 2561 de
490 2534 541 2560 ﬁde
554 2542 632 2568 quatit
646 2533 778 2567 suscepit!
794 2532 880 2565 Quare
895 2539 946 2558 non
958 2531 1042 2565 magis

251 2581 328 2608 discit
344 2580 510 2607 tolerantiam
531 2579 576 2607 ille
589 2580 632 2614 qui
647 2579 709 2606 talis
723 2579 785 2606 est?
805 2585 886 2613 quare
902 2585 953 2604 non
969 2585 985 2604 a
999 2585 1042 2604 me

279 2660 290 2675 ¹
310 2658 377 2688 Fditi,
398 2656 528 2682 rtecessitas
537 2656 650 2685 avocavit,
671 2656 793 2681 tristi/inm
811 2655 955 2688 potituruet
972 2662 1042 2688 mox,

249 2689 313 2715 oculi
325 2685 439 2720 lucri/mis
446 2688 583 2719 perpetibua
592 2687 679 2719 ﬂuunt.
697 2687 760 2712 Infra
773 2685 840 2716 vero,
855 2686 954 2713 nomino
965 2685 1043 2714 lilium

250 2724 369 2746 mortuum
381 2720 512 2744 nominare.

278 2753 292 2767 ι
309 2754 361 2781 ωε..
374 2749 413 2776 rit
423 2756 554 2775 concursu:
564 2749 656 2774 solitus.
669 2749 743 2779 Infra,
755 2755 783 2774 ne
795 2748 853 2780 quid
861 2748 907 2774 sibi
914 2747 959 2780 ﬁtii
968 2748 1042 2779 ipsius

268 2786 328 2808 σιεν.

249 2789 363 2842 mimihi,
376 2811 588 2841 conversationem,
600 2812 679 2835 minus
691 2814 768 2840 recte,
781 2811 804 2834 ni
817 2810 893 2836 fallor.

281 2845 293 2877 ἢ
309 2845 378 2873 eum,
390 2842 520 2877 sttpcratil.

280 2876 293 2890 ¹¹
310 2879 361 2904 us.
373 2878 395 2900 et
405 2881 465 2899 tvma
477 2876 551 2904 circa,
609 2886 611 2891 ι

285 2908 294 2921 π
308 2902 375 2935 lia-e,
388 2905 409 2930 af
420 2903 570 2937 pepercerim
584 2902 726 2934 restitutum,
738 2902 825 2927 desunt
838 2903 861 2927 iu
874 2905 913 2927 διε.

526 163 553 191 S.
571 161 715 190 JOANNIS
730 159 978 190 CllllYSOSTOMI
999 161 1160 189 ARCIIIEP.
1181 161 1234 190 (ΣΡ.
1254 162 1296 189 ΠΕ
1312 162 1456 191 CONSOL.
1479 163 1618 191 MORTIS.

1839 165 1892 193 338

1093 232 1171 260 discit
1194 232 1271 260 ﬁdem
1294 233 1337 260 ille
1357 233 1401 268 qui
1427 233 1524 261 dubius
1546 234 1607 261 cst?
1634 233 1748 268 Quando
1765 235 1846 262 etiam
1861 236 1884 263 si

1094 282 1183 306 tantus
1202 279 1236 305 sit
1264 278 1341 306 dolor
1366 279 1497 314 ejusmodi
1524 280 1656 314 pectoris,
1686 280 1766 307 tacite
1789 280 1888 308 debeat

1093 324 1192 351 luctum
1211 331 1290 352 sensu
1309 325 1429 360 digerere
1443 325 1452 341 ⁸
1464 345 1471 358 ,
1494 329 1521 353 et
1535 333 1589 353 non
1610 326 1718 353 levitate
1741 326 1783 353 sui
1804 327 1886 354 animi

1094 369 1238 404 publicare.

1128 416 1154 443 7.
1170 415 1274 443 Ethnici
1289 417 1377 444 audita
1390 417 1439 451 ﬁlii
1454 422 1533 445 morte
1554 417 1659 444 dictum.
1673 416 1819 454 Plangendi
1832 418 1888 445 eth-

1094 462 1162 495 nici,
1198 462 1300 494 Judwi,
1334 467 1357 489 et
1380 464 1551 491 catec/mmeni
1574 464 1718 491 morientes.
1741 479 1778 484 -—
1799 463 1887 492 Unum

1093 507 1180 535 adhuc
1195 508 1257 535 volo
1279 516 1428 544 proponere
1442 509 1593 544 exemplum
1607 509 1640 537 ad
1655 510 1827 545 corrigendos
1842 516 1889 538 eos

1093 554 1137 588 qui
1151 553 1237 589 plangi
1254 559 1373 582 mortuos
1387 555 1559 583 arbitrantur.
1580 556 1738 590 Exemplum
1752 560 1841 584 autem
1855 555 1889 584 de

1094 607 1256 635 paganorum
1276 601 1386 628 historia
1406 606 1456 629 est.
1475 601 1535 629 Fuit
1549 603 1657 637 quidam
1672 603 1795 638 princeps
1806 608 1889 638 paga—

1094 653 1143 673 nus
1167 646 1221 682 (a),
1242 647 1286 682 qui
1309 647 1423 675 habebat
1442 647 1524 675 ﬁlium
1545 649 1670 682 unicum,
1685 649 1803 684 satisque
1821 648 1890 676 dile-

1094 697 1176 720 ctum.
1200 692 1249 720 Hic
1269 700 1330 720 cum
1351 693 1377 720 in
1392 693 1521 728 Capitolio
1537 693 1613 721 idolis
1627 694 1681 721 suis
1693 694 1785 729 gentili
1797 702 1890 722 errore

1094 738 1273 772 sacriﬁcaret,
1296 739 1432 766 nuntiatur
1455 740 1480 767 ei
1501 739 1572 774 quod
1591 739 1661 767 ﬁlius
1674 739 1718 767 ille
1733 740 1827 767 unicus
1840 740 1889 767 de-

1094 782 1188 811 fuisset
1214 783 1263 820 (b).
1284 783 1341 811 Non
1357 784 1464 819 reliquit
1477 791 1563 818 sacra,
1575 792 1634 820 qum
1644 784 1754 820 gerebat
1764 785 1790 812 in
1802 786 1890 812 mani-

1094 830 1159 863 bus,
1186 838 1237 857 non
1262 830 1436 866 lacrymavit,
1461 838 1510 858 nec
1532 831 1641 858 omnino
1659 831 1803 866 suspiravit
1819 839 1825 857 :
1840 831 1888 858 sed

1093 876 1156 911 quid
1179 876 1330 911 respondit,
1351 876 1441 904 audite
1457 877 1642 911 :Scpeliatur,
1661 877 1764 912 inquit;
1779 877 1888 905 mctnini

1093 922 1164 949 enim
1177 930 1220 950 me
1234 923 1314 950 ﬁlium
1330 922 1454 958 genuisse
1467 923 1617 951 mortalem.
1634 923 1701 951 Vide
1711 931 1887 958 responsum,

1093 968 1154 996 vide
1176 968 1292 996 hominis
1314 969 1407 1004 pagani
1427 969 1550 996 virtutem
1562 989 1570 1002 ,
1587 974 1615 996 ttt
1632 977 1682 997 nec
1698 970 1845 1004 exspectari
1859 977 1889 996 se

1091 1013 1218 1048 jusserit,
1234 1015 1275 1042 vel
1291 1019 1319 1042 ut
1331 1019 1463 1050 praesente
1479 1022 1508 1042 se
1523 1015 1667 1050 sepultura:
1682 1015 1752 1043 ﬁlius
1766 1016 1888 1043 tradere-

1095 1063 1148 1086 tur.
1171 1060 1238 1094 Quid
1257 1061 1359 1096 agimus
1370 1081 1377 1093 ,
1395 1061 1504 1094 fratres,
1521 1061 1543 1088 si
1558 1061 1679 1088 diabolus
1695 1061 1764 1089 hunc
1777 1062 1802 1089 in
1818 1062 1888 1089 diem

1092 1105 1185 1140 judicii
1208 1114 1298 1133 coram
1320 1106 1427 1134 Christo
1447 1111 1540 1134 contra
1559 1115 1608 1134 nos
1621 1107 1749 1142 producat
1761 1111 1786 1134 et
1799 1107 1887 1142 dicat,

1095 1150 1144 1178 ﬂic
1167 1158 1242 1178 meus
1266 1152 1370 1184 cultor,
1395 1160 1474 1187 quem
1492 1160 1542 1188 ego
1561 1153 1703 1188 prmstjgiis
1722 1153 1887 1188 decipiebant

1095 1197 1162 1225 meis
1172 1217 1181 1231 ,
1204 1202 1233 1225 ut
1247 1198 1360 1226 serviret
1372 1198 1450 1226 cazcis
1465 1201 1491 1226 et
1504 1198 1591 1226 surdis
1604 1199 1768 1231 simulacris,
1783 1199 1826 1226 cui
1839 1207 1890 1234 ego

1094 1252 1145 1272 nec
1168 1244 1392 1272 resurrectionem
1413 1253 1429 1272 a
1447 1245 1559 1272 mortuis
1570 1265 1578 1278 ,
1593 1253 1642 1272 nec
1652 1245 1805 1281 paradisum
1817 1266 1825 1279 ,
1838 1253 1890 1273 nec

1094 1291 1220 1319 cmlorum
1247 1299 1327 1327 regna
1341 1291 1516 1327 promiseram
1530 1312 1537 1323 ,
1552 1291 1594 1318 hic
1607 1290 1651 1318 ﬁlii
1666 1291 1763 1318 nobilis
1778 1291 1884 1326 sapiens

1095 1338 1166 1365 unici
1179 1342 1292 1365 mortem
1309 1345 1359 1365 nec
1372 1337 1457 1364 doluit
1471 1337 1662 1372 ncc'ingemuit
1674 1359 1682 1371 ,
1696 1345 1746 1365 nec
1761 1338 1805 1365 tali
1821 1346 1889 1365 nun-

1096 1384 1133 1410 tio
1156 1391 1215 1411 mea
1237 1391 1311 1410 sacra
1325 1384 1444 1412 deseruit
1459 1392 1465 1410 :
1481 1384 1518 1410 tui
1532 1388 1620 1411 autem
1635 1383 1796 1416 Christiani,
1811 1384 1847 1410 tui
1862 1384 1890 1410 ﬁ-

1095 1429 1169 1456 dclcs
1182 1451 1189 1462 ,
1215 1437 1262 1464 pro
1285 1429 1381 1464 quibus
1395 1430 1454 1457 ἰός-ο
1470 1429 1612 1458 cruciﬁxus
1625 1435 1650 1457 et
1662 1436 1784 1458 mortuus
1797 1438 1827 1458 es
1838 1452 1845 1463 ,
1860 1435 1889 1457 ut

1095 1479 1209 1501 mortem
1222 1475 1271 1509 ipsi
1282 1483 1334 1502 non
1347 1475 1481 1508 timerent,
1493 1475 1538 1502 sed
1547 1480 1637 1502 essent
1648 1475 1681 1502 de
1692 1474 1889 1504 resurrectione

1095 1521 1182 1548 securi
1196 1542 1203 1554 ,
1217 1528 1270 1548 non
1286 1520 1371 1547 solutn
1385 1521 1473 1555 lugent
1485 1524 1604 1547 mortuos
1618 1525 1645 1548 et
1658 1528 1724 1548 voce
1737 1525 1764 1548 et
1780 1520 1886 1554 habitu,

1095 1568 1142 1596 sed
1164 1567 1244 1595 etiam
1257 1568 1290 1594 ad
1304 1567 1443 1595 ecclesiam
1457 1567 1604 1602 procedere
1617 1566 1825 1600 confunduntur,
1837 1567 1887 1594 ali-

1094 1614 1186 1649 quanti
1213 1614 1294 1641 etiam
1317 1613 1366 1648 ipsi
1386 1613 1475 1640 clerici
1491 1614 1527 1640 tui
1541 1618 1567 1640 ct
1579 1618 1700 1647 pastores
1713 1613 1887 1641 ministerium

1095 1668 1172 1688 suum
1189 1660 1366 1687 intermittunt
1379 1680 1386 1693 ,
1401 1665 1525 1687 \aeantes
1537 1660 1629 1693 luctui,
1640 1660 1715 1694 quasi
1732 1660 1888 1687 insultantes

1096 1713 1148 1735 tunc
1161 1707 1310 1735 voluntati?
1325 1707 1434 1741 Quare?
1447 1707 1512 1740 Quia
1529 1714 1596 1742 quos
1606 1707 1711 1734 voluisti
1725 1727 1732 1740 ,
1748 1706 1782 1734 de
1796 1707 1887 1734 saeculi

1095 1754 1207 1789 caligine
1221 1753 1254 1781 ad
1274 1758 1300 1781 te
1316 1753 1426 1780 vocasti.
1439 1752 1506 1787 Quid
1517 1753 1549 1780 ad
1565 1753 1622 1779 hrcc
1634 1752 1798 1787 respondere
1812 1757 1889 1788 pou:-

1095 1800 1198 1833 rimus,
1222 1799 1338 1826 fratres?
1361 1799 1453 1826 Nonne
1473 1797 1594 1826 confusio
1616 1805 1665 1825 nos
1688 1797 1887 1833 apprehendct,

1094 1853 1155 1873 cum
1179 1846 1204 1872 in
1227 1844 1276 1872 hac
1290 1849 1365 1879 parte
1378 1844 1517 1872 inferiores
1531 1843 1654 1879 gentibus
1668 1844 1838 1871 invenimur?
1855 1843 1888 1870 Et

1094 1892 1184 1927 utique
1205 1891 1295 1925 lugere
1317 1891 1397 1918 debet
1420 1898 1547 1925 paganus,
1569 1891 1612 1925 qui
1636 1890 1758 1918 nesciens
1783 1890 1886 1922 Deum,

1096 1945 1157 1965 mox
1172 1943 1199 1965 ut
1214 1937 1336 1970 moritur,
1352 1941 1426 1964 recto
1436 1944 1515 1964 cursu
1527 1936 1651 1971 pergitad
1665 1944 1782 1970 poenam.
1795 1936 1886 1970 Plattgi

1095 1983 1173 2011 debet
1197 1983 1322 2015 Judu‘us,
1349 1983 1392 2018 qui
1415 1982 1521 2010 Christo
1545 1989 1596 2009 non
1619 1982 1749 2014 credens,
1771 1981 1886 2008 animam

1094 2037 1171 2057 suam
1191 2029 1333 2065 perditioni
1356 2029 1501 2063 deputavit.
1528 2028 1675 2055 Dolcndum
1698 2033 1738 2055 est
1761 2028 1838 2062 plane
1851 2027 1887 2055 de
1914 2062 1917 2065 Ι

1094 2075 1294 2104 catccltumcnis
1317 2075 1415 2102 nostris
1427 2095 1434 2107 ,
1463 2074 1484 2101 si
1500 2078 1545 2101 attt
1559 2081 1606 2101 sua
1622 2073 1807 2101 incredulitate
1818 2094 1825 2106 ,
1841 2078 1888 2100 aut

1096 2123 1254 2158 negligentia
1279 2121 1476 2156 proximorum,
1498 2121 1556 2148 sine
1576 2120 1707 2154 baptismo
1725 2120 1833 2147 salutari
1848 2127 1888 2147 re-

1095 2169 1234 2196 cesserint.
1253 2168 1384 2194 Caeterum
1399 2166 1443 2201 qui
1458 2166 1636 2193 sanctiﬁcatus
1650 2166 1732 2200 gratia
1743 2186 1752 2197 ,
1766 2165 1887 2200 signatus

1096 2214 1148 2241 ﬁde
1161 2234 1168 2245 ,
1181 2212 1384 2240 conversatione
1393 2212 1534 2246 probatus,
1546 2213 1588 2239 vel
1600 2211 1749 2239 innocentia
1763 2219 1886 2243 securus,

1095 2260 1128 2287 de
1142 2260 1191 2287 hoc
1207 2259 1305 2286 mundo
1318 2259 1436 2293 recedit,
1451 2258 1652 2286 bcatilicandus
1662 2262 1712 2291 est,
1727 2265 1779 2284 non
1794 2257 1887 2292 lugen-

1095 2305 1159 2338 dus;
1174 2305 1373 2337 desiderandus,
1385 2312 1436 2330 non
1447 2304 1627 2339 plangendus;
1638 2303 1684 2330 sed
1695 2303 1887 2330 desiderandus

1096 2360 1155 2379 cum
1172 2351 1353 2378 moderatione
1365 2370 1372 2381 ,
1386 2358 1447 2377 cum
1461 2351 1576 2376 sciatuus
1590 2356 1638 2376 uos
1651 2349 1723 2384 ipsos
1737 2348 1885 2376 accedenti-

1096 2398 1145 2425 bus
1160 2398 1326 2432 temporibus
1337 2401 1512 2432 sequuturos.

1131 2445 1157 2471 8.
1172 2443 1286 2470 Tristitia
1300 2443 1417 2470 salutaris
1429 2451 1554 2478 (Iamnam.
1566 2458 1601 2463 —-
1612 2442 1698 2476 Terga
1713 2442 1791 2477 igitur
1805 2441 1887 2476 lacry~

1096 2496 1154 2516 mas
1165 2510 1172 2520 ,
1191 2488 1337 2516 iutcrmitte
1351 2488 1464 2522 suspiria
1475 2509 1482 2520 ,
1498 2495 1639 2522 compesce
1650 2488 1762 2522 gemitus
1773 2507 1781 2518 ,
1793 2494 1809 2513 ο
1821 2487 1888 2512 iide-

1097 2535 1129 2561 lis
1141 2554 1148 2566 ,
1171 2539 1198 2560 ct
1218 2541 1267 2568 pro
1287 2533 1336 2559 liae
1349 2533 1454 2559 tristitia
1469 2533 1613 2561 salutarem
1628 2533 1698 2560 illam
1713 2532 1791 2559 indue
1808 2531 1890 2558 tristi-

1097 2581 1159 2608 tiam
1172 2601 1180 2613 ,
1194 2581 1284 2615 tttiquc
1298 2587 1376 2614 quam
1389 2578 1629 2614 beatusApostolus
1642 2579 1788 2606 secundum
1806 2578 1888 2605 Deum

1096 2634 1157 2654 esse
1177 2625 1334 2653 memoravit
1346 2647 1352 2657 ,
1363 2632 1423 2660 qua:
1437 2624 1550 2651 salutem
1565 2624 1686 2651 stabilem
1699 2623 1769 2651 solet
1783 2623 1889 2658 operari

1096 2672 1125 2708 (Ξ
1135 2674 1193 2699 Lor.
1204 2672 1230 2698 '1.
1241 2671 1298 2707 10);
1311 2670 1401 2705 utique
1413 2669 1593 2704 pmuitentiam
1606 2669 1750 2695 facinorum
1763 2667 1891 2694 couunis-

1095 2727 1197 2746 sorum.
1217 2719 1341 2746 Scrutare
1355 2722 1447 2752 pectus
1462 2721 1555 2749 tuum,
1571 2717 1705 2750 propriam
1722 2715 1890 2748 interrogans

1128 2776 1136 2791 ¹
1154 2775 1258 2803 Habent,
1271 2772 1386 2805 dirigere,
1400 2772 1457 2797 Editi
1485 2776 1593 2799 veteres,
1606 2772 1647 2802 qui
1667 2777 1723 2795 mox
1737 2770 1824 2796 verbo.
1848 2776 1892 2799 pu—

1096 2806 1194 2834 blicare,
1207 2811 1345 2829 sermonem
1358 2804 1480 2828 claudunt.

1128 2830 1321 2872 (n)_t§lutarcltus
1343 2835 1367 2859 in
1388 2835 1506 2858 Laconicis
1529 2831 1775 2864 Apophthegmatibus
1794 2838 1815 2862 ιι.
1836 2830 1890 2860 iri,

1102 2870 1163 2892 titus
1175 2867 1252 2890 livius
1263 2865 1278 2890 l.
1293 2866 1317 2889 Ξ.

1130 2899 1166 2929 (ο)
1183 2901 1261 2926 Forte,
1275 2895 1466 2927 tit'fttlu‘lttcﬁsel
1478 2894 1528 2926 [vel
1542 2894 1630 2925 deft-cis
1643 2896 1685 2925 ct}.
