2074 3126
211 197 407 225 conscientiam
418 218 426 231 ,
443 202 469 225 εἰ
481 199 503 226 si
520 199 637 227 invenias
647 201 744 236 aliquid
757 203 936 236 pmuitendum
950 207 1003 241 (iu-

213 244 306 270 venies
325 248 413 270 autem
435 251 495 271 cum
509 245 545 273 sis
560 245 669 283 homo),
686 247 760 275 trahe
772 250 883 284 suspiria
898 251 923 278 in
938 260 1003 279 con-

210 287 349 322 fessione,
370 288 452 317 funde
466 290 597 326 lacrymas
612 293 638 319 in
652 294 789 328 oratione,
804 301 862 323 esto
875 298 1003 326 sollicitus

210 334 247 361 de
269 339 355 362 morte
378 336 421 362 illa
439 344 499 363 vera
512 357 519 369 ,
535 337 568 364 de
585 346 660 372 pmna
674 340 786 374 animae,
802 346 860 369 esto
874 343 1002 372 sollicitus

208 379 246 406 de
269 386 393 414 peccato,
418 381 485 408 sicut
506 382 586 409 David
604 383 666 410 dicit
684 393 691 411 :
715 385 838 417 Quoniam
848 388 1001 422 iniquitatem

213 434 292 451 meum
306 427 448 460 pronuntio,
464 432 485 453 et
499 428 620 454 sollicitus
630 437 671 455 cro
687 439 731 464 pro
743 437 842 464 peccato
853 442 905 459 meo
916 433 998 468 (Psal.

211 470 257 497 b0.
272 471 298 505 5)
315 480 320 496 :
343 476 370 498 et
391 479 442 498 non
455 472 488 498 de
510 474 629 507 corporis
644 474 720 508 hujus
734 476 866 504 solutione
878 480 1000 506 terrebo-

211 515 266 548 ris,
285 517 352 550 quod
368 525 416 543 suo
429 522 546 552 tempore
561 519 584 544 in
600 520 707 550 melius,
726 521 778 548 Deo
790 523 912 556 jlliiCillC,
926 533 1000 559 ropa~

210 561 322 588 rabitur.
337 561 404 588 Vide
423 563 643 596 quemadmodum
663 570 803 600 utrumque
816 570 946 595 scutcutia
960 570 1000 596 di-

210 607 271 634 vina
295 608 431 641 complexa
453 613 510 640 est,
533 609 639 643 dicens,
667 610 738 637 Venit
758 613 837 645 liora,
861 622 917 639 cum
933 623 999 641 mar-

208 652 262 685 lui,
285 653 328 686 qui
349 657 406 679 sunt
421 653 446 679 in
462 654 626 681 monumentis
636 675 642 686 ,
658 662 785 692 resurgant
799 658 886 692 (Jaau.
902 660 926 685 5.
941 660 996 695 98).

210 699 278 726 Ecce
290 700 416 726 securitas
426 720 433 733 ,
445 708 507 727 ecce
518 707 683 736 contemptus
698 704 800 730 mortis.
816 705 867 731 Sed
881 707 941 739 quid
956 715 998 734 se-

206 745 317 778 quitur?
332 743 381 778 Qui
395 745 459 771 bona
469 747 598 781 fecerunt,
613 748 638 773 in
651 750 853 775 resurrectionem
868 751 942 782 riuo;
956 753 997 784 qui

205 795 292 816 autem
306 790 373 817 mala
390 797 489 826 cgcrzutt
502 812 509 826 ,
521 793 545 819 in
560 795 762 821 resurrectionem
770 796 862 829 judicii
877 796 955 831 (Ibid.
970 806 994 824 υ.

204 835 264 871 29).
286 835 354 863 Ecce
376 837 515 864 diversitas
534 839 737 872 resurgentium.
763 840 873 868 Omnem
889 843 994 876 quidem

205 888 316 907 “CCCSSC
330 886 370 907 εει.
395 889 500 909 carnem
521 891 659 917 resurgere
675 885 811 912 dumtaxat
825 886 970 915 humanam
986 897 993 915 Ξ

205 926 253 952 sed
285 927 369 953 bonus
401 933 520 962 resurget
541 929 574 955 ad
594 930 692 962 vitam,
715 931 800 958 malus
818 938 937 967 resurget
961 934 994 961 ad

206 979 310 1005 pmnam
325 993 332 1004 ,
349 973 416 999 sicut
429 974 556 1008 scriptum
577 980 618 1002 est
637 984 642 1001 :
657 975 721 1002 Ideo
736 985 786 1003 non
804 984 932 1012 resurgant
946 979 994 1005 ini—

203 1018 240 1051 pii
259 1020 284 1043 in
300 1018 397 1052 judicio
411 1040 423 1051 ,.
441 1028 518 1054 neque
539 1026 679 1055 peccatores
699 1023 725 1048 in
746 1024 851 1050 concilio
867 1026 993 1058 justoritnt

204 1062 289 1097 (Psol.
305 1071 323 1089 ι.
337 1063 375 1098 5).
389 1064 421 1091 Ut
435 1073 497 1099 ergo
509 1074 559 1092 non
572 1067 597 1093 in
610 1067 737 1101 judicium
751 1077 920 1104 resurgamus
930 1092 936 1103 ,
955 1072 993 1097 iu-

204 1109 324 1135 termissa
344 1111 435 1137 mortis
456 1112 558 1138 tristitia
583 1113 653 1139 illam
670 1114 852 1147 paenitentiam
869 1123 895 1143 et
911 1117 992 1143 tristi-

204 1154 266 1180 tiam
288 1161 423 1182 sumamus
436 1177 443 1188 ,
465 1161 491 1183 et
512 1165 603 1184 curam
619 1159 748 1185 bonorum
761 1167 869 1193 cperam
885 1169 916 1188 ac
930 1163 990 1188 vitae

202 1199 319 1226 melioris
332 1201 475 1228 habeamus
488 1223 495 1235 ,
512 1208 538 1229 et
553 1204 585 1230 ad
601 1204 649 1230 hoc
664 1205 698 1231 sit
713 1206 789 1232 nobis
801 1207 925 1240 cogitatio
940 1207 988 1233 hu-

199 1245 243 1279 jus
255 1245 355 1272 fuueris
366 1252 392 1273 et
400 1247 535 1275 cadaveris
545 1269 551 1281 ,
568 1254 597 1275 ut
610 1257 658 1276 uos
673 1251 801 1277 mortales
813 1259 872 1278 esse
886 1253 989 1279 noveri-

201 1299 260 1318 mus
271 1312 277 1325 ,
290 1296 317 1318 et
327 1300 372 1326 per
385 1292 453 1319 hanc
463 1295 647 1328 cogitationem
661 1296 772 1322 salutem
784 1301 913 1329 nostram,
925 1298 987 1324 dum

200 1342 304 1372 tempus
324 1344 379 1371 est,
397 1340 459 1366 dum
475 1340 533 1367 licet
545 1362 551 1371 .
565 1341 673 1368 minimc
687 1343 849 1377 negligemus
866 1351 871 1369 :
888 1343 987 1369 scilicet

198 1388 244 1410 aut
257 1385 444 1412 l'ructilicantcs
457 1387 483 1413 iu
498 1388 606 1421 melius,
625 1380 670 1414 aut
681 1388 863 1420 emendantes.
878 1390 900 1415 si
912 1389 986 1423 igno-

198 1434 287 1456 rantes
303 1431 449 1457 erraiimus
463 1439 469 1456 :
482 1439 515 1458 ne
530 1432 618 1458 subito
630 1434 805 1467 przcoccupati
817 1433 858 1460 die
872 1435 964 1461 mortis
977 1454 984 1466 ,

198 1482 347 1508 qurcramns
368 1476 479 1509 spatium
499 1478 673 1510 pteuilentim,
689 1483 715 1505 et
729 1487 780 1505 non
796 1480 913 1506 invenire
928 1488 985 1514 pos-

197 1521 278 1546 simus
290 1541 298 1553 ,
322 1528 470 1555 quaeramus
490 1523 675 1558 elccmosyuas
694 1531 804 1558 erogare
842 1529 869 1551 et
884 1525 984 1551 satisfa-

158 1555 160 1557 V
195 1572 256 1592 cere
271 1574 317 1599 pro
331 1566 433 1593 delictis
445 1587 452 1598 ,
467 1575 514 1594 nec
527 1568 595 1601 quod
609 1568 728 1594 volumus
743 1569 911 1595 concedatur.

828 145 985 177 DIATRIBA
1007 149 1039 178 IN
1058 151 1232 182 SYNOPSIN.

1792 163 1843 191 306

1094 210 1119 237 9.
1145 210 1328 245 Recapitulatio
1346 214 1467 241 sermonis
1484 215 1619 251 utriusque.
1631 232 1667 238 ——
1679 218 1790 248 Ostensa
1803 221 1845 256 igi-

1059 258 1110 285 tur.
1125 254 1219 283 fratres
1230 276 1236 288 ,
1253 258 1347 285 mortis
1359 260 1507 287 communis
1522 260 1559 296 (τι)
1574 282 1581 293 ,
1595 267 1701 290 ostensa
1718 254 1845 301 lacrynia-

1056 307 1115 326 rum
1138 300 1322 329 interdictione
1334 324 1341 335 ,
1356 309 1501 332 monstrata
1515 311 1633 334 veterum
1647 307 1734 337 adhuc
1747 300 1843 346 fragili—

1058 348 1110 371 tate
1125 350 1152 372 et
1165 354 1217 373 non
1229 346 1437 376 Christianitatis
1450 350 1547 378 virtute
1556 373 1563 385 ,
1577 357 1724 382 monstrato
1738 355 1842 384 Domini

1055 396 1223 419 sacramento
1246 398 1273 420 et
1292 395 1470 428 apostolorum
1494 396 1527 423 de
1548 400 1743 427 resurrectione
1765 400 1843 428 docu-

1057 442 1154 470 mento,
1165 442 1378 467 commemoratis
1389 442 1569 476 apostolorum
1582 445 1694 479 actibus,
1707 450 1732 472 et
1748 452 1843 482 marty-

1057 490 1113 508 rum
1134 484 1299 517 passiouibus
1311 506 1317 515 ,
1340 492 1448 513 ostenso
1462 492 1589 521 pra-terea
1607 490 1686 517 David
1700 493 1821 526 exemplo
1832 513 1841 526 ,

1055 532 1080 553 ct
1104 529 1210 561 gentilis
1234 530 1347 556 hominis
1362 532 1469 566 insuper
1481 533 1549 559 facto
1562 554 1567 562 .
1581 534 1613 560 ad
1626 535 1745 563 ultimum
1762 544 1840 571 expo-

1053 574 1101 599 sita
1123 579 1150 600 et
1168 576 1245 601 noxia
1268 581 1294 602 et
1316 578 1372 603 utili
1398 578 1519 610 tristitia,
1544 580 1585 606 illa
1604 589 1663 615 qua:
1678 588 1773 615 nocet,
1790 584 1840 610 ista

1052 627 1110 652 qua:
1133 627 1180 654 per
1195 621 1376 654 pmuitcutiam
1391 624 1474 650 salvat
1490 634 1494 651 :
1512 625 1551 651 his
1566 627 1687 654 omnibus
1703 629 1740 655 sic
1754 634 1840 657 ostcn«

1052 666 1087 691 sis
1098 686 1104 696 ,
1119 666 1180 699 quid
1195 675 1243 693 nos
1256 667 1341 694 facere
1355 668 1408 702 jam
1424 670 1493 696 aliud
1508 676 1621 704 oportet,
1639 673 1742 705 fratres.
1760 683 1837 709 quam

1050 711 1148 744 gratias
1167 717 1276 746 agentes
1297 714 1349 740 Deo
1372 715 1443 741 Patri
1464 716 1571 749 dicere,
1595 717 1653 744 Fiat
1668 720 1781 747 voluntas
1795 726 1838 747 tuo

1050 757 1114 783 sicut
1137 758 1162 783 in
1178 759 1238 784 aeto
1251 764 1272 784 et
1287 760 1312 785 in
1327 765 1392 786 terra
1407 761 1510 794 (Matt/1.
1527 762 1553 789 6.
1570 763 1614 798 10)
1627 772 1633 796 ;
1650 769 1675 790 tu
1690 766 1784 793 dedisti
1799 768 1837 793 vi-

1051 807 1113 834 tam,
1126 808 1152 828 ιιι
1169 804 1326 831 constituisti
1343 811 1475 839 mortem;
1493 812 1519 833 tu
1535 808 1636 836 inducis
1650 810 1675 836 in
1689 812 1812 838 smculum
1825 834 1832 845 ,

1049 851 1075 873 tu
1088 848 1178 874 educis
1192 848 1225 875 de
1241 850 1338 875 sarculo
1349 870 1355 882 ,
1370 855 1469 877 etcum
1485 852 1608 880 eduxeris
1621 874 1627 886 ,
1645 862 1755 888 servas;
1770 857 1834 883 nihil

1048 894 1117 919 cnim
1129 893 1230 927 deperit
1243 899 1345 922 tuorum
1360 917 1366 927 ,
1379 897 1422 930 qui
1438 904 1486 924 nec
1498 898 1621 932 capillum
1636 901 1729 934 capitis
1743 909 1833 928 eorum

1049 941 1133 974 perire
1149 941 1237 968 dixisti
1251 950 1257 970 :
1278 952 1286 967 ‹
1303 943 1429 970 Auferes)
1444 945 1512 970 cnim
1527 954 1537 970 ‹
1554 946 1674 979 spiritum
1690 954 1794 981 eorum,
1808 954 1834 975 et

1047 985 1169 1013 deficient
1181 1007 1187 1017 ,
1209 991 1236 1013 et
1258 988 1283 1014 in
1296 993 1390 1015 terram
1406 997 1479 1015 suam
1495 995 1660 1018 revertentur
1678 1001 1687 1017 ι
1701 992 1773 1026 (Luc.
1787 993 1830 1020 2|.

1048 1031 1091 1065 18)
1103 1033 1164 1063 ;sed
1176 1042 1184 1056 ι
1196 1032 1310 1059 Emittcs
1318 1034 1437 1067 spiritum
1448 1039 1530 1066 tuum,
1543 1040 1569 1062 ct
1579 1037 1747 1070 creabuutur,
1758 1042 1783 1064 et
1795 1046 1832 1065 re-

1048 1076 1157 1102 uorabis
1172 1077 1263 1103 faciem
1280 1082 1373 1104 terra”
1389 1079 1472 1112 (Psttl.
1491 1081 1550 1107 105.
1566 1081 1610 1108 9.9.
1628 1083 1682 1117 50).
1700 1083 1760 1110 llaec
1774 1091 1832 1111 ver-

1046 1120 1076 1146 ba
1088 1141 1094 1152 ,
1108 1120 1203 1148 fratres
1215 1143 1221 1154 ,
1236 1122 1312 1156 digna
1326 1123 1455 1156 fidelibus,
1471 1125 1526 1151 lucc
1543 1126 1671 1153 medicina
1684 1128 1807 1155 salutaris
1821 1139 1827 1155 :

1045 1164 1092 1191 hac
1106 1168 1214 1200 spongia
1225 1167 1412 1195 consolationis
1422 1169 1543 1196 detersus
1554 1172 1655 1204 oculus,
1671 1173 1720 1199 hoc
1730 1173 1830 1202 infusus

1043 1212 1152 1246 collyrio
1177 1213 1301 1245 rationis,
1328 1222 1379 1240 nou
1404 1215 1483 1242 modo
1500 1217 1645 1244 crocitatcm
1659 1225 1691 1245 ex
1705 1218 1828 1253 despera-

1046 1254 1118 1281 tione
1127 1263 1180 1282 non
1190 1257 1349 1288 seutiet,sed
1357 1266 1406 1285 nec
1415 1259 1590 1294 lippitudines
1601 1262 1705 1298 aliquas
1717 1266 1832 1294 tristitia:

1043 1301 1196 1334 sustinebit,
1208 1303 1272 1336 quin
1284 1304 1372 1337 potius
1383 1306 1469 1332 oculis
1481 1307 1569 1334 cordis
1584 1308 1671 1336 lucida
1681 1316 1778 1339 cuncta
1792 1321 1833 1339 rc.-

1042 1347 1169 1381 spicicns,
1186 1349 1255 1375 dicet
1269 1351 1419 1377 secundum
1436 1353 1663 1386 patientissimum
1680 1357 1754 1384 illum
1768 1359 1830 1391 Job,

1044 1402 1052 1416 ι
1068 1392 1288 1425 Domiuusdedit,
1303 1401 1330 1422 et
1344 1396 1474 1424 Dominus
1489 1399 1614 1433 abstulit;
1631 1401 1702 1429 sicut
1716 1403 1831 1432 Domino

1041 1437 1127 1464 visqu
1144 1443 1194 1470 est,
1208 1439 1243 1466 ita
1257 1440 1356 1467 factum
1370 1446 1411 1468 est.
1433 1452 1439 1469 :
1455 1443 1489 1470 sit
1507 1452 1606 1472 nomen
1626 1446 1732 1475 Domini
1748 1449 1829 1477 bene<

1040 1483 1140 1510 dictum
1153 1494 1162 1509 ι
1183 1485 1238 1519 (Job
1266 1486 1290 1512 l.
1307 1488 1350 1521 2|)
1368 1488 1393 1514 in
1410 1490 1507 1516 stccula
1524 1492 1694 1520 smculorum.
1713 1494 1809 1522 Amen.

1040 1573 1055 1597 ά
1062 1544 1106 1578 .(o)
1120 1543 1256 1568 addendum
1270 1547 1331 1574 post,
1340 1544 1422 1568 mortis
1432 1543 1570 1573 communis,
1580 1544 1627 1574 vel,
1635 1548 1706 1574 sorte,
1717 1544 1764 1573 vel,
1772 1551 1826 1568 con-

1058 1579 1136 1597 mone.

1058 1579 1073 1598 ιι
1076 1581 1136 1598 10118.

786 1700 1245 1755 DIATRIBA

753 1782 793 1813 IN
815 1782 1004 1814 SYNOPSIN
1027 1783 1277 1821 SEQUENTEM.

230 1842 322 1870 Exstat
343 1843 400 1870 haec
422 1842 549 1878 Synopsis
568 1843 593 1870 in
609 1843 710 1871 duobus
730 1843 871 1872 Codicibus
885 1853 979 1872 mauu-

192 1889 297 1923 scriptis
308 1909 316 1922 ,
340 1895 452 1923 quorum
475 1889 542 1916 alter
554 1893 595 1916 est
609 1882 780 1918 Bibliotheca;
793 1889 978 1924 Coislinianae,

192 1934 254 1961 olim
267 1934 443 1969 Seguerianm,
466 1942 539 1962 num.
558 1934 625 1966 588,
641 1935 707 1962 alter
720 1935 891 1963 Bibliotheca:
905 1936 977 1971 Lug-

191 1980 253 2007 duni
274 1980 449 2013 Batavorum,
470 1980 533 2007 olim
555 1980 636 2008 lsaaci
651 1981 747 2008 Vossii.
760 1982 836 2009 Prior
849 1987 892 2010 est
916 1990 976 2010 om-

191 2025 254 2053 nino
266 2032 360 2053 recens
369 2046 376 2059 ,
391 2030 418 2053 et
430 2026 500 2053 circa
515 2026 694 2062 typographim
706 2027 814 2054 exordia
824 2048 831 2060 ,
846 2028 892 2055 sed
906 2035 919 2055 a
931 2036 978 2063 pe-

190 2072 242 2098 rito
252 2079 301 2099 nec
316 2072 422 2099 indocto
433 2072 519 2100 scriba
529 2077 653 2100 exoratus
666 2073 699 2100 ad
711 2073 792 2101 fidem
803 2074 976 2109 antiquioris;

189 2117 301 2145 alterum
322 2118 417 2152 etiam,
435 2118 485 2146 etsi
507 2126 560 2146 non
582 2120 685 2146 licuerit
705 2120 788 2147 oculis
803 2120 867 2155 ipsis
887 2120 977 2155 explo-

189 2171 265 2197 rare,
287 2169 419 2192 recentem
434 2172 538 2200 quoque
551 2170 630 2200 puto,
647 2165 748 2200 fuitque
760 2166 794 2193 ab
808 2166 973 2201 imperitiore

188 2217 351 2237 amanueuse
375 2210 533 2245 descriptus.
559 2211 588 2238 lli
610 2220 689 2246 porro
707 2212 834 2245 Codices,
850 2221 883 2239 ne
898 2213 976 2240 ambo

189 2255 295 2289 quidem
309 2260 389 2282 totam
402 2256 532 2291 Synopsin
546 2258 765 2292 complectuntur,
780 2259 866 2293 qualis
880 2259 912 2285 ab
927 2267 975 2285 au—

187 2306 262 2327 ctore
284 2301 409 2328 adornata
433 2301 534 2335 fuerat;
557 2303 602 2329 SCd
618 2303 644 2329 in
658 2303 711 2330 alio
725 2303 775 2330 alia
790 2303 933 2335 deficiunt;
949 2304 975 2331 in

188 2350 299 2381 utroque
308 2351 396 2374 autem
411 2351 464 2374 tota
477 2348 542 2375 Novi
555 2348 716 2387 Testamenti
731 2349 858 2384 Synopsis
870 2350 975 2378 deside-

187 2397 269 2420 ratur.
281 2393 457 2422 Coisliuianns
468 2395 544 2422 initio
558 2396 665 2424 exhibet
679 2397 861 2431 prmfationem
872 2398 905 2424 ab
917 2398 974 2432 ipso

186 2440 318 2474 scriptore
339 2441 540 2476 concinnatam,
553 2447 580 2469 et
593 2443 699 2477 optimm
715 2448 800 2477 notae,
814 2451 894 2477 quam
911 2443 975 2471 Pro-

186 2484 308 2511 theon‘am
319 2485 447 2513 inscribit.
464 2486 524 2513 llaec
538 2491 626 2514 autem
642 2487 798 2515 Protheoria
806 2493 859 2515 tota
874 2488 948 2516 abest
959 2497 974 2516 a

185 2529 284 2557 Codice
304 2530 492 2565 Lugdunensi:
508 2532 676 2567 vicissimque
697 2532 879 2567 Lugdunensis
893 2534 973 2561 multa

186 2575 283 2608 habet,
303 2584 362 2610 quae
380 2577 406 2603 in
420 2577 582 2604 Coisliniano
597 2585 705 2611 prorsus
719 2578 832 2611 desunt;
849 2579 973 2606 nimirum

184 2621 316 2656 Synopsin
330 2622 356 2649 in
368 2622 531 2655 Leviticum,
548 2623 726 2657 Epilogum-iu
741 2623 875 2658 Synopses
890 2624 971 2651 libro-

183 2674 241 2692 rum
253 2666 354 2701 Regum
367 2675 374 2698 ;
390 2667 523 2702 Synopses
538 2668 564 2694 in
580 2667 793 2701 Paralipomena,
809 2669 833 2695 in
847 2668 969 2699 Esdram,

182 2711 208 2737 in
225 2712 309 2739 libros
323 2712 419 2739 Esther
429 2732 435 2743 .
451 2712 558 2746 Tobiae,
572 2713 662 2740 Judith
672 2733 679 2746 ,
691 2713 741 2740 Job
751 2734 758 2746 ,
774 2713 799 2740 in
810 2714 905 2741 librum
920 2714 969 2740 Sa-

181 2756 288 2789 pientiae
298 2777 306 2789 ,
319 2757 346 2783 in
360 2757 511 2784 Proverbia.

217 2801 257 2828 Ex
279 2801 352 2829 hisce
369 2802 473 2830 duobus
495 2802 558 2830 Mss.
574 2802 663 2837 prodit
676 2802 803 2838 Synopsis
816 2802 909 2830 isthmc
920 2824 927 2836 ,
945 2804 970 2830 in

180 2853 232 2879 qua
251 2846 375 2874 nonnulla
390 2848 469 2875 etiam
485 2855 516 2873 ex
534 2847 619 2874 Veteri
632 2847 801 2876 Testamento
815 2847 969 2875 desiderau-

1033 1850 1094 1878 tur;
1114 1846 1237 1873 nimirum
1252 1846 1379 1882 Synopsis
1396 1847 1558 1882 Psalmorum
1569 1868 1576 1880 ,
1591 1852 1618 1875 et
1629 1847 1744 1882 quinque
1758 1847 1822 1874 l'ro-

1033 1891 1172 1926 phelarum
1196 1891 1337 1919 minorum.
1358 1891 1387 1919 In
1406 1896 1519 1928 utroque
1532 1900 1611 1927 porro
1625 1892 1722 1920 Codice
1737 1892 1823 1928 Syno-

1032 1937 1086 1971 psis
1106 1937 1201 1964 Joanni
1220 1937 1408 1972 Chrysostomo
1431 1938 1552 1965 tribuitur
1576 1947 1583 1964 :
1604 1937 1632 1965 in
1655 1938 1736 1965 titulis
1750 1938 1821 1964 cnim

1030 1982 1182 2010 Coisliniani
1201 1987 1229 2010 et
1247 1983 1433 2018 Lugdunensis
1446 1983 1550 2011 Codiris
1564 1983 1746 2019 Chrysostomi
1760 1990 1820 2011 esse

1029 2028 1140 2061 dicitur,
1165 2032 1194 2055 ut
1214 2036 1275 2055 mox
1294 2028 1405 2056 videbis.
1426 2028 1482 2055 Jam
1499 2036 1561 2056 vero
1575 2029 1715 2063 quaeritur,
1732 2032 1818 2054 utrum

1030 2082 1093 2102 rere
1115 2073 1297 2109 Chrysostomi
1311 2074 1363 2106 sit,
1377 2081 1471 2101 necne.
1488 2073 1592 2101 lsaacns
1604 2077 1675 2100 certe
1688 2072 1799 2100 Vossius
1810 2092 1819 2105 ,

1029 2119 1103 2154 cujus
1125 2123 1182 2146 erat
1196 2118 1286 2146 Codex
1297 2119 1342 2146 ille
1356 2118 1526 2145 Bibliotheca:
1540 2117 1725 2153 Lugdunensis
1740 2117 1820 2144 Bata~

1028 2165 1104 2199 vicac,
1119 2173 1172 2191 non
1182 2166 1291 2199 putabat
1305 2172 1364 2192 esse
1372 2165 1563 2200 Chrysostomi,
1576 2163 1732 2191 testificante
1742 2163 1818 2191 Guil-

1027 2211 1107 2238 lelmo
1129 2211 1200 2238 Cave
1225 2212 1250 2238 in
1273 2211 1387 2239 Historia
1409 2219 1455 2238 sua
1478 2210 1593 2237 literaria
1617 2210 1730 2238 Gcncvae
1747 2217 1818 2237 anno

1028 2257 1097 2284 i705
1107 2257 1176 2284 edita
1188 2277 1196 2289 ,
1210 2256 1285 2290 cujus
1300 2257 1357 2284 haec
1369 2260 1430 2283 sunt
1443 2255 1540 2288 verba,
1556 2263 1581 2290 p.
1597 2255 1650 2282 215
1664 2264 1671 2281 :
1690 2264 1700 2281 ί
1718 2255 1813 2282 Exstat

1027 2303 1120 2330 Graece
1140 2303 1189 2329 Ms.
1213 2303 1238 2329 in
1254 2302 1417 2329 Bibliotheca
1430 2301 1557 2329 Vossiana
1570 2301 1620 2329 sub
1633 2300 1816 2337 Chrysostomi

1027 2348 1134 2375 nomine
1160 2348 1288 2383 Synopsis
1302 2347 1404 2375 Veteris
1428 2347 1609 2380 Testamenti;
1628 2348 1676 2376 sed
1690 2355 1742 2374 non
1757 2353 1816 2374 esse

1026 2395 1169 2428 genuinum
1185 2393 1368 2429 Chrysostomi
1384 2394 1473 2420 foetum
1490 2392 1546 2427 ipse
1560 2392 1625 2419 mihi
1637 2392 1700 2419 olim
1711 2391 1817 2420 confes-

1026 2446 1071 2465 sus
1084 2442 1126 2465 est
1138 2439 1173 2465 cl.
1190 2438 1308 2465 Vossius.
1328 2447 1337 2463 ι
1356 2439 1390 2465 At
1402 2438 1496 2472 opinor
1511 2438 1633 2465 Vossium
1643 2437 1699 2464 haec
1708 2436 1815 2472 perfun-

1025 2486 1108 2512 ctorie
1133 2485 1226 2519 legisse
1238 2505 1245 2517 ,
1269 2489 1296 2513 et
1317 2492 1348 2511 ex
1370 2485 1430 2520 styli
1446 2485 1557 2512 fortasse
1568 2484 1671 2511 ratione
1683 2483 1813 2511 calculum

1027 2530 1119 2557 tulisse
1144 2539 1150 2557 :
1170 2538 1248 2564 quam
1270 2530 1331 2565 styli
1346 2529 1458 2557 formam
1472 2537 1523 2556 non
1537 2530 1621 2564 potuit
1635 2529 1660 2556 in
1676 2534 1727 2556 tam
1741 2536 1814 2556 com-

1025 2575 1152 2610 pendiosa
1172 2577 1324 2603 narratione
1338 2575 1547 2610 deprehendere.
1561 2575 1600 2602 Ad
1616 2575 1673 2602 hare
1686 2582 1749 2602 vero
1760 2574 1812 2602 Co-

1024 2621 1075 2648 dex
1091 2622 1136 2648 ille
1152 2621 1298 2648 Vossianus
1314 2622 1494 2649 i’rothcoriam
1507 2621 1580 2650 illam
1592 2622 1618 2648 in
1630 2621 1716 2649 fronte
1727 2621 1812 2656 Syno-

1024 2674 1102 2702 pseos
1123 2667 1235 2701 positam
1255 2675 1309 2694 non
1328 2667 1428 2694 habet:
1443 2675 1501 2702 qnze
1517 2675 1583 2695 sane
1601 2666 1755 2695 Frotheoria
1773 2671 1813 2693 sat

1027 2713 1129 2748 prolixa
1148 2718 1174 2740 et
1190 2721 1204 2739 a
1220 2713 1307 2748 sagaci
1322 2714 1379 2740 viro
1393 2714 1505 2748 scripta,
1522 2714 1648 2748 quasdam
1663 2712 1813 2748 suppeditat

1027 2763 1103 2785 notas
1116 2766 1174 2792 quae
1189 2758 1379 2793 Chrysostomo
1392 2758 1524 2793 Synopsin
1535 2758 1670 2786 vindicare
1680 2757 1811 2802 videntur.

1028 2803 1055 2836 ln
1069 2804 1126 2839 ipsa
1140 2804 1218 2831 etiam
1232 2804 1345 2839 Synopsi
1358 2812 1411 2831 non
1426 2812 1507 2839 pauca
1522 2808 1663 2831 occurrunt
1672 2823 1680 2836 ,
1693 2810 1751 2837 qua:
1764 2809 1812 2838 pro

1025 2848 1214 2885 Chrysostomo
1238 2853 1363 2884 pugnant.
1388 2848 1445 2876 Non
1458 2856 1489 2877 ca
1502 2856 1581 2884 porro
1596 2852 1683 2876 mente
1698 2847 1754 2875 hac
1768 2854 1811 2876 nr-
