2047 3123
249 145 301 173 307

249 208 376 237 gumento
390 202 564 238 prola'imus,
580 207 609 229 ut
621 203 678 229 sine
693 202 745 228 ulla
762 208 869 235 prorsus
879 199 1042 227 dubitatione

249 250 387 285 Synopsiu
396 256 455 277 esse
463 249 643 285 Cbrysostomi
656 253 803 276 statuamus
814 257 819 273 :
836 254 887 274 non
897 246 967 274 enim
983 253 1043 280 per-

251 295 314 322 inde
329 295 415 322 allecti
427 302 534 328 sumus,
549 299 628 330 atque
649 294 768 321 nonnulli
788 293 942 327 scriptores,
956 292 1000 327 qui
1011 299 1042 320 ea

251 350 359 375 qutc‘cx
376 342 492 369 tenebris
502 347 614 373 eruunt,
629 342 660 368 iis
673 344 741 375 quos
762 344 876 367 tractant
890 339 1043 367 auctoribus

251 389 288 415 ita
301 395 421 415 asserere
433 391 576 420 conautttr,
591 391 620 414 ut
633 386 731 414 nullam
747 386 877 413 rationem
892 385 990 412 habere
1002 384 1042 411 vi-

248 433 366 460 dcantur
386 439 481 459 eorum
503 438 563 466 qua:
582 436 698 466 possunt
714 435 806 458 contra
825 430 915 465 objici.
932 430 1042 457 Etiamsi

248 479 323 506 enim
334 477 389 505 ha:c
399 484 458 512 qua:
468 476 628 513 proferimus
637 476 723 512 magni
734 483 794 503 esse
803 476 929 502 momenti
942 475 1044 510 perspi-

251 531 330 551 cuum
353 523 429 551 nobis
450 523 485 551 sit
508 532 514 550 :
536 527 677 556 antequam
699 521 820 549 ultimutn
835 528 866 549 ea
881 521 915 548 de
930 528 958 548 re
970 520 1042 556 judi-

251 573 321 598 rium
333 576 478 599 statuamus
487 592 494 603 ,
506 575 660 606 argumenta
675 574 765 597 nostra
779 570 883 598 crudito
896 570 987 598 lectori
1001 569 1042 597 of-

252 616 321 644 ferre
341 616 427 644 visum
441 621 494 649 est,
520 621 548 644 ιιι
569 621 621 644 tam
642 616 712 643 illius
725 636 732 648 ,
746 623 825 650 quam
841 620 933 643 nostro
942 615 1043 650 judicio

251 662 313 697 quid
325 662 488 690 censendum
503 662 537 690 sit
551 663 631 690 tutius
646 661 819 689 al‘lirmemus.

287 708 404 736 Primum
429 707 509 743 igitur
532 712 717 742 argumentum
742 712 893 734 mutuamur
916 714 949 734 ex
969 706 1044 735 hisce

251 755 395 789 postremis
408 754 570 782 Prothcoria:
583 754 670 781 verbis
679 774 687 787 ,
702 753 745 781 ubi
759 754 872 788 scriptor
885 760 1043 781 enumerans

250 801 316 828 Novi
330 801 492 829 TesLamenti
508 800 603 833 libros,
620 804 768 835 postremas
781 799 856 835 ponit
870 804 924 827 tres
937 799 1043 834 Episto-

251 847 290 875 las
304 847 460 878 catholicas.
475 853 498 875 et
510 853 558 874 tres
567 855 598 874 ea:
608 847 737 874 catholicis
750 846 882 882 Epistolis.
896 845 1043 874 Catholica

250 898 339 921 autem
363 898 424 921 sunt
447 893 572 929 Epistula:
594 898 713 928 septem,
736 900 847 927 quarum
867 896 921 919 tres
941 895 1043 919 tantum

251 944 372 974 tempore
390 939 574 974 Chrysostomi
596 939 622 966 in
637 939 755 966 Ecclesia
771 938 951 970 Antiochena,
967 937 1044 973 cujus

251 985 295 1013 ille
308 985 447 1021 presbyter
459 990 534 1018 erat,
549 985 754 1019 recipiebamur.
771 983 836 1011 Nam
852 984 911 1012 licet
924 983 1043 1019 Epistola

250 1031 367 1059 secunda
378 1031 451 1058 'Petri
463 1052 469 1063 ,
486 1031 601 1058 secunda
615 1037 641 1057 et
655 1031 731 1058 tertia
745 1030 856 1059 Joannis
865 1051 873 1064 ,
887 1034 966 1064 atque
977 1029 1041 1065 Epi-

250 1076 318 1104 stula
339 1076 371 1104 Β.
390 1075 465 1103 Juda:
487 1076 600 1111 apostoli
616 1076 685 1103 inter
696 1081 880 1104 sacrosanctas
892 1081 919 1103 et
932 1075 1042 1102 canoni-

250 1129 297 1149 cas
303 1121 459 1157 Scripturas
470 1129 485 1149 a
494 1122 584 1149 multis
594 1122 648 1156 jam
662 1122 768 1149 sacculis
781 1129 829 1157 per
842 1126 924 1149 totam
933 1121 1043 1148 omnino

252 1167 398 1196 Ecclesium
411 1169 573 1203 recipiantur
582 1188 588 1198 .
605 1168 737 1203 prioribus
746 1172 834 1196 tamen
849 1168 978 1196 Ecclesia:
990 1175 1043 1195 sa:-

251 1214 318 1241 culis
338 1215 394 1241 istm
406 1219 520 1249 quatuor
535 1214 660 1249 Episiola:
675 1222 728 1242 non
742 1215 769 1242 in
782 1215 906 1242 omnibus
919 1215 1042 1242 Ecclesiis

252 1265 281 1286 ut
301 1260 436 1287 canonica:
457 1259 666 1287 admittebantur
689 1268 696 1286 :
716 1260 839 1294 quzedam
862 1260 934 1287 enim
949 1264 1041 1292 erant,

251 1305 301 1333 etsi
324 1312 431 1339 pariete,
456 1312 527 1339 quae.
537 1305 594 1332 illas
617 1312 669 1332 non
691 1305 884 1339 admittebant.
905 1310 934 1333 ut
953 1306 1043 1334 videas

252 1352 320 1387 apud
342 1353 446 1380 Sixtum
467 1353 615 1380 Seueuscm
627 1353 696 1381 libro
710 1353 795 1388 primo
806 1355 835 1382 in
849 1353 903 1380 line
916 1353 1043 1381 sectionis

251 1399 386 1427 secundm.
398 1399 450 1426 Sed
464 1407 479 1427 a
491 1400 603 1427 maxima
618 1399 760 1428 Orientalis
775 1399 899 1427 Ecclesia:
911 1404 1001 1434 parte,
1016 1405 1044 1427 et

251 1453 266 1472 ιι
288 1450 344 1473 ιοιο
364 1453 431 1480 pene
451 1445 594 1473 Occidente
613 1445 682 1473 inter
699 1446 843 1474 canonicos
854 1445 936 1474 libros
948 1453 1042 1474 cense-

252 1490 364 1524 bantur;
385 1491 454 1518 inter
467 1491 550 1519 libros
563 1491 687 1520 videlicet
702 1491 822 1524 divinos,
836 1491 965 1519 canonice
977 1492 1044 1520 seri-

251 1541 310 1569 btus
322 1556 330 1568 ,
349 1537 466 1566 traditos
484 1540 512 1564 et
524 1536 657 1570 creditos,
673 1537 757 1572 inquit
769 1545 880 1572 magnus
892 1537 937 1565 ille
950 1537 1042 1565 Eccle-

251 1582 298 1608 sia:
319 1589 408 1617 prmco
428 1582 606 1614 Athanasius,
628 1583 671 1617 qui
691 1582 837 1610 catholicas
856 1583 988 1618 Epistulas
1001 1591 1043 1610 se-

251 1632 322 1662 ptem
347 1628 374 1656 in
397 1628 502 1656 illorum
526 1636 639 1656 numero
664 1629 793 1657 locat.At
815 1629 935 1658 Ecclesia
949 1630 1041 1657 Antiu-

251 1673 334 1701 cbcna
347 1679 460 1709 quatuor
474 1675 533 1702 illas
547 1682 626 1709 supra
641 1679 802 1702 memoratas
816 1675 950 1710 Epistolas
962 1674 1043 1702 Joan-

252 1720 293 1747 nis
316 1719 499 1755 (Ilirysostomi
524 1724 644 1755 tempore
665 1729 717 1748 nun
735 1720 905 1754 admittebat,
919 1721 973 1748 into
986 1720 1042 1756 pri-

250 1765 312 1792 διῐηί
334 1769 411 1792 tenax
435 1765 580 1800 propositi,
603 1773 636 1792 ne
648 1770 770 1800 tempore
781 1766 888 1801 quidem
901 1766 1042 1794 Justiuiani

253 1811 422 1846 Imperatoris
445 1812 503 1839 illas
524 1812 612 1840 adhuc
633 1812 824 1847 adoptaverat;
839 1812 864 1840 id
876 1813 947 1847 quod
961 1812 1042 1848 Syro-

253 1863 312 1884 rum
324 1857 459 1891 proprium
473 1861 530 1884 erat
541 1877 547 1887 .
562 1861 591 1884 ut
601 1857 679 1884 modo
688 1857 846 1885 videbimus.

287 1901 364 1936 Quod
381 1907 470 1929 autem
491 1902 609 1930 Ecclesia
623 1903 786 1930 Antiochena
797 1902 940 1930 secundam
951 1907 979 1930 et
990 1907 1042 1930 ter-

254 1948 316 1974 tiam
339 1947 448 1975 Joannis
469 1956 522 1975 nou
543 1948 689 1983 reciperet,
705 1948 730 1975 id
744 1948 843 1983 liquido
856 1949 1043 1983 comprobatur

254 2002 286 2021 ex
301 1993 414 2021 llomilia
429 2002 488 2021 mox
502 1993 615 2026 edenda,
631 2001 709 2028 quam
722 1994 795 2029 prior
807 1993 949 2029 publicavit
960 1994 1042 2022 Joan-

255 2040 296 2067 nis
310 2040 490 2075 Cbrysostomi
507 2041 613 2067 nomine
625 2033 773 2068 Cotelerius
782 2060 790 2072 ,
804 2048 936 2074 quamque
948 2040 1044 2075 proba-

250 2093 313 2113 vmus
327 2086 352 2113 in
364 2086 461 2113 Munilo
473 2085 540 2113 infra
555 2094 606 2113 nou
618 2086 799 2122 (lhrysostomi
813 2094 883 2119 esse,
896 2086 942 2113 sed
954 2086 1043 2121 cujus-

251 2131 314 2159 dam
339 2131 486 2166 presbyteri
500 2131 656 2159 Autiocheni
676 2131 745 2159 illius
755 2131 804 2158 aevi
815 2139 905 2159 coram
917 2131 1043 2160 Flaviano
1058 2156 1061 2160 .

253 2177 379 2212 episcopo
392 2177 585 2204 concionantis.
601 2177 628 2204 In
643 2177 692 2204 hac
702 2177 781 2212 igitur
791 2176 914 2210 Humilia,
927 2185 1000 2204 num.
1014 2176 1042 2210 6,

253 2223 286 2250 de
299 2223 409 2250 Joannis
422 2223 591 2258 evangelista:
606 2216 724 2257 Epistola
735 2222 851 2250 secunda
862 2227 890 2250 et
901 2222 977 2249 tertia
987 2222 1044 2250 haec

251 2269 381 2296 dicuntur
395 2277 402 2294 :
421 2278 430 2295 ι
451 2268 522 2295 Idem
536 2268 581 2295 ille
594 2275 692 2302 ιιι-πω,
708 2267 754 2302 qui
766 2267 824 2294 haec
835 2267 987 2302 pra-dicavit
997 2288 1004 2300 ,
1017 2267 1043 2294 in

255 2314 372 2349 Epistula
395 2321 442 2341 sua
466 2313 557 2341 scribit
573 2322 579 2339 :
595 2313 678 2349 prima
698 2317 786 2340 autem
798 2313 916 2347 Epistola
933 2313 1001 2340 inter
1012 2321 1043 2340 ea

253 2368 313 2394 qua:
333 2361 359 2387 in
386 2360 505 2387 Ecclesia
532 2359 714 2393 recipiuntur,
745 2366 797 2385 non
813 2359 883 2385 inter
892 2359 1043 2394 apocrypha

255 2409 414 2432 reccnsetur
428 2415 438 2431 τ
462 2412 523 2432 nam
544 2405 688 2432 secundam
710 2409 737 2432 et
750 2405 852 2431 tertiam
867 2408 954 2438 patres
968 2409 1044 2431 extra

255 2458 383 2478 cauonem
396 2455 510 2485 ponunt;
521 2451 630 2484 primam
640 2457 702 2477 vero
712 2449 856 2484 Epistulam
864 2449 973 2476 Joannis
985 2456 1045 2476 esse

255 2505 349 2524 unmes
363 2497 541 2524 consentiunt.
558 2505 568 2522 ›
586 2496 652 2524 llinc
666 2495 741 2523 vides
750 2495 893 2523 secundam
903 2499 930 2522 et
940 2495 1044 2523 tertiam

255 2542 365 2570 Joannis
378 2542 522 2577 Epistulam
536 2547 605 2569 mter
615 2543 756 2569 canonicas
767 2541 914 2568 Antiochia:
927 2548 980 2568 non
996 2540 1045 2568 ha-

257 2589 323 2616 bitas
357 2589 447 2615 fuisse.
461 2588 609 2616 Secundam
625 2588 691 2627 item
701 2587 770 2615 Petri
782 2608 790 2620 ,
802 2592 829 2614 et
844 2582 988 2622 Epistulam
1000 2587 1046 2615 Ju-

256 2635 298 2661 da:
312 2633 549 2670 apostoli,perinde
560 2639 640 2669 atque
654 2633 796 2661 secundam
810 2638 838 2661 et
852 2634 955 2661 tertiam
966 2633 1046 2661 Joan~

257 2680 298 2708 nis
309 2701 316 2712 ,
328 2689 342 2707 a
355 2680 428 2716 Syris
440 2701 448 2713 ,
459 2685 538 2716 atque
547 2680 615 2707 adeo
624 2680 657 2707 ab
670 2679 842 2707 Antiochenis
854 2687 907 2707 non
917 2679 1046 2708 admissas

256 2726 340 2754 {uisse
358 2726 459 2753 diserte
478 2725 555 2753 docet
569 2725 680 2753 Cosmas
694 2724 834 2760 Egyptius
844 2746 853 2758 ,
867 2725 912 2759 qui
926 2730 1046 2760 tempore

257 2771 399 2799 Iustiniani
408 2770 577 2806 Imperatoris
585 2771 725 2799 scribebat.
738 2771 813 2798 Hunc
823 2771 979 2805 scriptorem
990 2771 1046 2798 edi—

257 2818 344 2844 dimus
362 2825 433 2844 anno
449 2817 526 2844 i706.
543 2816 587 2844 Sic
598 2820 687 2843 autem
702 2815 781 2843 habet
795 2824 820 2850 p.
835 2815 902 2848 E92,
920 2816 999 2843 multa
1012 2816 1047 2843 de

257 2863 394 2890 catholicis
415 2863 539 2898 Epistolis
561 2868 588 2890 et
608 2863 642 2890 dc
656 2870 746 2890 earum
761 2862 916 2889 auctoritate
929 2868 990 2890 ante
1003 2862 1043 2890 lu-

873 141 1032 169 Dl:\'l‘l(lBA
1054 140 1085 168 IN
1105 140 1278 169 SYNOPSIN.

1836 150 1888 181 303

1098 204 1195 232 quutus
1211 208 1217 226 :
1237 209 1247 225 ι
1267 200 1341 235 Apud
1359 201 1438 237 Syros
1454 207 1540 230 autem
1555 212 1607 231 non
1624 204 1741 235 nisitlrcs
1755 208 1889 241 pra-dicta:

1098 246 1284 279 reperiuntur;
1299 246 1420 275 videlicet
1439 248 1547 281 Jacobi,
1563 249 1633 278 Petri
1646 255 1674 278 et
1686 251 1795 280 Joannis
1809 262 1816 281 :
1829 254 1889 283 alia

1098 291 1195 327 quippe
1218 301 1298 328 penes
1321 294 1380 322 illos
1404 303 1438 322 ne
1458 296 1564 330 quidem
1585 297 1724 325 habentur.
1739 299 1888 328 Perfectum

1099 337 1186 372 itaque
1205 339 1384 368 Christianum
1406 341 1492 369 dubiis
1513 343 1586 370 inniti
1609 351 1661 371 nou
1686 350 1811 380 oportet,
1826 354 1888 375 cum

1097 391 1136 411 (ιω
1150 385 1293 419 Scriptura:
1304 407 1313 420 ,
1329 394 1388 421 qua:
1402 387 1428 414 in
1441 395 1544 415 canone
1557 390 1680 424 reposita:
1689 410 1698 423 ,
1711 394 1740 418 et
1748 391 1817 425 apud
1828 399 1889 419 om-

1098 438 1145 457 nes
1161 431 1185 457 in
1193 431 1317 459 confesso
1324 437 1396 466 sunt,
1408 435 1496 461 omnia
1504 434 1568 461 satis
1578 435 1723 464 declarent.
1731 446 1741 463 ι
1754 437 1822 465 Hine
1832 446 1875 465 ma
1882 454 1889 460 -

1098 475 1193 504 niti-ste
1209 476 1282 505 vides
1297 479 1376 506 etiam
1390 483 1510 513 tempore
1520 479 1660 508 Justiuiaui
1673 481 1843 516 imperatoris
1855 491 1889 511 ex

1097 521 1233 551 catholicis
1243 523 1295 551 illis
1306 524 1431 563 Epistolis
1444 526 1548 553 nonnisi
1561 531 1615 554 tres
1625 527 1693 561 apud
1705 528 1798 563 Syros,
1808 535 1889 564 atque

1096 569 1163 595 adeo
1177 569 1203 597 in
1219 569 1336 598 Ecclesia
1350 571 1514 599 Antioebena
1524 592 1531 605 ,
1544 579 1664 607 receptas
1677 573 1769 601 fuisse.

1132 614 1199 642 lliuc
1217 615 1297 650 igitur
1309 617 1394 652 palam
1407 622 1448 644 est
1463 618 1532 644 hunc
1544 617 1707 653 Scriptorem
1720 639 1728 651 ,
1743 627 1821 654 quem
1832 620 1889 655 jam

1096 660 1123 688 in
1139 660 1278 702 publicum,
1287 662 1433 690 emittimus
1443 682 1452 695 ,
1464 662 1562 698 quique
1576 667 1629 690 tres
1643 668 1744 691 tantum
1755 665 1890 700 Epistolas

1096 707 1242 735 catholicas
1274 708 1330 736 sive
1360 709 1502 736 canonicas
1529 709 1665 743 admittit,
1692 711 1889 739 Antiochenam

1095 760 1155 780 esse
1167 761 1175 785 ;
1188 753 1297 789 jamque
1311 754 1372 781 hinc
1383 754 1498 789 aliquam
1513 755 1589 782 titulo
1601 757 1736 784 conciliari
1750 757 1827 784 [idem
1839 779 1846 791 ,
1861 759 1888 785 in

1096 806 1149 834 quo
1170 799 1268 827 dicitur
1288 807 1349 828 esse
1367 800 1478 828 Joannis
1489 799 1685 837 Cbrysostomi.
1700 802 1733 830 Et
1747 811 1810 831 vere
1824 812 1889 831 san-

1095 850 1154 873 ctus
1166 845 1209 874 hic
1223 846 1328 880 doctor,
1343 847 1387 882 qui
1400 847 1544 883 Scripturae
1557 856 1641 876 sacrae
1655 849 1737 877 libros
1749 857 1844 878 omnes
1860 851 1887 878 iu

1096 891 1218 919 llomiliis
1242 893 1299 920 suis
1321 893 1429 921 adhibet
1441 914 1447 925 .
1463 899 1576 927 quatuor
1590 895 1692 923 illarum
1706 895 1888 931 Epistolarum

1095 937 1152 964 loca
1173 944 1301 972 nusquam
1324 937 1421 970 aﬂ'crt;
1447 943 1493 966 aut
1515 939 1609 967 saltem
1623 940 1773 975 hujusmodi
1789 942 1844 969 loca
1859 942 1888 969 in

1095 982 1153 1017 ejus
1175 984 1281 1018 scriptis
1303 984 1420 1011 nondum
1443 985 1626 1019 deprehendi:
1641 987 1745 1013 etiamsi
1760 994 1825 1014 vero
1839 988 1887 1015 dc-

1096 1028 1325 1064 prehenderentur
1340 1050 1347 1061 ,
1376 1038 1428 1057 non
1451 1036 1539 1058 tamen
1565 1031 1626 1059 inde
1648 1038 1804 1067 sequeretur
1827 1041 1887 1061 eam

1094 1074 1238 1110 Scriptura:
1260 1080 1362 1109 partem
1377 1076 1531 1103 canonicam
1544 1076 1634 1119 haberi
1651 1086 1657 1104 :
1675 1085 1734 1105 nam
1750 1078 1802 1105 illis
1818 1083 1887 1106 tem—

1095 1121 1203 1156 poribus
1216 1128 1268 1148 noa
1282 1129 1364 1156 pauca
1379 1128 1455 1150 erant
1469 1124 1494 1150 in
1509 1124 1665 1158 quibusdam
1677 1125 1814 1158 Ecclesiis,
1825 1133 1887 1160 qua:

1095 1166 1249 1202 legebantur
1271 1168 1394 1201 quidem,
1416 1168 1463 1196 sed
1485 1170 1611 1197 canonica
1632 1177 1691 1198 esse
1710 1178 1763 1198 non
1781 1176 1887 1206 reputa-

1076 1213 1202 1240 -bantur.
1241 1213 1401 1241 Moriendum
1426 1219 1514 1242 autem
1537 1215 1660 1243 existimo
1673 1236 1680 1248 ,
1694 1216 1780 1243 locum
1794 1217 1886 1244 haberi

1095 1259 1208 1286 Humilia
1227 1265 1300 1287 sexta
1321 1260 1431 1288 Joannis
1452 1261 1636 1297 ChrysOstomi
1657 1263 1683 1289 in
1699 1263 1822 1291 Genesim
1834 1284 1842 1297 ,
1859 1272 1885 1298 [ι.

1094 1305 1129 1332 40
1145 1304 1275 1332 Edilionis
1294 1311 1407 1339 nostrtc,
1427 1306 1469 1334 ubi
1485 1307 1524 1335 sic
1537 1307 1632 1342 legitur
1646 1316 1654 1336 :
1670 1307 1696 1335 li
1710 1317 1766 1335 vero
1781 1310 1823 1343 qui
1835 1310 1886 1336 ati-

1094 1350 1196 1384 quando
1210 1359 1238 1378 se
1251 1350 1277 1377 in
1289 1351 1385 1378 diaboli
1399 1353 1463 1379 retia
1476 1352 1592 1388 injiciuut
1602 1374 1610 1386 ,
1624 1354 1727 1381 canibus
1737 1363 1886 1389 comparatu

1095 1400 1136 1421 tur
1149 1403 1165 1422 a
1180 1395 1315 1431 Scriptura
1327 1397 1412 1424 divina
1428 1406 1438 1425 :
1452 1398 1537 1426 Homo
1551 1399 1622 1426 enim
1635 1419 1642 1431 ,
1655 1399 1749 1435 inquit,
1765 1401 1808 1436 qui
1822 1409 1887 1429 con-

1096 1442 1208 1470 vertitur
1228 1450 1243 1470 a
1266 1448 1374 1477 peccato
1394 1451 1442 1470 suo
1454 1464 1461 1476 ,
1476 1448 1503 1471 et
1518 1444 1611 1471 iterum
1626 1445 1652 1472 iu
1667 1445 1780 1480 idipsum
1796 1446 1867 1474 redit
1877 1468 1885 1478 ,

1095 1488 1190 1516 similis
1203 1493 1244 1516 est
1258 1489 1317 1516 cani
1332 1489 1365 1516 ad
1377 1490 1504 1517 vomitum
1519 1490 1651 1518 redeunti.
1668 1491 1705 1518 lbi
1717 1499 1782 1520 vero
1796 1500 1844 1518 nos
1861 1493 1886 1520 in

1096 1535 1214 1570 margine
1234 1535 1321 1562 locum
1333 1535 1505 1563 indicavimus
1518 1536 1536 1563 2
1549 1535 1619 1564 Petri
1632 1535 1660 1569 2,
1676 1537 1711 1564 22
1725 1545 1732 1565 :
1748 1542 1775 1564 at
1787 1524 1835 1564 etsi
1852 1538 1887 1565 il.i

1094 1580 1128 1608 de
1141 1588 1206 1608 cane
1216 1580 1249 1607 ad
1264 1580 1392 1608 vomitum
1406 1589 1518 1609 reverso
1531 1587 1631 1617 agatur,
1645 1589 1748 1610 certum
1763 1587 1805 1610 est
1818 1583 1888 1611 hune

1095 1626 1182 1653 locum
1197 1626 1229 1653 ad
1245 1627 1389 1654 sccundatn
1404 1627 1476 1655 Petri
1490 1628 1636 1663 Epistulam
1652 1635 1704 1656 non
1719 1628 1886 1656 referendum

1095 1679 1171 1704 esse,
1192 1671 1238 1699 Sed
1252 1673 1285 1699 ad
1300 1673 1502 1700 Proverbiorum
1516 1673 1612 1701 librum
1625 1694 1632 1706 ,
1648 1681 1708 1709 cap.
1721 1674 1772 1707 26,
1789 1682 1814 1701 v.
1832 1675 1862 1702 Η
1877 1696 1885 1708 ,

1095 1723 1174 1753 atque
1186 1718 1254 1745 adeo
1267 1718 1438 1753 marginalent
1451 1724 1540 1746 notam
1552 1720 1590 1746 sic
1605 1719 1795 1747 restituendam
1805 1729 1865 1749 esse
1877 1742 1886 1755 ,

1097 1763 1177 1790 Prov.
1190 1763 1235 1791 ‘26.
1252 1765 1280 1792 Η
1300 1763 1350 1801 (α).
1364 1764 1413 1792 llic
1422 1764 1616 1792 animadvertas
1629 1766 1717 1799 velint,
1729 1766 1886 1802 Chrysosto-

1095 1817 1167 1837 mum
1189 1810 1391 1838 concionantem
1413 1810 1455 1839 hic
1467 1815 1495 1839 et
1507 1811 1657 1840 sexcenties
1667 1812 1729 1839 alibi
1743 1812 1891 1849 Scriptum:

1095 1856 1151 1883 loca
1165 1876 1172 1887 ,
1198 1860 1276 1890 prout
1296 1856 1432 1893 lueiuorim
1453 1863 1513 1884 sese
1531 1857 1696 1889 olfcrebaut,
1712 1858 1886 1893 allrgavisse,

1095 1901 1226 1937 longeque
1239 1902 1345 1930 diverso
1356 1910 1370 1929 ει
1385 1902 1529 1937 Scriptura:
1537 1907 1612 1930 textu
1622 1902 1711 1930 modo.
1726 1902 1813 1931 Locus
1823 1911 1888 1939 ergo

1095 1946 1256 1982 Scriptum,
1272 1956 1351 1983 quem
1367 1948 1411 1975 hic
1424 1949 1533 1983 respicit
1544 1947 1762 1985 Chrysostomus,
1773 1955 1815 1977 est
1828 1958 1888 1977 ver-

1094 1993 1195 2021 siculus
1215 1994 1260 2020 ille
1279 1993 1482 2022 Proverbiorum
1492 2015 1501 2028 ,
1515 2002 1593 2030 quem
1608 1995 1652 2022 ille
1663 2003 1712 2030 pro
1726 2003 1801 2023 more
1813 2001 1841 2024 et
1854 1995 1887 2023 ad

1094 2048 1170 2067 suum
1186 2047 1295 2075 scopum
1314 2040 1499 2074 concinnavit,
1514 2045 1542 2067 ut
1554 2041 1587 2068 ad
1600 2045 1705 2076 captum
1719 2040 1804 2076 plebis
1815 2047 1888 2069 esset

1095 2085 1320 2114 accommodatior
1341 2094 1348 2115 :
1374 2087 1412 2113 sic
1432 2091 1520 2113 autem
1535 2086 1614 2113 habet
1628 2087 1654 2113 in
1667 2093 1717 2114 LXX
1732 2087 1888 2122 interpreti-

1096 2132 1144 2159 bus
1159 2139 1166 2159 :
1184 2131 1257 2159 Sicut
1271 2132 1341 2158 cauis
1353 2140 1411 2158 cum
1422 2139 1535 2158 reversus
1544 2136 1580 2158 est
1590 2132 1624 2158 ad
1633 2132 1754 2159 vomitum
1767 2141 1852 2165 mutu,
1865 2139 1889 2160 et

1095 2181 1196 2207 odiosus
1213 2185 1248 2207 est
1267 2179 1383 2213 effectus,
1400 2179 1436 2206 sic
1452 2180 1543 2206 stultus
1562 2181 1658 2206 malitia
1671 2188 1718 2206 sua
1729 2187 1843 2207 reversus
1854 2181 1889 2207 ad

1096 2231 1223 2260 peccatum
1247 2234 1331 2252 stium.
1354 2225 1420 2253 Cum
1443 2225 1494 2253 hoc
1508 2225 1567 2253 loco
1579 2233 1689 2260 prorsus
1701 2231 1831 2253 consonat
1845 2227 1890 2254 ille

1095 2279 1192 2306 supra:
1215 2271 1249 2298 ad
1268 2270 1394 2306 Epistula:
1414 2278 1476 2299 vero
1497 2271 1622 2299 secunda:
1645 2271 1715 2298 Petri
1731 2271 1819 2298 locum
1835 2279 1888 2298 non

1097 2318 1207 2352 perinde
1225 2318 1355 2352 quadrat;
1375 2318 1414 2345 sic
1434 2325 1514 2352 porro
1526 2317 1569 2345 ille
1583 2317 1662 2345 habet
1676 2326 1682 2344 :
1695 2317 1810 2353 Contigit
1818 2319 1889 2345 enim

1095 2365 1132 2392 eis
1150 2365 1216 2391 illud
1234 2365 1285 2391 veri
1304 2364 1426 2399 proverbii
1444 2372 1454 2391 :
1470 2364 1540 2391 canis
1552 2371 1663 2390 reversus
1676 2367 1709 2389 ad
1721 2371 1796 2390 suum
1810 2365 1889 2390 vomi-

1097 2415 1168 2443 tum;
1183 2415 1223 2442 et,
1237 2417 1280 2437 sua
1292 2409 1344 2436 Iota
1359 2410 1385 2436 iu
1399 2409 1530 2436 volutabra
1543 2409 1600 2436 luti.
1615 2408 1723 2436 Certum
1738 2409 1828 2444 itaque
1841 2416 1888 2436 ex-

1097 2457 1280 2491 ploratumque
1301 2459 1343 2483 est
1364 2455 1450 2483 locum
1473 2455 1655 2490 Chrysostomi
1676 2462 1730 2482 non
1751 2454 1823 2482 [tunc
1844 2462 1888 2482 se—

1096 2503 1190 2532 cunda:
1204 2503 1274 2531 Petri
1289 2503 1448 2530 versiculum
1460 2503 1608 2537 respicere,
1624 2501 1670 2529 sed
1686 2501 1761 2528 illum
1774 2502 1887 2529 Prover-

1097 2551 1211 2578 binrum.
1225 2550 1391 2584 Quamquam
1402 2569 1409 2581 ,
1422 2553 1450 2576 ut
1464 2548 1516 2576 dixi
1527 2568 1534 2580 ,
1550 2548 1599 2575 etsi
1614 2547 1729 2574 secunda
1743 2547 1818 2575 Petri
1828 2547 1887 2581 Epi~

1097 2597 1164 2623 stola
1185 2595 1327 2630 aliquando
1351 2602 1413 2622 usus
1437 2598 1507 2622 esset
1521 2593 1744 2628 Chrysostomus,
1759 2598 1813 2619 non
1829 2591 1889 2619 inde

1099 2647 1185 2669 tamen
1202 2645 1358 2675 Sequeretur
1371 2640 1441 2667 illam
1457 2639 1499 2666 vel
1511 2639 1546 2666 ab
1557 2647 1587 2666 se
1597 2639 1638 2666 vel
1652 2638 1686 2665 ab
1699 2638 1820 2666 Ecclesia
1833 2638 1890 2665 An-

1129 2733 1165 2763 (η)
1184 2735 1207 2755 In
1220 2731 1263 2755 hac
1271 2735 1352 2763 nostra
1365 2730 1481 2763 Editione.
1490 2732 1558 2763 from.
1572 2727 1667 2763 IV,_ooi.
1680 2728 1721 2753 55.
1739 2727 1782 2752 ubi

1098 2757 1201 2788 meum
1220 2763 1287 2787 locus
1297 2762 1329 2786 de
1347 2768 1396 2792 quo
1406 2761 1446 2785 hic
1457 2761 1550 2792 agitur.
1563 2760 1647 2792 verba,
1668 2763 1783 2792 μαῖαι...
1806 2757 1895 2792 statutis

1098 2797 1133 2819 est
1143 2793 1206 2822 cani.
1220 2798 1278 2822 εις..
1291 2799 1339 2816 non
1355 2789 1392 2816 'ad
1414 2789 1545 2816 secundam
1557 2791 1620 2814 Petri
1637 2789 1782 2822 Epistulam,
1795 2789 1839 2822 sed
1860 2790 1894 2812 ad

1099 2820 1210 2849 l‘rovorb'.
1218 2820 1276 2854 rapi
1287 2823 1326 2852 ω,
1340 2830 1363 2848 v.
1374 2824 1412 2852 il,
1425 2826 1465 2846 PP.
1478 2822 1637 2846 marinorum
1649 2820 1757 2845 errorem
1768 2820 1885 2844 decimam

1100 2859 1146 2885 tes,
1157 2855 1329 2880 remeavimus.
1431 2856 1459 2878 Il.
