2074 3126
195 176 250 206 εοο

195 235 318 262 tiochena
330 255 337 267 ,
356 238 385 261 ut
399 234 554 261 canonicam
570 232 711 259 admissatn
728 230 819 258 fuisse.
833 232 898 258 Hinc
910 239 990 266 porro

196 279 324 315 liquidum
346 284 388 307 est
408 284 544 307 auctorem
557 279 707 314 Synopseos
720 285 779 305 esse
793 278 834 305 vel
848 279 988 306 Antioche-

196 334 259 352 num
274 325 316 353 vel
329 326 423 354 saltem
439 325 536 361 Syrum
550 346 557 356 ,
571 329 650 359 atque
660 345 667 357 ,
680 327 709 351 ιιι
721 323 772 352 fert
787 324 887 355 titulus,
901 325 988 358 Chry-

194 377 341 400 sostomum
355 380 362 404 ;
377 371 448 406 quod
463 377 490 398 et
504 371 563 398 aliis
573 370 729 405 probabitur
739 370 912 405 argumentis.

231 418 310 446 Aliud
324 423 509 454 argumentum
522 418 584 445 inde
598 418 727 450 sumitur,
741 417 811 452 quod
826 417 894 444 inter
906 425 986 444 cutio-

195 465 271 493 nicos
283 465 427 500 Scriptura:
442 465 525 492 libros
536 485 544 498 ,
558 472 625 499 quos
636 464 708 492 solos
720 465 746 491 in
759 464 812 491 line
824 464 988 492 Protheorize

194 520 251 540 suae
264 517 358 540 auctor
372 516 463 539 uoster
477 516 608 544 recenset,
625 510 798 546 Apocalypsis
812 518 865 538 non
877 517 987 546 compa-

196 562 262 585 real.
275 557 313 585 Ne
327 565 390 585 vero
405 561 512 592 putetur
525 564 582 584 eam
597 557 671 591 lapsu
683 557 811 591 graphice
826 557 988 591 prmtermis-

194 611 252 630 sam
272 603 370 636 fuisse,
388 607 459 630 vetat
481 602 630 630 scholiasL'e
652 602 790 636 cujusdam
811 606 872 628 nota
888 602 986 636 margi-

195 649 263 676 nalis
275 670 282 681 ,
297 656 356 683 qua:
367 648 406 676 sic
421 648 517 680 habet,
531 647 599 675 Nota
614 648 696 683 ipsum
708 655 757 674 non
771 655 910 674 memorare
921 647 987 682 Apo-

194 695 320 730 calypsin.
342 694 515 729 Apocalypsis
532 694 604 721 enim
624 693 718 728 priscis
738 693 863 720 Ecclesiae
883 692 987 720 saeculis

195 748 249 767 non
264 740 290 768 in
311 740 434 767 omnibus
449 740 576 767 Ecclesiis
590 739 784 773 recipiebatur,
800 743 829 766 ut
843 739 917 765 aiuttt
932 738 986 765 Eu-

195 786 285 814 sebius
297 807 305 819 ,
321 785 497 821 Hieronymus
517 785 550 813 de
571 784 699 819 Scriptor.
717 785 819 812 Ecclcs.
833 792 841 817 ;
856 784 988 819 Nicepho-

195 839 241 858 rus
257 838 319 858 vero
334 830 481 865 patriarcha
498 830 524 857 in
538 830 667 865 Catalogo
680 837 728 857 suo
738 850 746 862 ,
760 837 838 864 quem
853 829 994 857 edidimus

195 878 223 903 in
243 875 404 904 Bibliotheca
419 875 578 903 Coisliniana
591 896 597 908 ,
614 883 641 910 p.
656 875 726 908 205,
743 876 814 903 illam
836 875 905 903 inter
923 883 987 910 apo-

194 923 294 958 crypha
310 927 448 954 recenset,
466 927 494 950 ut
506 926 533 949 et
545 922 613 949 alius
627 922 672 957 qui
688 921 754 949 infra
768 922 793 949 in
807 926 869 949 nota
882 930 985 950 memo-

196 969 296 995 rabitur
308 977 314 995 :
328 976 420 995 verum
434 972 523 1002 patres
536 976 629 996 omnes
645 968 768 1003 praecipui
781 989 789 1002 ,
805 969 967 996 Athanasius
976 991 985 1003 ,

197 1014 322 1047 Basilius,
337 1014 480 1049 Gregorius
493 1013 674 1042 Nazianzenus
684 1035 691 1047 ,
707 1019 830 1049 totusque
844 1014 984 1048 Occidens,

195 1065 224 1086 ut
238 1059 381 1095 legitimum
395 1059 504 1088 Joannis
519 1060 630 1095 apostoli
644 1067 710 1094 opus
720 1081 728 1094 ,
741 1064 768 1087 et
783 1065 810 1088 ut
831 1061 985 1089 canonicum

194 1107 357 1142 Scripturam
370 1107 485 1134 habuere
498 1115 505 1134 :
518 1106 678 1141 domumque
689 1114 736 1141 per
748 1110 828 1134 totam
840 1107 984 1135 Ecelesiam

193 1158 250 1180 tum
264 1152 382 1180 Gra‘eam
398 1157 452 1179 tum
468 1152 588 1179 Latinam
603 1152 630 1179 in
644 1160 746 1180 canone
767 1160 904 1180 sacrorum
918 1153 986 1180 divi-

192 1207 340 1234 norumque
354 1199 481 1226 librorum
496 1203 602 1234 recepta
620 1202 671 1226 est.

230 1247 352 1273 Attamen
366 1246 391 1272 in
408 1245 457 1272 hac
470 1245 584 1280 Synopsi
599 1245 772 1280 Apocalypsis
787 1253 838 1272 non
853 1254 984 1276 memora-

193 1296 253 1324 tur,
269 1296 294 1318 et
309 1295 434 1318 mouente
455 1291 596 1318 sclioliasta
609 1311 617 1323 ,
633 1291 658 1318 id
674 1298 726 1318 non
741 1291 840 1318 librarii
855 1291 919 1318 vitio
934 1292 982 1318 tri-

193 1336 324 1363 buettdum
339 1340 390 1363 est.
406 1335 480 1363 Unde
492 1335 610 1370 arguitur
622 1343 637 1363 a
652 1336 782 1370 scriptore
804 1337 862 1371 ipso
873 1357 881 1368 .
905 1342 983 1371 atque

191 1387 221 1409 ut
234 1382 294 1409 hinc
307 1382 435 1416 consequi
459 1382 578 1415 videtur,
603 1382 636 1409 ab
661 1382 797 1416 Ecclesia,
824 1383 900 1418 cujus
927 1384 983 1418 ipse

190 1433 249 1455 erat
258 1449 265 1460 ,
282 1428 397 1455 nondum
408 1432 540 1462 receptam
555 1427 636 1455 fuisse
650 1435 710 1455 cum
720 1428 776 1455 haec
790 1429 981 1455 scriberentur.

190 1474 269 1501 Certe
284 1473 399 1501 Joannes
409 1473 625 1509 Chrysostomus,
637 1474 682 1508 qui
694 1478 788 1502 auctor
797 1474 888 1509 operis
898 1474 981 1502 fertur

190 1520 217 1545 in
238 1519 329 1552 titulo,
344 1527 487 1554 numquam
503 1519 660 1555 Apocalypsi
683 1527 744 1547 usus
757 1525 799 1548 est
813 1520 839 1547 itt
862 1521 981 1548 llomiliis

188 1564 302 1599 aliisque
323 1564 398 1591 libris
412 1565 466 1591 suis
477 1586 484 1596 ,
501 1564 567 1596 etsi,
589 1565 622 1591 ad
637 1572 726 1592 mores
741 1565 937 1599 informandus,
955 1567 979 1593 in

188 1618 242 1644 quo
255 1618 352 1645 genere
367 1611 482 1638 maxime
495 1616 616 1638 versatur
629 1616 736 1639 sanctus
749 1612 856 1645 doctor,
870 1613 898 1640 in
909 1613 980 1648 Apo-

188 1656 289 1691 calypsi
301 1657 383 1684 multa
397 1657 493 1684 idonea
503 1661 704 1692 opportunaque
717 1658 896 1692 reperiantur.
911 1666 975 1691 pne-

187 1703 317 1737 ciptteque
331 1703 355 1729 ιιι
372 1703 455 1730 tribus
472 1703 602 1738 prioribus
614 1704 756 1738 capitibus.
769 1698 978 1738 Quantumcum-

187 1756 239 1782 que
248 1747 410 1782 diligentiam
421 1748 598 1780 adhibuerim.
611 1753 639 1776 ut
648 1749 816 1783 explorarent
829 1757 892 1776 num
904 1750 979 1784 quid-

188 1793 258 1827 piam
272 1793 299 1820 in
314 1798 384 1820 tanta
407 1801 516 1828 operum
531 1795 601 1822 serie
616 1794 648 1821 ad
664 1795 841 1830 Apocalypsin
855 1801 979 1830 spectans

186 1838 446 1873 deprehenderetur,
473 1839 536 1866 nihil
560 1840 688 1868 hactenus
714 1841 810 1875 reperi.
833 1841 866 1868 Et
891 1846 978 1869 tamen

187 1885 268 1911 multa
282 1890 359 1912 erant
374 1885 398 1912 in
422 1885 498 1913 libris
509 1906 516 1917 ,
530 1885 603 1913 verbi
623 1886 705 1921 gratia
716 1907 724 1920 ,
746 1886 780 1914 de
802 1887 958 1915 Sacerdotio
969 1910 977 1920 ,

183 1939 246 1965 qua:
260 1931 291 1958 ad
307 1939 362 1958 rem
376 1931 491 1958 maxime
505 1932 628 1960 conferre
641 1939 720 1967 posse
734 1933 897 1960 videbantur.
914 1934 978 1962 inde

187 1981 273 2003 autent
286 1977 356 2004 aliud
379 1978 514 2012 exsurgit,
527 1977 583 2005 sive
595 1982 779 2012 argumentum
789 1999 799 2010 .
811 1979 866 2006 sive
886 1980 976 2014 conje-

185 2026 269 2054 ctura,
280 2030 330 2057 qua
342 2022 411 2050 hanc
421 2022 552 2057 Synopsin
563 2022 755 2058 Chrysostomo
767 2031 888 2052 asserere
899 2032 977 2058 posse

185 2068 314 2095 videmur.
325 2068 386 2096 [huc
393 2074 454 2096 sunt
465 2074 618 2104 argtunenta
627 2078 686 2105 qua:
702 2075 854 2098 mutuamur
870 2078 904 2099 ex
914 2072 977 2099 Pro-

186 2114 286 2141 theoria
302 2115 463 2150 Synopseos.

221 2159 248 2186 In
271 2159 324 2193 ipsa
339 2167 418 2194 porro
430 2160 542 2195 Synopsi
562 2160 611 2188 alia
627 2161 710 2188 multa
725 2166 802 2195 sunt,
815 2170 874 2197 quia:
889 2162 975 2198 Chry-

183 2210 329 2232 Sostomum
338 2205 396 2240 ejus
406 2213 465 2233 esse
474 2211 610 2234 auctorem
619 2208 742 2242 probent.
754 2208 875 2243 Exempli
883 2216 973 2243 causa,

183 2249 263 2284 paulo
278 2255 336 2284 post
351 2251 453 2278 initium
474 2251 627 2284 Geneseos,
645 2252 688 2279 ubi
703 2252 786 2279 Cham
800 2253 914 2281 verenda
928 2261 975 2289 pa-

182 2296 230 2323 tris
242 2297 283 2323 sui
296 2297 428 2325 revelasse
441 2302 580 2332 narratur,
597 2299 709 2334 ideoque
721 2304 748 2326 et
761 2299 843 2327 Cham
857 2305 885 2328 et
904 2300 973 2328 filius

180 2344 240 2378 ejus
250 2343 375 2372 Chanaan
389 2345 573 2373 maledicitur:
594 2346 651 2373 haec
662 2347 696 2374 ibi
709 2347 832 2380 leguntur
845 2356 851 2374 :
871 2357 881 2373 ε
897 2348 973 2375 Post-

180 2396 212 2416 ea
223 2397 287 2417 vero
300 2389 380 2417 Semo
391 2391 497 2425 quidem
510 2395 536 2419 et
547 2391 660 2426 Japheto
672 2392 824 2426 benedixit;
839 2394 973 2421 maledicit

179 2439 267 2462 autem
281 2434 452 2463 Cltanaannm
464 2457 470 2467 .
485 2438 544 2472 quia
557 2443 631 2472 pater
645 2437 702 2472 ejus
712 2438 795 2465 Cham
809 2439 972 2467 revelaverat

180 2480 325 2508 nuditatem
340 2483 432 2516 patris.
453 2483 600 2511 Maledictio
620 2489 708 2511 autent
724 2484 767 2511 illa
787 2490 910 2512 eventum
924 2485 970 2513 ha-

178 2526 236 2553 buit
249 2527 275 2554 in
295 2527 467 2561 Gabaonitis;
489 2529 542 2556 imo
557 2530 643 2564 potius
662 2530 752 2564 specie
764 2531 871 2565 quidem
886 2532 970 2559 malc~

176 2573 258 2600 dictio
270 2579 344 2608 erat,
366 2576 412 2602 sed
432 2583 524 2603 revera
545 2575 692 2610 prophetia.
711 2586 721 2602 ι
739 2576 773 2603 Et
784 2576 842 2604 haec
853 2582 894 2604 est
908 2585 970 2605 sen-

177 2618 259 2645 tentia
274 2619 463 2654 Chrysostomo
486 2621 608 2655 propria,
623 2629 702 2656 quant
714 2621 783 2656 apud
798 2626 910 2650 catteros
922 2630 968 2649 ec-

175 2663 339 2692 clesiasticos
356 2665 506 2700 Scriptores
517 2674 569 2693 non
583 2667 692 2694 memini
705 2674 747 2694 me
759 2667 857 2702 legere,
872 2675 969 2702 nempe

175 2709 389 2738 maledictionem
400 2711 535 2739 Citanaani
547 2712 573 2739 in
586 2712 890 2749 Gabaonitis‘impletam
904 2713 966 2741 fuis-

174 2763 214 2781 se.
231 2754 364 2789 lpsissima
374 2777 382 2789 ,
399 2756 520 2791 inquatn,
535 2756 563 2785 S.
576 2757 693 2785 doctoris
709 2758 840 2785 sententia
850 2779 858 2790 ,
873 2758 966 2785 iisdem

174 2804 202 2827 ut
216 2800 357 2834 plurimum
371 2801 460 2829 verbis
474 2810 612 2836 expressa.
635 2803 678 2830 Sic
692 2803 762 2830 enim
778 2803 857 2831 habet
871 2804 897 2830 in
913 2804 966 2831 Isa-

174 2847 238 2876 iam,
252 2854 311 2880 cap.
324 2846 353 2879 2,
365 2855 391 2874 v.
409 2848 551 2882 l,ltujusce
561 2847 678 2876 TomiVl
691 2849 742 2876 col.
758 2849 793 2876 28
809 2858 816 2875 :
835 2858 844 2874 ι
856 2848 882 2876 ld
895 2850 965 2884 quod

172 2891 253 2919 etiam
269 2892 294 2920 in
307 2892 450 2921 Cbanaano
472 2894 567 2922 factum
588 2899 638 2923 est.
660 2895 747 2930 Neque
762 2896 831 2924 enim
845 2895 964 2924 videmus

815 174 973 202 υιΑτιιιΒΑ
995 174 1026 201 IN
1046 174 1219 204 SYNOPSIN.

1786 185 1839 212 Si?

1041 233 1116 260 illutn
1131 233 1273 262 servivisse
1294 234 1419 262 fratribus
1444 237 1498 263 suis
1508 255 1514 266 ι
1532 245 1616 272 neque
1626 238 1710 265 fliam
1724 239 1843 267 maledL:

1041 279 1156 306 ctionetn
1163 280 1305 312 excidisse,
1314 282 1360 308 scd
1371 282 1395 308 in
1407 283 1561 309 (ktbatmitis
1572 292 1604 310 ex
1613 284 1756 319 Chanaauo
1767 287 1835 313 ortis

1043 325 1122 351 linem
1134 325 1278 359 accepisse.
1303 326 1368 353 Nam
1393 327 1417 354 id
1442 328 1673 362 qtmdalieebalur
1696 330 1852 364 prophetia.

1042 374 1109 403 erat,
1122 370 1313 399 maledictionis
1324 372 1406 400 forma
1417 374 1527 409 prolata.
1544 385 1553 401 ι
1572 375 1605 402 Et
1620 376 1670 403 hoc
1686 377 1769 411 ipsum
1782 377 1837 404 alio

1041 415 1121 441 modo
1133 415 1196 442 dicit
1211 416 1277 443 infra
1291 418 1315 444 in
1329 418 1443 453 Synopsi
1464 419 1552 446 Josna:
1565 429 1571 446 :
1590 430 1598 445 ί
1618 421 1682 448 Cttm
1697 430 1748 448 non
1766 430 1831 457 pos-

1042 465 1101 488 sent
1123 461 1248 490 lsraelita:
1272 469 1380 499 propter
1413 465 1474 492 data
1496 466 1644 500 juratnenla
1673 467 1834 496 Gabaonitas

1041 515 1195 543 oppugnare
1206 530 1213 540 ,
1230 517 1321 537 servos
1337 510 1408 545 ipsos
1432 512 1642 546 constituerunt,
1658 514 1783 548 lignarios
1806 521 1836 543 et
1855 529 1857 531 ι

1041 560 1117 587 aquae
1127 553 1238 589 bajulos.
1253 555 1300 582 Htc
1314 558 1413 584 exitum
1428 557 1658 593 habet~prasdictio
1667 560 1738 594 Noe,
1753 570 1834 596 quam

1041 599 1126 626 dixit:
1142 599 1263 628 Chanaan
1276 609 1338 636 puer
1353 611 1438 630 servus
1451 611 1520 632 Lex"~
1529 605 1576 632 illo
1595 613 1709 640 namque
1733 607 1759 633 hi
1781 607 1833 635 orti

1041 649 1126 671 erant.
1145 655 1154 671 ι
1174 646 1236 673 litae
1255 655 1319 674 sane
1329 656 1382 675 non
1399 649 1471 683 parvi
1482 651 1610 677 momenti
1622 652 1727 679 erudito
1740 652 1841 681 lectori.

1042 690 1200 718 videbuntur
1222 692 1256 719 ad
1277 699 1344 725 opus
1366 693 1557 730 Chrysostomo
1574 695 1794 730 adjttdicandum.

1077 736 1156 764 Aliud
1169 744 1367 772 argumentum,
1382 747 1431 767 nec
1440 748 1506 767 sane
1519 741 1616 774 levius,
1629 742 1730 769 eruitur
1740 751 1772 769 ex
1785 752 1832 770 ea-

1040 780 1100 807 dem
1115 781 1250 810 Gcneseos
1264 782 1378 818 Synopsi
1391 793 1398 811 :
1415 786 1525 812 Assutnit
1540 785 1625 813 Thura
1641 792 1711 821 pater
1725 788 1834 816 Abrulue

1040 827 1107 860 ﬁlios
1119 836 1178 855 suos
1190 828 1316 856 Abraham
1330 834 1354 857 et
1366 830 1472 858 Nae/tor
1483 835 1506 858 et
1517 837 1631 866 nepotem
1643 841 1716 859 suum
1731 833 1778 860 Lat
1788 854 1795 866 ,
1809 839 1833 860 et

1040 873 1105 900 venit
1118 874 1144 900 in
1158 873 1282 901 Charran.
1297 875 1360 903 Haec
1373 880 1445 903 certe
1459 876 1539 904 lectio
1553 877 1641 904 vitiata
1658 878 1721 909 fuit,
1737 883 1764 906 et
1779 879 1831 905 Na-

1038 918 1105 946 ehor
1118 925 1209 947 contra
1222 921 1299 948 lidetn
1317 926 1402 950 textus
1421 922 1544 950 Hebraiei
1557 943 1563 954 ,
1578 923 1702 951 editionis
1717 925 1788 952 LXX
1806 931 1833 953 et

1040 965 1160 998 vulgatae,
1170 965 1195 992 in
1206 965 1275 993 hunc
1286 970 1386 994 textum
1396 967 1513 1002 irrepsit.
1520 968 1592 995 llanc
1601 976 1681 1003 porro
1690 970 1830 997 lectionem

1040 1018 1169 1045 nusquam
1180 1011 1245 1038 alias
1256 1013 1353 1047 reperi,
1365 1014 1417 1040 nisi
1425 1014 1495 1048 apud
1508 1014 1739 1050 Chrysostomutn,
1752 1024 1830 1050 quem

1039 1061 1139 1084 certum
1155 1063 1195 1085 est
1210 1058 1245 1084 ita
1260 1058 1357 1094 legisse
1370 1059 1395 1086 in
1409 1060 1554 1094 exemplari
1568 1068 1617 1087 suo
1631 1070 1637 1088 :
1653 1069 1714 1088 nam
1731 1061 1828 1088 llomil.

1038 1102 1069 1129 5|
1083 1102 1110 1130 in
1130 1102 1266 1136 Genesitn,
1278 1104 1330 1132 col.
1343 1104 1398 1132 282
1412 1105 1488 1132 Τοιιι.
1499 1106 1516 1132 4
1530 1111 1627 1133 nostra:
1640 1106 1765 1134 editionis
1774 1127 1781 1138 ,
1793 1109 1832 1135 sic

1038 1147 1149 1183 legimus
1157 1157 1164 1176 :
1171 1148 1206 1176 Et
1214 1150 1308 1184 accepit
1318 1149 1419 1177 Tharra
1429 1151 1521 1178 Abram
1532 1157 1554 1178 et
1566 1151 1672 1180 Nnc/tor
1685 1154 1751 1187 ﬁlios
1762 1162 1830 1185 suos,

1037 1199 1061 1221 et
1069 1194 1118 1221 Lat
1126 1195 1209 1228 ﬁliuni
1220 1195 1301 1222 Anan
1311 1196 1359 1230 ﬁlii
1369 1197 1418 1223 sui.
1432 1196 1494 1224 lla‘c
1508 1205 1572 1225 vero
1585 1198 1663 1225 lectio
1671 1200 1709 1225 sic
1720 1199 1832 1226 habetur

1037 1239 1064 1266 in
1078 1240 1202 1268 omnibus
1214 1241 1324 1268 ontnino
1337 1249 1396 1268 cum
1412 1242 1497 1269 Editis
1519 1247 1572 1269 tum
1588 1244 1789 1278 manuscriptis,
1805 1249 1832 1272 et

1037 1285 1063 1311 in
1077 1285 1170 1312 eadem
1186 1285 1298 1313 Homilia
1313 1287 1390 1320 infra,
1407 1287 1459 1315 col.
1474 1287 1539 1321 285,
1554 1296 1624 1323 seq.,
1641 1289 1734 1316 eadem
1751 1290 1844 1317 lectio.

1037 1330 1078 1357 bis
1095 1331 1224 1366 repetitur
1238 1341 1244 1358 :
1260 1332 1295 1358 ita
1310 1336 1337 1359 ttt
1349 1333 1414 1359 nihil
1429 1333 1500 1360 dubii
1515 1334 1624 1362 subesse
1647 1336 1728 1369 possit
1738 1355 1746 1367 ,
1767 1337 1831 1370 quin

1038 1375 1080 1403 hic
1093 1376 1168 1404 locus
1180 1377 1218 1404 sic
1227 1385 1371 1412 expressus
1385 1378 1465 1406 fuerit
1479 1379 1504 1406 in
1518 1380 1662 1414 exemplari
1678 1389 1730 1415 qtto
1744 1382 1830 1417 Chry-

1036 1427 1169 1450 sostomus
1185 1424 1326 1451 utebatur:
1342 1432 1396 1459 quo
1408 1432 1471 1452 usus
1486 1431 1525 1452 est
1537 1426 1718 1454 etiatnauctor
1727 1428 1830 1462 Synop.

1035 1474 1113 1501 scus,
1127 1469 1183 1496 sive
1196 1469 1252 1504 ipse
1267 1469 1488 1505 Chrysostomus,
1512 1476 1539 1498 ut
1550 1479 1582 1499 ex
1598 1471 1648 1499 hoc
1661 1477 1688 1500 et
1709 1481 1740 1499 ex
1763 1481 1830 1508 pra:~

1034 1514 1190 1542 cedentibus
1210 1518 1372 1551 argumentis
1388 1517 1493 1551 probari
1511 1517 1626 1545 videtur.

1069 1560 1127 1588 Non
1140 1562 1269 1589 minorem
1289 1562 1500 1597 prxecedentibus
1514 1564 1696 1598 probationem
1710 1565 1828 1592 eruimus

1033 1615 1066 1635 ex
1079 1607 1192 1643 Synopsi
1203 1609 1398 1636 Deuteronomii
1407 1630 1416 1642 ,
1427 1610 1471 1637 ubi
1483 1609 1598 1637 dicitur:
1614 1609 1664 1637 Hic
1673 1611 1742 1645 jacet
1751 1611 1829 1643 illud,

1033 1654 1187 1682 Maledictus
1205 1656 1292 1682 omnis
1307 1656 1350 1691 qui
1367 1656 1463 1690 pendet
1478 1657 1503 1683 in
1519 1656 1598 1692 ligno.
1615 1657 1682 1689 Quia
1696 1666 1756 1692 ergo
1771 1666 1826 1684 nta-

1033 1700 1132 1727 ledictio
1145 1701 1244 1735 prolata
1264 1706 1318 1728 erat
1332 1701 1357 1728 in
1369 1709 1412 1728 eos
1429 1703 1473 1736 qui
1485 1711 1536 1729 non
1549 1703 1705 1730 observarent
1727 1702 1806 1737 legem
1817 1724 1825 1736 ,

1032 1746 1186 1774 Maledictus
1200 1747 1287 1774 omnis
1299 1747 1344 1782 qui
1359 1755 1412 1774 non
1426 1752 1516 1775 manet
1528 1748 1553 1774 in
1576 1748 1698 1781 omnibus
1720 1749 1827 1783 Scriptis

1032 1791 1058 1818 in
1069 1791 1119 1819 hoc
1130 1792 1213 1819 libro:
1228 1792 1260 1819 de
1269 1792 1322 1828 lege
1335 1792 1444 1827 loquitur
1455 1793 1565 1829 Moyses,
1583 1801 1628 1820 nec
1641 1798 1737 1827 poterat
1752 1794 1826 1821 Clu-i-

1031 1843 1083 1866 sta:
1096 1839 1122 1866 in
1135 1839 1200 1866 hunc
1211 1839 1338 1867 incurrere
1357 1839 1557 1867 maledictionem
1568 1847 1577 1866 :
1591 1840 1701 1874 impleuit
1715 1849 1825 1874 namque

1032 1885 1121 1920 legent,
1136 1886 1335 1913 maledictionem
1347 1887 1522 1913 ntaledictione
1534 1888 1695 1914 calumniari!
1704 1907 1712 1921 ,
1723 1895 1825 1921 stupen-

1031 1939 1075 1958 stts
1093 1932 1118 1958 in
1138 1932 1216 1967 ligno.
1237 1932 1294 1960 Hoc
1313 1933 1398 1968 ipsum
1422 1933 1542 1968 pluribus
1560 1934 1724 1960 enuntiatum
1743 1933 1824 1962 habes

1030 1977 1229 2005 Commentario
1242 1978 1268 2005 in
1282 1978 1428 2014 Epistolam
1441 1979 1474 2006 ad
1489 1978 1596 2006 Galatas
1608 2000 1615 2012 ,
1630 1980 1716 2014 capite
1728 1980 1745 2007 5
1755 2000 1762 2011 ,
1779 1980 1823 2007 ubi

1030 2031 1086 2050 rem
1105 2023 1223 2058 explicat
1232 2022 1287 2055 ille,
1296 2026 1334 2055 et,
1347 2031 1407 2057 qua:
1418 2022 1464 2051 hic
1475 2023 1597 2051 breviter
1607 2024 1715 2056 extulit,
1731 2024 1824 2052 multis

1029 2069 1154 2103 explanat
1172 2069 1270 2096 verbis.
1291 2069 1325 2096 lis
1339 2076 1402 2096 vero
1424 2068 1571 2096 referendis
1592 2068 1727 2096 brevitatis
1740 2077 1821 2097 causa

1028 2113 1199 2148 supersedeo.
1211 2114 1262 2142 Sed
1273 2115 1421 2142 studiosum
1434 2115 1560 2142 lectorem
1572 2114 1663 2141 hortor
1672 2135 1680 2147 ,
1692 2119 1721 2142 ut
1731 2114 1820 2142 laeum

1028 2159 1114 2194 ipsum
1128 2160 1222 2192 adeat,
1236 2165 1264 2188 et
1278 2168 1338 2188 meo
1358 2160 1476 2196 periculo
1497 2160 1532 2187 ibi
1554 2160 1774 2195 Chrysostomum
1788 2169 1820 2188 ea

1028 2205 1147 2240 pluribus
1168 2209 1338 2239 narrantem,
1359 2210 1386 2233 et
1407 2205 1529 2233 eumdem
1552 2205 1770 2241 Chrysostomum
1793 2206 1819 2233 in

1028 2249 1078 2278 hac
1092 2251 1206 2286 Synopsi
1219 2251 1354 2286 epitomen
1369 2259 1461 2278 eorutn
1477 2250 1644 2278 exhibentem
1661 2253 1816 2286 comperiet.

1062 2297 1163 2324 Auctor
1173 2297 1216 2324 hic
1226 2302 1316 2325 noster
1329 2297 1535 2333 Chrysostomus
1547 2297 1645 2332 passim
1656 2305 1716 2324 cum
1729 2297 1818 2324 Judaz-

1026 2342 1060 2375 is.
1070 2350 1183 2377 quorum
1196 2351 1306 2378 magnus
1320 2343 1467 2371 Antiochim
1481 2351 1607 2371 numerus
1619 2348 1693 2377 erat,
1704 2351 1817 2371 concer-

1026 2393 1073 2416 tat.
1085 2389 1153 2416 illud
1164 2389 1249 2423 ipsum
1262 2389 1287 2416 in
1300 2389 1349 2416 hac
1360 2389 1475 2425 Synopsi
1488 2389 1639 2424 frequenter
1649 2389 1816 2422 observatur,

1025 2433 1091 2461 nihil
1103 2434 1226 2462 obstante
1238 2434 1367 2462 brevitate
1376 2455 1384 2467 ,
1399 2442 1478 2469 quam
1492 2434 1532 2461 vel
1546 2442 1581 2461 ex
1597 2434 1655 2468 ipso
1668 2441 1718 2462 suo
1731 2435 1816 2461 nomi-

1024 2488 1058 2508 ne
1067 2480 1196 2516 Synopsis
1206 2481 1295 2516 exigit.
1308 2481 1456 2516 Aliquando
1466 2482 1545 2508 etiam
1557 2481 1614 2508 loca
1629 2481 1727 2508 indicat
1736 2502 1743 2512 ,
1755 2489 1816 2516 qua:

1024 2526 1126 2561 possint
1139 2532 1230 2554 contra
1250 2526 1356 2554 Judmos
1375 2526 1511 2561 usurpari,
1529 2530 1559 2553 ut
1573 2526 1599 2553 in
1612 2526 1726 2562 Synopsi
1738 2526 1814 2554 Jere-

1023 2572 1084 2600 mite
1093 2572 1151 2600 sic:
1170 2581 1179 2597 ι
1203 2572 1268 2599 Etsi
1281 2572 1378 2599 malutn
1390 2563 1516 2603 fecerint,
1532 2580 1584 2598 non
1599 2571 1693 2599 faciam
1707 2579 1758 2607 ego
1768 2573 1814 2599 bo-

1022 2626 1055 2646 na
1079 2627 1139 2654 qua:
1160 2619 1283 2653 loqutttus
1307 2626 1364 2646 sum
1385 2622 1415 2645 nt
1433 2618 1546 2645 facerem
1567 2618 1627 2645 illis.
1644 2617 1699 2645 Hoc
1722 2623 1815 2645 autem

1021 2669 1102 2700 caput
1110 2669 1202 2692 contra
1211 2664 1317 2692 ludat-os
1328 2664 1392 2691 utile
1402 2664 1454 2691 erit
1463 2684 1470 2697 ,
1481 2672 1541 2691 cum
1554 2663 1658 2697 dicent,
1672 2665 1812 2691 Dominum

1022 2711 1085 2746 ipsis
1098 2711 1167 2739 bona
1181 2711 1343 2746 promisisse.
1357 2710 1423 2738 Cum
1436 2710 1506 2738 enim
1520 2718 1572 2737 non
1584 2710 1745 2738 crediderint
1759 2711 1813 2737 Do-

1020 2757 1094 2784 mino
1109 2762 1201 2784 nostro
1214 2756 1276 2785 Iesu
1291 2756 1398 2784 Christo
1409 2776 1417 2790 ,
1435 2756 1484 2791 ipsi
1501 2756 1550 2783 sibi
1567 2757 1630 2791 ipsis
1643 2764 1721 2784 causa
1738 2756 1811 2783 fuere

1020 2803 1189 2838 praesentium
1210 2803 1350 2830 malorum.
1371 2811 1381 2828 ι

1054 2848 1235 2884 Chrysostomi
1255 2856 1351 2883 seopus
1364 2852 1403 2875 est
1424 2847 1515 2875 multis
1528 2848 1554 2874 in
1576 2848 1639 2875 locis
1650 2868 1656 2878 ,
1671 2852 1698 2874 et
1711 2847 1809 2874 ludatis

1018 2901 1043 2924 et
1060 2895 1214 2924 Christianis
1234 2895 1345 2930 probare
1358 2915 1364 2927 ,
1388 2898 1519 2929 praecepta
1542 2892 1691 2928 hujusmodi
1715 2893 1818 2926 legalis,
