2074 3126
245 163 294 192 3H

245 231 298 250 non
318 223 398 250 fuisse
412 226 482 249 tanta
497 222 622 256 religione
637 219 774 248 servanda.
791 218 857 252 Quin
873 218 951 245 etiant
966 224 1028 243 san-

245 274 302 296 ctos
316 268 388 296 viros
402 268 428 294 in
445 268 530 295 Veteri
546 267 715 293 Testamento
731 265 773 291 illa
789 264 867 290 facile
882 267 1028 296 transgres-

245 321 289 341 sos
304 321 378 346 esse,
400 314 522 348 queuiant
539 320 568 339 ea
580 333 587 344 ,
603 319 661 346 qua:
675 310 707 337 ad
723 311 801 337 ritum
816 309 968 343 cultumque
982 314 1030 334 ex-

245 360 373 389 teriorem
389 358 564 393 pertinebant,
575 364 628 383 non
641 363 699 383 esse
721 355 785 382 tanti
799 354 935 385 momenti,
948 357 975 380 et
989 352 1028 379 fa-

243 407 296 433 cile
306 404 552 440 posseprieterutitti
562 403 679 437 ptttabat.
689 402 732 429 Sic
744 402 769 428 in
778 401 869 428 Isaiam
879 407 967 434 supra,
976 399 1029 426 col.

248 451 280 478 I9
294 453 303 486 (
316 458 329 477 a
339 450 437 478 Graecis
450 449 594 476 referendis
608 447 743 475 brevitatis
755 454 833 473 causa
846 444 1006 481 supersedeo
1021 444 1030 478 )

250 497 379 532 legimus:
394 495 550 522 Ilolocansta
570 495 676 521 arietum
697 499 720 521 et
742 493 841 527 adipem
865 499 988 527 agnorum
1008 495 1031 517 cl

246 543 393 577 sanguinem
414 547 542 567 taurorum
563 545 585 566 et
612 540 739 566 hircorum
759 538 826 564 nolo.
849 537 876 564 ln
896 537 952 563 ltmc
968 543 1030 563 ver-

249 588 279 613 ba
298 585 502 621 Chrysostomus
518 586 552 612 ita
571 584 706 619 loquitur:
731 593 740 610 (
757 583 821 610 Nam
837 583 897 616 quia
917 580 1031 608 accusati

248 632 398 666 frequenter
408 652 416 664 ,
428 630 499 666 quod
511 630 614 658 cmteris
627 629 767 656 virtutibus
779 628 854 655 vacai
867 632 969 659 essent,
984 634 1032 660 pro

246 678 360 706 maxima
387 677 541 705 defensione
563 675 690 703 sacriﬁcia
710 673 904 704 obtendebant,
926 676 955 699 ιιι
973 679 1032 706 qum

247 725 399 759 frequenter
419 723 619 758 persolvebant,
645 722 740 748 merito
754 727 863 754 uterque
883 719 1010 754 propheta
1024 738 1031 751 ,

247 769 300 796 imo
315 769 401 804 potius
413 769 501 795 caeteri
521 775 613 794 omnes
626 767 659 794 ab
679 766 728 793 hac
748 765 900 793 defensione
914 764 972 790 illos
986 771 1032 790 ex-

248 815 365 842 turbant.
380 814 456 842 Unde
471 814 576 849 planum
590 818 630 840 est
644 820 673 839 ea
688 819 741 839 non
754 819 812 838 esse
829 818 876 845 per
890 817 918 836 se
939 809 1033 844 proici-

250 869 300 894 pue
314 862 454 888 constituta
464 881 472 894 ,
484 860 530 887 sed
544 863 572 886 ut
584 859 616 885 ad
631 862 732 885 rectum
746 857 806 883 vitae
821 856 968 883 institutum
982 861 1033 881 οω-

251 913 372 942 terasque
390 907 499 934 virtutes
513 905 573 932 illos
588 903 759 931 deducerent.
777 911 785 928 t
804 901 974 935 Expositione
988 907 1034 926 au-

251 958 302 979 tem
318 953 344 979 iit
359 952 487 986 psalmum
500 951 545 983 I5,
561 950 636 976 'l'om.
651 949 683 982 ιτ,
695 948 746 975 eol.
762 947 812 974 167
827 955 892 981 ειμι,
909 950 980 972 totus
994 949 1034 971 est

249 1005 280 1024 ea
295 998 319 1024 in
335 1004 363 1023 re
376 996 519 1031 probanda,
529 995 644 1029 dicitque
656 997 814 1029 prmccptuin
828 992 861 1018 de
875 991 983 1018 sabbato
992 997 1035 1016 so-

251 1044 333 1070 lutunt
344 1042 434 1074 fuisse,
443 1050 502 1069 cuttt
511 1041 622 1076 populus
634 1048 681 1075 per
690 1043 790 1074 septem
798 1038 854 1065 dies
860 1042 978 1065 armatus
987 1037 1036 1064 sub

250 1088 329 1115 Josne
342 1088 407 1120 fuit;
421 1095 480 1114 nant
492 1090 594 1120 septeut
608 1085 727 1113 continui
741 1084 797 1111 dies
814 1083 963 1110 necessario
976 1081 1035 1109 sab-

252 1134 341 1161 batum
357 1132 502 1160 includunt.
517 1132 579 1158 Ηωο
592 1130 737 1165 szrpissime
747 1129 868 1157 decantat
877 1127 1037 1163 Chrysosto-

254 1187 321 1206 ntus.
341 1178 368 1205 lit
386 1178 500 1213 Synopsi
521 1181 608 1205 autem
624 1176 682 1202 libri
699 1175 777 1202 .Iosue
793 1174 857 1201 infra
873 1174 911 1201 sic
924 1172 1037 1200 dilucide

254 1224 370 1259 loquitur
383 1232 389 1250 :
401 1223 491 1250 «Tunc
501 1222 578 1250 Iesus
592 1221 683 1249 cultris
697 1220 806 1255 lapideis
813 1219 978 1246 circumcidit
990 1218 1037 1245 .lu-

253 1270 342 1297 IlLBOS:
357 1269 418 1304 quia
429 1268 597 1303 quadraginta
608 1267 683 1293 annis
695 1270 814 1293 versatus
824 1264 909 1291 fuerat
919 1264 1000 1291 Israel
1011 1264 1037 1291 in

254 1318 359 1343 deserto
373 1324 379 1342 :
396 1315 506 1349 ideoque
529 1313 605 1340 multi
628 1320 720 1340 eorutn
733 1311 888 1339 bellatorum
900 1331 906 1342 ,
923 1310 966 1344 qui
988 1309 1038 1336 ob-

252 1358 640 1393 icrant,incircumcisierant.
647 1355 701 1381 Pro
711 1357 761 1383 illis
773 1355 908 1383 substituit
922 1355 991 1382 Deus
1005 1354 1035 1380 Ii-

254 1406 303 1432 lios
316 1412 424 1437 eoruut,
441 1411 507 1438 quos
520 1403 597 1430 Jesus
609 1401 790 1429 circumcidit:
807 1401 876 1436 quod
892 1400 940 1435 ipsi
956 1400 1037 1427 incir-

254 1452 363 1479 I'UlllClSl
377 1450 569 1478 ntansi-ssentin
579 1449 630 1476 via.
643 1449 716 1476 Tunc
732 1448 793 1474 fecit
806 1447 905 1474 lﬁtscha
921 1451 983 1474 :eta
995 1447 1038 1473 die

253 1506 304 1532 qua
312 1497 483 1525 comederunt
490 1503 581 1531 azyma
589 1503 621 1523 ex
631 1494 760 1521 frumento
770 1497 845 1519 terrm
855 1492 933 1525 illius,
943 1492 1038 1519 defecit

255 1550 358 1570 manna.
370 1542 480 1570 Jubetur
489 1541 566 1568 Jcsus
578 1541 680 1567 solvere
690 1539 897 1566 calceamentum
909 1545 997 1570 suum,
1011 1542 1038 1564 et

253 1589 366 1616 circuire
377 1588 483 1616 Jcriclto
496 1595 555 1614 cum
565 1587 732 1614 tubisetarca
743 1590 844 1619 septem
860 1585 952 1611 diebus
964 1593 970 1610 :
985 1592 1038 1619 qtto

254 1639 360 1667 peracto
371 1641 418 1668 per
431 1641 460 1660 se
474 1633 540 1660 muri
550 1631 712 1659 ceciderunt.
726 1630 890 1658 Manifestum
904 1630 990 1664 itaque
998 1633 1039 1656 est

251 1682 306 1715 jam
318 1685 378 1706 tunc
391 1683 505 1712 cmptum
520 1685 579 1704 esse
591 1677 660 1703 solvi
679 1676 817 1702 sabbatum
830 1683 837 1701 :
854 1674 1038 1709 undecumque

255 1725 355 1754 initiutn
363 1725 425 1759 quis
434 1725 531 1755 ducat,
547 1729 654 1749 necesse
673 1726 714 1749 est
732 1721 869 1748 sabbatum
885 1719 1002 1748 incidere
1012 1719 1038 1746 in

253 1771 354 1807 septem
376 1773 434 1799 illos
446 1772 512 1799 dies.
533 1780 542 1797 ι
559 1769 655 1798 Statuit
669 1776 732 1803 ergo
744 1767 947 1803 Cltrysostomus
972 1774 1039 1801 prte-

254 1823 329 1852 cepta
341 1817 383 1843 illa
396 1817 429 1844 ad
441 1816 599 1844 exteriorem
611 1816 710 1843 cultum
722 1813 878 1849 pertinentia
889 1833 895 1845 ,
909 1821 960 1839 non
975 1812 1038 1838 fuis-

255 1871 283 1890 se
297 1863 364 1890 vela
382 1863 480 1889 sanctis
495 1862 556 1888 viris
572 1865 642 1887 tattta
661 1861 789 1895 religione
809 1863 930 1891 servata,
946 1863 974 1885 ut
987 1858 1039 1885 cir-

255 1909 382 1936 cumcisio
396 1913 423 1935 et
436 1908 583 1935 sabbatum.
597 1906 625 1933 In
636 1907 681 1934 his
692 1907 780 1941 utique
794 1914 847 1933 tton
866 1906 946 1933 alium
959 1912 1038 1940 quam

255 1955 471 1991 Chrysostonmm
492 1945 635 1989 agnoscere
649 1961 774 1988 possum;
789 1953 851 1988 quid
865 1961 928 1980 vero
941 1953 963 1979 si
978 1959 1038 1980 cum

256 2005 294 2028 tot
308 2001 367 2027 aliis
380 2001 541 2035 argumentis
556 2000 605 2027 ltoc
617 2000 695 2026 etiam
717 1999 863 2033 adiungas?
887 1999 955 2026 Alibi
969 2007 1036 2033 quo-

255 2054 307 2081 que
322 2046 347 2073 in
356 2046 408 2073 hac
417 2044 535 2081 Synopsi
545 2045 600 2072 loca
612 2045 728 2079 reperias
738 2065 745 2077 ,
757 2045 800 2071 ubi
812 2044 923 2078 scriptor
933 2052 963 2071 se
977 2052 1036 2071 eum

254 2092 352 2119 Judmis
366 2099 437 2126 saepe
451 2099 557 2118 manum
572 2098 713 2117 conserere
727 2090 884 2117 Subindicat.

290 2138 389 2166 Practer
404 2138 459 2164 lucc
472 2141 626 2172 argumenta
637 2157 643 2168 ,
657 2144 716 2171 qua:
730 2144 792 2162 sane
806 2135 964 2162 validissima
980 2143 1038 2162 esse

256 2192 334 2212 nemo
346 2191 360 2210 a
374 2183 543 2218 pmjudicala
563 2183 689 2217 opinione
702 2182 769 2209 liber
782 2189 833 2208 non
848 2181 972 2213 fateatur,
987 2182 1038 2209 alia

256 2230 325 2256 forte
338 2229 439 2256 minora
448 2248 456 2260 ,
471 2228 517 2255 sed
530 2235 588 2262 quze
601 2227 635 2255 ob
654 2228 826 2262 frequentiam
837 2247 844 2260 ,
859 2232 884 2254 et
898 2227 1035 2261 repetitam

257 2275 380 2310 loquendi
402 2274 582 2309 probandique
603 2273 802 2301 similitudinem
819 2281 866 2307 pro
880 2273 1039 2308 Chrysosto-

257 2329 300 2348 ttto
316 2324 449 2355 pugnent,
466 2319 507 2346 hic
520 2327 664 2353 congerere
677 2319 781 2345 animus
793 2324 843 2345 est.
864 2318 938 2345 Initio
952 2318 1039 2353 Syno-

258 2367 311 2400 psis
324 2366 457 2394 Geucscos
472 2365 549 2398 dicit,
565 2365 634 2391 ﬁlios
647 2365 691 2391 Dei
706 2364 731 2391 itt
745 2364 840 2391 Genesi
856 2364 906 2391 dici
920 2371 980 2396 eos,
995 2365 1039 2398 qui

257 2422 270 2438 a
285 2412 367 2440 Sctlto
380 2413 430 2439 orti
444 2416 536 2444 erant,
551 2417 578 2438 et
588 2411 657 2438 ltunc
671 2411 756 2437 locotn
771 2411 866 2438 Psalmi
878 2411 968 2442 affert,
984 2410 1040 2445 Ego

257 2458 324 2487 diri.
341 2458 376 2484 dii
390 2457 456 2484 estis.
472 2457 586 2491 ldipsunt
600 2464 663 2483 vero
677 2456 792 2490 pluribus
805 2455 867 2483 dicit
883 2455 994 2482 Ilomilia
1006 2455 1042 2482 22

257 2503 283 2529 in
299 2503 440 2535 chcsim,
457 2503 534 2529 allato
549 2502 642 2529 eodem
666 2501 762 2528 Psalmi
786 2501 853 2527 loco.
876 2500 915 2527 Ex
937 2500 1041 2527 Ilcbero

259 2547 414 2574 Ilebraicam
429 2548 541 2581 linguam
556 2555 651 2574 nomen
666 2546 798 2581 accepisse
812 2546 875 2572 dicit
888 2545 931 2572 hic
947 2545 1041 2572 eodem

259 2594 314 2619 fere
326 2591 412 2624 modo,
423 2600 475 2626 quo
491 2592 516 2618 ιιι
530 2591 664 2622 Genesim.
677 2591 753 2618 Tom.
766 2591 810 2624 IV,
825 2591 878 2618 col.
892 2591 954 2618 279.
966 2591 1042 2624 Quod

258 2638 290 2663 ad
299 2637 413 2664 decimas
420 2641 521 2671 spectat
528 2644 592 2671 quas
600 2637 693 2664 obtulit
700 2637 831 2664 Abraham
840 2636 1042 2669 Mclcltisedeco,

259 2683 351 2710 eadem
368 2683 472 2709 brevius
486 2682 528 2709 ltic
542 2682 605 2713 dicit
619 2690 678 2717 quat
693 2683 718 2709 in
737 2683 934 2709 Commentario
953 2683 978 2709 in
992 2682 1044 2710 Ce-

261 2728 344 2754 nesint
355 2747 363 2760 ,
376 2727 428 2754 col.
440 2727 501 2758 527,
513 2727 574 2759 5‘28,
589 2727 682 2754 eodem
696 2727 776 2754 allato
790 2728 819 2754 Β.
835 2727 908 2754 Pauli
923 2727 990 2754 loco.
1007 2727 1044 2754 De

260 2773 364 2801 filiabus
373 2773 423 2800 Lot
434 2773 500 2800 idem
513 2773 554 2800 ltic
565 2773 732 2807 paucioribus
745 2773 808 2800 dicit
821 2794 828 2806 ,
843 2772 911 2807 quod
926 2773 1044 2807 pluribus

257 2825 351 2849 narrat
364 2821 391 2848 in
405 2819 526 2847 Genesim
540 2839 546 2851 ,
562 2819 612 2846 col.
636 2817 767 2845 «ΗΟ-ΗΞ.
789 2818 852 2844 llem
866 2818 899 2844 dc
914 2818 1044 2845 sacriﬁcio

260 2865 371 2893 Abraba:
388 2865 545 2901 compendio
558 2868 647 2892 narrat
663 2872 692 2903 ea
703 2885 710 2898 ,
725 2871 782 2898 quae
803 2863 859 2890 fuse
881 2863 994 2898 explicat
1016 2863 1040 2889 in

841 157 1002 186 DIATRIBA
1023 155 1054 183 IN
1075 155 1252 184 SYNOPSIN.

1819 151 1873 181 319

1083 213 1218 247 Genesim,
1237 214 1289 240 col.
1305 214 1366 240 451.
1387 212 1545 247 Allegoriam
1565 211 1599 239 de
1622 211 1758 239 Natalibus
1773 210 1873 238 Phares

1083 264 1110 287 et
1123 260 1196 287 Zarae
1208 259 1300 286 eodem
1314 258 1391 285 modo
1403 258 1445 285 ltic
1456 258 1570 292 explicat
1579 262 1659 291 atque
1674 256 1877 283 Commentario

1083 306 1109 332 in
1134 306 1267 337 Geuesim,
1295 304 1346 331 eol.
1374 304 1445 336 554,
1472 303 1535 331 555.
1560 303 1587 329 Id
1608 302 1678 338 quod
1702 302 1773 329 circa
1794 302 1873 329 ﬁnem

1084 355 1210 391 Synopsis
1222 355 1357 383 Geneseos
1371 353 1434 380 dicit
1447 351 1571 379 Sieintam
1587 358 1601 377 a
1618 351 1751 385 Symeone
1769 354 1796 377 ct
1811 350 1872 377 Levr

1082 406 1185 435 captam
1197 400 1278 428 fuisse
1288 421 1295 432 ,
1310 400 1422 434 'nlipsum
1443 401 1532 424 narrat
1552 397 1673 430 pluribus
1686 396 1783 422 Ilomil.
1799 395 1832 423 59
1847 396 1872 422 in

1083 444 1216 475 Geo.,col.
1234 444 1295 476 5I6,
1317 445 1377 471 5I7.
1394 445 1456 471 llaec
1470 452 1549 478 porro
1560 443 1638 470 lectio
1653 443 1746 477 capitis
1759 441 1810 475 49,
1827 441 1872 475 I0,

1083 499 1142 525 qua:
1155 491 1181 517 in
1196 489 1308 526 Synopsi
1323 490 1361 517 sic
1374 490 1453 517 habet
1464 511 1472 524 ,
1486 490 1565 517 donec
1578 489 1660 516 veniat
1679 489 1700 516 is
1720 489 1760 514 cui
1773 488 1872 522 reposi-

1084 536 1136 563 timt
1146 541 1196 568 est,
1212 544 1318 570 semper
1332 536 1371 563 sic
1382 536 1491 563 effertur
1504 543 1518 562 a
1532 535 1741 569 Chrysostomo;
1755 533 1799 560 alii
1809 540 1873 560 vero

1084 583 1226 617 scriptorcs
1237 583 1338 609 variant
1348 591 1354 608 :
1367 590 1426 608 naut
1439 581 1544 616 quidant
1554 581 1604 607 ltoe
1612 580 1670 614 ipso
1677 579 1756 606 ntodo
1768 579 1872 613 legunt;

1084 629 1129 656 alii
1139 636 1212 661 vero,
1222 629 1299 655 donec
1308 629 1406 655 veniant
1419 635 1474 663 qua:
1485 627 1523 654 illi
1531 627 1640 661 reposita
1653 630 1718 652 sunt.
1729 624 1756 651 ln
1769 624 1872 655 Exodo,

1084 674 1154 709 quod
1167 673 1262 701 dicitur
1275 673 1300 700 in
1314 672 1438 708 Synopsi,
1449 680 1542 699 manus
1551 672 1648 707 Moysis
1663 675 1802 703 extensas,
1815 678 1874 704 qum

1085 720 1221 746 victoriam
1244 719 1370 746 Israelitis
1384 722 1552 752 pepererunt,
1565 718 1674 752 ﬁgurant
1685 716 1771 743 crucis
1782 716 1872 747 fuisse,

1087 764 1136 792 hoc
1147 766 1231 800 ipsum
1247 765 1327 792 refert
1339 764 1555 797 Chrysostomus,
1572 762 1670 789 Ilomil.
1686 762 1711 788 in
1722 761 1785 788 illud
1799 770 1805 787 :
1822 761 1874 787 I’a'

1086 817 1137 844 ter,
1152 812 1174 838 si
1188 811 1305 846 possibile
1319 815 1353 837 est
1363 830 1370 843 ,
1390 810 1465 836 Tom.
1487 809 1530 841 Ill,
1544 808 1596 835 col.
1609 808 1651 835 56.

1122 857 1197 884 Dicet
1209 855 1322 883 fortasse
1342 855 1473 889 quispiam
1491 863 1497 881 :
1514 854 1542 880 Si
1556 854 1613 880 ltmc
1633 852 1761 888 Synopsis
1779 852 1873 886 genui-

1087 910 1150 929 nunt
1163 902 1197 928 sit
1208 901 1392 937 Chrysostonti
1407 908 1483 935 opus,
1500 907 1547 926 cur
1560 907 1574 925 a
1592 899 1708 931 nomine,
1729 898 1798 933 quod
1814 898 1875 932 qui-

1085 949 1147 976 dem
1170 949 1303 980 sciamus,
1330 951 1474 974 mentorata
1505 945 1563 973 est?
1585 953 1632 972 cur
1656 949 1756 971 tantunt
1777 945 1809 971 de
1830 944 1875 970 illo

1087 1002 1168 1030 opere
1193 994 1262 1028 apud
1287 1000 1380 1020 omnes
1403 991 1604 1019 Ecclesiastieos
1627 991 1771 1025 scriptores
1793 990 1875 1017 silen-

1088 1040 1170 1067 tium?
1187 1039 1284 1066 Verum
1302 1046 1353 1065 non
1369 1037 1488 1072 estquod
1503 1042 1611 1072 stupeas
1622 1037 1655 1064 de
1669 1041 1742 1063 tanto
1755 1036 1875 1066 silentio.

1088 1086 1193 1121 quando
1206 1093 1238 1112 ne
1258 1085 1386 1112 decimam
1408 1084 1515 1118 quidem
1535 1087 1635 1118 partem
1661 1090 1770 1117 operum
1791 1082 1877 1117 Chry-

1088 1131 1209 1163 sostomi,
1225 1138 1284 1165 qua:
1300 1137 1370 1157 nunc
1384 1134 1497 1162 exstant,
1510 1137 1523 1154 a
1533 1129 1629 1155 Pltotio
1642 1129 1798 1162 cmteriSque
1812 1129 1878 1155 scri-

1090 1176 1210 1210 ptoribtts
1225 1180 1398 1202 ntcntoratam
1410 1174 1588 1209 comperimus
1599 1181 1605 1205 ;
1617 1173 1650 1200 dc
1662 1173 1703 1200 Itis
1716 1178 1804 1200 autent
1815 1181 1877 1208 ope-

1089 1222 1161 1248 ribus
1173 1221 1276 1255 loquor,
1285 1229 1343 1255 qua:
1357 1228 1480 1254 germana
1496 1227 1555 1247 esse
1570 1219 1639 1255 apud
1651 1219 1771 1246 eruditos
1784 1227 1877 1246 ontnes

1089 1267 1115 1294 in
1129 1267 1251 1295 confesso
1275 1272 1325 1294 cst.
1340 1267 1431 1301 Neque
1448 1266 1572 1300 estquod
1598 1266 1726 1292 mirentur
1747 1265 1797 1293 hoe
1810 1274 1877 1300 opus

1089 1313 1156 1340 adeo
1171 1313 1319 1348 neglectum
1337 1312 1428 1345 fuisse,
1446 1318 1474 1338 ut
1486 1311 1543 1346 ejus
1561 1319 1622 1346 pars
1636 1311 1749 1338 maxima
1773 1311 1878 1338 excide-

1089 1359 1137 1391 rit,
1163 1366 1196 1386 ex
1219 1359 1306 1386 Veteri
1330 1366 1424 1392 nempe
1446 1358 1618 1385 Testamento
1641 1357 1761 1392 qmcdam
1785 1362 1812 1384 et
1835 1358 1876 1385 illa

1090 1405 1179 1432 omnia
1195 1413 1252 1440 qua:
1266 1405 1298 1431 ad
1311 1405 1413 1432 Novum
1430 1403 1768 1440 pertinebant.llujusmodi
1780 1404 1877 1438 quippe

1089 1452 1194 1486 generis
1204 1451 1301 1486 scripta
1310 1450 1393 1478 Graeci
1407 1450 1548 1477 admodum
1558 1450 1735 1484 negligebant,
1755 1449 1876 1476 ltontihas

1091 1504 1156 1523 vero
1171 1501 1225 1523 tum
1240 1504 1326 1530 veras,
1339 1500 1393 1523 tunt
1408 1497 1520 1530 spurias,
1531 1494 1701 1522 libentissime
1716 1495 1875 1522 scribebant.

1089 1541 1155 1568 Nam
1179 1547 1318 1576 utrumque
1339 1542 1538 1569 Testautentnm
1562 1541 1626 1568 sica
1641 1540 1828 1576 Chrysostomo
1850 1543 1877 1568 in

1089 1588 1274 1622 compendium
1299 1588 1434 1616 redactum
1454 1588 1535 1615 fuisse
1554 1587 1631 1615 docet
1644 1587 1797 1615 Protheoria
1819 1587 1875 1620 illa,

1089 1641 1168 1668 quam
1184 1633 1255 1661 solus
1268 1633 1348 1660 habet
1362 1633 1450 1660 Codex
1465 1633 1649 1661 Coislinianns.
1668 1634 1695 1661 Si
1707 1633 1771 1660 Novi
1784 1631 1878 1660 Testa-

1090 1679 1173 1706 menti
1186 1678 1315 1714 Synopsis
1336 1685 1497 1713 superesset,
1514 1680 1596 1706 multa
1609 1680 1677 1707 Itaud
1693 1680 1771 1707 dubie
1782 1679 1878 1712 depre-

1091 1724 1278 1757 ltcnderemus,
1296 1733 1355 1759 qum
1367 1725 1463 1752 Joanni
1485 1725 1678 1760 Chrysostomo
1698 1730 1780 1752 totam
1793 1725 1878 1759 Syno-

1090 1771 1148 1806 psin
1163 1776 1323 1798 assererem.
1348 1771 1412 1798 Nam
1424 1776 1548 1805 quautam
1565 1776 1641 1806 putas
1654 1770 1814 1805 diligentiam
1830 1769 1878 1796 ad-

1091 1816 1208 1843 hibuisse
1234 1817 1305 1842 illuttt
1329 1817 1354 1842 in
1379 1817 1532 1849 tractandis,
1551 1821 1630 1851 atqtte
1651 1817 1676 1843 in
1691 1815 1876 1850 compendium

1091 1861 1241 1897 redigendis
1259 1862 1287 1888 Β.
1305 1862 1380 1888 Pauli
1401 1862 1542 1896 Epistolis?
1563 1863 1646 1895 Quam
1661 1863 1802 1897 Scripturie
1817 1870 1879 1896 par-

1091 1913 1144 1936 tem
1157 1914 1183 1936 et
1198 1908 1360 1943 frequentius
1378 1908 1508 1940 adhibuit,
1522 1914 1545 1935 et
1561 1909 1635 1943 qttasi
1652 1908 1878 1942 prmeipuamubi-

1091 1962 1143 1990 que
1157 1955 1316 1986 celebravit;
1331 1955 1351 1981 si
1367 1959 1453 1981 tanien
1469 1954 1531 1988 quid
1548 1954 1708 1988 praecipuum
1728 1953 1779 1980 dici
1796 1953 1878 1988 possit

1092 2000 1117 2027 in
1132 2000 1174 2033 iis,
1190 2008 1248 2033 qua:
1269 2000 1381 2034 primum
1399 2004 1534 2027 auctorem
1551 1999 1677 2034 Spiritum
1701 2004 1819 2025 sanctunt
1830 1998 1878 2024 lia-

1091 2046 1164 2074 bent.
1181 2046 1240 2072 Illas
1252 2050 1324 2073 certe
1338 2046 1469 2080 Epistolas
1482 2046 1548 2073 adeo
1563 2048 1588 2072 in
1603 2050 1700 2078 mente,
1713 2045 1738 2072 in
1750 2046 1877 2072 memoria

1091 2092 1225 2124 versabat,
1243 2097 1269 2118 ut
1283 2099 1329 2120 eas
1344 2092 1439 2128 ubique
1452 2098 1478 2120 ct
1491 2092 1583 2128 quavis
1598 2092 1704 2119 ntittitna
1725 2091 1783 2118 data
1798 2099 1878 2118 occa-

1092 2139 1166 2165 sione
1187 2137 1326 2165 adhiberet
1341 2138 1366 2164 lll
1384 2139 1499 2165 liomiliis
1512 2139 1537 2165 in
1557 2138 1668 2173 aliisque
1688 2137 1810 2172 operibus
1832 2145 1880 2164 eu-

1089 2185 1172 2220 jusvis
1192 2185 1307 2219 generis.
1330 2185 1392 2212 Inde
1414 2189 1470 2216 est.
1490 2189 1518 2211 tit
1531 2185 1557 2212 in
1574 2184 1872 2220 Synopsil’entaleuclii

1092 2238 1162 2264 saepe
1172 2230 1282 2257 Paulum
1290 2231 1382 2258 videas
1392 2231 1416 2257 in
1427 2229 1541 2257 ttteditnn
1552 2229 1657 2262 adduci,
1669 2230 1693 2255 iit
1709 2229 1741 2255 iis
1753 2227 1877 2254 nimirum

1094 2270 1264 2303 Pentateuclli
1286 2276 1360 2308 locis,
1373 2284 1432 2310 quzu
1445 2275 1541 2302 Paulus
1556 2275 1581 2301 in
1598 2275 1722 2309 Epistolis
1735 2274 1790 2300 suis
1800 2272 1878 2299 adhi-

1093 2321 1194 2349 buerat.
1214 2321 1341 2356 Quodque
1360 2321 1598 2355 singularissiutnnt
1618 2326 1668 2353 est,
1683 2320 1708 2346 in
1723 2318 1879 2346 Protlteoria

1093 2376 1151 2401 Sua,
1172 2368 1216 2395 ubi
1238 2368 1319 2394 libros
1338 2367 1402 2394 Novi
1424 2367 1596 2398 Testamenti,
1620 2374 1686 2400 quos
1708 2365 1733 2392 in
1747 2364 1879 2399 Synopsin

1095 2414 1243 2448 redegerat,
1266 2417 1422 2446 recenset,a
1437 2413 1635 2447 quatuordeeim
1659 2411 1782 2446 Epistolis
1805 2409 1879 2437 Pauli

1094 2459 1231 2485 exordinnt
1256 2457 1345 2490 ducit,
1367 2458 1490 2492 ipsasque
1515 2457 1649 2492 praemitlit
1676 2457 1740 2491 ipsis
1767 2460 1883 2490 quatuor

1095 2503 1246 2537 Evangeliis
1265 2507 1291 2530 et
1302 2502 1489 2537 Apostolorttnt
1501 2503 1612 2529 aclibus.
1626 2501 1700 2529 Unde
1710 2501 1821 2527 fortasse
1831 2508 1883 2527 tto-

1095 2557 1157 2575 vum
1173 2548 1303 2583 quispiam
1317 2553 1501 2582 argumentum
1516 2552 1592 2575 cruat
1604 2548 1635 2574 ad
1650 2547 1781 2582 Synopsin
1796 2546 1884 2581 Chry-

1095 2599 1214 2622 sostomo
1229 2593 1408 2625 asserendam,
1419 2594 1462 2628 qui
1476 2601 1527 2620 non
1544 2594 1626 2621 semel
1640 2593 1748 2620 Paulum
1764 2600 1793 2619 se
1803 2592 1884 2619 vehe-

1097 2643 1199 2666 menter
1212 2646 1302 2665 amare
1323 2638 1472 2672 profitetur,
1485 2643 1512 2665 ct
1527 2639 1583 2672 plus
1601 2638 1674 2665 Pauli
1691 2637 1764 2664 libris
1778 2641 1804 2664 et
1817 2637 1885 2664 actis

1097 2685 1189 2715 utitur,
1201 2691 1279 2718 quam
1293 2684 1396 2710 caeteris
1409 2683 1553 2717 Scriptura:
1566 2690 1648 2710 sacra:
1661 2683 1734 2710 libris
1748 2682 1797 2718 (α).

1131 2730 1233 2765 Stylum
1248 2734 1333 2756 autem
1345 2729 1414 2764 quod
1427 2733 1538 2763 spectat,
1551 2728 1723 2763 proﬂuentem
1738 2728 1807 2755 illam
1821 2735 1887 2754 ver-

1096 2776 1192 2803 borum
1205 2779 1232 2802 et
1243 2774 1443 2802 similitudinum
1460 2774 1574 2808 copiam,
1587 2782 1639 2809 qua
1657 2773 1693 2801 uti
1714 2773 1782 2801 solet
1797 2773 1890 2808 Chry—

1131 2865 1167 2896 (a)
1185 2864 1237 2889 Vid.
1248 2865 1311 2889 'I‘omi
1322 2862 1392 2894 huius
1405 2862 1492 2894 νηνεῐᾴ
1505 2866 1538 2888 Itl.
