2074 3126
189 186 237 214 ﬁll
246 187 252 192 '
811 181 971 209 DlATRIBA

1046 180 1221 210 sworsm.
1442 167 1445 169 ’
1781 186 1846 213 διες.

189 247 335 273 sostomus,
353 241 380 268 in
402 231 516 276 Synopsi
529 243 556 268 et
569 239 726 275 compendio
748 239 898 273 exquirere,
921 239 984 266 illud

191 293 265 316 esset
278 287 375 315 nodum
391 287 417 314 in
432 287 520 318 scirpo
539 293 668 320 (interere.
687 285 785 312 Verum
801 284 882 312 dictio
896 284 984 320 Chry-

189 334 302 361 sostomi
320 340 379 360 esse
391 330 610 367 deprehenditur,
626 331 661 357 ita
676 338 752 365 pura,
765 329 836 357 clara
851 329 985 364 nitidaque

189 384 240 406 est.
258 379 314 406 Etsi
332 385 396 406 vero
413 385 457 405 res
470 376 629 412 compendio
649 375 755 408 referat,
780 375 923 410 aliquando
944 379 986 402 ta-

189 433 251 453 men
273 425 446 460 interpretem
455 423 519 459 agit,
533 430 578 450 res
591 423 716 457 explicat,
735 427 762 449 et
774 422 824 449 alia
840 422 985 456 Scriptura:

189 471 357 505 maximeque
376 469 452 497 Pauli
467 470 525 496 loca
539 468 617 496 affert
631 468 664 495 ad
680 468 894 503 explanationem
913 472 984 503 apta.

188 517 244 544 Nec
265 517 345 544 nimis
363 516 453 551 jejuna
474 515 603 551 Synopsis
622 519 682 548 est,
697 515 745 542 sed
765 515 790 542 iu
805 515 986 542 Pentateucho

188 563 305 590 maxime
322 562 393 597 justa
407 569 474 596 pene
483 560 645 596 longitudine
659 560 796 588 historiam
807 560 883 593 texit,
893 565 923 588 ut
937 567 985 588 ex-

188 608 314 643 emplaris
324 608 383 635 loco
391 607 440 635 hac
450 608 476 634 in
490 611 565 642 parte
575 606 665 634 haberi
677 607 769 642 possit.
779 607 930 635 Verisimile
943 615 986 634 au-

189 660 244 683 tem
257 659 298 683 est
311 656 395 690 ipsum
407 654 440 682 ad
453 662 527 682 usum
542 661 619 681 Suum
636 657 719 681 totam
731 654 894 688 Scripturam
908 654 947 681 sic
959 654 985 681 iu

188 700 322 736 Synopsiu
337 704 416 735 atque
429 699 617 734 compendium
627 698 773 734 redegisse.
789 699 817 726 Si
829 707 909 735 porro
919 699 986 727 Novi

188 748 352 776 Testameuti
362 747 491 783 Synopsis
501 746 643 782 aliquando
655 754 688 774 ex
703 747 820 775 tenebris
832 747 984 780 emerserit,

195 793 256 821 inde
268 801 346 826 nova,
359 798 387 820 ut
399 793 466 825 dixi,
475 792 619 829 prodibunt
633 796 805 827 argumenta,
820 793 895 828 queis
907 800 986 821 verus

193 840 274 866 totius
289 839 440 875 Synopseos
450 843 543 866 auctor
561 838 784 872 deprehendatur.
801 839 840 866 Ex
855 839 887 866 iis
896 843 985 867 autem

186 893 250 919 quae
257 887 415 919 supersunt,
423 888 450 911 et
459 891 490 911 ex
500 883 686 919 Manuscriptis
697 889 772 912 eruta
781 889 851 918 sunt,
869 884 986 921 Chryso-

189 934 305 957 stomum
318 937 387 963 esse,
397 930 559 965 argumentis
571 930 597 956 in
612 930 728 956 medium
740 930 837 962 allatis,
850 930 960 965 probavi
975 939 983 957 :

165 978 166 983 ‘
189 985 243 1003 non
258 977 293 1004 ita
307 981 394 1004 tamen
407 982 434 1003 ut
444 984 501 1003 rem
521 975 665 1010 perfectam
680 976 881 1011 absolutamque
895 977 987 1004 existi-

189 1030 270 1050 mem.
286 1023 457 1050 Eruditorum
469 1022 701 1057 quippejudicium
712 1026 840 1057 exspecto
853 1032 860 1050 :
872 1030 933 1049 nam
943 1031 986 1051 res

189 1068 298 1103 majoris
306 1073 346 1096 est
359 1069 485 1096 momenti
494 1075 571 1104 quam
582 1072 611 1094 ut
618 1068 700 1102 possit
709 1068 787 1095 unius
798 1069 934 1103 scriptoris
942 1069 986 1103 ju~

188 1114 258 1142 dicio
269 1115 368 1148 dirimi,
380 1120 407 1142 et
420 1115 520 1150 absque
542 1115 723 1142 controversia
739 1122 798 1142 esse
809 1115 984 1149 pronuntiari.

224 1160 354 1188 Restatut
369 1161 402 1189 dc
416 1161 532 1196 Synopsi
551 1159 697 1194 Scriptura:
719 1160 763 1187 illa
783 1168 901 1195 agamus,
926 1168 985 1195 qua:

189 1207 259 1235 inter
280 1208 418 1236 Athanasii
438 1208 524 1243 Opera
546 1205 741 1240 circumfertur,
757 1214 899 1242 quamque,
923 1207 985 1235 licet

1039 239 1173 274 diligentis
1191 239 1327 273 scriptoris
1340 246 1407 273 opus
1420 239 1463 270 sit,
1477 238 1614 266 Athanasii
1628 247 1680 267 non
1696 248 1756 268 esse
1770 249 1835 276 pro-

1039 285 1160 312 bavimus
1179 285 1255 312 Tom.
1268 284 1296 311 2.
1313 284 1357 311 Illa
1369 292 1432 312 vero
1447 284 1473 311 in
1487 284 1561 312 libris
1583 285 1707 313 omnibus
1727 287 1837 314 histori-

1038 330 1087 363 cis,
1104 330 1129 357 in
1144 330 1335 364 Peutatcucho,
1360 331 1385 357 in
1402 330 1475 358 libris
1494 330 1609 365 Regum,
1625 335 1652 358 ct
1666 331 1692 358 in
1715 332 1836 367 Prophe-

1039 378 1082 410 tis,
1099 382 1154 405 toto
1175 379 1240 405 cmlo
1255 378 1342 405 differt
1356 378 1389 405 ab
1401 378 1450 406 hac
1470 383 1559 405 nostra
1580 378 1706 415 Synopsi,
1727 387 1777 407 nec
1792 385 1834 406 cst

1039 423 1101 450 huic
1120 423 1308 458 comparanda,
1326 428 1354 451 ut
1372 425 1457 458 quivis
1481 425 1571 451 statim
1595 425 1745 460 perspiciat.
1758 426 1786 453 lu
1803 427 1835 453 li-

1037 470 1094 498 bris
1107 478 1171 498 vero
1184 471 1344 503 Salomonis,
1357 471 1383 498 iu
1392 470 1536 506 Sapientia,
1547 471 1572 498 in
1586 471 1714 504 Siracide,
1725 472 1830 503 Esther,

1038 515 1138 549 Tobia,
1161 515 1269 548 Judith,
1289 516 1381 543 eadem
1405 517 1460 551 ipsa
1483 521 1524 544 est
1542 525 1549 543 τ
1565 524 1733 552 augurorque
1758 517 1832 544 illum

1038 560 1173 596 Synopses
1184 561 1312 589 librorum
1325 561 1477 597 hujusmodi
1489 569 1523 590 ex
1538 568 1629 589 nostra
1644 563 1758 598 Synopsi
1775 571 1833 589 mu-

1040 611 1140 635 tuatum
1154 615 1224 636 esse.
1237 607 1302 635 Nam
1311 607 1381 635 illius
1389 608 1541 644 SynopseOS
1552 609 1721 643 scriptorem,
1732 613 1830 636 nostra:

1037 653 1190 688 Synopseos
1200 659 1310 682 auctore
1319 659 1397 681 aetate
1407 655 1485 689 longe
1494 654 1646 682 inferiorem
1655 662 1715 682 esse
1725 663 1777 682 non
1786 655 1830 681 du-

1038 699 1104 731 bito,
1114 707 1163 727 nec
1173 699 1303 728 dubitabit
1312 703 1374 735 puto
1383 700 1532 735 quisquam.
1540 700 1672 727 Cancrum
1683 700 1744 727 libri
1755 700 1832 728 Levi.

1038 745 1082 772 tici
1096 745 1235 780 Synopsis,
1251 753 1310 780 quae
1324 746 1350 772 iu
1365 744 1527 773 Coisliniano
1541 745 1640 773 Codice
1654 746 1831 779 desideratur,

1038 798 1172 825 quamque
1186 798 1219 818 ex
1233 790 1358 818 Batavico
1366 790 1536 830 Lngdunensi
1549 791 1755 826 desumpsimus,
1766 799 1827 820 cum

1037 836 1150 872 Synopsi
1163 837 1206 864 illa
1214 836 1359 864 Athanasio
1365 836 1508 871 adscripta,
1519 837 1590 872 quod
1603 835 1636 863 ad
1646 844 1766 872 magnam
1775 838 1830 864 επις

1038 887 1092 910 tem
1106 882 1146 910 sui
1161 887 1273 917 partem,
1288 883 1431 917 consentit,
1445 883 1516 918 quod
1531 889 1582 918 qua
1601 882 1703 910 ratione
1715 883 1832 918 contige-

1037 929 1081 962 rit,
1093 937 1147 956 non
1161 929 1225 956 satis
1239 929 1367 964 percipio.

1073 974 1223 1002 Pulaverim
1234 978 1322 1001 autem
1341 974 1557 1009 Chrysostomum
1573 973 1624 1001 hoc
1636 973 1725 1008 operis
1738 973 1832 1000 Antio-

1037 1019 1106 1047 chiae
1120 1019 1293 1047 adornavisse
1305 1019 1421 1047 fortasse
1429 1024 1570 1054 antequam
1579 1019 1754 1046 conciouandi
1768 1027 1833 1054 ope-

1038 1073 1095 1093 ram
1115 1066 1276 1100 susciperet,
1298 1070 1327 1092 ut
1352 1065 1402 1092 hoc
1424 1066 1489 1092 satis
1509 1065 1599 1103 amplo
1618 1065 1777 1100 compendio
1798 1065 1831 1091 ad

1038 1111 1112 1138 verbi
1127 1111 1173 1138 Dei
1196 1110 1411 1145 prazdicatiouem
1431 1115 1562 1144 uteretur,
1580 1115 1608 1138 et
1617 1111 1649 1137 ad
1666 1118 1772 1137 manum
1786 1110 1833 1137 ha-

1038 1156 1114 1185 beret
1129 1155 1199 1184 unde
1208 1155 1365 1184 coucionum
1379 1160 1533 1191 argumenta
1548 1159 1724 1183 mutuaretur.
