2074 3126
244 167 304 198 ί513

619 172 649 199 8.
665 168 807 199 JOANNIS
822 165 1063 197 CHRYSOSTOMI
1083 143 1241 195 ABG-HIEP.
1262 164 1534 195 CONSTANTINOI‘.

1819 161 1870 191 3H

254 324 1864 344 _____________________________________________..

648 547 762 590 ΤΟΥ
794 548 866 590 ΕΝ
895 546 1076 590 ΑΓΙΟΙΣ
1112 544 1329 590 ΠΑΤΡοΣ
1355 543 1518 588 ΗΜΩΝ

242 706 750 828 ῙΩΑΝΝΟΥ
779 736 999 824 ΤΟΥ
1020 733 1870 824 ΧΡΥΣΟΣΤΟΜΟΥ

922 979 1167 1025 ΣΥΝΟΨΙΣ

578 1162 636 1196 τῆς
654 1161 788 1195 Παλαιᾶς
806 1170 838 1189 τε
859 1161 908 1188 καί
927 1162 1048 1196 Καινῆς,
1065 1161 1103 1194 ὡς
1120 1161 1154 1188 ἐν
1173 1159 1253 1192 τάξει
1268 1158 1505 1192 inopi-natavi).

959 1446 1160 1474 ΠΡΟΘΕΩΡΙΔ.

277 1570 364 1606 Καινὴ
380 1570 486 1605 λέγεται
502 1569 555 1595 ἀπδ
565 1567 612 1596 τοῦ
625 1567 720 1604 χρόνου
733 1567 779 1594 καὶ
792 1567 846 1594 ἀπὸ
856 1567 906 1602 τῆς
921 1566 1028 1601 φύσεως

241 1617 295 1644 τῶν
310 1617 338 1644 ὲν
351 1617 419 1652 αὐτῇ
431 1615 594 1651 γενομένων,
614 1614 655 1640 ὅτι
675 1613 763 1640 πάντα
780 1611 965 1647 ἀνεκαινίσθη,
980 1612 1028 1638 καὶ

243 1662 350 1698 πρῶτον
364 1662 515 1698 ἄνθρωπος,
531 1660 564 1687 δι’
578 1659 608 1686 ὃν
631 1658 666 1686 τά
684 1659 783 1686 πάντα.
799 1658 857 1685 Ἵνα
877 1657 906 1684 δὲ
923 1657 961 1693 μή
986 1665 1028 1688 τις

242 1704 507 1744 λέγῃ·Ὀοῦρανδςό
526 1705 617 1739 αὐτὸς,
641 1706 658 1740 ή
680 1704 728 1740 γῆ,
751 1704 798 1731 καὶ
812 1703 843 1730 τὺ
862 1703 1028 1739 κυριώτατον

241 1752 370 1779 ἁπάντων
396 1751 551 1787 ἄνθρωπος’
576 1750 623 1777 καὶ
650 1749 680 1784 (ί.
705 1748 808 1782 καινὸς)
835 1748 916 1783 νόμος
938 1747 1026 1784 ἐδόθη,

242 1798 333 1825 καιναὶ
348 1797 463 1830 ἐντολαὶ,
478 1796 558 1832 καινὴ
571 1797 588 1831 ή
610 1795 690 1830 χάρις
711 1794 754 1821 διὰ
766 1794 812 1821 τοῦ
826 1793 950 1830 λουτροῦ,
965 1802 1027 1820 και-

241 1843 285 1875 νδς
300 1843 453 1878 ἄνθρωπος,
465 1841 558 1868 καιναὶ
568 1839 738 1874 ἐπαγγελίαι.
752 1839 850 1866 Οὐκέτι
860 1839 914 1874 γὰρ
924 1839 960 1874 γῆ
981 1840 1027 1866 καὶ

241 1889 276 1915 τὰ
299 1887 353 1915 ἀπὸ
372 1888 421 1923 τῆς
434 1887 503 1922 γῆς·
515 1886 573 1913 ἀλλ’
589 1886 711 1922 οὐρανὸς,
733 1885 781 1912 κα)⁴
795 1884 829 1911 τὰ
851 1885 879 1911 ἐν
892 1885 1024 1920 οὐρανοῖς.

242 1933 331 1961 Καινά
345 1933 380 1960 τὰ
396 1933 540 1968 μυστήρια.
553 1932 650 1969 Οὐκέτι
660 1931 714 1966 γὰρ
721 1931 811 1958 ἐκεῖνα
822 1930 856 1957 τὰ
871 1930 1025 1966 σωματικὰ,

243 1978 375 2014 πρόόατον
396 1977 442 2005 καὶ
458 1975 545 2012 αἷμα,
563 1978 610 2004 καὶ
626 1977 732 2007 κνίσσα,
746 1976 794 2002 καὶ
807 1975 919 2011 κόπρος,
938 1975 995 2002 ἀλλ’
1009 1975 1026 2010 ή

241 2023 336 2059 λογικὴ
351 2024 398 2050 καὶ
410 2023 535 2059 ἐνάρετος
548 2023 669 2059 λατρεία,
684 2022 719 2049 τὰ
734 2021 948 2057 παραγγέλματα
965 2029 1026 2048 και-

241 2071 285 2102 νά,
304 2069 380 2102 ξύλον
394 2069 434 2101 εἰς
452 2069 581 2104 οὐρανοὺς
595 2068 695 2103 ἀνάγον
709 2067 756 2095 καὶ
779 2067 897 2102 ὑψηλοὺς
913 2066 1026 2102 ἐργαζό-

243 2124 333 2151 μενον.
346 2115 449 2146 Σκοπὸς
456 2114 488 2150 δὴ
503 2113 670 2149 ἑκατέρωθεν
682 2113 736 2140 τῶν
749 2112 888 2147 Διαθηκῶν
899 2109 948 2144 εἷς,
972 2112 1026 2138 τῶν

241 2159 391 2195 ἀνθρώπων
404 2160 420 2194 ή
432 2158 647 2195 διόρθωσις.Καὶ
656 2158 682 2184 τί
690 2158 731 2184 δεῖ
740 2157 889 2192 θαυμάζειν
902 2157 965 2192 περὶ
976 2157 1026 2192 τῆς

242 2205 361 2240 Γραφῆς,
379 2205 445 2231 ὅπου
462 2212 494 2238 γε
506 2204 553 2230 καὶ
566 2204 615 2239 τῆς
631 2203 745 2234 κτίσεως
760 2203 844 2237 αὐτῆς
858 2203 875 2238 ή
889 2202 966 2238 χρεία
981 2201 1026 2229 διὰ

241 2250 352 2284 τοῦτον;
368 2251 422 2277 Καὶ
445 2249 500 2285 7&9
521 2249 634 2285 οὐρανὸν
659 2248 744 2283 μέγαν
756 2248 789 2274 δι’
802 2248 884 2275 αὑτὸν
902 2247 1024 2283 εποίησε,

242 2297 290 2324 καὶ
310 2297 362 2332 γῆν
386 2296 502 2328 εὐθεῖαν,
519 2296 565 2322 καὶ
578 2295 713 2322 Θάλασσαν
741 2294 812 2330 ὑπὲρ
837 2294 887 2330 τὴν
914 2293 1024 2329 χρείαν,

242 2342 286 2369 ίνα
301 2341 356 2369 ἀπὸ
379 2341 426 2368 τοῦ
453 2341 584 2377 μεγέθους
597 2340 651 2367 τῶν
675 2339 827 2374 γενομένων
839 2339 1026 2373 θαυμάσαντες

241 2387 288 2413 τὸν
311 2387 492 2423 Δημιουργδν,
514 2387 554 2418 είς
569 2386 731 2420 θεογνωσίαν
745 2385 851 2412 ἔλθωσι.
870 2385 925 2412 Καὶ
940 2385 1026 2412 ταῦτα

241 2430 288 2460 οὖν
313 2433 357 2460 διὰ
379 2433 472 2460 τοῦτον
485 2432 606 2467 γέγονεν.
627 2432 704 2459 Ἐπεὶ
727 2429 772 2458 οὖν
789 2431 889 2463 σκοπὸς
911 2429 952 2463 εἷς
974 2432 1025 2467 τῆς

243 2478 362 2510 Παλαιᾶς
378 2479 425 2506 καὶ
437 2479 486 2514 τῆς
502 2478 606 2514 Καινῆς
615 2498 622 2511 ,
640 2477 785 2512 ἀναγκαῖον
798 2475 866 2504 εῖναι
877 2477 1000 2512 ἐνόμισεν
1011 2477 1026 2503 ὁ

242 2525 360 2560 Μωῡσῆς
370 2524 417 2551 καὶ
428 2523 546 2559 ἱστορίας
555 2523 711 2559 ἀναγράψαι
718 2522 845 2555 παλαιάς
853 2523 884 2549 οὐ
896 2522 967 2550 κατά
976 2523 1026 2558 τὴν

241 2568 340 2600 ἔξωθεν
347 2568 506 2596 ἀκολουθίαν
514 2576 522 2585 ο
532 2570 631 2595 ἐκεῖνοι
642 2568 692 2604 μὲν
705 2568 759 2604 γὰρ
777 2568 895 2604 ἱστορίας
906 2568 1026 2603 γράφου-

243 2622 286 2640 σιν
308 2613 411 2646 άπλῶς,
432 2613 503 2640 ὥστε
525 2613 695 2649 πραγμάτων
710 2614 850 2649 διηγήσεις
871 2613 1024 2645 ποιεῖσθαι,

242 2659 288 2686 καὶ
302 2659 435 2695 πολέμους
450 2659 497 2686 καὶ
510 2659 599 2695 μάχας
612 2660 652 2692 εἰς
663 2660 744 2695 μέσον
759 2659 881 2694 ἀγαγεῖν,
896 2659 943 2686 καὶ
956 2667 1025 2694 καρ-

242 2705 385 2733 πώσασθαι
400 2705 478 2738 δόξαν
494 2705 547 2733 ἀπὸ
559 2705 613 2732 τῶν
624 2705 805 2741 γραμμάτων.
825 2705 854 2732 '0
869 2705 898 2732 δὲ
919 2704 1027 2740 νομοθέ-

241 2760 292 2788 της
314 2751 364 2788 οὐχ
379 2751 480 2784 οὕτως·
505 2751 573 2780 ἀλλά
597 2751 710 2779 πάντοτε
734 2751 853 2787 ἱστορίας
874 2750 1026 2786 ἀναγράφει

241 2798 346 2835 ἀνδρῶν
372 2798 496 2834 μεγάλων
523 2797 752 2834 κατωρθωκότων,
776 2796 847 2823 ὥστε
873 2797 929 2828 τοῖς
958 2796 1026 2831 μετὰ

241 2843 327 2872 ταῦτα
348 2845 403 2872 τῶν
426 2844 539 2876 ἐκείνοις
553 2843 724 2880 βεϐιωμένων
736 2842 786 2878 τήν
806 2841 931 2876 διήγησιν
949 2841 1025 2875 γενέ-

243 2889 305 2918 σθαι
326 2890 496 2922 διδασκαλίας
511 2889 618 2926 ἀγαθῆς
641 2888 777 2916 ὑπόθεσιν.
793 2887 842 2914 Διά
857 2886 891 2920 δὴ
903 2886 981 2914 τοῦτο
994 2886 1024 2913 οὐ

1079 1566 1160 1602 μόνον
1179 1565 1243 1597 τοὺς
1255 1563 1472 1599 κατωρθωκότος
1492 1563 1535 1598 είς
1552 1565 1632 1601 μέσον
1649 1565 1720 1600 ἄγει,
1735 1566 1802 1593 ἀλλά
1816 1568 1864 1594 καὶ

1077 1612 1140 1644 τοὺς
1153 1611 1357 1647 ἡμαρτηκότας,
1368 1611 1413 1638 ἵνα
1427 1610 1491 1642 τοὺς
1507 1611 1556 1646 μὲν
1570 1610 1746 1647 ζηλώσωμεν,
1761 1613 1822 1643 τοὺς
1834 1613 1864 1640 δὲ

1078 1657 1254 1692 ὲκφύγωμεν,
1269 1656 1316 1683 καὶ
1333 1655 1500 1692 ἑκατέρωθεν
1512 1656 1618 1692 ὀρθωθῇ
1638 1657 1674 1684 τά
1695 1657 1744 1692 τῆς
1765 1657 1866 1693 ἀρετῆς

1078 1701 1124 1728 καὶ
1135 1702 1170 1729 τὰ
1183 1701 1233 1736 τῆς
1247 1701 1414 1736 ἐπιμελείας.
1431 1702 1477 1737 Μὴ
1490 1701 1578 1729 τοίνυν
1592 1702 1724 1738 νομιζέτω
1737 1712 1779 1735 τις
1791 1703 1865 1736 ξένον

1077 1745 1148 1775 εἶναι
1161 1746 1305 1782 νομοθέτου
1320 1746 1351 1773 τὸ
1365 1747 1485 1779 παλαιὰς
1511 1747 1629 1784 ἱστορίας
1644 1748 1795 1783 διηγεῖσθαι
1817 1749 1865 1776 καὶ

1077 1793 1175 1829 νόμους
1192 1792 1266 1829 [515]
1287 1793 1465 1829 ἀναγράφειν.
1482 1794 1569 1829 Ὅπερ
1585 1793 1639 1829 γάρ
1656 1795 1744 1830 ίσχύει
1764 1795 1862 1830 νόμος,

1077 1838 1155 1866 τοῦτο
1177 1839 1224 1866 καὶ
1246 1839 1263 1874 ή
1285 1838 1409 1874 διήγησις
1432 1838 1480 1866 τοῦ
1506 1839 1563 1874 βίου
1586 1839 1641 1867 τῶν
1664 1841 1758 1875 ἀγίων.
1786 1842 1865 1868 Ἐστι

1076 1885 1165 1913 τοίνυν
1177 1885 1227 1921 τῆς
1241 1884 1363 1916 Παλαιᾶς
1377 1884 1408 1911 τὸ
1420 1885 1469 1920 μὲν
1488 1885 1623 1920 ἱστορικὸν
1633 1906 1640 1919 ,
1663 1887 1701 1918 ὡς
1722 1887 1738 1922 ή
1763 1887 1863 1914 Ὀκτά-

1077 1939 1170 1966 τευχος
1181 1940 1189 1948 ι
1205 1932 1222 1967 ή
1237 1931 1287 1966 μὶν
1297 1931 1406 1962 Γένεσις
1420 1931 1454 1958 τὰ
1469 1932 1532 1966 περὶ
1546 1932 1596 1967 τῆς
1609 1932 1790 1968 δημιουργίας
1820 1933 1858 1959 δι-

1077 1976 1227 2012 ηγουμένη,
1245 1976 1292 2003 καὶ
1308 1975 1343 2003 τὰ
1357 1977 1421 2011 ’περῖ¹
1439 1977 1485 2003 τοῦ
1502 1977 1559 2012 βίου
1568 1977 1621 2004 τῶν
1640 1978 1864 2014 εὐηρεστηκότων

1076 2021 1148 2057 Θεῷ·
1160 2022 1177 2057 ή
1191 2021 1219 2048 δὲ
1234 2021 1342 2054 Ἔξοδος
1356 2021 1405 2056 τὴν
1415 2022 1576 2059 ἀπαλλαγὴν
1590 2023 1645 2050 τῶν
1665 2024 1800 2051 Ἰουδαίων
1812 2024 1863 2060 τὴν

1076 2067 1105 2100 ἐξ
1122 2067 1270 2101 Αἰγύπτου,
1290 2066 1339 2102 τὴν
1364 2067 1513 2102 παράδοξον
1535 2069 1653 2103 ἐκείνην,
1680 2070 1728 2096 καὶ
1748 2069 1797 2105 τὴν
1813 2070 1862 2105 τῆς

1076 2112 1180 2148 ἐρήμου
1202 2111 1355 2148 διατριϐὴν,
1372 2113 1419 2140 καὶ
1440 2113 1491 2148 τὴν
1506 2113 1554 2140 τοῦ
1568 2114 1650 2150 νόμου
1665 2115 1755 2142 δόσιν·
1779 2116 1809 2143 τὸ
1832 2115 1862 2142 δὲ

1076 2157 1217 2184 Λευιτικὸν
1228 2156 1262 2183 τὰ
1277 2157 1341 2193 περὶ
1355 2157 1455 2185 θυσιῶν
1468 2159 1515 2186 καὶ
1528 2159 1696 2195 ἱερουργίας·
1717 2161 1733 2196 ή
1747 2160 1801 2196 γὰρ
1813 2161 1862 2188 τοῦ

1076 2203 1143 2230 Λευὶ
1160 2203 1230 2239 φυλή
1248 2202 1316 2238 αὕτη
1330 2201 1363 2239 ἦν
1380 2203 1396 2239 ή
1413 2204 1463 2240 τὴν
1479 2205 1629 2241 ἱερωσύνην
1648 2206 1842 2243 κεκληρωμένη
1853 2227 1862 2240 ,

1076 2248 1123 2275 καὶ
1149 2248 1203 2275 ἀπὸ
1221 2249 1270 2276 τοῦ
1286 2249 1416 2285 ὀνόματος
1432 2250 1482 2286 τῆς
1504 2250 1591 2286 φυλῆς
1606 2251 1656 2287 τὴν
1676 2252 1862 2287 προσηγορίαν

1076 2293 1154 2328 ἔλαχε
1169 2293 1199 2321 τὺ
1214 2294 1325 2329 βιϐλίον.
1341 2296 1407 2322 Μετ’
1422 2296 1509 2323 ἐκεῖνο
1519 2296 1544 2322 οί
1566 2297 1704 2332 Ἀριθμοί·
1724 2297 1794 2332 μετά
1807 2298 1863 2334 7&9

1075 2339 1106 2366 τὸ
1118 2339 1235 2373 ἐξελθεῖν
1253 2341 1283 2374 ἐξ
1300 2341 1450 2375 Αίγύπτου,
1467 2342 1608 2370 ἐκέλευσεν
1623 2343 1638 2369 ό
1660 2343 1726 2375 Θεὸς
1741 2343 1863 2380 ἀριθμη-

1076 2385 1155 2420 θῆναι
1171 2385 1217 2412 τὸν
1230 2386 1316 2421 δῆμον
1330 2386 1385 2414 τῶν
1404 2387 1548 2421 Ἰουδαίων,
1566 2389 1614 2415 καὶ
1635 2386 1706 2424 ἦσαν
1723 2389 1863 2422 ἑξακόσιαι

1076 2431 1205 2467 χιλιάδες,
1222 2432 1268 2466 ἀφ’
1279 2432 1338 2464 ἐνὸς
1352 2432 1495 2468 ἀνθρώπου
1504 2433 1551 2461 τοῦ
1567 2434 1691 2470 ’Δόραὰμ
1705 2434 1862 2470 γενόμεναι.

1075 2475 1142 2504 Εἶτα
1155 2478 1213 2513 μετ’
1223 2478 1312 2504 ἐκεῖνο
1325 2478 1355 2505 τὸ
1371 2479 1596 2515 Δευτερονόμιον·
1610 2481 1656 2507 τὸν
1670 2480 1724 2517 γὰρ
1736 2481 1817 2516 νόμον
1829 2482 1864 2509 ἐκ

1075 2523 1201 2559 δευτέρου
1220 2524 1393 2558 ήρμήνευσεν
1414 2526 1506 2557 αὐτοῖς
1525 2526 1539 2552 ό
1560 2526 1691 2561 Μωῦσῆς.
1714 2526 1780 2554 Είτα
1803 2528 1862 2563 μετ’

1075 2568 1164 2594 ἐκεῖνο
1191 2567 1294 2602 Ἰησοῦς
1319 2569 1334 2595 ὁ
1357 2570 1404 2596 τοῦ
1421 2569 1517 2605 Ναυῆ·
1542 2567 1619 2602 οὗτος
1637 2571 1692 2606 7&9
1719 2572 1789 2607 μετὰ
1816 2573 1863 2599 τὸν

1075 2613 1195 2641 Μωῡσέα
1210 2614 1353 2649 γενόμενος
1365 2615 1452 2642 αὐτῶν
1465 2615 1636 2651 δημαγωγὸς,
1651 2617 1693 2648 είς
1704 2625 1734 2644 τε
1747 2618 1797 2653 τὴν
1811 2618 1862 2653 γῆν

1075 2659 1126 2694 τῆς
1139 2660 1302 2694 ἐπαγγελίας
1312 2660 1452 2696 εἰσήγαγε,
1467 2661 1515 2688 καὶ
1528 2662 1578 2698 τήν
1591 2662 1644 2698 γῆν
1660 2662 1777 2698 διένειμε
1791 2664 1863 2691 κατά

1077 2705 1192 2741 κλήρους
1207 2707 1267 2737 ταῖς
1282 2705 1384 2733 δώδεκα
1395 2707 1500 2741 φυλαῖς.
1515 2708 1581 2734 Μετ’
1598 2709 1700 2736 ἐκεῖνον
1709 2710 1734 2735 oi
1746 2709 1862 2744 Κριταί·

1075 2751 1122 2778 τοῦ
1141 2753 1196 2787 γάρ
1224 2751 1310 2787 Ἰησοῦ
1334 2752 1559 2789 τελευτήσαντος,
1577 2755 1618 2786 είς
1636 2755 1864 2791 άριστοκράτειαν

1077 2797 1210 2832 μετέπεσε
1226 2797 1261 2824 τά
1278 2797 1429 2833 πράγματα
1443 2798 1496 2825 τῶν
1518 2799 1663 2832 Ἰουδαίων,
1680 2800 1727 2826 καὶ
1737 2801 1766 2827 αι
1779 2799 1864 2835 φυλαὶ

1076 2842 1217 2878 ἐκράτουν.
1240 2840 1401 2877 ΕῐταῬοὺθ,
1427 2843 1528 2879 βιϐλίον
1545 2844 1643 2881 βραχὺ,
1664 2845 1785 2881 ίστορίαν
1800 2845 1863 2880 ἔχον

1078 2888 1207 2922 γυναικὸς
1217 2889 1378 2929 ἀλλοφύλου,
1396 2890 1567 2927 γαμηθείσης
1583 2891 1699 2926 Ἰουδαίῳ
1718 2892 1781 2921 τινί.
1794 2892 1864 2920 Μετ’
