2074 3126
203 147 258 177 τιίὸ

741 147 906 176 SYNOPSIS
924 148 1132 178 SCRIPTUR/E
1151 149 1284 177 SACRE.

1770 153 1825 181 5M

663 585 869 630 SANCTI
909 586 1119 631 PATRIS
1156 585 1373 632 NOSTRI

447 780 850 877 JOANNIS
909 797 1594 878 CHRYSOSTOMI

877 1050 1161 1099 SYNOPSIS

522 1212 639 1244 Veteris
655 1216 683 1244 et
702 1212 776 1243 novi
795 1213 988 1249 testamenti,
1013 1212 1102 1252 quasi
1123 1211 1353 1242 commanitorit‘
1367 1219 1451 1241 more
1471 1209 1527 1251 (a).

820 1638 1058 1671 CONSPECTUS
1077 1639 1224 1671 OPERIS.

240 1825 325 1858 Quare
333 1824 407 1860 prius
420 1823 616 1852 Testamentum
627 1824 783 1859 appelletur,
803 1824 891 1853 Vetus.
900 1825 1003 1861 Scopus

205 1873 340 1907 utriusque
347 1870 506 1898 Testamenti
512 1878 588 1898 unus.
595 1869 695 1898 Divisio
703 1870 801 1898 Veteris
808 1870 969 1899 Testamentt'
975 1873 1005 1899 in

201 1917 464 1949 Itis:oriam,cansilia
469 1917 1006 1952 etprophetiam.—NovumTestnmentum

204 1965 300 1993 dicitur
309 1969 337 1992 et
345 1971 359 1991 a
374 1969 494 1998 tempore
504 1967 533 1991 et
542 1970 557 1990 a
565 1967 658 1990 natura
669 1970 757 1990 rerum
767 1969 834 1997 quas
843 1962 998 1997 complecti-

204 2015 256 2044 tur,
262 2010 386 2047 quoniam
392 2004 481 2037 omnia
487 2012 612 2036 renovata
619 2011 690 2042 sunt,
697 2007 836 2043 primoque
841 2007 933 2041 homo,
939 2015 998 2043 pru-

203 2062 261 2092 pter
267 2064 347 2092 quem
355 2057 444 2083 omnia
453 2059 515 2083 sunt
523 2054 638 2082 condita.
650 2053 688 2081 Ne
696 2054 755 2088 quis
763 2059 850 2081 autem
858 2053 944 2081 dicat:
954 2053 997 2081 At-

202 2102 246 2138 qui
255 2102 425 2131 eaclumidem
433 2106 484 2134 est,
494 2106 564 2129 terra
574 2100 678 2133 eadem,
686 2104 714 2128 et
723 2100 803 2127 homo
820 2107 937 2135 quoque,
949 2108 994 2128 res

203 2149 322 2176 omnium
331 2148 500 2183 dignissima;
515 2154 582 2174 nova
591 2146 631 2173 lex
641 2145 701 2173 data
709 2151 761 2179 est,
774 2153 840 2172 nova
853 2149 995 2180 praecepta,

204 2202 272 2222 nova
280 2194 365 2229 gratia
380 2201 427 2229 per
435 2193 677 2220 lavacrummovus
691 2190 782 2224 homo,
791 2198 869 2218 nova:
886 2191 998 2226 promis-

203 2243 303 2269 siones.
314 2241 371 2268 Non
383 2241 454 2269 enim
468 2240 538 2267 ultra
556 2239 642 2274 agitur
657 2238 691 2266 de
702 2242 772 2265 terra
780 2242 807 2264 et
816 2237 849 2265 de
863 2237 976 2265 terrenis
988 2245 996 2269 ;

203 2287 250 2314 sed
263 2287 297 2314 de
304 2286 369 2314 caelo
377 2290 404 2313 et
411 2286 445 2313 de
453 2285 614 2313 czelestibus.
623 2284 696 2311 Nova
712 2283 849 2319 mysteria.
860 2282 917 2310 Non
929 2283 998 2310 ultra

203 2334 291 2361 locum
301 2332 398 2360 habent
405 2331 449 2358 illa
456 2338 596 2366 corporea,
606 2330 673 2362 ovis,
681 2329 800 2364 sanguis,
808 2328 896 2360 nidor,
904 2328 995 2360 ﬁmus;

204 2378 251 2406 sed
259 2377 422 2406 rationabilis
430 2377 473 2404 ille
480 2377 592 2410 virtuteq
596 2383 629 2403 ue
635 2379 744 2403 ornatus
750 2374 836 2401 cultus
845 2382 851 2400 :
858 2380 925 2401 nova
934 2380 999 2408 prm-

203 2428 290 2459 cepta.
309 2423 419 2459 Lignum
431 2430 481 2450 nos
495 2422 527 2449 ad
535 2422 631 2449 caelum
648 2421 737 2454 ducit,
751 2420 930 2454 sublimesque
938 2418 998 2446 elli-

199 2470 249 2497 cit.
258 2469 360 2504 Scopus
367 2472 457 2496 autem
466 2468 492 2495 in
501 2473 614 2503 utroque
628 2466 800 2494 Testamento
809 2473 879 2493 unus
890 2470 941 2497 est,
949 2464 998 2492 ho-

203 2517 305 2544 minum
314 2523 411 2551 nempe
418 2515 580 2543 emendatio.
590 2513 690 2549 Ecquid
699 2513 795 2540 mirum
802 2512 835 2540 de
846 2511 995 2546 Scriptura,

203 2562 309 2598 quando
317 2568 411 2590 natura
422 2567 476 2589 tota
491 2561 524 2589 ad
537 2561 594 2596 ejus
604 2568 681 2588 usum
696 2564 737 2587 cst
751 2558 879 2586 condita?
893 2557 998 2585 Etenim

203 2616 329 2643 magnum
340 2613 450 2644 propter
464 2608 538 2636 illum
548 2607 643 2635 caelum
655 2605 783 2638 condidit,
797 2609 893 2632 terram
906 2604 997 2637 latam,

202 2663 279 2683 mare
293 2655 389 2690 majus,
404 2662 484 2690 quam
499 2653 645 2681 necessitas
659 2651 796 2687 postulare
808 2650 957 2682 videbatur,
971 2653 1000 2676 ut

202 2707 219 2728 a
232 2701 414 2737 magnitudine
428 2700 595 2736 opiﬁciorum
608 2699 737 2734 Opiﬁcem
751 2698 889 2730 mirantes,
905 2695 938 2724 ad
952 2695 999 2723 Dei

235 2799 272 2831 (ιι)
289 2803 355 2825 Bene
367 2799 464 2831 dicitur.
472 2797 655 2831 commonitgriit
664 2796 705 2822 vel
717 2794 875 2831 forte,_brevis
882 2801 1001 2831 commen-

204 2825 350 2856 tarii'more.
362 2834 418 2855 Nam
430 2825 470 2855 hic
481 2830 569 2861 passim
578 2825 881 2861 _§lhry'sostomus'breves
895 2825 1001 2857 explica-

204 2866 285 2887 uones
294 2862 391 2893 adjecit,
403 2859 540 2893 rerumque
546 2859 664 2893 in__Veteri
672 2861 828 2886 Testamento
836 2860 1001 2884 enarramum

204 2899 258 2918 cum
267 2890 330 2918 Novo
342 2890 521 2918 consonantiam
533 2890 628 2916 indicat.

1050 1827 1231 1862 cognitiOncm
1242 1828 1377 1856 venirent.
1389 1827 1453 1856 Haec
1466 1828 1556 1864 itaque
1571 1835 1679 1866 propter
1691 1831 1766 1859 illum
1779 1831 1847 1861 facta

1051 1877 1123 1901 sunt.
1137 1873 1267 1908 Quoniam
1281 1874 1361 1909 igitur
1376 1874 1481 1903 Veteris
1492 1880 1519 1903 et
1530 1875 1596 1904 Novi
1611 1877 1773 1906 Testamenti
1788 1887 1848 1908 sco-

1049 1926 1100 1954 pus
1117 1926 1186 1947 unus
1205 1924 1246 1946 est
1257 1940 1265 1952 ,
1282 1921 1462 1948 necessarium
1476 1921 1556 1948 etiam
1570 1923 1672 1957 putavit
1685 1923 1790 1959 Moyses
1801 1924 1844 1952 hi-

1049 1965 1147 1992 storias
1156 1970 1261 1993 veteres
1271 1966 1424 1994 describere
1435 1975 1442 1994 :
1455 1974 1507 1995 non
1517 1968 1665 1996 secundum
1676 1973 1851 1999 externorum

1049 2017 1151 2038 morem
1165 2031 1172 2041 .
1186 2011 1230 2046 qui
1247 2011 1372 2039 historias
1387 2012 1507 2040 scribunt
1521 2021 1553 2041 ea
1574 2019 1664 2041 mente
1681 2019 1801 2048 tantum,
1818 2020 1848 2042 ut

1050 2063 1139 2083 rerum
1155 2057 1323 2085 narrationes
1338 2062 1440 2091 texant,
1453 2063 1481 2086 et
1495 2058 1564 2086 bella
1580 2067 1733 2095 pugnasque
1748 2061 1774 2087 in
1789 2067 1847 2088 me-

1049 2101 1123 2129 dium
1137 2107 1228 2138 agant,
1243 2108 1324 2138 atque
1336 2111 1369 2131 ex
1382 2104 1488 2139 scriptis
1501 2105 1613 2140 gloriam
1628 2105 1678 2133 sibi
1692 2110 1796 2140 parent.
1809 2106 1845 2133 Αι

1050 2147 1187 2182 legislator
1199 2156 1253 2176 non
1267 2150 1306 2176 sic
1321 2158 1328 2176 :
1342 2149 1389 2177 sed
1405 2157 1514 2185 semper
1531 2151 1654 2178 historias
1669 2152 1761 2179 scribit
1780 2151 1843 2179 illu-

1049 2195 1144 2222 strium
1157 2195 1275 2223 virorum
1290 2196 1336 2231 qui
1350 2204 1394 2224 res
1409 2197 1551 2232 praeclaras
1564 2202 1722 2232 gesserunt;
1739 2202 1768 2225 ut
1782 2197 1845 2225 vita:

1049 2240 1156 2268 illorum
1170 2241 1288 2271 narratio
1307 2243 1422 2277 posteris
1443 2242 1479 2270 sit
1496 2243 1604 2278 optimae
1620 2243 1750 2271 doctrinae
1763 2251 1844 2278 argu-

1050 2292 1178 2315 mentum.
1196 2287 1311 2324 ldeoque
1326 2296 1378 2316 non
1395 2289 1475 2317 modo
1489 2297 1536 2318 eos
1549 2290 1594 2325 qui
1609 2297 1638 2317 se
1653 2290 1735 2324 probe
1748 2297 1846 2325 gesse-

1049 2337 1113 2361 runt
1126 2333 1152 2360 in
1167 2333 1285 2362 medium
1304 2334 1431 2368 adducit,
1452 2335 1499 2363 sed
1520 2336 1601 2363 etiam
1622 2340 1776 2371 peccatores
1792 2345 1799 2364 :
1817 2341 1847 2364 ut

1049 2379 1110 2406 illos
1128 2379 1301 2414 aemulemur,
1323 2380 1373 2409 hos
1390 2386 1479 2409 autem
1499 2381 1629 2417 fugiamus
1642 2403 1650 2417 ,
1672 2386 1699 2410 et
1716 2383 1846 2418 utrinque

1049 2424 1175 2452 virtutem
1197 2425 1417 2462 diligentiamque
1437 2427 1568 2462 majorem
1590 2427 1781 2462 adipiscamur.
1807 2428 1846 2455 Nc

1050 2472 1110 2506 quis
1131 2479 1195 2508 ergo
1215 2473 1350 2501 existimet
1370 2478 1445 2501 extra
1469 2473 1628 2509 legislatoris
1644 2473 1761 2501 ofﬁcium
1785 2481 1847 2502 esse

1050 2517 1176 2545 historias
1190 2523 1295 2546 veteres
1314 2526 1424 2547 narrare
1435 2540 1444 2553 ,
1471 2524 1498 2547 et
1513 2519 1584 2555 leges
1605 2519 1782 2555 perscribere.
1798 2520 1846 2547 Et-

1050 2564 1122 2591 enim
1138 2572 1217 2599 quam
1233 2565 1284 2591 vim
1294 2565 1374 2593 habet
1388 2565 1442 2599 lex,
1454 2565 1682 2594 eamdemobtinet.
1694 2570 1848 2594 sanctorum

1050 2609 1112 2637 vitae
1126 2610 1253 2637 narratio.
1268 2609 1318 2638 Est
1332 2610 1420 2646 itaque
1435 2611 1461 2638 in
1477 2612 1560 2639 veteri
1574 2612 1633 2646 lege
1647 2610 1718 2639 aliud
1733 2611 1845 2638 histori-

1051 2662 1112 2683 cum
1126 2677 1133 2689 ,
1150 2659 1178 2683 ut
1190 2655 1370 2684 Octateuchus
1382 2657 1438 2692 (a):
1455 2665 1551 2692 nempe
1561 2657 1684 2690 Genesis,
1698 2664 1757 2692 quae
1769 2663 1847 2684 crea-

1053 2703 1151 2729 tionem
1164 2706 1282 2734 enarrat,
1299 2709 1402 2730 necnon
1413 2703 1492 2730 vitam
1504 2710 1597 2730 eorum
1612 2702 1658 2737 qui
1672 2702 1727 2729 Deo
1741 2701 1844 2735 accepti

1053 2748 1142 2782 fuere;
1159 2748 1279 2783 Exodus,
1290 2756 1349 2784 quae
1357 2748 1465 2776 Iudaeos
1475 2749 1584 2777 exhibet
1594 2756 1627 2776 ex
1637 2747 1753 2783 Egypto
1764 2747 1846 2773 mira-

1085 2825 1121 2856 (ιι)
1138 2825 1371 2857 οοωιειιριιυςιοαιο
1380 2825 1473 2857 priores
1483 2826 1610 2856 Scriptum
1619 2820 1847 2857 librosicomplecti-

1052 2859 1101 2885 tur,
1112 2855 1235 2886 Genesim,
1252 2856 1368 2886 Exodum,
1380 2855 1522 2886 leviticum,
1534 2855 1669 2884 ’n‘umcros,
1692 2855 1843 2877 Deulerouo-

1052 2888 1136 2919 mium,
1146 2891 1227 2918 tosue,
1240 2887 1346 2918 Judices,
1356 2890 1382 2913 et
1393 2887 1461 2912 Ruth.
