2074 3126
238 157 291 186 515

237 213 325 242 biliter
333 213 443 241 cductos
452 216 480 240 et
490 212 624 243 liberatos,
636 216 714 246 atque
723 211 748 237 in
759 209 866 237 deserto
874 208 918 235 diu
928 215 1030 234 moran-

238 265 288 292 tes,
298 259 435 294 legemque
444 260 522 285 latam
535 266 542 290 ;
553 257 695 289 Leviticus,
712 257 737 282 in
749 262 800 290 quo
811 255 843 281 de
854 253 992 281 sacriﬁciis
1002 257 1028 279 et

238 305 407 333 sacerdotio:
422 312 482 331 nam
495 304 580 331 tribus
592 303 654 330 Levi
669 301 845 329 sacerdotium
857 300 949 327 sortita
965 304 1006 327 est
1023 308 1029 326 :

238 355 266 378 et
277 358 309 378 ex
322 351 406 378 tribus
420 350 526 378 nomine
541 352 708 383 nuncupatus
722 347 790 374 liber
800 351 850 374 cst.
863 345 962 372 Deinde
974 345 1030 372 Nu-

239 397 325 430 meri;
346 401 406 431 post
428 403 564 430 egressum
585 396 656 422 enim
677 402 709 421 ex
732 393 848 428 Egypto
864 391 944 427 jussit
960 391 1030 418 Deus

237 442 372 470 numerari
395 441 523 476 populum
544 439 685 468 Judaicum
699 460 707 471 ,
730 444 860 473 erantque
881 438 1030 465 sexcenties

238 489 327 521 mille,
344 488 378 515 ab
392 496 445 516 uno
460 488 569 515 homine
583 486 734 514 Abrahamo
747 486 807 514 orti.
822 486 918 513 Postea
933 486 1030 512 Deute-

237 534 388 562 ronomium
404 543 411 562 :
426 534 510 569 legem
524 533 594 560 enim
608 533 726 561 secundo
742 533 931 567 interpretatus
945 535 986 558 est
999 531 1030 558 il-

237 581 271 608 lis
283 580 397 616 Moyses.
419 580 519 607 Deinde
533 580 611 607 Jcsus
632 580 702 606 ﬁlius
717 579 789 607 Nave
805 587 812 605 :
827 578 870 605 hic
886 578 956 605 enim
971 582 1030 612 post

237 627 355 662 Moysem
371 627 476 653 illorum
493 626 546 652 dux
562 626 721 653 constitutus
733 646 740 658 ,
759 625 784 652 in
801 629 897 652 terram
914 623 1029 658 promis-

238 671 321 699 sionis
332 671 477 698 introduxit
488 671 557 704 illos,
571 675 721 705 terramque
732 678 781 705 per
794 674 879 697 sortes
889 668 1030 695 duodecim

239 718 360 745 tribubus
373 717 471 745 divisit.
486 717 550 745 Post
564 717 634 744 hunc
647 716 754 744 Judices
770 725 777 743 ε
798 723 858 742 nam
879 715 941 742 .lesu
956 721 1029 741 mor-

239 768 295 796 tuo,
312 763 460 798 respublica
477 761 629 790 Judtcorum
643 763 668 789 in
682 761 873 789 aristocratiatn
888 768 963 787 versa
977 764 1028 792 est,

237 813 266 836 et
278 809 362 836 tribus
373 809 512 843 imperium
523 808 741 835 moderabantur.
755 806 855 834 Deinde
867 805 948 838 Rulli,
964 805 1030 831 liber

237 855 349 890 exiguus
361 875 368 888 ,
383 855 521 882 historiam
537 854 716 888 complectens
730 852 849 880 mulieris
863 851 1028 885 alienigenaz,

238 908 296 936 quze
309 901 400 928 Judmo
413 901 518 928 cuidam
533 900 630 934 nupsit.
643 899 706 926 Post
718 899 789 925 hunc
802 898 954 932 Regnorum
969 896 1029 923 libri

238 952 352 981 quatuor
366 955 372 972 :
390 946 415 973 in
429 946 525 981 quibus
539 950 614 980 gesta
629 944 725 975 Saulis,
739 943 855 975 Davidis,
869 942 1029 974 Salomonis,

239 992 316 1024 Elite,
333 992 433 1024 Elismi,
448 995 475 1018 et
489 991 589 1025 reliqua
605 997 689 1025 usque
701 989 733 1016 ad
748 989 928 1022 captivitatem
945 987 1031 1022 Baby-

239 1038 362 1065 lonicam.
385 1037 448 1064 Post
471 1037 623 1071 Regnorum
645 1035 726 1062 libros
751 1035 861 1062 Esdras.
885 1034 1030 1067 Postquam

239 1084 310 1110 cnim
325 1083 349 1109 in
369 1083 530 1118 Babylonem
544 1082 578 1108 ob
592 1086 698 1116 peccata
717 1088 762 1107 sua
778 1080 884 1107 abducti
906 1078 1009 1106 fuerant
1022 1098 1030 1111 ,

240 1130 327 1164 ibique
340 1130 505 1164 septuaginta
520 1129 596 1155 annis
611 1129 636 1155 in
652 1127 780 1155 servitute
793 1130 966 1159 manserant,
982 1125 1030 1152 de—

240 1182 313 1202 mum
331 1175 399 1202 Deus
415 1175 534 1209 placatus
546 1195 553 1205 ,
570 1174 596 1201 id
616 1173 731 1208 providit
753 1177 780 1199 ut
800 1172 886 1207 Cyrus
903 1177 964 1199 tunc
985 1179 1031 1198 rex

240 1221 392 1253 Persarum,
409 1219 504 1255 Cyrus,
521 1221 638 1254 inquam,
653 1219 729 1253 cujus
745 1217 871 1253 puerilem
888 1217 1033 1244 institutio-

241 1273 301 1293 nem
311 1265 452 1300 descripsit
461 1265 620 1300 Xenophon,
629 1264 747 1299 eaplivos
757 1263 914 1290 dimitteret.
924 1262 1030 1289 Dimissi

240 1318 304 1338 vero
315 1311 451 1338 redierunt
463 1311 574 1338 ducibus
589 1310 684 1343 Esdra,
700 1309 807 1337 Neemia
818 1314 845 1336 et
858 1308 1030 1336 Zorobabele.

241 1356 317 1384 llunc
332 1355 445 1383 reditum
461 1356 589 1383 describit
604 1356 702 1382 Esdras
713 1375 721 1388 ,
737 1359 764 1382 et
782 1354 915 1388 quomodo
931 1353 1032 1380 reversi

242 1402 368 1436 templum
379 1400 465 1428 denuo
472 1400 685 1431 construxerint,
693 1400 839 1434 urbemque
854 1399 1033 1426 reaedilicave-

241 1448 303 1474 rint.
315 1448 427 1475 Centum
437 1447 533 1475 deinde
544 1447 620 1474 annis
628 1447 737 1482 elapsis,
747 1454 839 1473 rursus
850 1445 909 1472 illos
922 1445 1030 1479 bellum,

241 1493 437 1520 Macedonicum
453 1500 548 1527 nempe
561 1513 568 1525 ,
584 1493 691 1520 invasit.
708 1491 809 1519 Deinde
824 1491 948 1518 Antiochi
970 1491 1032 1525 Epi-

242 1539 336 1574 phanis
350 1543 422 1575 gesta
443 1544 601 1574 sequuntur,
619 1538 725 1573 quando
741 1538 824 1565 tribus
845 1538 922 1565 annis
940 1542 967 1564 et
989 1537 1031 1564 di-

241 1585 323 1613 midio
337 1585 439 1612 obsessi
452 1605 459 1617 ,
477 1585 598 1619 maleque
613 1584 699 1611 allecti
712 1604 719 1616 ,
734 1591 749 1610 a
763 1583 958 1610 calamitatibus
973 1591 1032 1610 rur-

241 1639 300 1658 sum
310 1631 391 1666 erepti
403 1635 473 1658 sunt.
486 1631 549 1658 Post
561 1631 618 1658 haec
630 1630 734 1657 modico
745 1630 836 1663 elapso
850 1634 969 1663 tempore
981 1629 1030 1664 (a),

239 1676 360 1703 Christus
372 1675 489 1708 advenit,
503 1681 529 1703 ct
544 1676 624 1703 Vetus
635 1675 834 1702 Testamentum
850 1674 956 1702 desinit.

274 1722 423 1750 Judteorum
443 1731 521 1758 genus
545 1722 621 1749 unde.
637 1737 672 1741 —
691 1721 726 1749 Ut
744 1725 832 1748 autem
848 1721 964 1749 discatur
978 1721 1030 1748 Ju-

241 1767 323 1795 dairac
345 1769 431 1803 gentis
451 1769 544 1803 origo,
567 1768 687 1803 quandam
715 1768 758 1795 hic
783 1767 929 1795 enarranda
958 1772 1030 1795 sunt.

240 1813 302 1840 Post
315 1814 398 1840 Adam
412 1813 459 1840 fuit
473 1813 547 1846 Seth,
560 1813 655 1840 deinde
672 1813 775 1853 Enoch,
789 1817 879 1848 postea
891 1813 934 1840 alii
949 1821 1032 1848 usque

239 1859 273 1886 ad
288 1859 383 1886 multas
397 1859 596 1894 generationes;
608 1859 714 1886 demum
727 1858 794 1892 Noe,
808 1859 883 1892 cujus
899 1863 1029 1893 tempore,

239 1913 300 1932 cum
315 1905 436 1932 homines
450 1911 540 1932 essent
556 1905 655 1932 malitia
667 1905 784 1940 corrupti
796 1925 803 1937 ,
821 1904 948 1932 diluvium
961 1905 1031 1932 acci-

239 1951 288 1977 dit.
314 1951 441 1978 Ccssante
460 1951 560 1978 diluvio
572 1971 580 1984 ,
596 1948 719 1986 egressus
738 1959 771 1978 ex
792 1958 853 1977 arca
875 1951 948 1978 solus
969 1959 1029 1978 cum

240 1995 325 2023 tribus
339 1995 410 2028 ﬁliis,
427 2000 523 2022 terram
538 2003 644 2023 onmem
656 1996 730 2030 prole
742 2004 788 2023 sua
803 1996 923 2031 replevit,
940 1997 1031 2024 nmltis

238 2041 408 2068 successione
421 2041 533 2076 quadam
548 2042 695 2076 prognatis.
711 2041 776 2069 Cum
790 2050 854 2076 ergo
867 2042 972 2076 plurimi
986 2050 1030 2070 es-

238 2091 315 2120 sent,
332 2086 515 2114 deliberarunt
534 2087 666 2115 aediﬁcare
686 2087 797 2120 turrim,
813 2095 872 2122 quae
886 2087 920 2114 ad
935 2088 1029 2115 etclum

239 2139 322 2167 usque
334 2133 506 2167 pertingcrct.
520 2133 617 2159 Eorum
628 2133 768 2160 consilium
783 2132 936 2168 improbans
949 2133 1028 2166 Deus,

238 2179 342 2213 linguas
357 2179 474 2213 ipsorum
485 2179 614 2212 confudit,
631 2187 765 2214 unamque
778 2179 804 2206 in
817 2179 915 2206 multas
929 2179 1029 2206 divisit.

237 2225 325 2258 Quare
338 2231 398 2252 cum
413 2232 465 2252 non
479 2232 538 2252 sese
552 2229 643 2252 tnutuo
658 2224 797 2257 audirent,
814 2224 894 2252 simul
909 2224 1030 2252 habitare

238 2278 291 2298 non
308 2275 450 2305 potuerunt
465 2279 471 2297 :
488 2279 546 2306 quae
566 2278 646 2298 causa
666 2271 715 2298 fuit
728 2275 757 2298 ut
778 2278 826 2305 per
841 2274 924 2297 totum
939 2271 1030 2298 orbem

239 2316 469 2353 dispergerentur.
486 2316 587 2344 Dicitur
601 2321 690 2344 autem
709 2317 735 2344 in
750 2317 795 2344 illa
809 2316 964 2344 confusione
979 2317 1030 2344 llll-

237 2369 347 2395 gnarum
358 2382 365 2393 ,
382 2362 516 2389 Heberum
531 2361 684 2389 Judmorum
699 2362 896 2397 progenitorem
912 2363 1030 2390 noluisse

237 2407 330 2433 tentati
341 2408 429 2441 operis
441 2416 501 2435 esse
516 2408 681 2443 participem,
695 2409 834 2444 solumque
847 2408 976 2436 mansisse
986 2409 1029 2443 qui

238 2452 355 2486 linguam
377 2458 498 2481 servaret
517 2453 552 2489 (b)
566 2475 573 2486 ,
597 2454 647 2481 hoc
664 2455 757 2487 optimi
772 2454 878 2482 consilii
893 2455 1030 2489 pncmium

237 2497 373 2532 adeptum.
387 2499 424 2525 Ex
435 2500 574 2533 nepotibus
582 2500 639 2534 ejus
650 2499 839 2527 l‘uitAbraham
850 2509 857 2527 :
867 2500 979 2534 ideoque
989 2500 1030 2527 Ju-

238 2543 356 2570 datorum
367 2544 466 2579 lingua,
479 2545 605 2572 llebraica
621 2550 730 2573 vocatur
743 2547 776 2573 ab
787 2546 900 2573 Hebero.
915 2546 1030 2572 Abrahze

239 2590 309 2617 ﬁlius
329 2590 378 2617 l'uit
398 2590 470 2618 Isaac
483 2611 489 2622 ,
507 2591 585 2625 hujus
603 2591 694 2619 Jacob.
721 2592 769 2619 llic
783 2592 876 2626 genuit
889 2592 1029 2619 duodecim

239 2636 416 2670 patriarchas,
433 2637 525 2664 Ruben
539 2657 545 2669 ,
559 2638 686 2672 Symeon,
700 2638 773 2671 Levi,
790 2638 895 2670 Judam,
912 2638 1028 2671 lsachar,

239 2682 368 2715 Zabulon,
380 2682 642 2717 Nephtbalim,Gad,
659 2684 725 2717 Dan,
742 2685 819 2715 Aser.
836 2684 946 2718 .loscph,
961 2684 1030 2711 Ben-

267 2739 303 2769 (a)
320 2742 337 2771 Il
360 2737 524 2771 profanatioue
547 2739 633 2769 templi
654 2746 699 2770 per
721 2739 861 2764 Antiochum
881 2739 1030 2771 Epiphanem

235 2769 296 2794 facta
309 2769 337 2793 ad
349 2772 428 2794 ortttm
440 2769 527 2794 Christi
539 2771 595 2794 anui
607 2773 664 2794 sunt
675 2770 771 2794 circiter
783 2774 880 2795 centum
892 2769 1029 2800 Sexaginta.

269 2800 305 2831 (b)
322 2800 430 2824 Homiliis
446 2801 470 2824 in
485 2801 596 2832 genesim
607 2804 673 2824 Tom.
692 2800 733 2828 IV,
755 2801 801 2825 col.
815 2801 869 2829 279,
884 2802 917 2825 ait
928 2801 1029 2832 Chryso-

234 2835 327 2856 stomus
338 2832 460 2856 Heberum
465 2831 542 2856 solum
553 2833 653 2862 primum
660 2832 740 2855 mundi
746 2838 859 2856 servasse
866 2832 959 2856 idiotna.
965 2831 1030 2862 quod

238 2863 277 2887 hic
287 2863 361 2888 etiam
372 2862 438 2887 dicit.
450 2862 496 2887 Sed
509 2862 574 2887 cade
580 2863 874 2888 recontrovcrtiturNidc
882 2866 961 2888 notam
970 2862 1028 2887 ibid.

592 154 619 182 S.
640 152 779 182 JOANNIS
797 148 1038 180 CHRYSOSTOMI
1057 149 1214 178 ARCHIEP.
1229 148 1497 178 CONS'I‘ANTINOP.

1820 149 1872 177 5m

1085 207 1176 242 iamin.
1190 206 1318 234 Undecim
1339 207 1433 234 horum
1452 205 1659 241 patriarcharum
1677 214 1774 235 nomen
1795 215 1874 235 acce-

1085 260 1147 286 pere
1163 253 1246 279 tribus
1266 253 1300 279 ab
1319 252 1371 279 illis
1390 257 1466 280 orm.
1488 252 1674 288 Unusquisque
1688 254 1759 281 enim
1774 255 1872 282 tribum

1084 298 1283 332 proseminavit,
1294 303 1320 325 ct
1330 298 1419 333 proles
1432 299 1465 326 ab
1479 299 1517 326 eis
1530 299 1760 327 denominabatur.
1773 300 1872 328 Verum

1083 344 1192 378 Josephi
1206 352 1259 371 non
1275 352 1326 371 una
1338 344 1432 377 tribus,
1447 345 1493 372 sed
1504 345 1562 372 du:e
1576 346 1691 373 luerunt.
1705 346 1792 373 Noluit
1802 347 1873 374 enim

1083 389 1191 424 .losephi
1214 395 1289 425 pater
1299 398 1378 418 unam
1401 391 1497 418 tribum
1509 391 1542 418 ab
1552 399 1585 419 eo
1607 392 1783 420 denomiuari.
1805 393 1874 426 Quid

1084 443 1147 470 ergo
1158 435 1256 463 factum
1270 441 1309 463 est
1323 436 1333 462 ‘!
1347 436 1412 469 Quia
1427 444 1495 464 unus
1509 441 1565 464 erat
1581 437 1634 470 ille,
1647 442 1675 464 ut
1686 437 1783 472 duplex
1800 438 1875 465 ﬁcrct

1087 482 1246 516 patriarcha,
1257 482 1382 516 Ephraim
1389 487 1416 510 et
1423 482 1571 510 Manassem
1580 483 1648 510 duos
1658 483 1715 518 ejus
1724 483 1800 518 ﬁlios,
1808 476 1874 511 clua-

1084 527 1132 553 bus
1157 527 1275 554 tribubus
1294 528 1401 555 nomina
1418 536 1464 555 sua
1480 529 1544 555 dare
1562 529 1650 563 jussit.
1676 529 1751 557 Unde
1764 531 1872 565 contigit

1083 579 1111 600 ut
1128 574 1254 601 tredecim
1271 575 1354 602 tribus
1369 580 1476 608 essent;
1494 584 1589 610 nempe
1606 577 1726 604 undecim
1743 578 1870 608 aliorum.

1085 625 1111 646 et
1125 620 1182 646 dua:
1197 619 1305 654 .losephi
1323 629 1369 655 per
1384 621 1441 655 ejus
1462 621 1539 648 ﬁlios.
1556 622 1652 650 Tribus
1674 623 1737 650 Levi
1755 623 1815 651 hinc
1829 632 1874 650 ρλ-

1085 667 1207 700 trahitur,
1220 667 1360 703 ordiniquc
1370 669 1527 696 sacerdotali
1538 669 1694 704 deputatur:
1704 678 1789 705 neque
1798 671 1872 697 enim

1085 714 1263 740 necessarium
1279 719 1334 742 erat
1348 715 1418 742 aliud
1431 715 1566 750 quidpiam
1580 716 1629 751 ipsi
1645 717 1767 749 tradere;
1782 718 1874 752 sicque

1083 763 1173 786 manet
1188 759 1327 787 duodecim
1349 761 1463 788 tribumn
1484 769 1611 788 numerus
1635 769 1688 789 non
1708 762 1872 790 imminutus.

1083 805 1227 833 Duodecim
1241 814 1304 841 ergo
1321 807 1404 834 tribus
1419 808 1469 835 alia
1484 809 1572 835 omnia
1588 809 1716 843 gerebant
1730 817 1736 836 :
1751 809 1813 836 Levi
1827 817 1875 836 au-

1084 855 1136 877 tem
1154 851 1231 878 tribui
1247 853 1291 879 uni
1312 853 1485 880 sacerdotalia
1508 854 1596 880 munia
1617 854 1768 881 concredita
1786 859 1874 883 erant.

1084 896 1123 924 Ex
1141 897 1189 924 hac
1203 898 1271 925 tribu
1287 898 1390 933 Moyses
1404 904 1470 926 erat.
1487 899 1516 926 Ili
1532 907 1595 933 ergo
1610 899 1749 927 duodecim
1763 900 1875 934 patriar-

1083 942 1140 970 chae
1156 943 1182 970 in
1203 943 1346 979 [Egyptum
1364 944 1492 979 profecti,
1510 945 1618 980 impleta
1635 945 1680 972 Dei
1699 945 1876 979 promissione

1083 988 1236 1017 Abrahamo
1251 989 1319 1016 facta
1331 1011 1337 1022 ,
1354 998 1405 1024 qua
1419 990 1567 1024 dicebatur,
1584 990 1691 1017 Faciant
1705 999 1790 1018 semen
1805 996 1874 1018 tuum

1083 1034 1146 1060 sicut
1158 1034 1244 1062 stellas
1256 1036 1321 1067 cwli,
1335 1040 1522 1063 sescentorum
1538 1036 1650 1064 millium
1664 1036 1738 1066 fuere
1753 1038 1875 1072 progeni-

1085 1084 1166 1106 tores.
1176 1080 1243 1107 Hinc
1251 1081 1404 1109 Judacorum
1413 1090 1496 1116 genus
1508 1082 1736 1113 constitutumesl,
1744 1084 1815 1119 quod
1823 1090 1875 1109 no-

1085 1134 1146 1153 men
1159 1127 1261 1162 accepit
1275 1134 1290 1154 a
1306 1128 1373 1155 tribu
1387 1127 1456 1155 .luda
1469 1128 1588 1155 omnium
1603 1128 1736 1163 prmeipua
1751 1132 1777 1154 et
1792 1129 1874 1162 regia,

1085 1172 1155 1199 unde
1169 1180 1245 1207 reges
1255 1173 1341 1200 exorti
1352 1174 1530 1201 sunl.\"eteris
1539 1173 1618 1209 igitur
1628 1174 1790 1202 Testamenti
1804 1174 1875 1201 aliud

1084 1217 1190 1252 quidem
1206 1217 1360 1246 historicum
1376 1223 1415 1246 est
1428 1239 1436 1251 ,
1452 1219 1502 1246 hoc
1515 1226 1611 1254 nempe
1625 1219 1695 1254 quod
1708 1219 1763 1254 jam
1779 1227 1847 1246 recc:
1860 1233 1876 1241 -

1084 1264 1196 1291 suimus.
1211 1264 1276 1297 Qua:
1289 1265 1321 1291 ad
1337 1265 1446 1292 consilia
1459 1266 1568 1292 moralia
1582 1265 1724 1300 pertinent,
1739 1269 1800 1292 sunt
1812 1265 1876 1291 Pro-

1084 1309 1184 1341 verbia,
1199 1309 1333 1344 Sapientia
1349 1310 1412 1337 Sirai
1424 1310 1450 1342 h,
1470 1310 1653 1343 Ecclesiastes,
1666 1310 1774 1338 Cantica
1789 1310 1876 1337 emti-

1084 1361 1186 1381 corum.
1205 1355 1392 1390 Propheticum
1409 1363 1472 1383 vero
1487 1361 1549 1383 sunt
1563 1356 1698 1383 sexdecim
1713 1355 1854 1391 Propheta:
1867 1375 1874 1387 ,

1085 1399 1154 1426 Ruth
1167 1400 1216 1435 (a),
1227 1406 1253 1428 et
1264 1400 1356 1428 David.
1368 1401 1414 1428 Hae
1425 1409 1487 1428 vero
1498 1401 1600 1436 species
1610 1401 1713 1433 divisae,
1725 1402 1804 1428 etiam
1817 1409 1876 1436 per-

1084 1446 1186 1473 mixtim
1205 1447 1262 1473 alia:
1277 1448 1303 1474 in
1318 1447 1376 1474 aliis
1395 1448 1571 1482 reperiuntur.
1590 1448 1712 1482 Exempli
1733 1456 1811 1476 causa
1824 1469 1832 1480 ,
1849 1449 1874 1474 in

1085 1490 1201 1518 historiis
1216 1491 1381 1526 prophetiam
1394 1493 1513 1521 invenire
1527 1497 1568 1521 est
1579 1502 1585 1520 :
1597 1498 1623 1521 et
1638 1493 1780 1528 prophetas
1793 1493 1876 1521 histo-

1085 1537 1138 1564 rica
1153 1537 1235 1564 multa
1251 1535 1538 1570 recensere'audimus,
1554 1543 1634 1574 atque
1648 1539 1673 1566 in
1688 1539 1783 1566 horum
1800 1544 1876 1566 utro-

1084 1590 1135 1617 que
1148 1583 1258 1610 consilia
1269 1587 1297 1611 et
1307 1584 1406 1612 monita
1417 1584 1650 1619 deprehendimus,
1667 1593 1763 1620 nempe
1775 1586 1800 1612 in
1815 1593 1875 1620 pro‘

1085 1628 1173 1663 phelia
1187 1633 1214 1656 et
1228 1629 1254 1656 in
1279 1629 1399 1657 historia.
1422 1630 1484 1657 l'laJc
1499 1631 1604 1664 omnia,
1622 1635 1650 1657 ut
1662 1631 1731 1662 dixi,
1747 1631 1779 1658 ad
1794 1639 1875 1658 unum

1084 1674 1246 1708 respiciunt,
1262 1683 1358 1710 nempe
1368 1675 1401 1702 ad
1415 1675 1579 1703 audientium
1593 1677 1806 1704 emendationem
1817 1698 1824 1710 ,
1840 1677 1874 1704 ita

1085 1724 1113 1746 ut
1125 1727 1158 1746 ex
1172 1719 1247 1754 prius
1260 1726 1394 1756 gestorum
1405 1722 1567 1756 narratione,
1582 1729 1613 1750 ex
1630 1723 1741 1750 consilio
1754 1723 1876 1750 admoni-

1085 1766 1255 1801 tioneque,et
1268 1775 1300 1795 ex
1317 1767 1455 1802 prophetia
1466 1767 1498 1795 ad
1510 1768 1535 1795 id
1548 1768 1619 1802 quod
1633 1768 1758 1796 decorum
1773 1773 1814 1796 cst
1828 1777 1876 1796 nos

1084 1812 1284 1840 coucinnemus.
1298 1813 1448 1848 Prophetiaa
1456 1821 1521 1841 vero
1529 1813 1593 1841 illud
1602 1814 1719 1841 maxime
1729 1822 1796 1849 opus
1806 1819 1876 1847 erat,

1084 1863 1112 1886 ut
1127 1858 1212 1886 futura
1224 1860 1425 1893 praenuntiaret,
1439 1867 1486 1886 seu
1501 1859 1569 1887 bona
1584 1867 1631 1887 seu
1644 1860 1713 1887 mala
1727 1865 1832 1892 essent;
1848 1866 1877 1888 ut

1083 1904 1150 1932 alios
1168 1904 1351 1936 attraherent,
1367 1905 1432 1932 alios
1452 1911 1524 1932 metu
1539 1913 1554 1932 a
1570 1906 1685 1940 nequitia
1708 1911 1874 1933 coercerent.

1082 1950 1132 1979 Est
1143 1953 1171 1977 et
1182 1949 1253 1977 aliud
1268 1950 1414 1985 prophetiae
1426 1958 1523 1985 genus,
1536 1958 1631 1986 nempe
1644 1958 1675 1978 ea
1688 1958 1747 1986 quae
1757 1950 1790 1978 ad
1800 1951 1878 1978 Chri-

1083 2001 1154 2023 stum
1167 1996 1301 2031 pertinent
1311 1997 1449 2024 vaticinari
1461 2005 1467 2024 :
1480 1998 1524 2025 ubi
1537 2001 1810 2031 accuratetractatur,
1822 2006 1877 2025 non

1083 2041 1117 2069 de
1135 2041 1249 2069 adventu
1264 2042 1344 2070 modo
1355 2062 1362 2076 ,
1385 2043 1433 2070 sed
1447 2047 1475 2070 et
1488 2042 1522 2070 de
1537 2043 1569 2070 iis
1582 2051 1640 2078 qua‘:
1655 2048 1716 2078 post
1729 2042 1877 2071 adventum

1084 2087 1200 2115 facturus
1214 2092 1290 2121 erat,
1307 2088 1340 2115 de
1354 2093 1447 2122 partu,
1465 2088 1499 2116 de
1514 2089 1647 2116 natalibus
1657 2110 1664 2122 ,
1680 2089 1713 2116 de
1725 2096 1805 2117 crure
1817 2111 1823 2122 ,
1842 2089 1877 2116 de

1083 2132 1228 2165 miraculis,
1242 2132 1276 2160 de
1289 2133 1480 2169 discipulorum
1491 2134 1633 2167 electione,
1648 2134 1681 2162 de
1691 2134 1768 2162 Novo
1780 2134 1876 2161 Testa-

1083 2181 1183 2210 mento,
1204 2177 1238 2205 de
1252 2179 1401 2206 cessatione
1419 2178 1589 2207 Judaicorum
1604 2179 1711 2212 rituum,
1722 2179 1755 2207 de
1768 2179 1876 2207 destrtt-

1083 2224 1172 2251 ctione
1191 2224 1380 2259 gentilitiorum
1393 2245 1401 2258 ,
1421 2225 1456 2252 de
1476 2224 1616 2252 nobilitate
1630 2225 1756 2252 Ecclesia:
1767 2246 1774 2257 ,
1789 2225 1878 2259 deque

1084 2269 1144 2297 aliis
1155 2270 1279 2297 omnibus
1292 2270 1514 2305 subsequentibus
1527 2270 1617 2298 rebus.
1639 2270 1700 2298 ΙΙωο
1714 2271 1803 2298 omnia
1818 2271 1876 2297 cla-

1083 2316 1188 2343 rissime
1203 2320 1264 2343 ante
1278 2316 1391 2343 multum
1406 2321 1510 2351 tempus
1526 2316 1702 2349 przedixerant
1716 2316 1852 2351 propheta:
1865 2336 1876 2349 ,

1083 2361 1134 2389 alia
1148 2361 1248 2397 ﬁguris,
1260 2361 1310 2388 alia
1325 2361 1422 2389 verbis.

1119 2406 1264 2441 Prophetiw
1279 2406 1336 2434 dua:
1348 2407 1452 2441 species,
1468 2415 1512 2441 per
1524 2415 1601 2441 opera
1612 2412 1636 2434 et
1650 2415 1694 2442 per
1707 2406 1790 2433 verba.
1807 2405 1877 2433 Pro-

1084 2452 1175 2487 phetiw
1183 2456 1219 2479 est
1233 2460 1283 2479 non
1296 2452 1370 2479 modo
1382 2452 1478 2487 futura,
1490 2452 1535 2479 sed
1546 2452 1758 2486 etiamprrelerita
1765 2452 1875 2487 aperire.
1888 2485 1891 2486 ν

1083 2511 1119 2518 α-
1131 2498 1236 2525 Etenim
1249 2498 1301 2525 duo
1314 2501 1375 2525 sunt
1388 2497 1534 2532 prophetia:
1545 2505 1654 2532 genera,
1669 2501 1698 2524 et
1710 2497 1834 2532 operibus
1847 2502 1876 2525 et

1083 2544 1172 2572 verbis
1187 2543 1274 2571 futura
1293 2544 1472 2578 prmnuntiare
1489 2551 1496 2570 :
1517 2544 1606 2570 verbis
1626 2543 1752 2578 quidem,
1768 2548 1795 2570 ut
1815 2551 1876 2570 cum

1083 2597 1191 2618 crucem
1204 2590 1352 2625 signiﬁcare
1365 2589 1495 2622 volentes,
1509 2589 1619 2616 dicunt:
1634 2589 1706 2616 Sicut
1716 2589 1768 2616 avis
1782 2589 1816 2615 ad
1828 2596 1877 2615 cce-

1083 2636 1140 2662 dem
1153 2636 1241 2662 ductus
1255 2639 1290 2662 est
1302 2656 1308 2666 ,
1322 2640 1344 2661 et
1362 2636 1427 2661 sicut
1448 2643 1530 2670 agnus
1548 2643 1633 2661 comm
1649 2642 1676 2661 se
1689 2634 1806 2661 tondente
1823 2634 1877 2660 sine

1084 2690 1142 2709 vace
1157 2681 1239 2717 (Isai.
1255 2682 1298 2710 55.
1313 2682 1359 2716 7).
1374 2681 1431 2708 Hoc
1450 2681 1538 2716 itaque
1551 2681 1639 2708 verbis
1660 2681 1725 2716 ipsis
1738 2681 1877 2709 vaticinari

1115 2738 1152 2769 (α)
1170 2738 1229 2769 Ruth
1249 2738 1313 2762 inter
1334 2737 1490 2769 propheticos
1509 2736 1584 2761 libros
1599 2736 1709 2769 fortasse
1721 2737 1810 2769 ροηίιἰ
1820 2738 1877 2769 quia

1083 2766 1155 2794 unius
1166 2768 1274 2792 mulieris
1286 2766 1386 2798 trivatai
1406 2768 1505 2792 historia
1521 2774 1570 2792 non
1582 2767 1708 2798 videbatur
1722 2766 1791 2791 inter
1805 2766 1878 2793 libros

1083 2806 1167 2824 sacros
1178 2797 1302 2823 accenseri
1315 2805 1396 2829 posse,
1409 2799 1454 2822 nisi
1467 2804 1497 2823 ex
1517 2805 1547 2823 ea
1557 2797 1661 2823 muliere
1674 2799 1809 2822 nasciturus
1821 2797 1878 2822 luis-

1083 2835 1122 2855 set
1133 2830 1250 2858 Christus,
1262 2829 1284 2853 id
1296 2830 1360 2884 quod
1376 2833 1412 2854 tot
1429 2833 1486 2853 ante
1506 2829 1602 2854 swculis
1621 2829 1715 2854 nonnisi
1734 2829 1878 2859 prophetice

1084 2861 1141 2884 sciri
1151 2863 1259 2884 poterat:
1272 2867 1302 2884 ve
1324 2861 1386 2884 forte
1397 2859 1457 2884 Ruth
1469 2860 1509 2884 hic
1520 2859 1639 2884 mendose
1650 2860 1785 2884 irrepserit.

1084 2861 1141 2886 sciri
1151 2863 1260 2892 poterat;
1272 2859 1312 2886 vel
1324 2861 1386 2886 forte
1397 2859 1457 2886 Ruth
1469 2860 1509 2885 hic
1520 2859 1639 2885 mendose
1650 2860 1785 2892 irrepserit.
