2074 3126
227 154 280 181 Ξΐδ

229 211 317 237 ἐκεῖνο
339 209 368 236 αἱ
383 209 521 237 Βασιλεῖαι
537 210 565 236 αι
586 210 728 246 τέσσαρες,
755 212 782 239 ἐν
796 209 841 244 αἶς
862 213 897 239 τὰ
910 214 950 244 εἰς
969 213 1014 240 τὸν

227 256 324 287 Σαοὺλ,
348 255 383 282 τὰ
396 257 434 287 εἰς
449 256 493 282 τὸν
507 257 598 289 Δαυῖδ,
614 257 647 284 τὰ
669 258 707 289 εἰς
729 258 888 292 Σολομῶντα
909 259 956 285 καὶ
971 259 1014 286 τδν

233 299 325 326 Ἠλίαν
340 301 386 326 καὶ
401 301 444 327 τὸν
469 301 628 334 Ἐλισσαῖον,
645 302 692 328 καὶ
708 302 741 328 τὰ
755 302 835 337 μέχρι
849 304 899 338 τῆς
911 305 1013 338 αἰχμα-

226 346 325 378 λωσίας
348 347 399 381 τῆς
423 347 463 378 εἰς
483 346 638 375 Βαϐυλῶνα.
657 348 735 374 Μετὰ
755 349 783 374 δὲ
805 349 854 380 τὰς
878 349 1014 384 βασιλείας

229 392 355 427 Ἔσδρας.
383 392 490 427 Ἐπειδὴ
508 393 561 428 γὰρ
586 393 778 429 ἀπηνέχθησαν
800 396 840 426 εἰς
866 395 1014 423 Βαϐυλῶνα

227 438 405 474 ἁμαρτόντες,
421 440 467 465 καὶ
480 439 665 474 ἐϐδομήκοντα
687 439 736 475 ἔτη
751 440 904 468 διετέλεσαν
919 442 1013 469 αὐτόθι

225 483 405 515 δουλεύοντες,
417 484 430 509 6
442 483 506 515 Θεὸς
527 483 638 519 ὕστερον
658 484 736 517 ἵλεως
749 486 839 516 αὐτοῖς
858 486 1011 522 γενόμενος,

230 528 420 564 παρεσκεύασε
437 529 479 555 τὸν
498 529 587 565 Κῦρον
611 529 654 556 τὸν
675 530 734 556 τότε
758 531 869 566 Περσῶν
887 531 1011 566 βασιλεύ-

225 582 299 605 οντα,
319 574 418 609 Κῦρον,
443 571 474 600 οὗ
500 575 549 606 τὰς
576 575 698 607 παιδείας
714 576 851 611 ἀνέγραψε
876 576 1009 611 Ξενοφῶν,

225 621 333 654 ἀφεῖναι
352 620 414 651 τοὺς
437 620 633 655 αἰχμαλώτους.
650 622 703 648 Καὶ
720 623 843 657 ἀφέντος,
861 623 1010 658 ἐπανῆλθον

225 665 375 700 ἡγουμένου
401 666 446 692 τοῦ
477 666 596 701 Ἔσδρα,
620 666 665 693 τοῦ
694 667 830 702 Νεεμίου,
861 669 905 695 τοῦ
935 670 1011 705 Ζορο-

226 710 319 737 ϐάϐελ.
332 710 388 737 Καὶ
406 711 454 746 τὴν
474 711 600 738 ἐπάνοδον
611 712 713 748 ταύτην
729 713 828 748 γράφει
839 715 852 740 6
866 714 983 750 Ἔσδρας
1001 723 1007 730 ·

225 757 262 788 ὠς
277 756 468 788 ἐπανελθόντες
482 758 514 784 ἐκ
534 757 660 794 δευτέρου
676 758 721 785 τὸν
737 759 800 785 ναὸν
819 759 1005 795 ᾠκοδόμησαν,

225 800 271 826 καὶ
289 801 339 836 τὴν
353 800 428 826 πόλιν
448 801 609 835 ἀνέστησαν.
628 802 681 828 Καὶ
698 802 792 828 ἐκατὸν
814 803 1009 839 διαγενομένων

224 844 309 875 ἐτῶν,
334 844 413 871 πάλιν
439 845 556 880 πόλεμος
579 846 676 877 αὐτοὺς
708 847 857 874 κατέλαϐεν
882 850 895 875 6
912 850 1007 876 Μακε-

223 889 336 921 δονικός.
361 888 427 917 Εἶτα
450 890 485 917 τὰ
509 892 554 917 ἐπὶ
575 891 709 926 Ἀντιόχου
735 893 832 928 συνέϐη
858 894 904 920 τοῦ
934 895 1008 920 Ἐπι-

224 935 324 969 φανοῦς
334 955 341 967 ,
363 936 406 962 ὅτε
417 936 464 962 καὶ
477 937 539 972 τρία
554 936 601 972 ἔτη
615 937 837 973 πολιορκηθέντες
855 940 900 966 καὶ
912 940 1006 975 ἥμισυ,

224 980 315 1012 κακῶς
329 981 468 1013 παθόντες,
492 982 572 1009 πάλιν
597 983 792 1018 ἀπηλλάγησαν
813 984 867 1011 τῶν
888 985 1009 1020 ἐπιγενο-

225 1026 312 1061 μένων
333 1026 436 1053 κακῶν.
456 1027 511 1053 Καὶ
534 1029 592 1062 μετ’
614 1029 701 1055 ἐκεῖνο
715 1028 803 1063 ὀλίγου
819 1029 1007 1066 διαγενομένου

222 1072 330 1107 χρόνου,
356 1073 465 1108 ἔρχεται
481 1074 494 1100 6
517 1074 650 1109 Χριστὸς,
673 1075 720 1101 καὶ
741 1075 816 1107 τέλος
835 1076 965 1112 λαμϐάνει
991 1078 1006 1112 ἡ

224 1117 338 1144 Παλαιὰ.

258 1174 339 1200 Ὥστε
367 1174 395 1201 δὲ
428 1175 523 1209 μαθεῖν
551 1175 632 1202 πόθεν
661 1175 774 1211 συνέστη
810 1177 840 1204 τὸ
873 1177 1007 1206 Ἰουδαίων

221 1219 308 1254 γένος,
323 1221 469 1255 ἀναγκαῖον
486 1221 562 1255 ὀλίγα
584 1222 680 1248 εἰπεῖν.
701 1222 779 1249 Μετὰ
797 1223 841 1251 τὸν
859 1224 944 1259 Ἀδὰμ
959 1225 1006 1258 γέ-

222 1270 299 1299 γονεν
315 1267 329 1292 6
348 1267 411 1302 Σὴθ,
434 1264 494 1294 εἶτα
515 1266 608 1302 Ἑνὼχ,
631 1265 690 1293 εἶτα
712 1268 800 1304 ἕτεροι
815 1268 895 1304 μέχρι
917 1269 1006 1296 πλειό-

222 1321 273 1339 νων
286 1312 384 1346 γενεῶν
397 1320 404 1327 ·
421 1313 468 1339 καὶ
483 1313 544 1339 τότε
556 1315 569 1339 6
587 1313 657 1346 Νῶε,
673 1314 714 1349 ἐφ’
724 1311 766 1346 οὗ,
791 1314 845 1340 τῶν
857 1313 1006 1349 ἀνθρώπων

221 1356 421 1392 διαφθαρέντων
439 1356 490 1382 ὑπὸ
506 1357 615 1389 κακίας,
639 1357 744 1390 γίνεται
766 1358 779 1383 6
804 1356 1004 1392 κατακλυσμός.

223 1399 287 1427 Εἶτα
302 1400 348 1427 τοῦ
366 1400 557 1436 κατακλυσμοῦ
575 1401 734 1433 παυθέντος,
758 1401 872 1433 ἐξελθὼν
890 1400 941 1427 ἀπὸ
957 1401 1006 1436 τῆς

223 1445 337 1472 κιϐωτοῦ
364 1446 442 1481 μόνος
467 1447 535 1482 μετὰ
561 1446 661 1473 παίδων
678 1446 771 1482 τριῶν,
797 1447 928 1481 ἐνέπλησε
956 1447 1005 1482 τὴν

222 1492 272 1526 γῆν
286 1493 317 1518 ἐκ
332 1492 382 1527 τῆς
397 1491 480 1518 αὑτοῦ
495 1492 599 1526 γενεᾶς,
617 1491 688 1518 κατὰ
699 1492 821 1527 διαδοχὴν
832 1492 935 1518 πολλῶν
960 1491 1004 1518 ὅν-

221 1545 273 1562 των
285 1536 338 1562 τῶν
349 1537 534 1574 τικτομένων..
547 1537 589 1568 Ὠς
608 1534 654 1563 οὖν
669 1537 790 1570 ἐγένοντο
811 1537 912 1568 πολλοὶ,
927 1537 1003 1563 ἐϐου-

221 1581 348 1608 λεύσαντο
374 1581 476 1617 πύργον
498 1582 692 1617 οἰκοδομῆσαι,
719 1582 854 1617 φθάνοντα
881 1583 933 1614 ἕως
956 1582 1003 1609 τοῦ

220 1627 344 1664 οὐρανοῦ.
359 1627 516 1661 Καταγνοὺς
535 1628 563 1653 δὲ
585 1627 672 1654 αὐτῶν
690 1628 738 1663 τὴν
754 1628 865 1663 γνώμην
887 1629 901 1654 6
922 1628 1002 1660 Θεὸς,

222 1673 344 1708 συνέχεεν
361 1673 449 1699 αὐτῶν
457 1674 506 1704 τὰς
519 1671 707 1707 γλιῖισσας,καὶ
717 1674 764 1709 τὴν
777 1674 840 1709 μίαν
851 1675 890 1705 είς
905 1674 1003 1706 πολλὰς

220 1718 287 1744 διέτε
292 1727 350 1753 μεν.
362 1718 435 1753 [516]
445 1718 524 1744 Ὅθεν
536 1719 639 1754 ἀνάγκη
648 1718 757 1753 γέγονεν
768 1719 858 1750 αὐτοῖς
866 1719 914 1746 οὐκ
924 1719 1005 1746 ἀκού-

220 1772 294 1790 ουσιν
305 1763 437 1798 ἀλλήλων,
457 1763 524 1799 μηδέ
537 1765 692 1799 συνοικῆσαι
712 1764 836 1799 ἀλλήλοις
849 1772 856 1780 σ
870 1764 915 1790 καὶ
934 1763 1002 1799 αὕτη

220 1809 314 1843 γέγονε
329 1810 463 1845 πρόφασις
478 1809 525 1835 τοῦ
546 1809 683 1844 πανταχοῦ
707 1809 887 1845 διασπαρῆναι
906 1809 1004 1840 αὐτοὺς

220 1855 269 1890 τῆς
283 1855 454 1890 οἰκουμένης.
466 1854 580 1888 Λέγεται
590 1854 618 1880 δὲ
632 1855 660 1880 ἐν
669 1854 754 1890 ταύτῃ
765 1856 797 1890 τῇ
813 1854 939 1889 συγχύσει
949 1854 1002 1881 τῶν

220 1901 347 1935 γλωσσῶν
363 1902 377 1927 6
389 1900 472 1936 Ἔϐερ
487 1901 501 1926 6
515 1899 569 1926 τῶν
590 1900 722 1927 Ἰουδαίων
737 1901 867 1935 πρόγονος
884 1901 920 1935 μὴ
940 1900 1002 1935 βου-

220 1947 333 1982 ληθῆναι
355 1945 516 1980 κοινωνῆσαι
536 1945 585 1980 τῆς
611 1946 804 1980 ἐπιχειρήσεως
833 1945 935 1977 αὐτοῖς,
956 1946 1003 1972 καὶ

221 1993 299 2028 μόνος
328 1993 417 2027 μεῖναι
439 1990 573 2026 διατηρῶν
588 1990 636 2026 τὴν
660 1991 762 2017 οἰκείαν
787 1990 922 2024 γλῶσσαν,
952 1991 1002 2026 τῆς

221 2038 366 2072 καλλίστης
383 2036 496 2072 γνώμης
515 2036 593 2063 τοῦτο
613 2036 747 2071 τιμηθείς.
770 2035 870 2062 Τούτου
893 2035 1001 2070 ἔγγονος

220 2083 339 2116 ἐγένετο,
352 2081 491 2117 Ἀϐραάμ·
503 2081 543 2107 διὸ
553 2081 599 2107 καὶ
611 2079 742 2106 Ἰουδαίων
750 2079 858 2114 γλῶσσα
871 2079 1000 2114 Ἐϐραῖκὴ

220 2128 367 2162 κέκληται,
396 2127 450 2154 ἀπὸ
467 2126 515 2153 τοῦ
535 2125 631 2161 Ἔϐερ.
653 2125 754 2152 Τούτου
779 2125 868 2151 τοίνυν
893 2125 1001 2159 ἐγένετο

219 2173 326 2206 ἔγγονος
348 2170 534 2207 [Ἀϐραὰμ],
553 2169 600 2196 τοῦ
631 2169 756 2206 ’Λϐραὰμ
774 2176 798 2201 ει,
830 2169 922 2196 Ἰσαὰκ
934 2189 941 2202 ,
969 2166 1000 2196 οὗ

225 2217 329 2244 Ἰακώϐ.
345 2213 426 2248 Οὗτος
440 2217 566 2252 ἐγέννησε
578 2216 640 2247 τοὺς
650 2215 753 2242 δώδεκα
765 2216 944 2251 πατριάρχας,
955 2215 1000 2242 τὸν

224 2263 359 2299 Ῥουϐεὶμ,
377 2263 420 2290 τὸν
438 2256 565 2298 Συμεὼν,
587 2261 632 2288 τὸν
651 2262 727 2295 Λευὶ,
752 2262 797 2288 τὸν
826 2262 935 2294 Ἰούδαν,
955 2262 999 2289 τὸν

223 2309 343 2344 Ἰσαχαρ,
365 2309 410 2336 τὸν
423 2307 587 2342 Ζαϐουλὼν,
607 2308 651 2334 τὸν
666 2307 841 2342 Νεφθαλεὶμ,
867 2308 912 2334 τὸν
935 2307 997 2340 Γὰδ,

216 2354 261 2380 τὸν
272 2354 334 2386 Δὰν,
349 2353 397 2380 τὸν
417 2354 510 2390 Ἀσὴρ,
522 2354 568 2380 τὸν
593 2353 702 2388 Ἰωσὴφ,
712 2353 758 2379 τὸν
776 2353 914 2388 Βενιαμίν.
932 2353 999 2379 Τού-

216 2407 269 2425 των
283 2399 335 2425 τῶν
349 2398 445 2425 ἕνδεκα
459 2397 635 2434 πατριαρχῶν
651 2397 789 2432 ἐπώνυμοι
812 2397 954 2431 γεγόνασιν
969 2398 998 2424 αἱ

218 2446 287 2480 μετά
300 2445 386 2471 ταῦτα
397 2444 488 2479 φυλαί.
502 2444 635 2475 Ἕκαστος
655 2443 709 2479 γὰρ
723 2442 808 2478 φυλὴν
819 2443 996 2478 ἁπεγέννησε,

214 2492 260 2518 καὶ
270 2492 294 2517 οἱ
306 2491 455 2526 τεχθέντες,
467 2490 514 2517 ἀπ’
524 2490 634 2516 ἐκείνων
645 2489 799 2516 ἐκαλοῦντο.
820 2490 890 2516 Ἀντὶ
906 2490 997 2525 μέντοι

213 2528 259 2563 τοῦ
283 2537 381 2572 Ἰωσὴφ
402 2536 452 2571 μία
480 2536 549 2571 φυλὴ
563 2536 652 2562 οὐκέτι
668 2536 782 2570 γίνεται,
802 2535 869 2562 ἀλλὰ
886 2536 940 2563 δύο.
959 2536 995 2562 Οὐ

212 2583 266 2617 γὰρ
280 2582 416 2617 ἠϐουλήθη
441 2582 455 2607 6
469 2582 560 2617 πατὴρ
583 2582 597 2607 6
609 2580 656 2608 τοῦ
681 2581 780 2616 Ἰωσὴφ
798 2581 846 2615 μιᾷ
861 2581 930 2616 φυλῇ
949 2582 997 2607 ἐπ-

211 2628 319 2663 ώνυμον
328 2627 410 2654 αὑτὸν
427 2627 562 2662 γενέσθαι.
579 2627 611 2653 Τί
626 2625 672 2653 οὖν
691 2627 812 2661 γίνεται;
833 2627 942 2662 Ἐπειδὴ
955 2625 996 2658 εἷς

209 2673 243 2710 ἦν
264 2676 278 2701 ὁ
294 2675 391 2706 αὐτὸς,
415 2675 459 2700 ἴνα
483 2674 591 2706 διπλοῦς
616 2673 728 2708 γένηται
746 2673 927 2709 πατριάρχης,
949 2673 995 2699 τὴν

216 2720 335 2756 Ἐφραῖμ
350 2720 451 2747 καὶτὸν
466 2719 596 2754 Μανασσῆ
610 2719 672 2750 τοὺς
687 2719 761 2751 υἱοὺς
773 2718 854 2746 αὐτοῦ
865 2720 927 2750 τοὺς
936 2718 992 2751 δύο,

240 2789 252 2804 ⁸
266 2789 312 2813 Hic
331 2789 446 2812 mendum
459 2794 514 2813 esse
525 2787 631 2811 videtur.
650 2786 792 2817 Legendum
809 2788 835 2811 ni
852 2787 929 2816 fallor,
942 2787 993 2817 ἐγέ-

207 2829 261 2844 νετο
284 2821 377 2850 ἔγγονος
398 2819 515 2850 Ἀϐραὰμ,
534 2817 577 2842 τοῦ
599 2818 715 2849 ’Λϐραὰμ,
736 2818 826 2842 Ἰσαάκ.
840 2819 994 2850 Quapropter

213 2849 321 2882 Ἀδραᾲμ
331 2850 434 2881 primum
446 2849 511 2876 inter
523 2850 623 2874 uncinos
635 2851 768 2880 posuimus.
782 2855 813 2873 ne
826 2849 951 2874 videretur
962 2855 991 2874 ex

207 2888 252 2905 ms.
259 2881 409 2906 desumlum.

782 153 948 182 SYNOPSIS
965 154 1170 184 SCRIPTURE
1192 157 1328 186 SACRE.

1808 166 1858 194 5m

1068 214 1180 247 τούτους
1189 203 1299 250 ἐποίησε
1309 216 1355 243 δύο
1366 217 1456 251 φυλῶν
1468 217 1593 252 γενέσθαι
1607 219 1767 256 ἐπωνύμους
1773 221 1799 254 δ,
1812 224 1859 250 καὶ

1068 261 1095 286 αι
1111 260 1157 286 δύο
1169 261 1251 295 φυλαὶ
1263 262 1301 296 τῷ
1322 263 1418 298 Ἰωσὴφ
1435 263 1594 297 ἐλογίζοντο.
1612 265 1693 291 Ὥστε
1710 266 1808 302 συνέϐη
1824 269 1856 295 ἐκ

1067 306 1161 333 τούτου
1187 307 1285 334 ’ἕνδεκα
1308 308 1338 343 (Ι.
1366 309 1557 345 τρισκαίδεκα)
1585 308 1655 337 εἶναι
1683 310 1732 343 τὰς
1759 312 1855 346 φυλὰς,

1067 351 1163 378 ἕνδεκα
1173 352 1221 383 τὰς
1234 352 1287 379 τῶν
1299 353 1396 385 ἄλλων,
1405 354 1450 380 δύο
1460 355 1507 386 τὰς
1518 355 1564 381 τοῦ
1579 355 1676 390 Ἰωσὴφ
1688 356 1735 387 τὰς
1747 357 1790 383 διὰ
1801 358 1857 386 τῶν

1067 396 1177 423 παίδων.
1197 397 1397 434 ’Υπεξαιρεῐται
1410 400 1425 434 ἡ
1436 399 1480 425 τοῦ
1498 400 1573 432 Λευὶ,
1589 401 1635 427 καὶ
1649 401 1809 436 ἀφορίζεται
1820 404 1856 438 τῇ

1065 441 1140 474 τάξει
1156 443 1205 477 τῆς
1220 443 1368 480 ἱερωσύνης
1379 453 1385 460 ⁵
1396 445 1455 471 οὐδὲ
1471 445 1524 480 γὰρ
1539 443 1572 481 ἦν
1586 447 1736 481 ἀναγκαῖον
1748 448 1812 475 ἄλλο
1826 458 1857 476 τι

1068 488 1272 523 μεταχειρίσαι·
1296 490 1343 515 καὶ
1361 490 1436 524 μένει
1458 491 1512 517 τῶν
1529 491 1631 518 δώδεκα
1650 492 1665 517 6
1680 492 1796 528 ἀριθμὸς
1817 494 1857 530 μὴ

1065 534 1308 570 ἀκρωτηριασθείς.
1324 537 1355 562 Λὶ
1380 537 1427 571 μὲν
1443 535 1489 563 οὖν
1505 537 1606 564 δώδεκα
1627 538 1661 565 τὰ
1680 539 1746 566 ἄλλα
1766 540 1854 567 πάντα

1065 577 1197 612 ἔπραττον
1207 587 1213 593 '
1228 580 1243 614 ή
1255 579 1282 605 δὲ
1294 580 1339 606 τοῦ
1351 581 1415 607 Λευὶ
1427 581 1460 607 τὰ
1469 582 1592 617 ἱερατικά
1603 581 1636 618 ἦν
1649 584 1853 621 ἐπιτεταγμένη

1066 623 1143 659 μόνη.
1164 625 1211 651 Ἐκ
1235 625 1336 660 ταύτης
1361 624 1395 661 ἦν
1418 627 1431 652 6
1454 628 1584 662 Μωῡσῆς.
1615 626 1693 656 Οὗτοι
1713 631 1802 658 τοίνυν
1825 632 1850 657 οἱ

1063 668 1165 696 δώδεκα
1180 671 1345 706 πατριάρχαι
1363 672 1523 704 ἀπελθόντες
1534 674 1573 705 εἰς
1587 674 1730 708 Αἴγυπτον,
1743 677 1791 711 τῆς
1805 676 1851 703 τοῦ

1063 714 1129 740 Θεοῦ
1142 715 1305 749 ἐπαγγελίας
1315 717 1364 751 τῆς
1375 717 1443 752 πρὸς
1457 718 1502 744 τὸν
1521 718 1645 754 Ἀϐραὰμ
1660 720 1852 756 πληρουμένης

1062 760 1112 794 τῆς
1128 760 1268 796 λεγούσης,
1280 762 1398 795 Ποιήσω
1407 763 1440 789 τὸ
1452 764 1569 798 σπέρμα
1584 773 1641 792 σου
1658 766 1697 798 ὡς
1709 767 1744 793 τὰ
1756 767 1851 801 ἄστρα

1063 805 1116 831 τοῦ
1125 806 1263 840 οῖ’ψανοῦ,
1273 807 1418 839 ἑξακοσίων
1432 809 1558 843 χιλιάδων
1572 811 1694 844 ἐγένοντο
1713 813 1849 847 πρόγονοι.

1069 851 1206 878 Ἐντεῦθεν
1220 852 1250 878 τὸ
1262 853 1315 879 τῶν
1338 853 1470 880 Ἰουδαίων
1499 855 1613 890 συνέστη
1634 856 1711 890 γένος
1730 858 1783 883 ἀπὸ
1802 859 1851 892 τῆς

1069 897 1152 924 Ἰούδα
1175 898 1261 933 φυλῆς
1278 899 1426 934 ὀνομασθὲν
1447 900 1497 935 τῆς
1514 900 1736 937 βασιλικωτάτης,
1754 903 1814 930 ὅθεν
1826 905 1851 930 οξ

1064 942 1186 977 βασιλεῖς
1203 943 1235 970 ἂν
1262 944 1395 984 ἐγένοντο.
1414 945 1469 979 Τῆς
1487 944 1533 972 οὖν
1544 946 1666 979 Παλαιᾶς
1682 948 1739 974 ἐστι
1754 949 1784 974 τὸ
1800 949 1850 984 μὲν

1064 988 1207 1023 ἱστορικὸν,
1221 989 1299 1016 τοῦτο
1316 990 1348 1026 δὴ
1367 990 1381 1016 ὃ
1401 992 1605 1028 προειρήκαμεν
1616 1002 1622 1008 ³
1644 993 1674 1020 τὸ
1687 993 1715 1020 66
1733 995 1850 1029 συμϐου-

1061 1033 1191 1066 λευτικὸν,
1211 1034 1248 1066 ὡς
1270 1036 1301 1061 αἴ
1321 1044 1351 1062 τε
1374 1037 1542 1072 Παροιμίαι,
1568 1039 1615 1065 καὶ
1639 1039 1655 1074 ή
1675 1039 1722 1065 τοῦ
1747 1040 1847 1076 Σειρὰχ

1061 1080 1144 1114 Σοφία
1157 1099 1164 1112 ,
1185 1081 1230 1106 καὶ
1246 1082 1260 1107 6
1277 1082 1490 1118 Ἐκκλησιαστὴς
1502 1103 1509 1115 ,
1532 1085 1578 1110 καὶ
1600 1084 1634 1111 τὰ
1652 1085 1778 1120 ᾊσματα
1794 1087 1850 1113 τῶν

1060 1126 1205 1160 ᾀσμάτων·
1227 1127 1259 1152 τὸ
1279 1127 1306 1153 δὲ
1326 1129 1514 1163 προφητικὸν.
1540 1129 1578 1161 ὡς
1602 1131 1626 1156 οἱ
1654 1130 1750 1164 δεκαέξ
1776 1132 1849 1166 λέγω

1061 1171 1211 1206 Προφῆται,
1230 1173 1276 1198 καὶ
1304 1173 1398 1207 Ἱόὺθ,
1425 1174 1473 1201 καὶ
1490 1175 1580 1202 Δαυῖδ,
1604 1175 1687 1211 Εὖρος
1708 1177 1730 1203 δ’
1752 1178 1784 1204 ἄν
1806 1186 1848 1210 τις

1061 1216 1094 1241 τὰ
1110 1217 1167 1251 εἴδη
1184 1217 1269 1244 ταῦτα
1276 1219 1427 1253 διῃρημένα
1441 1219 1578 1255 ἁδρομερῆ
1591 1221 1620 1247 ἐν
1635 1221 1758 1256 ἀλλήλοις
1771 1222 1847 1249 ὄντα.

1060 1258 1122 1288 Οἷόν
1138 1270 1164 1288 τι
1180 1261 1261 1296 λέγω,
1279 1263 1309 1289 ἐν
1323 1264 1382 1294 ταῖς
1401 1264 1530 1300 ἱστορίαις
1544 1265 1618 1301 εὕροι
1641 1274 1682 1298 τις
1697 1267 1729 1293 ἂν
1743 1276 1848 1302 προφη-

1059 1307 1150 1333 τείανο
1168 1308 1214 1334 καὶ
1229 1308 1282 1334 τῶν
1298 1310 1444 1345 προφητῶν
1462 1309 1604 1337 ἀκούσειεν
1627 1311 1661 1338 ἂν
1676 1311 1759 1338 πολλὰ
1777 1313 1848 1339 ἱστο-

1061 1352 1124 1387 ρικὰ
1144 1352 1350 1389 διαλεγομένων.
1377 1355 1431 1382 Καὶ
1446 1355 1476 1382 τὸ
1490 1356 1539 1391 τῆς
1561 1357 1715 1392 συμϐουλῆς
1734 1358 1762 1384 66
1777 1357 1848 1390 εἶδος

1059 1399 1104 1425 καὶ
1114 1399 1144 1425 τὸ
1157 1399 1206 1434 τῆς
1219 1400 1413 1435 παραινέσεως,
1428 1402 1456 1427 ἐν
1467 1402 1589 1438 ἐκατέρῳ
1599 1403 1711 1435 τούτων,
1731 1403 1759 1429 ἐν
1770 1412 1799 1430 τε
1811 1406 1845 1440 τῇ

1059 1445 1220 1480 προφητείᾳ,
1236 1445 1264 1471 ἕν
1282 1455 1311 1472 τε
1327 1448 1359 1481 τῇ
1377 1447 1491 1482 ἱστορίᾳ.
1508 1447 1598 1473 Πάντα
1607 1447 1634 1473 δὲ
1644 1447 1739 1479 ταῦτα,
1752 1447 1845 1484 ὥσπερ

1059 1488 1143 1523 ἔφθην
1157 1489 1249 1521 εἰπὼν,
1267 1491 1307 1521 είς
1321 1490 1349 1517 ἓν
1365 1491 1468 1525 βλέπει,
1480 1492 1529 1527 τὴν
1545 1492 1598 1518 τῶν
1609 1492 1759 1519 ἀκουόντων
1772 1493 1845 1528 διόρη

1058 1535 1155 1567 θωσιν,
1173 1535 1243 1562 ὥστε
1258 1537 1305 1564 καὶ
1319 1537 1371 1563 ἀπὸ
1387 1537 1438 1572 τῆς
1457 1538 1511 1564 τῶν
1527 1537 1666 1573 προτέρων
1683 1538 1844 1573 διηγήσεως,

1058 1581 1105 1607 καὶ
1114 1581 1167 1608 ἀπὸ
1178 1581 1250 1618 [517]
1260 1583 1308 1616 τῆς
1321 1582 1472 1617 συμϐουλῆς
1480 1583 1526 1609 καὶ
1536 1583 1585 1617 τῆς
1594 1584 1788 1617 παραινέσεως,
1797 1584 1845 1610 καὶ

1057 1626 1111 1653 ἀπὸ
1124 1627 1173 1662 τῆς
1187 1627 1354 1662 προφητείας
1372 1628 1548 1662 ῥυθμίζεσθαι
1560 1628 1628 1663 πρὸς
1645 1628 1674 1654 τδ
1690 1628 1757 1655 δέονξ
1773 1630 1843 1664 Προ-

1057 1670 1170 1706 φητείας
1190 1671 1218 1697 66
1239 1671 1317 1698 τοῦτο
1337 1671 1416 1706 ἔργον
1431 1671 1528 1706 μᾶλλον
1548 1669 1592 1707 ἦν,
1614 1672 1645 1698 τὺ
1661 1673 1695 1698 τὰ
1711 1672 1842 1708 μέλλοντα

1057 1718 1268 1752 προαναφωνεῖν,
1278 1717 1332 1743 εἴτε
1343 1717 1460 1752 χρηστὰ,
1473 1717 1527 1743 εἴτε
1540 1717 1658 1752 λυπηρὰ,
1671 1718 1714 1744 ἴνα
1722 1719 1783 1750 τοὺς
1793 1719 1842 1754 μὲν

1056 1763 1279 1795 ἁποσπάσωνται,
1290 1764 1351 1795 τοὺς
1361 1763 1389 1789 δὲ
1402 1763 1440 1798 τῷ
1452 1763 1526 1799 φόϐῳ
1539 1764 1588 1798 τῆς
1600 1764 1698 1796 κακίας
1709 1765 1843 1800 ἀπείρξω-

1057 1817 1107 1834 σιν.
1128 1809 1204 1835 Ἔστι
1218 1809 1246 1835 66
1260 1809 1306 1835 καὶ
1320 1809 1411 1845 ἕτερον
1427 1809 1593 1845 προφητείας
1609 1808 1687 1842 εἶδος,
1696 1811 1726 1837 τὸ
1734 1811 1768 1838 τὰ
1779 1812 1842 1846 περὶ

1056 1852 1102 1878 τοῦ
1119 1852 1237 1888 Χριστοῦ
1251 1854 1480 1889 προαναφωνῆσαι
1491 1862 1498 1869 ·
1513 1853 1576 1880 ἔνθα
1589 1853 1647 1888 μετ’
1662 1854 1802 1888 ἀκριϐείας
1810 1855 1839 1881 ού

1057 1899 1120 1934 περὶ
1134 1899 1183 1933 τῆς
1197 1900 1347 1935 παρουσίας
1361 1901 1450 1935 μόνον,
1469 1899 1538 1926 ἀλλὰ
1555 1899 1602 1926 καὶ
1618 1900 1683 1935 περὶ
1696 1896 1733 1926 ὧν
1746 1899 1840 1935 ἔμελλε

1056 1945 1273 1980 παραγενόμενος
1293 1945 1432 1980 πράττειν,
1448 1945 1496 1972 καὶ
1517 1945 1582 1980 περὶ
1602 1945 1649 1972 τοῦ
1676 1945 1768 1977 τόκου,
1793 1946 1841 1972 καὶ
1872 1964 1875 1967 -

1055 1991 1119 2026 περὶ
1132 1991 1180 2025 τῆς
1193 1992 1354 2026 γεννήσεως,
1371 1991 1418 2017 καὶ
1429 1991 1493 2027 περὶ
1508 1991 1556 2017 τοῦ
1573 1991 1702 2026 σταυροῦ,
1719 1991 1766 2017 καὶ
1777 1993 1840 2027 περὶ

1054 2036 1108 2062 τῶν
1123 2036 1278 2072 θαυμάτων,
1293 2037 1340 2063 καὶ
1355 2037 1419 2072 περὶ
1430 2037 1478 2071 τῆς
1496 2036 1550 2063 τῶν
1571 2036 1699 2072 μαθητῶν
1714 2037 1838 2073 ἐκλογῆς,

1054 2081 1177 2116 περὶτῆς
1192 2081 1294 2116 Καινῆς
1313 2081 1459 2116 Διαθήκης,
1479 2081 1542 2116 περὶ
1566 2081 1615 2117 τῆς
1641 2081 1765 2113 παύσεως
1783 2082 1838 2109 τῶν

1060 2126 1221 2159 Ἰουδαϊκῶν,
1234 2127 1353 2162 καὶπερὶ
1366 2127 1412 2153 τοῦ
1427 2126 1581 2162 ἀφανισμοῦ
1592 2127 1645 2153 τῶν
1666 2127 1836 2162 Ἑλληνικῶν,

1053 2172 1099 2198 καὶ
1113 2173 1235 2207 περὶτῆς
1249 2172 1388 2206 εὐγενείας
1399 2172 1449 2207 τῆς
1463 2173 1534 2199 κατὰ
1543 2173 1592 2208 τὴν
1605 2173 1778 2209 Ἐκκλησίαν,
1791 2175 1838 2201 καὶ

1053 2218 1117 2254 περὶ¹
1135 2218 1188 2244 τῶν
1211 2218 1298 2245 ἄλλων
1324 2218 1450 2244 ἁπάντων
1464 2218 1518 2245 τῶν
1534 2219 1652 2253 καθεξῆς
1666 2219 1749 2246 ὄντων
1767 2229 1837 2255 πρα-

1051 2266 1174 2300 γμάτων.
1189 2264 1281 2292 Ταῦτα
1296 2263 1383 2291 πάντα
1404 2264 1473 2300 μετὰ
1494 2265 1641 2300 σαφηνείας
1659 2265 1769 2301 ἁπάσης
1783 2267 1836 2301 πρὸ

1052 2311 1149 2338 πολλοῦ
1167 2311 1213 2338 τοῦ
1235 2312 1330 2346 χρόνου
1348 2311 1578 2346 προανεφώνησαν
1592 2311 1617 2337 οἱ
1636 2312 1784 2347 προφῆται,
1800 2313 1836 2339 τὰ

1053 2357 1102 2392 μὲν
1114 2357 1157 2384 διὰ
1167 2357 1268 2390 τύπων,
1285 2357 1318 2383 τὰ
1332 2357 1360 2383 δὲ
1372 2356 1416 2383 διὰ
1431 2357 1570 2392 ῥημάτων.

1087 2403 1141 2430 Καὶ
1153 2403 1207 2439 γὰρ
1223 2403 1268 2430 δύο
1283 2403 1450 2438 προφητείας
1465 2403 1532 2438 εἴδη,
1551 2403 1599 2430 καὶ
1621 2404 1665 2431 διὰ
1681 2403 1769 2439 ἔργων
1789 2405 1835 2431 καὶ

1050 2451 1094 2478 διὰ
1107 2451 1192 2485 λόγων
1203 2451 1406 2485 προαναφωνεῖν
1416 2449 1449 2475 τὰ
1465 2449 1593 2485 μέλλοντα
1603 2458 1610 2464 ·
1620 2450 1663 2476 διὰ
1673 2449 1758 2485 λόγων
1773 2451 1832 2486 μὲν,

1049 2497 1087 2529 ὡς
1099 2497 1163 2523 ὅταν
1175 2496 1220 2522 τὸν
1229 2495 1342 2530 σταυρὺν
1358 2495 1513 2530 βουλόμενοι
1528 2496 1625 2527 εἰπεῖν,
1636 2495 1751 2530 λέγωσιν
1760 2505 1766 2512 ·
1787 2497 1834 2529 Ὧς

1049 2543 1196 2576 πρόϐατον
1211 2542 1258 2568 ἐπὶ
1272 2540 1394 2575 σφαγὴν
1408 2540 1498 2574 ἢχθη,
1517 2541 1566 2567 καὶ
1588 2541 1627 2574 ὡς
1641 2541 1734 2575 ἀμνὸς
1748 2542 1833 2568 ἐναν-

1049 2589 1114 2615 τίον
1122 2587 1175 2614 τοῦ
1191 2587 1342 2621 κείροντος
1366 2586 1459 2613 αὺτύν
1473 2585 1602 2621 ἄφωνος.
1617 2586 1700 2613 Τοῦτο
1722 2587 1772 2622 μὲν
1785 2585 1832 2615 οὖν

1078 2696 1093 2716 b
1105 2696 1195 2720 Homil.
1209 2695 1222 2719 7
1235 2695 1353 2727 adversus
1365 2695 1470 2720 Judmns.
1484 2699 1541 2720 lom.
1555 2696 1575 2725 ῐ,
1585 2703 1608 2727 p.
1620 2697 1667 2720 668
1679 2707 1684 2721 :
1698 2698 1832 2726 Μανασσῆς

1047 2728 1088 2759 καὶ
1105 2727 1206 2759 Ἐφραὶμ
1215 2727 1260 2759 δύο.
1274 2726 1482 2759 φυλαὶῄγεγὸνασιν
1503 2726 1629 2759 ἐπωνύμοι.
1648 2728 1692 2752 Ubi
1708 2728 1783 2751 Savil.
1804 2731 1832 2751 el.

1047 2757 1216 2788 aliquot'mss.
1236 2757 1277 2781 δύο
1297 2757 1374 2788 φυλῶν
1387 2757 1477 2781 habent
1487 2760 1514 2780 eL
1528 2757 1628 2782 fortasse
1650 2759 1754 2782 melius:
1775 2764 1831 2781 nam

1047 2795 1100 2813 cum
1112 2789 1155 2813 hac
1166 2789 1271 2818 Synopsi
1285 2790 1402 2812 consonat
1413 2788 1465 2811 haec
1476 2791 1596 2818 postrema
1611 2790 1691 2813 lectio.

1080 2821 1092 2852 ἦ
1107 2820 1143 2852 D_e
1157 2819 1225 2852 hisce
1234 2816 1331 2842 duobus
1350 2816 1490 2852 prophgéligér
1507 2818 1642 2852 μυρτίδος»
1658 2818 1760 2852 igipaqm
1774 2816 1828 2852 fora

1046 2849 1353 2905 dirglggohChrysoslomus
1375 2848 1401 2874 ι(
1417 2849 1448 2879 Η,
1469 2848 1573 2874 Hoinilia
1586 2849 1601 2873 6
1620 2851 1651 2874 de
1668 2848 1828 2877 Pwnitenlia,

1046 2888 1071 2905 ι).
1130 2899 1135 2905 .
1172 2898 1178 2905 .

1046 2888 1071 2911 p.
1083 2881 1135 2910 328,
1149 2881 1178 2905 D.
