2074 3126
247 167 298 196 δη

245 225 291 252 διὰ
311 224 398 259 λόγων
416 222 490 253 εἷλον
511 226 715 262 προφητεῦσαι·
739 226 772 253 δι’
795 226 884 262 ἔργων
905 225 944 257 δέ,
967 225 1031 251 ὅταν

254 272 380 308 Ἀϐραὰμ
392 274 524 309 φαίνηται
533 274 578 302 τὸν
589 273 646 301 υιὸν
658 274 812 310 ἀναφέρων,
831 274 876 300 καὶ
889 273 935 300 τὸν
957 273 1033 309 κριὸν

247 321 456 356 κατασφάττων.
483 322 534 349 Διὰ
556 323 611 358 γὰρ
635 322 690 350 τῶν
715 323 884 358 πραγμάτων
914 330 1034 358 προανα-

245 371 326 397 tum!
345 371 393 398 τοῦ
418 371 534 406 σταυροῦ
556 372 604 407 τὴν
626 371 727 404 είκόνα,
746 371 794 398 κα)⁵
819 371 868 406 τὴν
892 371 962 407 ὑπὲρ
983 371 1033 407 τῆς

245 418 410 454 οικουμένης
430 419 563 454 ἐσομένην
582 420 698 455 σφαγήν.
720 420 776 446 Καὶ
798 419 913 452 πολλοὺς
934 420 966 447 ἄν
991 428 1033 451 τις

245 465 321 502 εὕροι
335 466 472 499 τοιούτους
480 467 580 499 τύπους
595 468 623 494 ἐν
631 468 663 503 τῇ
675 468 791 504 Παλαιᾷ,
807 469 853 495 καὶ
864 469 1033 504 προφητείας

245 514 290 542 διὰ
315 514 497 551 πραγμάτων.
521 515 559 542 οὐ
585 515 666 551 μόνον
691 515 720 543 δέ
744 516 779 543 τά
809 516 939 552 μέλλοντα
963 525 1031 553 προ-

245 563 360 598 φητείας
372 564 445 591 ἐστιν
465 565 562 596 είπετν,
574 564 642 592 ἀλλὰ
657 564 704 592 καὶ
717 564 752 592 τά
770 566 948 602 παρελθόντα,
963 566 1031 602 ὅπερ

246 611 344 646 μᾶλλόν
359 611 417 638 ἐστι
432 612 507 648 παρὰ
520 613 634 648 Μωῦσῇ.
655 613 740 641 Ὅταν
763 613 819 650 γὰρ
835 614 900 650 περὶ
916 614 1030 650 οὐρανοῦ

244 658 291 688 καὶ
301 659 352 695 γῆς
363 659 530 696 διαλέγηται,
540 661 709 697 παρελθόντα
724 663 774 698 μὲν
790 663 865 698 λέγει
879 663 1032 698 πράγματα

244 707 291 734 καὶ
307 708 485 745 κεκρυμμένα
501 709 541 746 τῷ
550 710 650 746 χρόνῳ,
662 711 816 747 προφητεία
828 711 857 738 δέ
870 711 939 739 αύτά
949 711 1031 747 φθέγ-

243 763 332 790 γεται.
347 757 454 793 Ὠσπερ
463 758 518 794 γὰρ
530 758 566 785 τὰ
581 759 693 794 μηδέπω
723 760 866 796 γενόμενα,
884 760 930 787 καὶ
940 760 1030 795 ἀφανῆ

243 803 284 830 In
299 805 479 841 τυγχάνοντα,
504 807 674 843 προφητείας
699 808 773 836 ἐστὶν
786 810 884 841 εἰπεῖν,
901 808 972 836 οὓτω
996 808 1032 835 τὰ

243 852 376 888 γενόμενα
400 853 468 889 μὲν,
497 856 676 891 κεκρυμμένα
698 856 726 883 δέ
750 856 790 892 τῷ
814 857 920 893 χρόνῳ,
946 858 1033 885 ταῦτα

243 901 416 936 ἀνακαλύψαι
432 902 480 929 καὶ
495 903 535 935 είς
550 903 633 938 μέσον
645 904 759 938 ἀγαγείν
773 907 823 941 τῆς
840 906 900 941 ῐσης
921 907 1031 942 χάριτός

244 952 328 978 ἐστιν.
343 951 421 978 Ἐστι
435 951 463 979 δὲ
479 952 529 979 καὶ
552 952 587 979 τὰ
604 952 726 987 παρόντα
741 954 910 989 προφητείας
931 955 1029 988 εἰπεῖν,

243 999 307 1026 ὅταν
331 1008 357 1026 τι
381 1000 492 1036 γίνηται
516 1000 576 1034 μὲν,
592 1001 750 1036 κρύπτηται
764 1001 804 1034 δὲ,
829 1000 885 1030 οἷον
908 1003 956 1029 ἐπὶ
983 1003 1030 1031 τοῦ

249 1047 369 1075 Ἀνανίου
381 1048 489 1083 καὶτῆς
500 1049 669 1085 Σαπφείρης.
696 1050 771 1078 Ἐκεῖ
792 1051 847 1087 γὰρ
867 1051 929 1078 οὔτε
959 1061 1031 1089 παρ-

242 1095 330 1127 ελθὸν,
360 1096 421 1123 οὔτε
440 1097 536 1132 μέλλον
551 1095 596 1132 ἦν,
613 1097 681 1124 ἀλλά
693 1098 779 1134 παρὸν
804 1099 864 1134 μὲν,
878 1099 975 1135 ἄδηλον
989 1100 1030 1127 δέ.

248 1143 277 1170 '0
298 1144 388 1172 τοίνυν
414 1145 517 1182 Πέτρος
541 1147 694 1183 προφητείᾳ
710 1147 779 1174 αὺτά
797 1147 965 1183 ἐκκαλύψας,
990 1151 1030 1182 εἰς

244 1192 325 1228 μέσον
351 1193 422 1227 ἄγει.
442 1194 497 1220 Καὶ
519 1194 553 1221 τὰ
583 1195 633 1230 μέν
651 1196 702 1231 τῆς
723 1196 862 1230 Παλαιᾶς,
884 1197 922 1229 ὡς
939 1197 973 1225 ἀν
988 1206 1030 1230 τις

241 1240 401 1277 ἀδρομερῶς
426 1242 508 1274 εῐποι,
533 1242 628 1270 ταῦτα.
657 1243 720 1270 Ἐπὶ
742 1244 771 1271 δέ
793 1246 844 1280 τῆς
868 1245 971 1281 Καινῆς
995 1246 1030 1273 τὰ

241 1289 270 1315 ἐν
285 1290 319 1324 τῇ
333 1289 438 1326 Παλαιᾷ
452 1291 659 1326 αἰνιγματωδῶς
670 1292 816 1329 εἰρημένα,
832 1293 918 1320 ταῦτα
928 1293 1031 1321 δείκνυ-

241 1345 286 1363 ται
296 1356 305 1368 ,
326 1337 376 1370 τὰς
389 1339 556 1374 προφητείας
569 1339 641 1374 λέγω
665 1340 714 1372 τὰς
726 1340 769 1367 διὰ
784 1340 839 1367 τῶν
853 1341 941 1377 ἔργων
959 1350 1030 1378 μαρ-

240 1385 417 1421 τυρουμένας,
434 1387 483 1423 τὴν
493 1387 547 1415 τῶν
562 1388 683 1424 οὐρανῶν
708 1389 864 1426 ἁπτομένην
879 1390 1028 1422 πολιτείαν,

240 1433 274 1460 τὰ
287 1433 431 1471 ἀπόρρητα
438 1435 493 1461 τῶν
502 1435 652 1470 μελλόντων
660 1437 761 1471 ἀγαθὰ,
771 1438 804 1465 Ἀ
812 1439 964 1474 ὀφθαλμὸς
972 1441 1028 1467 οὐκ

239 1479 310 1514 εἶδε,
317 1482 366 1508 καὶ
374 1480 427 1515 οὖς
434 1484 489 1510 οὐκ
497 1483 620 1518 ἤκουσε,
628 1485 676 1512 καὶ
684 1485 732 1512 ἐπὶ
740 1486 866 1520 καρδίαν
872 1487 1028 1522 ἀνθρώπου

240 1530 295 1556 οὐκ
310 1529 619 1566 ἁνέϐη.11αραλαϐοὖσα
637 1531 692 1568 7&9
709 1533 754 1559 τὸν
769 1533 911 1570 ἄνθρωπον
925 1535 969 1562 διὰ
979 1536 1028 1571 τῆς

241 1577 362 1610 Ιίαλαιᾶς
376 1579 393 1614 ὴ
410 1579 510 1615 Καινὴ,
529 1581 695 1617 συμμέτρως
718 1591 776 1614 πως
792 1583 838 1610 καὶ
852 1584 901 1619 τῆς
929 1585 1029 1616 κακίας

240 1627 332 1662 ἠρέμα
346 1627 537 1662 ἀπαλλαγέντα
548 1648 556 1661 ,
582 1629 651 1665 πρὸς
663 1630 713 1666 τὴν
726 1631 781 1659 τῶν
792 1632 916 1666 ἀγγέλων
932 1633 1027 1668 ἀνάγει

240 1676 389 1705 πολιτείαν.
407 1678 488 1705 Ὥστε
509 1679 559 1714 τῆς
578 1679 628 1716 μὲν
643 1681 763 1713 Παλαιᾶς
776 1681 856 1717 ἔργον
869 1680 904 1718 ἦν
916 1684 1028 1718 ποιῆσαι

238 1725 390 1762 ἄνθρωπον,
414 1728 463 1763 τῆς
481 1727 509 1754 δὲ
526 1729 628 1763 Καινῆς
641 1729 688 1756 τὸν
704 1730 846 1765 ἄνθρωπον
858 1732 1027 1767 ἐργάσασθαι

238 1775 362 1808 ἄγγελον.
385 1775 494 1811 Ἐπειδὴ
507 1776 562 1812 γὰρ
575 1778 592 1812 ἡ
608 1778 691 1805 κακία
701 1780 749 1805 καὶ
765 1779 796 1806 τὸ
807 1780 969 1816 ἀνθρώπους
988 1780 1027 1809 εἴ·

238 1831 282 1851 ναι
295 1823 422 1859 ἐποίησεν
435 1825 577 1857 ἀπολέσαι,
593 1827 633 1856 είς
649 1826 753 1860 ἀλόγων
774 1828 933 1862 δυσγένειαν
943 1839 1028 1857 κατα-

238 1871 371 1905 γαγοῦσα,
382 1871 455 1909 [518]
465 1873 511 1899 καὶ
519 1873 661 1909 θηριώδεις
671 1875 857 1912 ἐργασαμένη·
867 1878 880 1904 6
890 1878 938 1912 μὲν
946 1879 1027 1913 νόμος

238 1918 345 1954 ἐκείνης
360 1920 409 1955 μέν
423 1921 578 1956 ἀπήλλαττε
602 1922 651 1957 τῆς
667 1923 776 1956 κακίας·
795 1924 811 1959 ἡ
826 1924 854 1951 δὲ
876 1925 956 1960 χάρις
979 1927 1027 1954 καὶ

237 1966 339 2002 ταύτην
353 1967 403 2003 τὴν
424 1969 572 2005 ἀγγελικὴν
587 1964 764 2006 προστίθησιν
779 1972 888 2008 ἀρετήν.
906 1974 983 2000 Ἔστι
998 1974 1027 2001 δέ

237 2015 343 2052 καὶτῆς
366 2017 469 2052 Καινῆς
494 2018 595 2052 βιϐλία,
612 2019 640 2046 αἱ
662 2019 816 2047 Ἐπιστολαὶ
841 2022 869 2048 αί
895 2022 1026 2050 δεκατέσ-

238 2073 320 2101 σαρες
336 2065 452 2098 Παύλου,
468 2067 502 2094 τά
510 2067 662 2102 Εὑαγγέλια
674 2068 708 2096 τά
721 2069 851 2106 τέσσαρα,
861 2070 907 2097 δύο
916 2071 964 2106 μὲν
971 2071 1026 2099 τῶν

239 2113 368 2150 μαθητῶν
386 2114 431 2141 τοῦ
448 2115 581 2151 Χριστοῦ,
603 2117 726 2144 Ἰωάννου
744 2119 790 2145 καὶ
815 2119 965 2153 Ματθαίου,
979 2120 1025 2148 δύο

236 2162 265 2188 δέ
280 2163 372 2189 Λουκᾶ
384 2164 560 2200 καὶΜάρκου·
578 2161 615 2192 ὧν
631 2167 645 2193 6
664 2167 714 2201 μὲν
727 2167 773 2194 τοῦ
789 2167 903 2203 Πέτρου,
914 2168 964 2195 ὸδέ
977 2169 1024 2196 τοῦ

237 2210 343 2237 Παύλου
370 2212 496 2246 γεγόνασι
524 2213 653 2250 μαθηταί.
681 2215 713 2241 Οί
740 2216 789 2250 μὲν
806 2215 860 2251 γὰρ
891 2217 1024 2244 αὐτόπται

236 2255 305 2292 ἦσαν
321 2259 508 2295 γεγενημένοι,
533 2261 580 2288 καὶ
594 2262 785 2298 συγγενόμενοι
798 2263 836 2298 τῷ
850 2263 969 2300 Χριστῷ-
998 2265 1024 2291 οί

210 2321 213 2323 ›
236 2305 264 2332 δέ
279 2307 345 2342 παρ’
359 2307 470 2335 ἐκείνων
482 2308 517 2336 τά
528 2309 638 2336 ἐκείνων
651 2310 844 2346 διαδεξάμενοι,
860 2312 899 2344 είς
913 2312 1023 2348 ἐτέρους

237 2354 395 2394 ἐξήνεγκαν·
411 2357 459 2394 καὶ
477 2357 508 2383 τὸ
524 2358 578 2384 τῶν
593 2358 722 2393 Πράξεων
733 2359 761 2386 δὲ
772 2359 884 2394 βιϐλίον,
899 2361 945 2386 καὶ
959 2360 1024 2387 αὐτὸ

237 2390 337 2428 ᾼρυκᾶ,
352 2391 541 2428 ίστορήσαντος
549 2393 582 2419 τὰ
596 2390 738 2428 γενόμενα,
748 2390 795 2421 καὶ
808 2395 862 2421 τῶν
874 2395 1023 2423 καθολικῶν

243 2424 397 2453 Ἐπιστολαὶ
407 2424 490 2462 τρεῖς.

421 2528 553 2563 Σύνοψις
570 2529 625 2565 τῆς
638 2531 790 2566 Γενέσεως
802 2539 825 2560 ι.

270 2617 312 2645 Τά
327 2619 397 2646 κατὰ
416 2619 465 2655 τὴν
481 2623 667 2656 κοσμοποιίαν,
686 2625 732 2650 καὶ
754 2624 802 2660 τὴν
815 2625 862 2651 τοῦ
879 2625 1021 2661 ἀνθρώπου

236 2665 344 2694 πλάσιν.
365 2668 490 2704 Ἐντολὴν
501 2668 633 2704 λαμϐάνει
660 2672 674 2698 6
696 2673 790 2708 Ἀδὰμ,
805 2674 851 2700 καὶ
875 2674 1021 2702 πλάττεται

235 2715 252 2751 ὴ
264 2715 332 2751 γυνὴ
345 2715 378 2742 ἐκ
385 2716 435 2751 τῆς
450 2717 567 2753 πλευρᾶς
582 2719 673 2752 αὐτοῦ,
687 2720 884 2757 ἢάπατηθεῐσα
899 2723 951 2750 ὑπὸ
973 2723 1021 2751 τοῦ

265 2850 281 2884 I_
293 2848 438 2884 Timl_us_i_n
450 2848 609 2884 Lugglugensi
631 2850 685 2884 00d.
707 2850 805 2884 Σύνοψις
822 2853 846 2876 ὲν
862 2853 968 2884 ἐπιτόμῳ
979 2857 1020 2882 τῆς

236 2881 342 2909 Παλαιᾶς
353 2881 469 2909 Διαθήκης
477 2881 519 2905 τοῦ
530 2882 710 2913 Χρυσοστὸμον.
724 2881 814 2911 Γένεσις
835 2881 971 2908 Βιϐλίονγαῖ

603 168 632 196 S.
652 166 793 196 JOANNIS
810 163 1053 194 CHRYSOSTOMI
1071 163 1230 194 ARCHIEP.
1250 165 1520 195 CONSTANTINOP.

1823 168 1873 198 518

1086 223 1183 258 ὄφεως,
1197 226 1290 261 ἀπατᾷ
1309 226 1354 252 τδν
1377 226 1471 262 ἄνδρα,
1490 226 1536 252 καὶ
1558 226 1691 262 γενομένη
1713 227 1770 261 μετ’
1787 227 1875 255 αὐτοῦ

1084 273 1294 308 ἐπικατάρατος,
1326 274 1487 302 ἐκϐάλλεται
1509 275 1557 302 τοῦ
1587 275 1762 311 παραδείσου·
1792 276 1839 302 καὶ
1861 276 1876 302 6

1083 321 1144 356 ὄφις
1156 321 1262 357 δέχεται
1283 322 1406 358 κατάραν
1428 323 1474 349 ἐπὶ
1488 323 1534 349 τοῦ
1554 323 1669 358 στήθους
1698 325 1870 359 περιπατεῖν.

1090 370 1208 405 ’Δναιρεί
1221 370 1266 397 τὸν
1278 370 1391 405 ἀδελφὸν
1407 371 1422 398 ὸ
1435 371 1504 398 Κάῖν
1518 370 1563 398 διὰ
1575 371 1606 398 τὸ
1623 371 1876 407 ὑπερευδοκιμηθῆ-

1085 425 1126 444 ναι
1150 418 1175 450 δ,
1188 419 1234 445 καὶ
1250 419 1342 446 δίδωσι
1353 419 1441 455 δίκην·
1458 419 1505 446 καὶ
1520 418 1589 454 μετά
1602 419 1689 447 ταῦτα
1711 419 1873 448 παιδοποιεῖ.

1083 465 1176 492 Τίκτει
1191 466 1220 493 δέ
1234 467 1282 494 καὶ
1303 467 1360 494 Εὔα
1377 467 1423 495 τὸν
1438 467 1504 504 Σήθ.
1521 467 1677 502 Κατάλογος
1690 468 1744 495 τῶν
1758 469 1813 496 ἀπὸ
1826 469 1874 496 τοῦ

1089 514 1184 550 Ἀδάμ,
1198 515 1246 542 καὶ
1259 515 1313 542 τῶν
1327 517 1382 543 ἀπὸ
1391 517 1438 543 τοῦ
1452 517 1518 551 Σὴθ,
1533 516 1585 548 ἕως
1595 517 1643 543 τοῦ
1656 517 1728 548 Νῶε.
1748 518 1795 545 καὶ
1809 527 1876 545 κατ-

1082 563 1181 599 ηγορία
1192 564 1247 591 τῶν
1275 565 1380 601 ἀνδρῶν
1391 565 1435 592 διὰ
1451 565 1500 598 τὰς
1513 566 1542 592 οὺ
1563 566 1752 602 προσηκούσας
1778 567 1875 602 ἐπιγα-

1084 611 1148 647 μίας
1175 612 1223 639 καὶ
1248 612 1298 645 τὰς
1322 613 1418 646 λοιπὰς
1442 614 1570 649 ἀνομίας·
1586 614 1668 646 Υίοὺς
1692 614 1721 641 δέ
1737 615 1806 642 Θεοῦ
1835 617 1875 642 ἐν·

1081 659 1169 687 ταῦθα
1180 660 1258 688 καλεῖ
1274 661 1336 694 τοὺς
1346 662 1400 688 ἀπὸ
1409 661 1456 688 τοῦ
1474 661 1527 697 Σὴθ
1541 662 1710 696 κατάγοντας
1728 663 1759 691 τὸ
1784 664 1873 698 γένος’

1082 708 1192 744 καὶγὰρ
1207 710 1325 745 εἴρηται·
1351 709 1425 745 Ἐγὼ
1448 708 1544 743 εἷπον,
1555 711 1621 741 Θεοί
1639 711 1719 744 ἐστε,
1747 713 1796 740 καί
1815 715 1873 740 vlo!

1088 758 1234 792 Ὑψίστου
1250 758 1371 792 πάντες.
1381 758 1538 795 Θυγατέρας
1552 760 1580 787 δέ
1596 760 1746 797 ἀνθρώπων
1761 762 1810 795 τὰς
1819 763 1874 790 ἀπὸ

1081 805 1128 832 τοῦ
1145 806 1224 833 Κάῖν.
1249 806 1380 842 Προλέγει
1403 806 1418 833 6
1431 807 1496 839 Θεὸς
1509 807 1548 841 τῷ
1572 807 1634 835 Νῶε
1653 809 1703 844 τὴν
1723 809 1874 844 μέλλουσαν

1081 855 1135 881 τῶν
1154 855 1304 890 ἀνθρώπων
1317 854 1455 882 ἀπώλειαν
1470 856 1513 883 διὰ
1532 855 1580 883 τοῦ
1597 857 1799 893 κατακλυσμοῦ,
1824 859 1872 885 καὶ

1082 904 1210 938 παραινεῖ
1229 904 1340 939 ποιῆσαι
1354 904 1403 940 τὴν
1420 904 1550 936 κιϐωτόν,
1573 905 1738 939 τριακοσίων
1763 906 1874 941 πήχεων

1081 951 1112 979 τὸ
1125 952 1223 987 μῆκος,
1238 953 1406 988 πεντήκοντα
1424 953 1534 988 πήχεων
1541 953 1572 980 τὸ
1594 953 1707 987 πλάτος,
1727 955 1873 990 τριάκοντα

1082 1001 1190 1036 πήχεων
1215 1001 1246 1027 τὸ
1259 999 1334 1036 ὕψος.
1355 1001 1438 1033 Ὠςδέ
1453 1002 1577 1037 εἰσῆλθεν
1600 1003 1640 1035 εἰς
1663 1003 1713 1038 τὴν
1745 1004 1871 1035 κιϐωτὸν,

1082 1049 1195 1084 ἐφέρετο
1209 1050 1224 1076 6
1246 1049 1438 1085 κατακλυσμὸς
1459 1050 1664 1085 τεσσαράκοντα
1691 1051 1797 1087 ἡμέρας
1824 1054 1872 1079 καὶ

1081 1098 1282 1134 τεσσαράκοντα
1295 1097 1404 1129 νύκτας.
1420 1098 1549 1125 Ἐνεδίδου
1562 1098 1630 1125 δὲτὸ
1644 1098 1715 1135 ὕδωρ
1731 1099 1799 1134 μετὰ
1808 1100 1872 1126 ἐκα-

1081 1145 1126 1172 τδν
1141 1146 1310 1181 πεντήκοντα
1324 1145 1442 1181 ἡμέρας.
1458 1146 1597 1182 Ὤφθησαν
1609 1146 1638 1173 δὲ
1647 1147 1675 1174 al
1692 1148 1808 1182 κορυφαὶ
1819 1148 1872 1174 τών

1079 1193 1165 1229 ὀρέων
1180 1193 1276 1230 πρώτῃ
1287 1193 1334 1220 τοῦ
1351 1193 1465 1220 δεκάτου
1483 1193 1567 1229 μηνός
1588 1199 1612 1221 ο.
1627 1194 1682 1221 Καὶ
1694 1195 1762 1230 μετὰ
1775 1204 1872 1222 τεσσα-

1081 1243 1199 1277 ράκοντα
1214 1241 1321 1278 ἡμέρας
1333 1242 1476 1269 ἀπέστειλε
1489 1242 1535 1268 τὸν
1547 1242 1663 1278 κόρακα,
1686 1244 1733 1270 καὶ
1754 1244 1804 1279 οὐχ
1820 1245 1874 1270 ὑπο

1081 1290 1207 1327 έστρεψε·
1218 1291 1266 1318 καὶ
1279 1291 1348 1326 μετά
1361 1291 1430 1318 ἑπτὰ
1443 1291 1548 1327 ἡμέρας
1567 1291 1709 1318 ἀπέστειλε
1729 1292 1779 1327 τὴν
1793 1301 1871 1328 περι-

1081 1339 1190 1374 στερὰν,
1217 1340 1265 1366 καὶ
1291 1339 1443 1374 ὑπέστρεψε
1466 1339 1561 1366 θαλλὸν
1589 1339 1682 1371 ἐλαίας
1708 1340 1869 1375 κομίζουσα.

1080 1387 1226 1415 Κελεύεται
1247 1387 1300 1414 ὑπὸ
1315 1387 1362 1414 τοῦ
1383 1387 1449 1414 Θεοῦ
1466 1388 1481 1414 ό
1495 1387 1555 1414 Νῶε
1580 1387 1697 1420 ἐξελθεῖν
1711 1388 1744 1414 ἐκ
1759 1387 1809 1422 τῆς
1826 1397 1870 1415 κι-

1080 1434 1177 1462 ϐωτοῦ·
1206 1435 1253 1462 καὶ
1275 1434 1391 1467 ἐξελθὼν
1413 1435 1493 1461 ἔθυσε
1505 1435 1545 1470 τῷ
1573 1435 1642 1471 Θεῷ,
1672 1436 1718 1462 καὶ
1736 1435 1870 1472 εὐλογήθη

1081 1482 1212 1518 μετὰτῶν
1226 1482 1290 1509 υἱῶν
1313 1482 1406 1510 αὑτοῦ.
1421 1483 1476 1511 Καὶ
1487 1482 1582 1510 ἐλαϐεν
1598 1483 1764 1518 ἐπαγγελίαν
1794 1485 1871 1519 παρὰ

1080 1530 1126 1557 τοῦ
1136 1531 1214 1564 Θεοῦ,
1229 1530 1299 1557 ὥστε
1322 1530 1420 1566 μηκέτι
1441 1531 1567 1565 γενέσθαι
1581 1531 1710 1566 τοιαύτην
1733 1531 1871 1558 ἀπώλειαν

1079 1577 1229 1613 ἀνθρώπων
1242 1577 1286 1605 διὰ
1300 1577 1346 1604 τοῦ
1362 1579 1564 1614 κατακλυσμοῦ.
1579 1580 1636 1606 Καὶ
1652 1579 1720 1614 μετὰ
1731 1580 1817 1606 ταῦτα
1827 1581 1871 1606 εύ-

1078 1626 1154 1660 λογεί
1166 1625 1242 1662 [519]
1258 1626 1308 1662 μὲν
1319 1626 1363 1654 τὸν
1378 1627 1439 1662 Σὴμ
1449 1627 1496 1654 καὶ
1509 1627 1555 1654 τὸν
1575 1627 1673 1662 Ίάφεθ,
1682 1628 1868 1664 καταρᾶται.δέ

1078 1674 1123 1701 τὸν
1139 1674 1259 1708 Χαναὰν,
1274 1675 1367 1711 ἐπειδὴ
1382 1675 1397 1702 6
1411 1675 1503 1711 πατὴρ
1527 1675 1609 1702 αὑτοῦ
1627 1677 1692 1712 Χάμ
1715 1676 1804 1710 ἐξεῖπε
1819 1676 1870 1712 τὴν

1079 1724 1218 1760 γύμνωσιν
1228 1724 1274 1750 τοῦ
1289 1724 1401 1760 πατρός.
1422 1724 1558 1751 Ἐκϐαίνει
1571 1724 1601 1751 δὲ
1611 1726 1628 1761 ἡ
1641 1726 1747 1761 κατάρα
1757 1726 1803 1752 ἐπὶ
1813 1726 1868 1752 τῶν

1078 1771 1256 1800 Γαϐαονιτῶν·
1275 1771 1375 1807 μᾶλλον
1400 1771 1429 1798 δὲ
1444 1772 1589 1807 πρόσχημα
1607 1774 1656 1808 μὲν
1685 1774 1804 1808 κατάρας
1820 1772 1868 1810 ἦν,

1077 1821 1108 1848 τὸ
1136 1820 1164 1847 δὲ
1177 1820 1275 1856 ἀληθὲς
1305 1820 1467 1855 προφητεία.
1488 1821 1518 1847 Οί
1541 1821 1595 1847 ἀπὸ
1609 1820 1655 1847 τοῦ
1672 1821 1735 1847 Νῶε
1754 1822 1805 1853 ἓως
1819 1822 1867 1848 τοῦ

1077 1869 1176 1900 Φαλέκ,
1189 1869 1218 1900 ὂς
1231 1869 1284 1895 ἀπὸ
1297 1868 1344 1895 τοῦ
1360 1868 1523 1904 μερισθῆναι
1542 1869 1585 1895 ἐπ’
1599 1869 1678 1896 αὐτοῦ
1693 1869 1742 1905 τὴν
1753 1871 1804 1905 γῆν
1817 1871 1868 1907 τὴν

1078 1917 1264 1954 προσηγορίαν
1296 1917 1375 1944 ἔλαϐε
1398 1917 1508 1952 ταύτην.
1536 1917 1604 1944 Τότε
1625 1917 1680 1954 γὰρ
1699 1919 1744 1946 τὸν
1763 1919 1867 1955 πύργον

1077 1966 1265 2002 ᾠκοδόμησαν,
1287 1965 1347 1992 ὅθεν
1368 1965 1441 1992 καὶὸ
1463 1966 1545 1998 τόπος
1572 1966 1701 1994 Βαϐυλὼν
1732 1975 1868 2003 προσηγο-

1079 2014 1173 2051 ρεύθη,
1197 2014 1282 2041 ὅέστι
1311 2014 1458 2050 Σύγχυσις,
1485 2014 1578 2051 ἐπειδὴ
1595 2015 1653 2043 ἐκεῖ
1682 2016 1867 2052 συνεχύθησαν

1077 2063 1167 2090 αὐτῶν
1181 2064 1208 2090 αί
1238 2062 1367 2098 γλῶσσαι.
1394 2062 1447 2089 Τὸν
1464 2063 1494 2090 δέ
1510 2063 1616 2099 πατέρα
1640 2064 1688 2090 τοῦ
1709 2065 1797 2092 Φσλέκ
1819 2066 1867 2094 τὸν

1077 2110 1162 2146 Ἔϐερ
1172 2111 1250 2144 λόγος
1269 2111 1325 2146 ἔχει
1339 2111 1376 2146 μὴ
1400 2111 1547 2146 ὁμονοῆσαι
1569 2113 1625 2143 τοῖς
1637 2112 1742 2144 λοιποῖς
1760 2114 1800 2145 είς
1815 2113 1868 2150 τὴν

1075 2159 1122 2186 τοῦ
1135 2158 1239 2195 πύργου
1251 2159 1404 2194 οἰκοδομὴν,
1419 2159 1466 2186 καὶ
1477 2159 1521 2186 διὰ
1530 2159 1609 2186 τοῦτο
1616 2160 1690 2196 αὐτῷ
1704 2160 1752 2197 τὴν
1770 2162 1866 2189 λαλιὰν

1077 2209 1115 2244 μὴ
1128 2207 1304 2244 ἀμειφθῆναι,
1329 2207 1397 2234 άλλά
1411 2209 1499 2243 μεῖναι
1525 2208 1606 2236 αὑτὸν
1630 2209 1757 2245 ἀκέραιον
1769 2210 1866 2246 ἔχοντα

1075 2257 1124 2293 τὴν
1137 2257 1288 2289 διάλεκτον,
1306 2256 1354 2283 καὶ
1378 2256 1426 2282 ἀπ’
1444 2256 1527 2283 αύτοῦ
1541 2257 1590 2293 τὴν
1604 2258 1763 2294 ἐπωνυμίαν
1779 2259 1864 2295 αὐτὴν

1075 2305 1262 2341 λαϐεῖν.Ἕϐερ
1273 2305 1327 2340 γὰρ
1338 2305 1442 2332 ἐκείνου
1454 2305 1619 2341 καλουμένου
1632 2306 1658 2339 ἀ,
1676 2306 1784 2343 Ἐϐραῒς
1794 2308 1864 2344 αὕτη

1075 2353 1217 2389 κέκληται,
1244 2353 1259 2380 ὃ
1285 2354 1331 2380 καὶ
1352 2354 1464 2389 σημεῖόν
1480 2354 1538 2380 ἐστι
1558 2354 1686 2389 μέγιστον
1708 2355 1755 2382 τοῦ
1768 2356 1865 2383 πασῶν

1074 2402 1129 2429 τῶν
1144 2402 1242 2429 λαλιῶν
1262 2402 1451 2437 πρεσϐυτέραν
1467 2400 1537 2430 εἶναι
1562 2403 1612 2438 τὴν
1631 2403 1771 2438 Ἐϐραῖδα·
1797 2404 1864 2439 πρὶν

1075 2450 1129 2486 7&9
1142 2450 1309 2485 συγχυθῆναι
1318 2449 1366 2482 τὰς
1381 2450 1516 2485 γλώσσας,
1525 2451 1612 2488 ταύτῃ
1626 2452 1723 2484 πάντες
1737 2451 1866 2487 ἐκέχρην-

1074 2507 1115 2525 το.
1135 2499 1213 2525 Ἔστι
1229 2498 1256 2525 δὲ
1273 2500 1287 2525 ὀ
1314 2498 1398 2534 Ἔϐερ
1410 2495 1487 2530 οὗτος
1514 2499 1646 2534 πρόγονος
1666 2500 1798 2536 Ἀϐραάμ.
1815 2501 1866 2527 Γε-

1075 2547 1264 2582 νεαλογοῦνται
1286 2547 1313 2574 δέ
1325 2547 1379 2574 ἀπὸ
1395 2547 1440 2574 τοῦ
1453 2548 1507 2583 Σὴθ
1517 2548 1569 2580 ἕως
1578 2549 1624 2575 τοῦ
1644 2549 1779 2585 Ἀϐραάμ.
1791 2551 1866 2585 Λαμ-

1075 2597 1150 2624 ϐάνει
1170 2598 1183 2623 ὁ
1194 2596 1283 2632 πατὴρ
1298 2596 1344 2623 τοῦ
1353 2596 1477 2632 Ἀϐραὰμ
1487 2597 1502 2623 ὁ
1514 2597 1592 2632 Θαρᾶ
1608 2599 1671 2629 τοὺς
1686 2598 1758 2630 υἱοὺς
1768 2599 1865 2631 αὑτοῦ,

1073 2645 1161 2672 τόντε
1182 2646 1315 2681 Ἀϐραὰμ,
1345 2645 1393 2673 καὶ
1420 2645 1466 2672 τὸν
1483 2645 1601 2681 Ναχὼρ,
1620 2646 1727 2673 καὶτὸν
1752 2647 1865 2681 ἔγγονον

1103 2791 1118 2811 b
1136 2791 1269 2816 Voesianus
1291 2791 1369 2816 codex
1389 2793 1644 2824 παρευδοκιμασθῆναι.
1665 2794 1772 2824 L‘lraquc
1786 2794 1866 2820 lectio

1072 2822 1166 2854 admitti
1177 2826 1266 2854 potest.

1104 2855 1116 2869 ε
1130 2853 1155 2878 In
1167 2852 1238 2878 Cuisl.
1253 2853 1317 2877 male
1326 2852 1370 2877 τοῦ
1380 2853 1488 2884 δευτέρου
1502 2855 1581 2884 μηνός.

1105 2885 1118 2905 d
1129 2884 1166 2909 De
1180 2884 1278 2909 Heben)
1290 2884 1335 2908 hoc
1347 2885 1418 2909 etiam
1429 2892 1501 2915 supra
1514 2886 1575 2910 dixit
1586 2886 1610 2910 in
1622 2886 1765 2918 ιίροθεωρίᾳ.
