2047 3123
151 184 204 213 517

151 245 317 276 voluerunt;
337 238 463 275 operibus
476 243 539 264 vero
551 255 559 268 ,
580 243 641 263 cum
661 232 794 261 Abraham
806 229 946 258 exhibetur

156 290 239 317 ﬁlium
253 274 367 315 oﬁ‘erens
377 306 384 318 ,
400 289 427 312 et
445 283 553 311 arietem
572 281 705 316 jugulans.
719 279 768 306 llic
780 277 852 306 enim
867 274 947 303 rebus

155 336 219 369 ipsis
229 333 317 362 crucis
331 330 473 365 imaginem
486 326 682 364 prtesigniﬁcat.
696 330 774 359 atque
786 322 887 351 cmdem
899 327 948 355 pro

156 365 220 407 orbe
234 378 362 406 futuram.
377 375 472 403 Multas
487 378 558 401 certe
571 371 692 399 invenire
704 372 746 395 est
758 367 786 394 in
794 367 884 396 Veteri
897 365 949 393 Te-

156 429 290 453 stamento
307 419 458 457 hujusmodi
480 419 577 454 ﬁguras
590 438 597 449 ,
620 414 827 452 prophetiasque
843 419 892 447 per
904 417 949 438 res

156 469 300 498 exhibitas.
316 456 465 502 Prophetize
480 473 544 492 vero
557 470 655 491 munus
683 465 733 493 est,
750 467 802 487 non
815 457 895 486 modo
910 456 951 483 lu-

158 522 215 543 tura
228 515 319 542 dicere
331 533 339 547 ,
353 512 401 540 sed
415 511 496 539 etiam
509 509 651 545 praeterita,
667 506 737 542 quod
752 505 867 533 maxime
880 502 950 539 apud

159 563 276 598 Muysem
297 557 515 594 deprehenditur.
530 554 642 590 Quando
656 553 728 581 enim
747 552 781 580 de
795 550 862 578 caelo
876 554 902 577 et
917 549 952 576 de

159 613 230 635 terra
246 606 374 641 loquitur,
388 611 431 631 res
441 602 548 638 quidem
561 601 626 628 dicit
637 598 785 635 praeteritas
794 602 820 624 et
832 601 953 630 tempore

159 654 325 684 obscuratas,
335 649 383 678 sed
397 648 535 684 prOphetia
555 647 612 674 hzec
622 645 750 673 enuntiat.
773 642 953 677 Quemadmo-

160 699 223 726 dum
236 697 310 725 enim
325 694 470 731 prophetiae
483 697 534 725 est,
546 700 592 720 res
599 690 715 718 nondum
729 693 827 725 gestas,
841 694 954 722 quaeque

161 746 248 772 adhuc
261 742 373 771 occultae
388 744 450 769 sunt
463 737 631 769 annuntiare,
647 736 686 763 sic
700 739 727 763 et
739 742 783 762 res
796 738 884 769 gestas
896 733 956 767 qni«

162 791 234 823 dem,
249 788 297 816 sed
312 787 347 815 ob
360 792 463 821 tempus
475 784 592 812 occultas
606 782 741 814 revelare,
755 784 784 808 ct
797 779 824 806 in
839 778 955 806 medium

163 836 313 866 adducere,
337 840 427 868 parem
444 831 556 866 gratiam
577 829 703 864 postulat.
727 826 767 854 Ad
789 825 955 861 prophetiam

164 888 270 916 quoque
291 879 406 914 pertinet
431 885 474 904 res
493 880 637 911 praesentes
657 873 834 904 annuntiare,
850 870 956 906 quando

164 927 300 962 quidpiam
312 924 437 956 efﬁcitur,
453 922 500 950 sed
514 921 648 950 occultum
661 924 719 952 est;
735 923 764 946 ut
775 917 872 945 accidit
886 917 956 943 circa

165 972 297 1000 Aminiam
311 975 339 998 et
351 968 517 1004 Sapphiram.
531 967 586 994 Illic
597 966 668 993 enim
684 971 771 999 neque
783 962 956 998 praeteritum,

166 1025 253 1054 neque
266 1017 395 1047 futurum,
410 1014 456 1042 sed
469 1020 513 1041 res
528 1019 658 1048 praesens,
672 1010 775 1038 occulta
790 1014 888 1037 tamen.
906 1007 958 1035 Pe-

167 1070 225 1092 trus
241 1071 306 1099 ergo
324 1063 382 1090 inec
396 1069 444 1096 per
456 1059 622 1096 prophetiam
644 1057 767 1085 revelans
777 1077 784 1089 ,
801 1056 827 1083 in
842 1054 959 1083 medium

167 1110 284 1138 adducit.
299 1109 371 1136 Sane
384 1115 443 1142 qua:
456 1106 490 1133 ad
505 1106 585 1133 Vetus
597 1104 800 1132 Testamentum
813 1102 958 1136 pertinent,

168 1162 197 1185 ut
210 1157 270 1193 quis
283 1154 423 1184 confertim
435 1153 507 1180 dicat
519 1172 526 1186 ,
545 1149 676 1186 ejusmodi
696 1153 767 1176 sunt.
783 1147 812 1175 In
826 1147 900 1175 Novo
913 1154 961 1173 au-

167 1191 228 1231 tem
238 1209 270 1230 ea
280 1221 289 1234 ,
305 1208 366 1236 qua;
380 1199 407 1226 in
423 1197 510 1226 Veteri
531 1195 697 1230 mnigmatice
711 1194 781 1222 dicta
796 1196 868 1225 sunt,
884 1191 961 1219 exhi-

170 1248 288 1275 bentur:
304 1245 338 1273 de
360 1243 508 1280 prophetiis
525 1241 638 1276 loquor,
660 1239 758 1275 quibus
780 1237 962 1266 testimonium

170 1293 312 1329 perhibent
327 1291 384 1327 ipsa
398 1296 478 1325 opera
490 1309 498 1322 ,
519 1294 615 1322 nempe
630 1287 691 1313 vitae
703 1285 851 1313 institutum
864 1284 896 1311 ad
910 1292 963 1311 ca:-

171 1341 226 1369 lum
242 1347 326 1374 usque
340 1337 502 1373 pertingens,
516 1341 612 1362 arcana
628 1333 775 1360 futurorum
793 1331 862 1359 bona
875 1352 882 1363 ,
901 1331 964 1363 ρυω

171 1395 217 1414 nec
237 1385 327 1413 oculus
339 1383 417 1416 uidit,
434 1390 479 1410 nec
492 1381 562 1407 auria
574 1379 670 1406 audivit
679 1399 686 1412 ,
701 1386 746 1405 nec
760 1378 786 1404 in
800 1385 843 1404 cor
856 1376 964 1403 hominis

172 1431 336 1460 ascenderunt
345 1429 382 1464 (1.
391 1428 450 1456 Cor.
458 1427 486 1455 '2.
497 1426 535 1462 9).
545 1426 649 1453 Novum
657 1424 755 1460 quippe
765 1423 964 1450 Testamentum

173 1478 310 1506 hominem
322 1483 371 1511 per
382 1474 465 1502 Vetus
477 1477 616 1508 acceptum
625 1492 634 1505 ,
649 1471 785 1498 moderate
797 1474 824 1497 et
837 1469 935 1497 sensim
950 1476 966 1495 a

173 1524 290 1559 nequitia
304 1522 337 1549 ad
351 1521 507 1556 angelorum
520 1518 669 1546 institutum
679 1516 796 1544 adducit.
813 1516 904 1551 Itaque
916 1515 967 1542 Vc-

174 1572 239 1599 teris
252 1569 360 1606 quidem
376 1567 540 1595 Testamenti
554 1572 621 1600 opus
636 1568 693 1591 erat
707 1563 841 1590 hominem
863 1562 966 1594 facere;

174 1618 240 1646 Novi
255 1613 504 1652 autemJiominem
521 1610 628 1639 efﬁcere
649 1609 783 1644 angelum.
798 1607 968 1642 Quandoqui-

176 1664 236 1691 dem
251 1662 322 1690 enim
342 1658 460 1694 nequitia
475 1657 501 1685 id
515 1656 604 1684 eﬂ‘ecit
616 1660 646 1683 ut
667 1654 731 1682 illud
752 1653 895 1689 perderent
916 1659 969 1688 quo

178 1710 300 1737 homines
325 1710 402 1735 erant
414 1726 423 1739 ,
445 1705 570 1740 ipsosque
583 1703 608 1730 in
625 1702 761 1730 brutorum
779 1700 970 1736 ignobilitatem

179 1755 275 1790 dejecit
286 1775 295 1786 ,
315 1761 347 1780 ac
362 1752 462 1780 ferinos
477 1749 614 1781 reddidit;
633 1749 676 1776 lex
694 1747 802 1783 quidem
824 1746 883 1773 illos
896 1753 911 1772 a
926 1745 970 1772 tali

180 1801 278 1828 malitia
297 1798 445 1829 liberabat;
466 1796 550 1832 gratia
568 1802 633 1823 vero
652 1794 717 1829 ipsis
737 1794 804 1820 hanc
824 1791 970 1827 angelicam

181 1848 306 1874 virtutem
324 1843 407 1872 addit.
430 1842 498 1870 Sunt
517 1845 606 1868 autem
627 1832 694 1867 Novi
708 1838 869 1866 Testameuti
892 1837 970 1869 libri,

182 1893 308 1928 Epistulae
326 1889 527 1926 quatuordecim
542 1887 615 1914 Pauli
628 1886 676 1921 (a),
691 1890 805 1920 quatuor
819 1883 970 1919 Evangelia,

182 1940 234 1967 duo
248 1937 440 1973 discipulorum
460 1933 558 1962 Christi
571 1954 578 1966 ,
600 1932 710 1960 Joannis
724 1935 752 1959 et
769 1930 883 1958 Matthati
897 1950 905 1964 ,
919 1929 973 1956 duo

184 1989 271 2012 autem
285 1983 364 2010 Lucae
374 1985 401 2009 et
408 1980 487 2008 Marci
500 1988 507 2006 ε
519 1985 632 2014 quorum
645 1977 713 2005 alius
725 1976 805 2007 Petri,
821 1975 888 2002 alius
900 1974 972 2001 Pauli

185 2029 328 2065 discipulus
341 2028 400 2056 fuit.
416 2027 455 2054 1111
470 2026 542 2054 enim
560 2025 625 2060 ipsis
643 2024 728 2052 oculis
747 2023 881 2051 Christum
897 2022 973 2049 vide-

186 2083 254 2110 rant,
268 2083 300 2103 ac
314 2082 375 2103 cum
395 2074 441 2101 illo
456 2072 552 2101 versati
568 2072 691 2102 fuerant;
707 2069 734 2096 111
746 2076 810 2096 vero
822 2076 852 2096 ea
865 2076 925 2104 qua:
940 2076 974 2095 ex

187 2123 250 2158 ipsis
272 2123 451 2156 acceperant,
475 2118 534 2145 aliis
557 2116 746 2148 tradiderunt;
770 2115 885 2150 itemque
908 2114 975 2141 liber

188 2170 311 2201 Actuum,
327 2167 372 2201 qui
386 2165 465 2193 etiam
483 2164 560 2191 Luem
573 2167 624 2195 est,
634 2160 767 2189 narrantis
779 2168 809 2188 ea
826 2168 885 2196 qua:
900 2164 973 2194 gesta

188 2219 267 2247 sunt;
283 2217 310 2241 et
322 2220 355 2240 ex
368 2210 504 2239 catholicis
519 2215 572 2237 tres
586 2207 713 2243 Epistula:
729 2205 776 2242 (ό).

219 2291 257 2323 (a)
273 2291 356 2323 Itirum
365 2289 406 2323 hic
416 2287 525 2323 videatur
535 2285 648 2323 Epistolas
654 2283 836 2323 quatuordegim
848 2281 910 2323 Pauli
919 2285 978 2306 ante

191 2313 317 2353 Evangelia
417 2319 533 2353 Quantum
551 2313 644 2353 amaret
664 2313 772 2353 'Paulut‘nL
786 2313 976 2353 Chrysostoritus.

327 2344 381 2376 aliis
390 2344 503 2374 omnibus
512 2349 638 2378 scripturae
648 2352 725 2382 saera:
742 2344 810 2368 libris
822 2344 876 2375 ejus
887 2344 977 2379 Episto-

191 2384 225 2409 las
235 2388 392 2414 sempercre
401 2380 534 2414 menteque
546 2382 664 2414 versaret,
677 2378 777 2414 ignorat:
784 2381 858 2414 nemo
867 2381 907 2414 qui
914 2376 977 2414 scri-

657 2395 664 2406 ,
678 2387 773 2406 Iguural.
784 2387 856 2399 ιιιςιιιυ
867 2387 907 2405 ιιυι
918 2387 952 2398 aut
959 2387 979 2399 ι’

207 2405 507 2445 Ε’έὶἶξνὲιίρτἰωοτὼυᾷ.
520 2409 596 2445 labris
610 2405 726 2445 attigerit.
748 2406 860 2445 ordinem
876 2411 938 2445 ergo
950 2405 978 2429 ii-

199 2436 293 2470 ἶοι-ῧιῖἶ
298 2436 508 2468 ﬁovi’restamenti
520 2440 558 2464 hic
568 2446 615 2464 non
624 2436 708 2463 ordine
718 2437 849 2470 recensuit,
860 2436 904 2460 sed
916 2439 942 2460 ut
951 2442 979 2460 se

191 2468 293 2506 primum
315 2472 545 2506 ment1__oﬂ'erehant
563 2470 707 2506 descripsit;
731 2468 765 2493 sic
783 2470 979 2506 Joannemﬂanlte

190 2496 461 2536 ὖῇῖιῖὲξιῑνᾙᾷῥῇςωε,
474 2507 499 2527 et
506 2505 589 2526 Lucam
601 2496 770 2536 ante‘atarcum
781 2498 868 2536 posuit.
875 2496 979 2523 Catholi-

191 2528 408 2567 é§§“é;}i§tolas"hic
419 2528 471 2567 tres
485 2531 613 2567 recenseri
630 2531 699 2555 vides
720 2528 853 2567 secundum
869 2533 980 2567 syrorum

193 2559 391 2592 ῖιῖδτὲἷῑῖἐιθὰιιοη
402 2564 513 2588 Ecclesiae
525 2562 688 2590 Antiochense,
704 2561 745 2585 ubi
757 2559 837 2583 Jacobi
850 2565 904 2587 una,
918 2559 980 2592 {tetri

194 2588 458 2631 manhisjtem
470 2595 544 2631 prima
556 2588 841 2631 solluinradmittebantur.
852 2594 901 2619 Qua
911 2588 943 2613 de
952 2595 981 2613 re

194 2623 301 2659 illul-ilius
311 2633 384 2658 supra
394 2627 419 2659 in
431 2623 534 2659 υἱῲ-11111
544 2624 618 2659 verba
623 2623 738 2659 fecimus.

225 2659 260 2691 (ι)
278 2654 431 2691 «ominati-il
450 2655 601 2691 ξωιοιξειξιςξι
620 2655 700 2691 ipse!"
717 2659 765 2691 92'!
777 2657 912 2691 αξξτηοῖξπθ
924 2654 982 2691 ipf:

195 2681 317 2722 ᾳῇίιεῖέιῖξ
322 2681 443 2720 Ῑέῴἠῦθω
451 2686 505 2722 lucc
515 2681 650 2722 Scholiastis
656 2683 777 2722 adnotatio
788 2681 983 2722 aliquidLnegotii

196 2711 316 2745 ἦέξέῖιέ
431 2718 487 2749 quia
500 2715 668 2748 Apomlypsim,
680 2713 785 2749 amplum
797 2711 855 2749 licet
864 2711 960 2749 librum,
969 2718 982 2735 a

197 2726 316 2745 Haesere
336 2726 419 2747 mest,
431 2726 487 2749 qura
500 2726 668 2748 Aptleypsuu,
680 2726 785 2745 uiupluiu
797 2726 855 2737 nauci.
864 2726 960 2738 mnum.
969 2726 982 2735 ιι

197 2755 285 2776 Joanne
305 2726 476 2778 (irme
488 2750 625 2778 usurpatam
641 2745 746 2778 nondum
761 2744 862 2778 reperi,
874 2749 920 2767 nec
938 2742 983 2778 d_e-

198 2773 437 2813 Ῐιῖἔῖἔξαιῖἂῖξεῇυβ
448 2773 625 2813 auctoritatem
638 2776 743 2813 Feclesia
754 2773 840 2813 saltent
850 2777 928 2813 Graio?
940 2773 983 2796 (lu-

199 2804 334 2842 biiiv‘ériai,
348 2804 545 2842 Nicephomsque
562 2807 695 2842 patriarcha
711 2804 985 2842 Constantinopolitanus

199 2835 384 2869 notitiem
394 2835 528 2865 recensuit.
540 2835 598 2868 Quin
609 2842 634 2863 e‘t
645 2840 668 2862 in
678 2837 785 2862 secundo
801 2840 867 2869 remo
874 2835 983 2869 gregarii

199 2866 332 2899 K—aa'iainieni
344 2873 368 2897 in
382 2870 496 2902 Catalego
508 2866 622 2894 librorum
641 2869 776 2899 Scriptum,
800 2866 842 2898 qui
858 2867 911 2896 ejus
929 2872 984 2889 esse

201 2913 245 2933 non
258 2911 371 2940 putatur,
389 2906 442 2930 haec
457 2906 578 2939 leguntur
596 2911 620 2931 ι),
638 2903 683 2929 194
699 2911 705 2930 :
720 2904 769 2933 Τὴν
786 2903 807 2929 δ’
828 2902 989 2936 ’Δποκάλυψιν

683 170 843 204 SYNOI’SIS
862 164 1061 198 SCRIPTUM!)
1078 162 1208 192 SACR.-'E.

1741 157 1793 185 M8

1258 229 1283 248 sx
1289 227 1376 248 VOI'SIS
1396 226 1503 248 caussis
1515 219 1535 245 ¹.

1037 289 1126 318 Mundi
1149 289 1270 320 creatio,
1292 286 1460 322 hominisque
1485 284 1618 312 formatio.
1641 283 1793 312 Mandatum

1000 336 1097 370 accipit
1109 334 1192 362 Adam
1203 354 1210 365 .
1225 337 1253 361 ct
1265 333 1394 360 formatur
1408 331 1504 359 mulier
1516 338 1549 358 ex
1562 334 1635 358 costa
1650 330 1707 364 ejus
1717 349 1724 362 ,
1737 337 1797 364 qua:

1002 389 1016 408 a
1032 385 1155 415 serpente
1168 380 1289 414 decepta,
1305 378 1391 405 virum
1403 376 1512 409 decipit,
1522 381 1602 411 atque
1613 383 1664 402 una
1677 382 1738 402 cum
1751 375 1797 402 illo

1003 427 1142 455 maledicta
1152 426 1256 460 ejicitur
1267 433 1298 452 ex
1313 423 1447 459 paradiso.
1463 422 1580 457 Serpens
1595 428 1701 456 quoque
1715 421 1795 448 male-

1002 473 1101 500 dictum
1116 472 1228 506 accipit,
1244 475 1272 498 ut
1286 478 1365 505 super
1379 473 1472 505 pectus
1484 468 1631 504 gradiatur.
1647 467 1714 495 Cain
1727 466 1800 494 occi-

1003 519 1044 546 dit
1062 518 1190 550 fratrem,
1207 517 1269 552 quia
1285 515 1443 543 laudabilius
1456 522 1486 542 se
1496 518 1628 549 gesserat.
1643 513 1741 548 datque
1754 512 1799 540 ille

1004 571 1097 599 poenas
1109 572 1115 590 :
1128 567 1273 598 posteaque
1283 561 1382 589 liberos
1395 560 1516 595 suscipit.
1529 560 1583 587 Eva
1596 558 1706 586 Sethum
1718 558 1798 593 parit.

1003 609 1145 644 Catalegus
1155 615 1248 635 eorum
1269 606 1314 641 qui
1333 606 1367 633 ab
1387 605 1489 633 Adamo
1504 610 1531 632 et
1544 611 1559 631 a
1571 603 1654 632 Setho
1668 603 1720 630 orti
1738 607 1801 630 sunt

1005 663 1088 690 usque
1103 655 1137 682 ad
1150 654 1207 682 Noe
1221 663 1227 681 :
1242 653 1435 687 hominumque
1457 651 1610 679 criminatio
1622 650 1657 677 ob
1675 649 1799 677 indecora

1004 701 1147 732 connubia,
1160 707 1192 727 ac
1204 704 1316 727 caeteras
1332 697 1495 733 iniquitates.
1508 697 1590 724 Filios
1606 696 1652 723 Dei
1668 696 1712 723 hic
1724 699 1802 722 vocat.

1006 754 1053 774 eos
1068 746 1112 782 qui
1131 753 1145 773 a
1164 745 1246 773 Setho
1255 751 1340 779 genus
1352 743 1485 771 ducebant
1495 743 1505 778 (
1517 741 1580 769 Gen.
1595 742 1621 770 6.
1636 742 1688 777 2);
1706 741 1803 768 dicitur

1007 794 1076 820 enim
1090 801 1096 819 :
1111 792 1165 827 Ego
1182 792 1246 824 dixi,
1264 791 1308 818 Dii
1323 791 1391 824 estis,
1410 794 1433 816 et
1451 790 1497 824 ﬁlii
1516 788 1639 816 Altissimi
1663 796 1748 815 omnes
1764 788 1802 824 (a)

1007 838 1089 875 (Paul.
1104 838 1147 866 81.
1156 838 1195 874 6).
1208 837 1288 865 Filias
1298 845 1361 864 vero
1371 836 1507 863 hominum
1516 840 1592 863 vocat
1603 842 1648 863 eas
1658 842 1738 870 quma
1749 834 1805 862 Cai—

1009 892 1043 911 no
1059 888 1124 912 orta;
1138 889 1224 911 erant.
1235 883 1358 911 Praedicit
1373 882 1442 909 Deus
1457 881 1521 908 Note
1533 880 1649 908 futuram
1665 880 1803 908 hominum

1011 930 1153 965 perniciem
1173 936 1222 965 per
1235 928 1374 961 diluvium,
1390 932 1417 955 et
1433 927 1509 962 jubet
1530 934 1619 954 arcam
1632 930 1803 958 construere,

1011 980 1190 1003 trecentorum
1219 975 1371 1002 cubitorum
1400 973 1583 1009 longitudine,
1613 972 1804 1008 quinquaginta

1010 1021 1159 1049 cubitorum
1173 1020 1323 1053 latitudine,
1337 1025 1363 1046 et
1376 1019 1482 1054 triginta
1492 1018 1642 1046 cubitorum
1654 1017 1803 1045 altitudine.

1011 1067 1046 1095 Ut
1059 1072 1147 1094 autem
1169 1067 1305 1102 ingressus
1324 1069 1365 1092 est
1388 1065 1414 1092 in
1437 1071 1545 1097 arcam,
1559 1063 1806 1091 advenitdiluvium

1012 1112 1184 1148 quadraginta
1198 1111 1293 1139 diebus
1308 1115 1335 1138 et
1347 1110 1523 1146 quadraginta
1540 1110 1671 1137 noctibus.
1685 1108 1807 1136 Obtinuit

1013 1166 1079 1193 aqua
1089 1161 1196 1185 centum
1207 1157 1398 1192 quinquaginta
1406 1155 1510 1183 diebus.
1523 1156 1708 1190 Apparuerunt
1716 1160 1806 1182 autent

1013 1203 1150 1231 cacumina
1163 1202 1292 1230 montium
1310 1202 1396 1236 primo
1409 1201 1454 1229 die
1469 1201 1565 1229 decimi
1580 1201 1689 1228 mensis.
1702 1201 1736 1228 Et
1747 1205 1808 1235 post

1013 1249 1189 1285 quadraginta
1209 1248 1266 1276 dies
1288 1248 1378 1275 emisit
1401 1254 1512 1274 corvum
1524 1267 1532 1280 ,
1547 1247 1593 1282 qui
1608 1254 1661 1274 non
1684 1254 1808 1274 reversus

1014 1300 1055 1323 est
1073 1304 1080 1322 :
1101 1299 1128 1322 et
1152 1299 1211 1329 post
1235 1298 1339 1328 septem
1366 1292 1424 1320 dies
1446 1292 1536 1320 emisit
1559 1291 1726 1325 columbam,
1749 1300 1809 1327 qute

1016 1348 1122 1368 reversa
1134 1344 1175 1366 est
1190 1346 1292 1366 ramum
1306 1338 1382 1365 oliva:
1397 1342 1515 1372 gestans.
1528 1337 1642 1364 Jubetur
1652 1345 1666 1364 a
1682 1337 1737 1364 Deo
1750 1337 1807 1365 Noe

1016 1385 1105 1421 egredi
1121 1394 1153 1413 ex
1168 1392 1229 1412 arca
1244 1393 1250 1411 :
1264 1390 1291 1412 et
1303 1391 1427 1419 egressus
1442 1384 1497 1412 Deo
1508 1383 1679 1416 sacriﬁcavit,
1695 1387 1720 1410 ot
1732 1383 1810 1411 benc-

1016 1432 1103 1460 dictus
1124 1435 1166 1459 est
1186 1439 1246 1458 cum
1260 1430 1321 1458 ﬁliis
1340 1430 1403 1458 suis.
1427 1430 1588 1465 At'cepitque
1607 1430 1810 1465 promissionem

1017 1485 1032 1504 a
1048 1478 1112 1510 Deo,
1128 1484 1182 1504 non
1194 1476 1262 1504 ultra
1278 1475 1394 1503 futuram
1405 1475 1557 1510 hujusmodi
1569 1475 1714 1510 perniciem
1726 1475 1811 1502 homi-

1019 1532 1082 1551 num
1097 1531 1144 1558 per
1156 1523 1296 1550 diluvium.
1323 1521 1417 1549 Postea
1432 1529 1495 1548 vero
1506 1520 1587 1549 Semo
1605 1521 1712 1556 quidem
1724 1526 1750 1549 et
1763 1521 1810 1549 Ja-

1019 1570 1101 1606 phetu
1123 1569 1256 1597 heuedicit
1267 1590 1275 1601 ,
1292 1568 1425 1596 maledicit
1447 1573 1535 1595 autem
1550 1567 1734 1599 Chanaauum,
1748 1568 1810 1602 quia

1021 1621 1095 1651 pater
1108 1615 1167 1650 ejus
1179 1615 1262 1642 Cham
1277 1614 1443 1642 revelaverat
1457 1613 1603 1641 nuditatem
1620 1614 1712 1648 patris.
1729 1614 1812 1641 Male-

1021 1662 1101 1689 dictio
1122 1667 1211 1688 autem
1226 1661 1269 1687 illa
1284 1665 1409 1687 eventum
1433 1659 1526 1687 habuit
1543 1660 1569 1687 in
1589 1659 1743 1688 Gabaonitis
1756 1660 1811 1695 (b);

1022 1708 1075 1735 imo
1091 1708 1178 1743 potius
1190 1707 1280 1743 specie
1292 1706 1399 1742 quidem
1415 1706 1565 1734 maledictio
1579 1712 1646 1739 erat,
1661 1707 1707 1735 sed
1719 1715 1812 1735 revera

1023 1754 1173 1789 prophetia.
1186 1753 1253 1781 Hinc
1264 1756 1411 1788 sequuntur
1423 1752 1468 1788 qui
1482 1760 1516 1780 ex
1527 1752 1584 1780 Noe
1595 1753 1645 1780 orti
1656 1758 1717 1780 sunt
1730 1761 1814 1788 usque

1022 1800 1056 1827 ad
1067 1799 1172 1831 Phalec,
1183 1799 1228 1834 qui
1242 1799 1293 1826 hoc
1303 1806 1401 1826 nomen
1416 1798 1525 1825 sortitus
1538 1803 1588 1831 est,
1603 1799 1663 1834 quia
1679 1799 1737 1834 ejus
1750 1804 1814 1827 tem-

1024 1853 1089 1880 pore
1102 1845 1185 1873 divisa
1202 1844 1250 1872 fuit
1263 1850 1344 1872 terra.
1358 1844 1432 1872 Tunc
1444 1844 1515 1872 enim
1531 1845 1623 1872 turrim
1639 1845 1814 1879 aediﬁcarunt,

1024 1892 1095 1918 unde
1104 1891 1179 1918 locus
1196 1891 1314 1926 Babylon
1329 1895 1370 1918 est
1380 1890 1526 1925 appellatus
1536 1910 1543 1924 ,
1555 1891 1625 1926 quod
1633 1891 1818 1926 Confusionem

1025 1937 1171 1972 signiﬁcat,
1194 1937 1255 1971 quia
1279 1937 1332 1963 illic
1355 1935 1473 1963 confusa:
1498 1941 1558 1962 sunt
1591 1935 1687 1971 linguae
1713 1945 1817 1964 eorum.

1028 1984 1106 2011 Pater
1126 1988 1215 2010 autem
1229 1982 1336 2010 Phaleci
1352 1982 1439 2009 lleber
1453 1981 1550 2008 dii-itur
1573 1989 1625 2008 nou
1651 1982 1819 2010 consensisse

1026 2037 1086 2056 cum
1100 2029 1203 2056 caeteris
1213 2029 1283 2055 circa
1298 2027 1502 2054 aediﬁcationem
1517 2027 1617 2059 turris;
1634 2026 1747 2061 ideoque
1768 2027 1818 2061 ipsi

1028 2075 1158 2110 loquelam
1183 2083 1235 2101 non
1257 2077 1385 2101 mutatam
1409 2073 1507 2104 fuisse,
1522 2073 1568 2100 sed
1591 2074 1721 2100 mansisse
1746 2073 1819 2101 illum

1059 2135 1068 2150 ¹
1085 2133 1177 2168 Titulus
1188 2134 1212 2158 in
1223 2132 1375 2168 Lugduneiisi
1385 2131 1490 2168 Cod:sic
1499 2131 1603 2168 habetur
1617 2137 1623 2155 :
1641 2130 1723 2165 Breuis
1735 2130 1820 2168 velerit

1030 2160 1299 2200 Testamentisynopiis,
1317 2165 1415 2187 auctore
1434 2161 1610 2193 chrywstomo.
1627 2160 1732 2186 Genesis.
1750 2161 1818 2187 Liber

1045 2202 1128 2221 rimus.

1178 2224 1287 2256 pluribus
1299 2223 1526 2257 explic_antur_Tom.
1537 2222 1579 2257 Π,
1588 2223 1696 2257 Hann}?
1707 2223 1730 2247 in
1741 2226 1820 2257 Gene-

1028 2253 1133 2286 sim,'uhi
1146 2253 1264 2287 probatur
1273 2253 1378 2286 eos,'qui
1389 2261 1401 2287 ξι
1415 2254 1487 2287 Setho
1498 2254 1543 2287 or_ti
1556 2258 1634 2283 erant,
1653 2253 1767 2287 ﬁlios__l)ei
1781 2260 1821 2287 ro:

1028 2284 1087 2316 cari,
1100 2291 1126 2312 et
1137 2284 1176 2312 hic
1188 2288 1240 2318 ipse
1257 2285 1326 2318 locus
1346 2284 1428 2318 ὺβθιιιιὶ
1443 2284 1472 2318 ﬁt
1496 2284 1759 2318 atl'erturnalz'guudixi,
1781 2284 1821 2318 Dji

1028 2314 1093 2348 edis.
1114 2318 1182 2343 Filias
1198 2314 1285 2342 'autem
1301 2317 1424 2342 hominum
1441 2315 1500 2339 ﬁlias
1517 2321 1572 2340 esse
1591 2314 1657 2340 Caini
1675 2315 1733 2340 dicit
1750 2315 1822 2346 paulo

1046 2353 1123 2374 οδῑθθ.

1031 2357 1290 2411 μοῗὶῗθίωῃιῃιρῃῳτίο
1301 2379 1324 2402 111
1336 2377 1423 2402 Isaiam
1434 2376 1464 2411 ad
1478 2381 1530 2411 cap.
1548 2375 1658 2411 2_,_yer_su
1669 2376 1759 2411 _i,_ha:c
1771 2377 1822 2407 ipsa

1032 2407 1074 2444 sic;
1081 2407 1201 2444 exprimit
1212 2409 1399 2444 illirysostomiis
1411 2414 1417 2430 :
1431 2407 1467 2443 ρὺ
1477 2407 1524 2444 μήχ
1537 2407 1596 2441 goat
1608 2407 1651 2444 τῂν
1664 2407 1723 2444 ξερὰν
1737 2407 1819 2444 Bius-

1032 2437 1134 2470 σοῦσαν,
1146 2440 1197 2464 ἀλλ’
1209 2439 1247 2464 ἐπὶ
1257 2439 1305 2463 τῶν
1316 2437 1598 2470 Γαϐαᾳνιτῶνλλαϐᾤσαγ
1607 2438 1635 2461 τὸ
1649 2439 1716 2465 τέλος
1730 2438 1778 2470 τῶν
1791 2437 1819 2470 in.

1031 2471 1076 2495 τοῦ
1089 2468 1184 2495 Χάνσαν
1195 2470 1334 2501 γεγονότων.
1349 2469 1395 2501 Κμαὶ
1407 2469 1458 2501 γᾴρ.
1467 2468 1490 2492 ἐν
1503 2468 1566 2495 τάξει
1579 2468 1636 2501 ἀρᾶς
1649 2469 1778 2499 προφητεία
1791 2468 1820 2491 τὸ

1032 2502 1158 2532 λεγόμενον
1168 2498 1205 2530 ἧνζ
1219 2498 1279 2530 Quae
1293 2498 1416 2532 ipsissirna
1434 2498 1475 2523 hic
1487 2505 1586 2532 quoque
1598 2498 1721 2532 habentur
1735 2506 1740 2522 :
1753 2498 1819 2523 unde

1032 2529 1127 2564 probari
1137 2529 1370 2564 videaturrltoc‘opus
1375 2530 1537 2564 pbrysostomi
1547 2534 1615 2564 θερία-
1620 2532 1668 2564 hoc
1679 2529 1757 2559 ipsum
1766 2535 1823 2564 vero

1031 2558 1072 2618 31:5
1081 2563 1216 2588 cabaonitis
1233 2563 1268 2586 ait
1284 2558 1358 2586 etiam
1373 2558 1434 2585 infra
1453 2560 1477 2584 in
1493 2560 1591 2591 Synopsi
1609 2558 1664 2584 libri
1679 2558 1750 2590 Iesu,
1771 2560 1823 2584 sive

1073 2601 1114 2618 ue.

1044 2600 1114 2619 osue.

1038 2646 1082 2674 τὴν
1097 2644 1207 2669 Ἰωάννου
1219 2645 1289 2668 πάλιν
1303 2644 1362 2672 τινὲς
1378 2644 1419 2675 μὲν
1435 2643 1590 2675 ἐγκρίνωσιν,
1607 2645 1629 2667 οῑ
1650 2642 1745 2675 πλείᾳυς
1760 2642 1787 2675 ξέ
1800 2651 1828 2674 γε

1038 2668 1221 2705 νόθονίλέγουσι.
1233 2675 1323 2699 Verum
1340 2668 1383 2699 hic'
1395 2668 1501 2704 scriptor
1513 2680 1567 2705 non
1577 2668 1697 2705 accurate
1708 2668 1826 2704 loquitur.

1040 2706 1100 2732 Nam
1114 2702 1215 2737 Patrum
1228 2706 1367 2737 (Ηίθεοι-11111
1380 2702 1517 2737 principes,
1529 2704 1677 2737 Athanasius
1691 2702 1716 2727 in
1732 2702 1830 2737 t_".anoue

1040 2744 1087 2762 auo
1098 2743 1123 2768 p.
1138 2736 1193 2765 962,
1206 2736 1320 2768 Basilius,
1338 2734 1553 2768 Grégnrius_Naz..
1567 2735 1718 2768 insuperque
1735 2734 1831 2768 Hippo:

1040 2763 1109 2797 lytus
1121 2763 1196 2798 alque
1210 2763 1349 2791 Methodius
1366 2763 1451 2791 auctor
1467 2765 1608 2798 Synopseos
1623 2763 1689 2798 inter
1703 2763 1830 2798 Athanasii

1042 2795 1138 2832 Opera,
1154 2795 1183 2832 ad
1203 2798 1256 2832 haec
1267 2800 1350 2821 autem
1368 2796 1517 2832 to_:a_:.;tina
1531 2797 1642 2832 Ecclesia
1655 2795 1831 2832 Apocalypsim

1043 2826 1108 2865 inter
1118 2826 1351 2865 authenticanop'ora
1368 2827 1528 2865 admiserunt.
1540 2827 1774 2865 puumghrclmr‘jure
1788 2826 1829 2859 illa

1042 2860 1110 2885 inter
1121 2860 1250 2884 cauonicas
1263 2854 1403 2889 Sc'ripturas
1417 2858 1496 2889 locum
1510 2854 1668 2889 habeberdc
1679 2854 1829 2882 OEcumenii

1043 2895 1188 2923 opusculum
1200 2889 1223 2914 in
1238 2888 1354 2915 Biblioth.
1367 2888 1513 2915 Coisliniana
1524 2895 1547 2920 p.
1561 2888 1614 2913 278.
