2047 3123
243 139 298 168 ῖριθ

239 203 300 224 eum
313 195 415 231 integra
426 201 473 222 sua
486 194 608 226 dialecto,
618 202 678 229 qua:
693 195 726 222 ab
735 194 781 222 illo
791 194 1034 221 denominationem

241 243 336 269 sortita
352 243 397 269 sit.
420 241 485 269 Nam
501 249 560 269 cum
574 242 618 268 ille
631 241 719 268 lleber
734 245 875 268 vocaretur
885 261 892 273 ,
908 240 966 267 hinc
982 240 1035 266 lle-

239 287 331 314 braica
347 287 477 322 appellata
490 291 530 314 est
544 287 581 322 (n)
599 293 606 312 :
620 285 690 321 quod
710 285 814 320 signum
832 289 872 312 est
890 284 1034 312 maximum

240 332 400 360 Hebraicam
422 340 482 360 esse
502 332 620 358 omnium
645 332 792 366 linguarum
814 330 1035 365 antiquissimam.

242 379 390 412 Antequam
405 378 476 405 enim
497 377 725 404 confunderentur
739 377 836 411 lingua:
849 398 855 408 ,
871 377 920 404 hac
942 384 1036 403 omnes

241 424 393 451 utebantur.
404 424 449 450 Est
468 428 558 450 autent
573 423 615 450 hic
629 422 715 450 lleber
737 423 806 449 inter
818 423 933 459 majores
949 422 1035 448 Abra-

241 469 293 496 bre.
305 469 419 495 Assumit
432 468 518 495 Thura
534 473 607 502 pater
620 467 745 500 Abrahze,
756 468 824 494 ﬁlios
833 475 894 494 suos
904 467 1036 494 Abraham

241 519 269 541 et
282 514 386 541 Nachor
399 512 474 549 (b),rt
486 518 609 547 nepotem
624 521 701 540 sumn
712 513 772 546 Lot,
786 518 812 540 et
822 513 895 539 venit
908 513 933 539 in
950 512 1036 540 Char-

244 568 291 587 ran
303 581 310 592 ,
328 560 354 586 in
374 560 464 586 animo
477 559 577 586 habens
593 558 654 586 inde
667 559 796 593 proﬁcisci
814 560 839 585 in
857 563 952 585 terram
967 558 1037 585 Cha-

243 613 407 632 nanaeorum.
433 604 533 639 Illoque
553 609 659 632 mortuo
683 605 708 631 in
734 605 870 636 Gharran,
893 604 1001 638 jubetur
1022 611 1037 630 a

246 650 300 677 Deo
315 649 449 676 Abraham
466 650 655 684 transmigrare
678 658 709 676 ex
730 650 861 682 Charran,
876 655 902 677 ct
915 650 987 677 venit
1009 650 1035 676 in

244 695 357 730 Sychcm
371 695 396 722 in
412 699 480 722 terra
501 695 638 722 Chanaan.
656 695 689 722 Et
703 695 769 722 dixit
789 695 814 722 ei
839 695 917 726 Deus.
942 695 1036 721 semini

246 741 304 774 ejus
319 748 348 768 se
360 740 484 771 daturum
499 745 596 767 terram
610 741 690 767 illam.
707 741 740 767 Et
753 740 892 767 aediﬁcavit
905 740 1038 767 Abraham

246 787 330 812 altare
346 786 410 818 Deo,
426 791 452 813 et
468 785 525 812 ﬁxit
537 786 736 813 tabernaculum
750 794 826 812 suum
842 792 935 812 versus
954 793 1038 812 mare.

245 831 311 858 Cum
331 830 415 858 l'atues
438 836 526 858 autent
549 836 631 864 esset,
656 831 822 858 descendens
846 832 871 858 in
896 831 1039 866 Aﬂgyptum

246 877 374 911 prmeepit
387 877 463 904 uxori
483 881 581 911 summt
596 877 696 904 diceret
715 885 744 904 se
764 885 882 904 sororem
896 878 954 912 ejus
970 885 1038 905 esse.

247 923 313 949 Cum
338 930 418 957 porro
437 923 589 950 sustulisset
604 931 663 949 eam
679 923 792 955 Pharao,
807 929 834 950 et
850 924 896 951 Dei
913 925 1039 951 ultionem

247 973 373 1003 expertus
392 974 473 1000 esset,
490 968 605 995 reddidit
626 969 701 996 illam
718 969 842 996 Alnalne.
866 969 1041 1004 Litigantibus

247 1015 360 1042 invicem
383 1015 534 1049 pastoribus
557 1015 669 1041 A‘braha:
683 1020 710 1041 et
724 1015 781 1041 Loli
794 1035 800 1047 ,
816 1015 865 1050 ipsi
880 1016 1042 1043 habitatione

247 1060 362 1094 separati
391 1064 462 1086 sunt.
489 1060 539 1087 Lot
565 1060 666 1094 accepit
693 1060 889 1087 Sodomitarnm
919 1065 1041 1088 terram:

249 1105 383 1132 Abraham
400 1113 463 1132 vero
477 1106 510 1132 ad
528 1113 654 1140 quercum
677 1106 794 1133 Manibrc
811 1106 955 1138 habitavit,
979 1115 1043 1142 pro-

249 1150 444 1185 missionesque
455 1158 561 1178 rursum
574 1159 589 1177 a
606 1151 659 1177 Deo
671 1152 785 1185 accepit,
798 1151 855 1186 ejus
869 1159 960 1180 semen
976 1153 1044 1180 mul-

249 1195 361 1222 titudine
375 1196 573 1230 propagandum
587 1203 657 1228 esse,
676 1200 703 1224 et
717 1197 788 1223 illam
811 1202 909 1224 terram
935 1205 1043 1232 posses-

249 1248 352 1268 surum.
367 1241 599 1276 Chodollagomor,
614 1242 674 1276 quia
686 1242 719 1269 ab
731 1243 789 1277 ipso
801 1242 955 1270 defecerant
967 1244 1045 1278 quin-

249 1294 302 1321 que
315 1294 390 1321 reges
402 1287 573 1315 Sodomitica:
582 1291 673 1321 terras,
683 1289 726 1323 qui
740 1288 789 1323 ipsi
803 1289 874 1324 prius
885 1290 1042 1321 servierant.

250 1333 394 1367 assumptis
418 1341 507 1360 secum
533 1333 617 1360 tribus
640 1333 699 1360 aliis
721 1335 844 1370 regibus,
861 1335 959 1362 bellum
980 1337 1044 1371 ipsis

251 1377 350 1410 intulit,
367 1386 466 1413 eosque
483 1379 508 1405 in
525 1379 611 1413 fugam
626 1387 718 1406 versos
739 1380 857 1414 captivos
871 1381 996 1414 abduxit;
1017 1381 1043 1409 in

249 1423 347 1457 quibus
364 1428 422 1450 erat
435 1423 514 1450 etiam
530 1423 590 1450 Lot.
618 1424 665 1451 llis
686 1424 784 1451 auditis
805 1425 956 1458 Abraham,
983 1434 1044 1454 cum

250 1468 401 1494 vernaculis
426 1469 482 1495 suis
496 1469 621 1495 trecentis
635 1469 794 1501 octodecim,
805 1470 864 1496 illos
877 1471 1042 1505 insequulus,

251 1512 450 1547 eripuitfratris
474 1513 556 1540 ﬁlium
571 1521 631 1540 cum
651 1515 770 1549 equitatu
783 1519 809 1541 et
831 1515 1002 1548 mulieribus;
1018 1520 1045 1544 et

251 1558 444 1586 Melchisedeco
470 1566 500 1586 se
518 1559 685 1587 benedicenti
705 1565 732 1587 et
750 1560 871 1588 aﬂ'erenti
900 1569 994 1595 panem
1018 1567 1045 1589 et

251 1607 360 1640 vinum,
382 1607 499 1634 decimas
521 1607 604 1634 dedit.
626 1607 687 1634 ldeo
706 1607 742 1634 ait
774 1607 871 1634 Paulus
887 1607 922 1643 (ι’)
942 1609 966 1634 in
986 1609 1043 1643 epi-

251 1652 317 1679 stola
326 1651 358 1678 ad
373 1651 503 1680 Hebraeos
513 1651 561 1679 :Et
571 1652 630 1679 Levi
643 1652 685 1687 qui
700 1652 810 1679 decimas
823 1653 928 1688 accepit,
940 1653 1045 1680 decima.

252 1703 293 1725 tus
310 1703 346 1725 eu
359 1697 449 1734 (Hebr.
466 1699 491 1725 7.
504 1698 542 1733 9).
554 1698 618 1733 Regi
633 1697 808 1726 Sodomorum
818 1701 918 1734 roganti
930 1703 958 1726 ut
969 1700 1044 1733 equi-

251 1749 334 1770 tatum
349 1745 481 1779 acciperet
507 1752 560 1771 non
584 1744 677 1770 annuit
693 1753 699 1770 :
715 1744 756 1771 Ne
773 1744 852 1777 dicas,
869 1744 972 1780 inquit,
990 1745 1045 1780 Ego

251 1789 329 1816 ditari
340 1789 476 1815 Abraham.
486 1790 495 1823 (
505 1788 615 1816 Gem”.
629 1789 691 1823 25).
704 1789 781 1816 'l‘uuc
795 1790 851 1816 Deo
866 1790 915 1824 ipsi
927 1791 1044 1822 dicente,

251 1835 349 1862 Merces
363 1840 407 1862 tua
426 1843 517 1870 magna
534 1835 670 1871 erit(Gen.
684 1835 726 1862 l5.
743 1835 756 1862 l
771 1836 790 1871 ),
813 1836 926 1862 ﬁliorum
946 1836 1045 1863 orbita-

251 1885 305 1907 tem
329 1879 452 1914 deplorat
473 1887 480 1906 :
502 1887 660 1914 rursumque
684 1879 768 1913 audit,
793 1888 856 1907 eum
877 1881 920 1915 qui
947 1888 977 1907 cx
999 1881 1044 1908 illo

251 1931 409 1959 egressurus
433 1929 500 1955 erat,
517 1924 576 1958 ejus
597 1924 770 1952 hereditatem
785 1930 954 1960 accepturum
974 1933 1041 1958 esse,

253 1975 280 1997 et
300 1977 391 1996 semen
409 1969 468 2003 ejus
489 1969 606 1996 futurum
621 1969 689 1996 sicut
708 1970 798 1996 stellas
820 1970 887 1996 caeli.
915 1970 962 1997 llic
973 1970 1044 2005 jacet

252 2015 316 2042 illud
331 2024 337 2041 :
354 2014 466 2042 Credidit
486 2015 615 2041 Abraham
630 2014 698 2047 Deo,
713 2020 736 2041 et
758 2020 901 2049 reputalum
916 2021 950 2042 est
963 2016 999 2042 illi
1010 2016 1044 2042 ad

250 2062 372 2094 iustitiam
390 2060 473 2095 (Gen.
501 2060 544 2088 l5.
567 2061 614 2095 6).
639 2061 776 2088 Seetiones
788 2060 826 2096 (d)
842 2061 910 2092 facit,
927 2066 953 2088 et
966 2061 1044 2089 discit

251 2107 417 2142 peregrinum
437 2105 552 2133 futurum
568 2113 626 2133 esse
642 2113 732 2133 semen
743 2114 829 2138 suum,
841 2111 867 2133 et
880 2112 969 2141 postea
983 2107 1044 2134 Iibe-

250 2151 362 2178 randum
378 2150 434 2178 fore
448 2155 587 2185 postquam
599 2150 753 2186 depressum
769 2150 845 2178 fuerit
859 2160 906 2186 per
918 2152 1043 2187 quadrin-

249 2202 342 2233 gentos
357 2205 451 2224 annos.
466 2196 530 2224 Sara
545 2201 633 2224 autem
649 2197 709 2231 quia
724 2196 822 2223 sterilis
835 2201 901 2228 erat,
915 2196 960 2223 dat
971 2198 1041 2232 Aga-

250 2251 307 2270 rcm
329 2242 497 2273 Abrahamo,
514 2246 544 2268 ut
568 2242 665 2268 liberos
685 2242 832 2276 susciperet
852 2249 884 2268 ex
906 2241 960 2269 illa.
976 2241 1042 2268 Cum

249 2293 337 2316 autem
349 2287 406 2314 lucc
420 2293 523 2314 uterum
535 2290 661 2321 gestaret,
676 2291 767 2313 contra
787 2285 877 2312 lteram
893 2293 966 2313 suam
982 2294 1042 2314 sese

249 2335 343 2362 extulit
362 2342 368 2359 :
385 2333 517 2367 traditque
538 2332 609 2358 illam
638 2332 711 2358 Sara:
735 2330 886 2363 Abraham,
903 2336 931 2357 ut
949 2338 1042 2358 conin-

250 2379 357 2407 tneliant
375 2379 558 2406 ulcisceretur.
570 2376 614 2403 llla
628 2383 692 2403 vero
702 2375 735 2402 ab
749 2375 811 2402 hera
823 2384 869 2402 sua
885 2377 953 2403 male
966 2385 1042 2404 accc-

254 2429 309 2458 pta,
329 2432 343 2450 a
364 2424 443 2450 domo
456 2422 567 2457 aufugit,
581 2421 614 2448 ab
627 2421 774 2456 angeloque
791 2421 900 2455 jubetur
913 2422 944 2448 ad
958 2422 1042 2449 domi-

281 2490 317 2521 (a)
335 2493 382 2514 lloc
394 2489 515 2521 ipsumque
529 2488 633 2521 ltcbero,
650 2487 695 2512 etsi
707 2487 815 2516 brevius,
837 2486 893 2511 dicit
911 2487 995 2511 Itomil.
1012 2488 1043 2513 50

248 2522 272 2545 in
283 2519 382 2549 lienes»,
394 2519 459 2544 ‘foni.
473 2520 513 2549 IV,
528 2519 574 2544 col.
588 2519 642 2543 279.

285 2551 321 2582 (ιι)
339 2551 366 2575 ln
386 2552 494 2580 tlebrmo,
513 2551 536 2574 in
552 2550 664 2582 Vulgata,
685 2552 710 2573 et
731 2549 755 2572 in
771 2548 878 2572 Editione
891 2551 943 2572 LXX
955 2549 1042 2573 dicitur

252 2581 329 2606 'I'hare
342 2588 426 2606 secum
437 2582 595 2611 assumpsisse
612 2581 696 2611 Abram
709 2583 838 2611 et_Lotuni,
851 2583 989 2611 nouantem
1002 2583 1043 2604 Na-

247 2612 354 2646 ςιιριηξηι-
362 2613 406 2635 θεά
415 2612 465 2645 ιιιος
474 2609 544 2646 lectio
553 2612 577 2635 in
589 2610 722 2646 ‘TFE'l‘l’lall
730 2609 959 2646 Chrysewmiteud
966 2610 1043 2646 μιιιξῑε

249 2643 392 2671 habebatur,
404 2646 432 2666 nt
441 2640 524 2666 videas
536 2641 619 2665 Ilomil.
628 2642 655 2665 31
666 2640 691 2665 in
707 2640 804 2669 Genesi,
813 2640 926 2669 'l'om.lV,
937 2640 1041 2671 cohm,

247 2680 277 2699 nl
286 2680 339 2699 me.
348 2679 408 2704 ea».
419 2679 449 2698 τὸν
458 2673 537 2704 iam,
547 2679 577 2697 ιιι
587 2679 618 2697 νιν
630 2679 706 2704 Ναχώρ.
714 2675 748 2704 ﬁt
764 2671 854 2704 accepit
871 2671 947 2704 21mm
958 2671 1042 2696 Abram

247 2708 271 2729 et
283 2702 381 2732 Nnc/tor,
395 2708 452 2731 etc..
467 2702 528 2734 quod
547 2704 622 2733 ipsum
638 2702 675 2726 bis
687 2702 746 2726 infra
758 2703 886 2734 repetitur.
898 2703 955 2726 llinc
971 2709 1042 2733 porro

247 2736 414 2766 (Ihrysostomo
422 2732 497 2758 assert
505 2732 598 2766 videtur
610 2734 782 2766 ba-csynopsis.
790 2732 872 2757 Multas
879 2737 959 2766 autem
969 2732 1042 2766 fuisse

247 2767 270 2791 in
288 2764 468 2796 exemplaribus
483 2767 536 2788 LXX
549 2764 680 2796 varietates
695 2764 852 2796 Hieronymus
866 2767 890 2788 et
901 2764 940 2787 alii
956 2765 1042 2796 passim

247 2788 370 2821 ἱῖιεήἷιᾲέίίῖ
381 2796 461 2821 Codex
471 2801 568 2826 quoque
576 2794 742 2826 lugdunensis
743 2788 871 2826 {laetiorem
878 2795 949 2826 etiam
956 2788 1041 2820 liabet.

278 2829 312 2859 (tt)
331 2827 391 2852 Vide
401 2824 486 2850 HomilI
498 2824 535 2859 ᾆδ’
544 2826 568 2859 in
579 2824 721 2859 t;en_.,_'t‘om.
733 2824 776 2859 IV,
783 2824 899 2859 901⁵2528.

277 2855 315 2887 td)
333 2859 458 2882 sertioncs
467 2855 613 2881 animalium.
624 2855 686 2879 Vide
696 2858 753 2879 Gen.
769 2855 806 2885 lii,
820 2856 856 2879 10.

599 138 628 165 S.
648 137 786 166 JOANNIS
798 137 1036 166 CIIRYSOSTOMI
1056 136 1212 166 ARGHIEP.
1225 135 1494 165 CONSTANTINOP.

1833 141 1886 168 5‘20

1092 201 1152 220 nam
1173 201 1248 220 suam
1269 193 1374 225 redire;
1404 193 1659 228 promissionemqnc
1679 194 1774 229 accipit
1792 203 1884 224 semen

1090 239 1173 274 ipsius
1202 239 1429 273 multiplicandtnn
1457 247 1518 267 esse
1544 249 1551 266 :
1577 248 1712 276 pueroque
1739 245 1881 276 antequam

1090 290 1248 312 nasceretur
1274 293 1369 312 nomen
1395 285 1507 319 imponit
1531 286 1662 320 angelus,
1679 286 1772 314 lsmael
1799 287 1885 322 ipsum

1089 331 1236 365 appellans.
1254 331 1359 365 Peperit
1374 334 1444 364 Agar
1456 330 1596 358 lsmaelem
1607 352 1613 364 ,
1628 336 1656 358 et
1670 331 1806 359 Abraham
1824 341 1886 360 cum

1091 376 1235 410 nonaginta
1260 384 1357 403 novem
1383 383 1513 403 annorum
1533 381 1623 407 esset.
1649 385 1746 405 nomen
1767 379 1884 406 mutavit.

1091 420 1148 447 Non
1164 421 1235 448 enim
1251 422 1321 448 ultra
1340 421 1451 455 Abram,
1473 421 1520 449 sed
1539 422 1675 450 Abraham
1702 428 1813 451 vocatus
1832 429 1884 451 cst.

1090 466 1216 502 Praecipit
1230 467 1266 494 illi
1287 468 1357 495 Deus
1370 473 1398 495 ut
1412 468 1618 496 circumcidatur
1640 476 1700 496 cum
1716 474 1771 497 tota
1785 470 1865 497 domo
1878 479 1886 498 ς

1090 521 1240 549 nomenque
1258 514 1330 542 Sara:
1344 520 1469 547 mutatur,
1482 520 1645 550 vocaturque
1664 514 1712 542 illa
1727 515 1803 543 Sara.
1830 517 1880 543 Ac-

1091 565 1155 600 cipit
1176 564 1308 592 Abraham
1331 564 1534 600 promissionem
1557 565 1628 591 circa
1649 563 1779 591 lsaacum.
1797 566 1888 599 Appa-

1091 615 1132 637 ret
1150 611 1301 637 Abrahanio
1321 610 1403 638 Filius
1427 611 1471 638 Dei
1495 609 1531 646 (α)
1551 618 1610 638 cum
1633 610 1736 638 duobus
1763 611 1866 646 angelis
1879 630 1887 643 ,

1091 661 1118 683 et
1138 657 1175 683 ait
1196 657 1232 683 illi
1250 665 1256 684 :
1272 657 1391 684 Revertar
1410 657 1444 683 ad
1463 662 1486 683 le
1505 662 1614 691 tmpore
1632 658 1680 683 isto
1700 659 1733 683 nd
1752 657 1828 684 liora:
1843 665 1851 684 :
1865 663 1888 685 et

1092 701 1189 728 habebit
1203 702 1284 736 [ilium
1300 702 1382 730 Sarra
1394 711 1458 729 uxor
1471 702 1535 739 Ιιια(
1547 702 1657 730 Gen.l8.
1677 703 1709 730 l0
1750 703 1887 731 Abraham

1092 747 1215 774 obsecrat
1229 748 1309 775 Deum
1331 756 1379 782 pro
1399 748 1535 774 Sodomis.
1557 748 1614 775 Duo
1627 748 1712 783 angeli
1734 749 1842 776 veniunt
1854 749 1887 776 ad

1093 793 1152 819 Lot.
1175 793 1306 820 lnstantes
1327 793 1472 820 Sodomita:
1496 793 1651 828 perquirunt
1669 801 1724 825 eos,
1746 798 1772 821 et
1792 803 1888 829 percu-

1093 839 1194 865 tiuntur
1208 839 1336 865 eiecitate.
1353 838 1473 865 Abducto
1498 844 1586 865 autem
1611 839 1677 866 Loto
1701 839 1787 874 angeli
1809 847 1887 874 egre-

1093 883 1202 910 diuntur
1225 883 1304 911 domo
1320 893 1325 911 :
1342 888 1369 910 ct
1382 884 1438 918 ipse
1455 884 1561 918 quidem
1585 892 1645 911 cum
1673 885 1776 912 ﬁliabus
1799 886 1889 914 salvus

1093 931 1210 965 confugit
1221 931 1246 957 in
1259 930 1361 965 Segor:
1377 938 1442 957 uxor
1456 936 1542 958 autem
1558 930 1614 965 ejus
1629 931 1696 958 facta
1710 936 1751 958 est
1764 932 1887 960 columna

1094 975 1165 1008 salis,
1180 976 1240 1010 quia
1254 980 1325 1002 retro
1340 976 1464 1010 respexit.
1480 975 1515 1003 Ut
1527 983 1590 1003 vero
1602 976 1796 1004 Sodomitarum
1815 979 1888 1012 regio

1095 1021 1201 1048 incensa
1215 1025 1272 1053 est.
1287 1026 1314 1048 et
1328 1021 1376 1048 Lot
1390 1022 1416 1048 in
1430 1027 1546 1048 montem
1563 1030 1592 1049 se
1612 1024 1740 1055 contulit,
1756 1031 1888 1058 concepea

1096 1072 1157 1094 ruut
1172 1076 1204 1094 ex
1221 1067 1266 1095 illo
1289 1067 1348 1094 dua:
1362 1068 1422 1094 lilia:
1435 1067 1494 1102 ejus
1507 1089 1514 1101 ,
1530 1073 1556 1095 et
1572 1069 1655 1103 major
1677 1070 1777 1104 peperit
1794 1070 1887 1103 Moab,

1093 1113 1183 1147 junior
1195 1120 1259 1140 vero
1280 1114 1393 1140 Ammon
1420 1122 1427 1140 :
1450 1113 1550 1140 coitum
1572 1122 1635 1141 vero
1658 1121 1717 1141 cum
1738 1119 1812 1150 patre
1836 1123 1884 1150 per

1097 1159 1232 1186 ebrietatis
1245 1158 1364 1186 fraudem
1379 1165 1550 1195 consequuta:
1565 1165 1636 1192 sunt,
1661 1162 1787 1195 putabant
1815 1162 1886 1189 enim

1095 1213 1179 1239 genus
1204 1205 1348 1233 humanum
1362 1205 1501 1233 defecisse.
1515 1206 1698 1241 Peregrinatns
1711 1212 1752 1235 est
1766 1208 1791 1234 in
1806 1208 1888 1236 Cera.

1096 1251 1134 1277 ris
1149 1250 1294 1283 Abraham,
1310 1256 1336 1278 et
1352 1251 1504 1278 Abimelech
1528 1259 1574 1278 rex
1599 1251 1759 1279 Gerarorum
1792 1252 1886 1280 Saram

1095 1297 1215 1331 accepit:
1236 1297 1289 1324 Deo
1301 1302 1388 1324 autem
1405 1297 1490 1325 minas
1511 1298 1536 1325 in
1553 1298 1637 1332 ipsum
1654 1298 1811 1329 intentantc.
1827 1307 1888 1327 sese

1095 1342 1225 1377 purgabat
1239 1343 1283 1369 ille
1296 1342 1396 1375 dicens,
1412 1348 1518 1377 putasse
1535 1344 1672 1371 mulierem
1684 1344 1752 1371 illam
1767 1351 1887 1372 sororem

1095 1389 1152 1423 ejus
1166 1396 1225 1415 esse
1240 1397 1246 1416 :
1262 1389 1300 1415 sic
1310 1389 1381 1416 enim
1393 1389 1448 1422 ipsa
1459 1389 1571 1416 dixerat.
1589 1389 1713 1416 Reddidit
1729 1397 1792 1416 vero
1816 1390 1888 1416 illam

1095 1433 1210 1460 Abraha:
1223 1441 1282 1461 cum
1299 1434 1385 1461 donis.
1400 1434 1474 1461 Tunc
1498 1440 1638 1469 postquam
1664 1435 1766 1462 reddita
1791 1436 1887 1467 fuerat,

1096 1479 1198 1513 peperit
1209 1478 1333 1506 Isaacum.
1350 1479 1427 1514 Ejicit
1439 1484 1526 1506 autem
1537 1479 1616 1507 domo
1626 1480 1748 1507 ancillam
1762 1488 1823 1507 cum
1837 1482 1888 1507 lilia

1095 1524 1153 1558 ejus
1168 1523 1289 1552 lsmaele.
1305 1524 1459 1551 Abiinelech
1469 1531 1548 1560 porro
1558 1525 1655 1559 pepigit
1663 1533 1722 1552 cum
1737 1525 1889 1553 Abrahamn

1097 1568 1193 1601 fmdus,
1210 1574 1239 1596 ut
1254 1569 1318 1596 nihil
1330 1570 1433 1604 injuria:
1449 1570 1518 1597 inter
1531 1578 1578 1596 eos
1591 1570 1791 1598 intercederet:
1807 1577 1835 1598 et
1846 1579 1888 1598 LO-

1095 1616 1160 1651 eipit
1174 1615 1218 1643 ille
1232 1620 1334 1651 septem
1347 1624 1429 1651 agnas
1444 1616 1478 1643 ab
1491 1616 1652 1649 Abrahamo,
1667 1616 1693 1643 in
1708 1616 1888 1645 testimOnitun

1096 1663 1168 1698 putei
1179 1660 1333 1698 juramenti,
1350 1667 1378 1690 ut
1392 1663 1479 1698 palam
1498 1667 1571 1690 esset
1592 1663 1664 1690 illum
1679 1662 1793 1690 Abraha:
1817 1671 1886 1690 esse.

1096 1709 1207 1737 Jubetur
1221 1709 1355 1737 Abraham
1378 1710 1459 1737 ﬁlium
1471 1710 1569 1738 oll'erre
1593 1710 1620 1737 in
1646 1709 1842 1742 holocaustum.
1863 1717 1888 1738 ct

1096 1756 1184 1789 oll‘ert,
1201 1756 1405 1792 immolaturque
1424 1756 1494 1784 aries
1508 1764 1555 1790 pro
1568 1763 1610 1783 eo.
1633 1756 1694 1783 Ihec
1714 1763 1793 1790 porro
1807 1757 1888 1792 ﬁgura

1096 1807 1172 1829 erant
1184 1802 1340 1829 meonomia:
1353 1809 1432 1836 quam
1453 1810 1501 1837 pro
1513 1802 1590 1829 nobis
1617 1801 1821 1836 dispensaturus
1832 1808 1888 1830 erat

1096 1847 1228 1875 Christus.
1243 1847 1352 1874 Moritur
1368 1847 1434 1874 Sara
1448 1868 1455 1880 ,
1470 1852 1497 1874 et
1509 1852 1599 1882 empto
1621 1847 1680 1874 loco
1698 1847 1833 1874 Abraham
1855 1848 1888 1875 ab

1096 1893 1222 1928 prronc
1235 1892 1366 1925 Chetttco,
1377 1892 1428 1919 illic
1443 1900 1552 1920 uxorem
1569 1893 1675 1927 sepelit,
1686 1893 1818 1927 mittitque
1830 1901 1887 1920 ser-

1096 1946 1168 1970 vum,
1186 1943 1214 1965 ut
1227 1945 1336 1966 uxorem
1347 1937 1424 1965 ducat
1436 1937 1526 1965 Isaaco
1536 1945 1568 1965 ex
1582 1937 1784 1973 Mesopotamia.
1800 1939 1888 1973 prmci~

1096 1983 1171 2018 piens
1184 1991 1217 2010 ne
1227 1983 1308 2010 ﬁlium
1323 1990 1400 2010 suum
1411 1982 1456 2009 illo
1466 1983 1555 2015 ducat,
1570 1983 1593 2010 si
1607 1982 1722 2010 noluerit
1733 1983 1831 2010 mulier
1842 1991 1887 2011 ve-

1095 2030 1162 2056 nire.
1180 2029 1213 2057 Ut
1226 2033 1314 2056 autem
1328 2028 1401 2055 venit
1411 2035 1503 2056 servus
1518 2028 1543 2055 in
1559 2028 1652 2055 urbem
1660 2028 1802 2061 Nachoris,
1815 2033 1844 2057 et
1853 2029 1887 2056 si-

1094 2083 1174 2111 gnum
1182 2075 1266 2110 petiit,
1273 2083 1325 2110 qno
1331 2075 1459 2110 virginem
1468 2075 1667 2109 agnituruscrat
1675 2083 1681 2100 :
1689 2075 1887 2110 signumautem

1095 2120 1158 2148 illud
1172 2125 1239 2153 erat,
1254 2121 1276 2147 si
1293 2120 1424 2155 prtuberet
1434 2120 1476 2146 illa
1494 2120 1544 2147 sibi
1562 2125 1588 2147 et
1602 2120 1711 2147 camelis
1723 2120 1779 2147 suis
1792 2128 1887 2155 aquam

1093 2165 1126 2192 ad
1139 2165 1282 2192 bibendum
1296 2173 1302 2192 :
1316 2166 1370 2192 exit
1380 2165 1500 2192 Rebecca
1512 2165 1565 2192 ﬁlia
1581 2165 1716 2193 Bathuelis
1724 2165 1768 2192 ﬁlii
1783 2165 1887 2193 Nachn-

1094 2211 1132 2238 ris
1148 2219 1154 2236 :
1169 2210 1275 2238 Nachor
1288 2217 1351 2237 vero
1370 2210 1453 2238 frater
1471 2214 1529 2238 erat
1549 2210 1672 2238 Abrahze.
1693 2210 1759 2238 Cum
1771 2211 1887 2239 dedisset

1093 2262 1182 2284 autem
1196 2257 1251 2291 ipsa
1267 2256 1304 2283 illi
1317 2261 1344 2284 et
1354 2257 1462 2283 camelis
1470 2257 1525 2283 suis
1536 2261 1638 2291 potum,
1647 2261 1674 2283 et
1687 2257 1799 2284 dixisset
1813 2258 1887 2292 cujus

1094 2306 1164 2330 esset
1179 2303 1242 2334 ﬁlia,
1260 2302 1402 2329 introducit
1422 2302 1508 2329 virum
1523 2307 1550 2329 et
1572 2302 1686 2335 hospitio
1707 2303 1813 2337 accipit.
1838 2303 1886 2331 Ubi

1094 2349 1160 2375 dixit
1181 2349 1226 2376 ille
1238 2349 1312 2382 cujus
1326 2349 1364 2375 rei
1389 2356 1467 2376 causa
1483 2349 1607 2380 venisset,
1622 2353 1650 2375 et
1663 2349 1784 2382 petiisset
1798 2354 1826 2376 ut
1838 2350 1887 2377 sibi

1074 2406 1081 2413 κ
1095 2395 1244 2422 traderetur
1264 2395 1361 2430 puella,
1383 2395 1408 2421 id
1425 2395 1535 2429 virginis
1549 2395 1658 2422 arbitrio
1679 2401 1803 2429 parentes
1824 2396 1886 2424 reli-

1094 2445 1216 2475 querunt.
1239 2441 1310 2467 Illam
1333 2445 1494 2467 annuentem
1514 2447 1652 2467 assumens
1666 2448 1758 2467 servus
1780 2442 1887 2468 absces-

1094 2486 1128 2512 sit
1158 2495 1164 2513 :
1190 2485 1290 2520 fuitque
1311 2485 1354 2512 illa
1378 2493 1444 2513 uxor
1464 2485 1557 2513 lsaaci.
1574 2486 1638 2512 Sara
1657 2486 1793 2517 defuncta.
1815 2487 1887 2514 ducit

1095 2531 1227 2558 Abraham
1251 2539 1363 2558 uxorem
1378 2531 1544 2564 Chetturam,
1562 2536 1589 2558 et
1611 2532 1688 2564 ﬁlios,
1706 2540 1775 2567 quos
1796 2541 1828 2559 ex
1843 2533 1886 2559 illa

1094 2581 1258 2612 susceperat.
1272 2577 1406 2611 separavit
1425 2577 1458 2604 ab
1473 2578 1572 2610 lsaaco,
1587 2578 1742 2605 muneribus
1756 2578 1885 2606 allectos:

1093 2631 1173 2658 opum
1187 2631 1250 2650 vero
1272 2630 1380 2650 suarum
1394 2623 1521 2651 heredem
1538 2624 1600 2650 fecit
1624 2624 1754 2656 lsaacum,
1771 2629 1798 2651 et
1815 2632 1886 2651 mor-

1095 2673 1155 2696 tuus
1169 2674 1219 2697 est.
1232 2669 1279 2696 llic
1293 2674 1468 2696 recensentur
1489 2670 1594 2696 nomina
1620 2669 1733 2696 ﬁliorum
1745 2669 1866 2697 lsmaelis
1877 2691 1885 2703 ,

1094 2716 1137 2750 qui
1149 2715 1274 2742 habitavit
1284 2715 1318 2741 ab
1327 2715 1410 2742 Evilat
1421 2723 1504 2750 usque
1515 2715 1547 2741 ad
1557 2714 1691 2742 Sur.Cum
1704 2715 1824 2742 Rebecca
1834 2721 1886 2742 ste-

1125 2763 1160 2793 (rt)
1177 2762 1248 2786 Filius
1256 2762 1298 2786 Dei
1310 2762 1352 2793 qui
1364 2762 1394 2786 ab
1406 2762 1521 2786 Abraham
1535 2769 1606 2792 excej
1615 2766 1654 2787 tus
1664 2766 1709 2791 est,
1719 2763 1833 2787 Dominus
1843 2768 1885 2785 rn-

1093 2797 1160 2818 catur
1168 2793 1251 2817 llomil.
1259 2792 1424 2821 42iu’Genes.,
1435 2795 1500 2817 Tom.
1513 2793 1554 2822 ιν,
1566 2793 1612 2818 col.
1624 2793 1679 2818 387.
1694 2797 1726 2818 lie
1739 2793 1834 2817 ﬁliabus
1843 2793 1885 2818 Lat

1094 2823 1154 2848 infra
1168 2824 1248 2854 paucis
1261 2823 1319 2854 dicit
1327 2830 1366 2852 ea,
1383 2830 1437 2854 qua:
1446 2823 1556 2854 pluribus
1573 2829 1682 2848 enarrata
1694 2829 1751 2849 sunt
1763 2823 1846 2847 tlomil.
1861 2823 1884 2847 in

1098 2830 1410 2879 Ἒὲἷῗρὲ⁷¹ἓῗ¹ἱέ¹ι¹⁶ῗιῗέιιῗ
