2047 3123
283 159 332 186 521

283 212 438 241 ἀποδίδοται
453 213 501 240 καὶ
514 213 663 249 πιπράσκει
679 213 817 248 ἑψήματος
831 212 921 247 φακῆς
945 211 980 239 τὰ
994 219 1068 246 πρω-

283 259 391 287 τοτόκια
398 259 495 286 ἐαυτοῦ
505 261 519 286 6
535 259 618 286 Ἠσαῦ
632 259 671 294 τῷ
684 258 791 287 Ἰακώϐ.
807 257 974 293 Βουλόμενον
986 256 1015 284 δέ
1027 256 1072 283 τὸν

289 305 382 332 Ἰσαὰκ
400 306 439 337 εἰς
458 306 595 339 Αιγυπτον
618 303 768 336 κατελθεῖν,
789 303 883 338 ἐπειδὴ
905 302 984 338 λιμὸς
1007 310 1072 328 κατ-

285 351 378 386 ίσχυε,
404 351 503 378 κωλύει
524 351 538 376 6
565 350 645 383 Θεὸς,
669 349 809 385 παραινῶν
833 349 897 376 ἔνθα
913 348 991 384 ᾤκει,
1012 347 1073 374 ἐκεῖ

285 396 386 432 μένειν,
405 396 451 423 καὶ
465 395 677 430 ὑπισχνούμενος
702 394 811 421 ἔσεσθαι
829 394 886 428 μετ’
903 392 998 423 αὐτοῦ,
1025 392 1072 418 καὶ

284 443 438 478 εὐλογήσειν
454 442 484 468 τὸ
501 442 610 478 σπέρμα
626 440 708 469 αὑτοῦ
728 442 775 468 καὶ
799 439 954 476 πληθυνεῖν.
972 439 1072 466 Μαθὼν

283 489 472 524 δέόβασιλεὺς
488 488 615 524 Γεράρων
640 487 795 522 Ἀϐιμέλεχ,
819 486 859 513 ὅτι
885 486 904 522 ἡ
938 484 1072 512 Ῥεϐέκκα

283 535 350 570 γυνή
367 534 480 561 ἐστιτοῦ
496 534 588 561 Ἰσαὰκ
609 533 782 569 (ὑπώπτευσε
791 533 846 568 γὰρ
859 531 977 567 ἀδελφὴν
989 530 1071 558 αὑτοῦ

283 577 352 606 εἶναι
368 578 485 614 αὐτὴν),
507 579 620 606 θάνατον
631 578 714 614 ὥρισε
730 577 758 604 εἴ
772 586 814 609 τις
824 577 961 612 ἐξυϐρίσει
972 576 1012 608 είς
1024 576 1072 602 αὐ-

282 624 342 660 τήν.
361 624 427 650 Τότε
440 623 566 661 ἔσπειρεν
580 625 594 650 6
611 623 713 656 Ἰσαὰκ,
732 623 780 650 καὶ
790 619 869 658 εὗρεν
880 621 1073 649 ἐκατοστεύου-

283 677 333 696 σαν
345 669 453 705 κριθήν.
473 669 516 701 Ὠς
533 669 562 696 δέ
573 667 654 704 ἦλθεν
675 669 716 701 εἰς
738 668 854 695 πλοῦτον
877 667 963 703 μέγαν
974 667 1007 693 ἐκ
1023 667 1072 701 τῆς

282 713 406 747 εὐλογίας
421 712 468 739 τοῦ
485 712 756 748 Θεοῦ,διεφθονοῦντο
770 711 844 747 αὐτῷ
867 709 1070 746 οίΦυλιστιεὶμ,

282 759 329 785 καὶ
340 759 355 784 6
379 758 524 794 Ἀϐιμέλεχ
535 759 689 794 ἀπήλαυνεν
702 758 782 785 αὑτὸν
806 757 921 784 ἐκεῖθεν.
941 756 971 783 '0
981 756 1009 783 δέ
1022 756 1072 782 οὑκ

282 803 415 840 ἠμύνατο,
440 803 497 830 ἀλλ’
521 803 690 840 ἀνεχώρησε,
718 803 765 830 καὶ
783 802 870 838 ὤρυξε
882 802 998 838 φρέατα,
1026 801 1072 828 καὶ

283 849 415 885 ἐμάχοντο
440 849 504 885 περὶ
525 849 624 876 αὐτῶν.
658 850 687 876 'O
706 849 733 876 δέ
756 850 807 876 οὐκ
833 848 989 879 ἀνθίστατο,
1014 846 1071 874 ἀλλ’

282 896 364 931 ἐτερα
375 895 507 931 ὤρυσσεν,
523 895 574 927 ἕως
585 891 614 922 οὗ
632 895 787 922 ἐπαύσαντο
806 900 830 921 ⁸.
847 894 902 921 Καὶ
926 894 1072 928 εὐλόγησεν

282 941 386 968 αὑτὸνὸ
400 941 476 973 Θεός.
501 941 552 968 Καὶ
562 943 576 968 6
596 941 689 968 Ἰσαὰκ
705 941 818 968 ἐλθόντα
840 940 908 976 πρὸς
922 939 1003 967 αὑτὸν
1027 938 1073 966 τδν

289 987 432 1023 Ἀϐιμέλεχ
443 987 552 1020 ἐδέξατο
573 987 699 1022 ἀσμένως
716 987 762 1014 καὶ
787 986 931 1017 εἱστίασεν,
958 986 988 1012 οὑ
1005 994 1072 1021 μνη-

284 1033 358 1065 σθεὶς
372 1029 411 1061 ὧν
431 1033 557 1069 ἠδικήθη.
576 1032 691 1059 Ἔλαϐεν
708 1033 723 1059 6
744 1031 828 1058 Ἠσαῦ
846 1031 1001 1063 Χαναναίας
1025 1039 1074 1066 γυ-

283 1079 390 1110 ναῖκας,
404 1079 450 1105 καὶ
461 1078 555 1114 ἤριζον
568 1079 602 1113 τῇ
623 1077 766 1113 Ῥεϐέκκα.
778 1077 931 1113 Ἐγήρασεν
945 1077 960 1103 ό
982 1076 1074 1104 Ἰσαὰκ

283 1124 331 1150 καὶ
340 1123 538 1159 ἠμϐλυώπησε,
552 1123 600 1150 καὶ
617 1123 782 1158 προστάσσει
793 1122 832 1157 τῷ
845 1122 895 1157 υίῷ
909 1121 996 1148 Ἡσαῦ
1023 1121 1073 1157 θη-

285 1169 436 1205 ρεῦσαικαὶ
456 1169 567 1204 ποιῆσαι
582 1168 658 1204 αὐτῷ
675 1168 775 1203 ἔδεσμα
786 1189 794 1202 ,
813 1167 857 1194 ῖνα
871 1167 1004 1203 εὐλογήσῃ
1026 1167 1075 1194 αὺ-

283 1214 340 1241 τόν.
361 1213 390 1240 '0
401 1213 429 1240 δὲ
444 1212 553 1245 Ἰακὼϐ,
567 1212 796 1248 συμπραττούσης
812 1212 887 1247 αὐτῷ
903 1212 953 1248 τῆς
961 1211 1073 1247 μητρὸς,

284 1259 387 1294 ἔφθασε
400 1259 446 1286 τὸν
466 1258 562 1286 Ἡσαῦ·
580 1258 706 1294 ἐψήσασα
720 1258 774 1294 γὰρ
785 1258 895 1294 ἐρίφους
911 1257 967 1290 δύο,
979 1257 1027 1284 καὶ
1040 1257 1075 1284 τὰ

285 1304 361 1341 [522]
374 1305 497 1340 δέρματα
516 1305 605 1331 αὐτῶν
623 1304 766 1340 περιθεῖσα
781 1303 867 1339 αὐτῷ,
883 1304 926 1330 ἵνα
937 1303 1074 1339 ἐπικρύψῃ

284 1351 334 1387 τὴν
349 1351 474 1386 λειότητα
481 1350 528 1377 τοῦ
546 1350 652 1384 παιδὸς,
676 1350 760 1377 ἔδωκε
776 1351 810 1377 τὰ
823 1350 959 1386 ἐδέσματα
970 1351 1009 1382 είς
1025 1349 1075 1382 τὰς

284 1398 379 1433 χεῖρας
392 1396 485 1429 αὑτοῦ,
500 1397 547 1423 καὶ
560 1396 735 1431 εἰσέπεμψεν.
764 1396 794 1423 '0
812 1396 841 1423 δέ
855 1395 983 1423 είσελθὼν
995 1395 1075 1422 ἔλαϐε

284 1443 334 1475 τὰς
355 1442 491 1477 εὐλογίας.
516 1442 616 1469 Ἐλθὼν
629 1442 658 1469 δέ
668 1438 686 1468 ὶδ
704 1441 802 1474 Ἡσαῦ,
816 1441 862 1468 καὶ
880 1441 1012 1478 μαθὼντδ
1027 1449 1075 1475 γε-

284 1487 372 1523 γονὸς,
386 1488 543 1524 ἀπωδύρετο
554 1489 601 1515 καὶ
619 1488 738 1524 ἐθρήνει,
754 1489 802 1515 καὶ
811 1488 871 1524 ᾔτει
895 1488 1076 1523 εὖλογηθῆναι

285 1534 333 1562 καὶ
348 1534 439 1567 αὐτὸς,
456 1535 503 1561 καὶ
514 1535 597 1570 ἠνυσε
611 1535 644 1570 τῇ
659 1535 786 1570 ἐπιμονῇ,
797 1533 872 1560 οὐδὲν
891 1533 940 1569 μὲν
950 1533 1076 1560 τοσοῦτον

285 1581 348 1608 ὅσον
356 1580 478 1616 ἤλπισεν·
502 1581 585 1615 ήνυσε
601 1580 631 1607 δέ
654 1581 738 1616 ὅμως.
755 1580 850 1615 Μικρὰ
863 1580 953 1608 τοίνυν
965 1579 1077 1614 εὐλογη-

285 1626 343 1658 θεὶς
351 1627 412 1654 ἀντὶ
425 1627 559 1662 μεγάλων,
570 1625 702 1662 ὠργίζετο
715 1626 784 1662 πρὸς
793 1626 839 1653 τὸν
850 1626 975 1661 ἀδελφὸν,
992 1627 1077 1661 ἐμνη-

286 1674 403 1705 σικάκει,
422 1673 566 1709 περιέμενε
585 1672 630 1699 τοῦ
644 1672 747 1708 πατρὸς
756 1672 804 1708 τὴν
818 1672 955 1708 τελευτὴν,
973 1671 1076 1704 ὼςτότε

285 1719 444 1754 ἀδεέστερον
467 1717 666 1745 ἐπιϐουλεύσων
686 1718 768 1754 αὐτῷ.
794 1717 899 1753 Μηνύει
911 1717 950 1754 τῷ
980 1717 1077 1744 Ἰακὼϐ

285 1765 373 1792 ταῦτα
387 1766 404 1799 ή
421 1765 524 1800 μήτηρ,
539 1764 587 1791 καὶ
599 1765 726 1799 παραινεῖ
737 1765 809 1798 φυγῇ
826 1763 875 1799 τὴν
885 1763 1020 1799 σωτηρίαν
1034 1763 1077 1790 εὑ-

287 1809 409 1845 ρηκέναι·
426 1809 541 1835 είποῦσά
567 1817 597 1835 τε
621 1809 688 1843 πρὸς
700 1808 746 1834 τὸν
776 1807 887 1838 Ἰσαὰκ,
909 1807 950 1834 ὅτι
963 1807 1078 1838 ἀϐίωτος

286 1856 356 1890 αὐτῇ
365 1854 441 1881 ἐσται
454 1855 469 1881 6
479 1854 534 1889 βίος
541 1855 566 1886 δ,
582 1854 606 1880 εί
621 1854 668 1880 καὶ
679 1852 777 1880 Ἰακὼϐ
788 1852 842 1879 ἀπὸ
854 1853 907 1878 τῶν
919 1852 1078 1879 Χαναναίων

286 1901 363 1927 λάϐοι
376 1902 506 1934 γυναῖκα,
526 1900 730 1935 παρασκευάζει
753 1899 798 1926 τὸν
829 1899 923 1926 Ἰσαὰκ
935 1898 1078 1934 ἐκπέμψαι

286 1946 333 1973 τὸν
355 1945 450 1973 Ἰακὼϐ
468 1946 508 1977 είς
529 1945 739 1980 Μεσοποταμίαν
765 1944 833 1980 πρὸς
843 1944 888 1972 τὸν
906 1943 1017 1978 ἀδελφὺν
1029 1944 1078 1971 αὺ-

286 1993 336 2028 τῆς
346 1991 392 2019 τὸν
405 1991 508 2023 Λάϐαν,
517 1991 564 2019 καὶ
579 1992 611 2019 ἐκ
625 1991 679 2018 τῶν
691 1991 847 2026 θυγατέρων
863 1990 945 2017 αὑτοῦ
961 1992 1078 2025 γυναῖκα

286 2039 388 2066 λαϐεῖν.
408 2038 583 2070 ’Δπελθόντος
603 2037 631 2064 δέ
642 2037 689 2064 τοῦ
701 2036 808 2068 Ἰακὼϐ,
826 2036 958 2071 λαμϐάνει
971 2036 1020 2072 τὴν
1033 2036 1079 2063 θυ-

286 2084 390 2119 γατέρα
406 2083 518 2119 Ἰσμαὴλ
532 2082 621 2118 ἐαυτῷ
629 2084 748 2117 γυναῖκα
758 2083 772 2109 6
782 2081 878 2109 Ἠσαῦ.
890 2082 920 2109 '0
930 2082 958 2109 δὲ
966 2078 983 2109 Ἰ
988 2081 1078 2118 σμαὴλ

287 2129 345 2162 υίὸς
352 2128 386 2166 ἧν
400 2131 448 2157 τοῦ
469 2130 603 2165 Ἁϐραάμ,
617 2129 671 2156 ἀπὸ
684 2130 733 2164 τῆς
741 2130 830 2165 Ἀγαρ
836 2128 980 2164 γενόμενος
992 2128 1075 2164 αὐτῷ.

287 2176 385 2203 Βλέπει
398 2176 448 2212 τὴν
476 2176 597 2211 κλίμακα
615 2176 630 2202 6
647 2174 756 2208 Ἰακὼϐ,
778 2175 867 2211 ἵστησι
887 2175 997 2211 στήλην,
1030 2175 1077 2201 καὶ

288 2222 485 2257 ἐπαγγέλλεται
499 2221 532 2248 τὰ
543 2221 699 2257 ὑπάρχοντα
721 2221 795 2256 αὑτῷ
809 2221 1026 2247 ἁποδεκατώσειν
1038 2219 1078 2255 τῷ

287 2268 358 2304 Θεῷ,
373 2269 397 2295 εί
411 2267 539 2302 ὑγιαίνων
562 2267 714 2294 ἐπανέλθοι.
744 2267 873 2302 Ἔρχεται
888 2267 929 2298 είς
957 2266 1005 2302 τὴν
1022 2266 1078 2292 Με-

289 2314 465 2350 σοποταμίαν,
480 2311 532 2340 εἶδε
547 2313 597 2348 τὴν
616 2312 727 2348 Ῥαχὴλ,
741 2312 868 2347 ἐφίλησεν
885 2312 979 2348 αὐτήν·
993 2311 1077 2339 ἀπελ-

289 2360 401 2395 θοῦσαή
428 2360 497 2397 κόρη
513 2359 662 2396 ἀπήγγειλε
681 2359 720 2394 τῷ
747 2359 832 2394 πατρὶ
852 2358 954 2385 Λάϐαν.
978 2357 1078 2384 Ἐλθὼν

289 2406 369 2437 αὐτὸς
381 2405 487 2440 ἐπέγνω
499 2405 545 2433 τὸν
562 2403 669 2437 Ἰακὼϐ,
683 2405 827 2440 εισήγαγεν
837 2404 917 2431 αὐτὸν
932 2403 1001 2440 πρὸς
1013 2404 1078 2430 ἐαυ-

288 2452 345 2479 τὸν.
362 2452 531 2478 Ἐδούλευσεν
547 2451 619 2486 αὐτῷ
634 2451 680 2477 ἐπὶ
702 2450 790 2486 μισθῷ
801 2449 943 2485 θυγατρός
955 2449 1006 2476 ὁδέ
1028 2449 1078 2485 τὴν

289 2497 476 2533 πρεσϐυτέραν
491 2497 585 2524 ἔδωκε·
613 2496 854 2532 δυσχεραίνοντιδέ
865 2496 904 2532 τῷ
923 2496 1019 2524 Ἰακὼϐ
1031 2497 1078 2524 ἐπὶ

288 2544 323 2579 τῇ
339 2543 441 2579 ἀπάτῃ,
457 2543 592 2578 προτείνει
611 2542 682 2569 ἐπτά
711 2541 760 2576 ἐτη
786 2542 867 2577 ἔτερα
882 2541 1041 2573 δουλεῦσαι,
1054 2543 1078 2569 εί

291 2589 411 2625 βούλοιτο
432 2590 477 2616 καὶ
491 2589 539 2624 τὴν
554 2589 692 2624 νεωτέραν
715 2588 818 2615 λαϐεῖν.
844 2588 873 2615 '0
893 2587 922 2614 δέ
940 2588 986 2614 καὶ
1000 2587 1078 2614 τοῦτο

291 2633 429 2668 ὑπέμεινε,
443 2633 490 2659 καὶ
505 2632 638 2668 λαμϐάνει
650 2633 697 2660 καὶ
715 2632 763 2668 τὴν
777 2632 922 2667 νεωτέραν.
935 2630 989 2658 Ἦν
1007 2632 1035 2659 δέ
1060 2634 1077 2668 ἡ

291 2678 341 2714 μέν
352 2678 524 2714 πρεσϐυτέρα
541 2678 655 2714 ἀσθενὴς
667 2680 722 2710 τοῖς
746 2677 904 2713 ὀφθαλμοῖς,
917 2678 993 2705 Λεία-
1019 2679 1036 2714 ή
1049 2679 1078 2706 δὲ

290 2725 409 2760 νεωτέρα
420 2725 522 2759 ὡραία,
543 2725 560 2760 ἠ
581 2724 691 2760 Ῥαχήλ,
713 2723 773 2750 Εἰσὶ
795 2723 823 2750 δέ
844 2723 924 2750 τύποι
945 2724 1037 2756 αὐταὶ,
1061 2725 1078 2760 ἡ

322 2772 334 2785 ’³
342 2771 515 2807 ,ιιιιεᾱυιιεηείε
526 2772 539 2795 6
550 2771 576 2795 δὲ
587 2771 630 2794 οὐκ
640 2770 764 2801 ἀφίστατο,
777 2770 829 2794 ἀλλ’
839 2769 908 2800 ἱτερα
917 2769 1024 2800 ὤρυσσεν
1034 2770 1079 2799 ἓως

287 2802 433 2827 ἐπαύσαντο,

323 2833 461 2862 'oldnpsum.
477 2832 521 2856 sed
543 2831 593 2856 alio
605 2831 676 2856 mndo
688 2829 804 2862 exprimit
814 2830 1001 2861 Chrysoslomus
1013 2835 1078 2856 lomo

291 2862 332 2893 ιν,
344 2869 369 2895 p.
382 2861 436 2892 528,
447 2868 547 2894 nempe,
559 2863 588 2887 τὰ
600 2865 641 2891 τῆς
651 2864 712 2891 ζωῆς
722 2861 777 2892 ἡμῖν
787 2862 888 2892 οἴχεται.

626 155 656 183 S.
676 154 817 183 JOANNIS
836 150 1084 182 CIIRYSOSTOMI
1105 149 1264 178 ARCHIEP.
1283 149 1557 178 CONSTANTINOI‘.

1859 154 1910 183 5‘22

1125 209 1173 243 μὲν
1186 208 1358 244 πρεσϐυτέρα
1376 208 1424 244 τῆς
1439 209 1600 244 συναγωγῆς
1619 209 1673 236 τῶν
1691 210 1834 245 Ἰουδαίων,
1850 213 1867 248 ἠ
1882 214 1912 242 δέ

1122 255 1241 290 νεωτέρα
1268 256 1318 290 τῆς
1346 253 1510 291 Ἐκκλησίας
1543 254 1590 282 τοῦ
1615 256 1745 292 Χριστοῦ.
1777 258 1911 287 Συνέλαϐε

1123 299 1200 332 Λεία,
1209 300 1256 326 καὶ
1269 300 1344 327 ἔτεκε
1358 301 1404 327 τὸν
1419 301 1555 336 Ῥουϐεὶμ,
1573 302 1618 328 τὸν
1627 302 1750 338 Συμεὼν,
1777 304 1823 332 τὸν
1836 305 1911 337 Δευῒ,

1121 345 1167 371 τὸν
1183 345 1290 373 Ἰούδαν.
1313 346 1346 373 Ἦ
1360 346 1389 373 δὲ
1412 347 1523 383 Ῥαχὴλ,
1553 347 1615 374 ἐπεὶ
1639 348 1676 384 μὴ
1695 348 1795 381 ἔτικτε,
1820 350 1912 378 δίδωσι

1122 389 1160 424 τῷ
1180 390 1277 418 Ἰακὼϐ
1289 393 1406 425 γυναῖκα
1419 392 1558 427 δευτέραν,
1579 393 1629 429 τὴν
1654 393 1801 430 παιδίσκην
1827 395 1913 431 αὐτῆς

1123 435 1220 470 Βάλαν,
1233 438 1279 465 καὶ
1293 437 1385 465 ἔτεκεν
1400 439 1490 474 ἐκείνη
1505 439 1550 466 τὸν
1560 439 1613 467 Δάν
1623 440 1671 466 καὶ
1686 440 1731 467 τὸν
1744 441 1911 477 Νεφθαλείμ.

1125 482 1227 509 Ἔδωκε
1240 483 1268 510 δὲ
1284 483 1331 510 καὶ
1341 485 1358 520 ἡ
1372 484 1439 511 Λεία
1449 485 1553 520 Ζελφὰν
1564 485 1613 521 τὴν
1623 486 1768 522 παιδίσκην
1783 487 1912 523 αὑτῆς-τῷ

1129 528 1226 555 Ἰακὼϐ
1242 531 1368 564 γυναῖκα·
1384 531 1400 566 ή
1414 530 1442 557 δὲ
1454 530 1531 557 ἔτεκε
1546 531 1591 557 τὸν
1611 531 1664 558 Γὰδ
1678 533 1725 560 καὶ
1741 532 1786 560 τὸν
1817 534 1910 568 Ἀσήρ.

1124 574 1222 601 Ἔτεκε
1232 575 1261 601 δέ
1275 575 1339 610 ἑξῆς
1349 576 1415 602 Λεία
1433 577 1502 612 μετὰ
1513 577 1599 604 ταῦτα
1618 578 1663 605 τὸν
1684 578 1794 614 Ἰσάχαρ
1805 579 1852 606 καὶ
1866 579 1912 606 τὸν

1123 619 1276 649 Ζαϐουλὼν.
1299 621 1365 648 Τότε
1382 622 1458 648 ἔτεκε
1470 622 1517 649 καὶ
1532 622 1548 658 ἠ
1563 622 1664 658 Ῥαχὴλ
1679 623 1725 649 τὸν
1743 623 1852 660 Ἰωσήφ.
1868 624 1912 656 Ὠς

1122 665 1151 692 δὲ
1167 665 1262 701 ἤθελεν
1276 667 1291 694 6
1311 667 1408 694 Ἰακὼϐ
1432 667 1559 695 ἀπελθεῖν
1572 669 1612 701 εἰς
1625 669 1676 705 τὴν
1690 670 1793 696 οίκείαν
1804 669 1866 706 γῆν,
1875 669 1912 696 δί-

1122 711 1204 739 δωσιν
1216 712 1290 748 αὑτῷ
1305 713 1351 740 τὸν
1362 713 1456 749 μισθὸν
1468 714 1595 747 ὁΛὰϐαν,
1621 714 1652 741 ὃν
1672 715 1752 747 αὐτὸς
1767 715 1782 742 6
1815 715 1913 743 Ἰακὼϐ

1121 755 1216 792 ὥρισε,
1233 759 1287 784 πᾶν
1297 757 1376 792 φαιὸν
1388 759 1417 785 ἐν
1436 760 1492 790 τοῖς
1509 759 1617 794 ἀρνασι,
1634 760 1680 786 καὶ
1695 761 1749 787 πᾶν
1761 760 1856 788 λευκὸν
1883 762 1912 788 ἐν

1123 804 1183 834 ταῖς
1197 802 1267 836 αίξίν
1284 808 1310 822 τ’
1323 803 1361 835 ὼς
1374 803 1405 830 δέ
1422 803 1506 831 πολλά
1518 803 1554 831 τὰ
1563 804 1676 831 τοιαῦτα
1695 805 1816 840 γέγονεν·
1829 806 1913 833 ἐτίθει

1123 848 1178 884 γὰρ
1193 849 1308 884 ῥάϐδους
1319 850 1348 877 ἐν
1371 851 1428 881 τοῖς
1443 850 1636 886 ποτιστηρίοις,
1659 852 1707 878 καὶ
1722 852 1847 879 ἐνεκίσσα
1877 852 1912 880 τὰ

1123 894 1256 930 πρόϐατα,
1265 895 1313 922 καὶ
1327 895 1417 922 ἔτικτε
1430 895 1514 923 λευκὰ
1527 897 1573 924 καὶ
1584 897 1703 931 ποικίλα,
1713 898 1760 925 καὶ
1771 898 1911 934 σποδοειδῆ

1124 939 1219 974 ραντά.
1237 939 1273 966 Τὸ
1285 940 1314 966 δέ
1328 941 1381 967 πᾶν
1394 940 1441 967 τοῦ
1451 940 1518 968 Θεοῦ
1528 941 1608 977 ἔργον
1621 940 1665 977 ἧν,
1682 942 1720 974 ὡς
1734 943 1814 975 αὐτός
1829 951 1912 978 φησιν

1121 986 1137 1012 6
1158 985 1265 1012 Ἰακώϐ.
1280 985 1471 1020 Διεφθονοῦντο
1490 986 1564 1022 αὐτῷ
1577 987 1629 1014 υἱοὶ
1643 987 1745 1020 Δάϐαν,
1762 989 1809 1015 καὶ
1821 988 1913 1015 λαϐὼν

1123 1031 1210 1067 λάθρα
1224 1032 1274 1064 τὰς
1289 1033 1384 1060 ἑαυτοῦ
1406 1034 1537 1067 γυναῖκας
1564 1035 1633 1068 μετά
1660 1034 1714 1061 τῶν
1737 1035 1913 1071 ὑπαρχόντων

1124 1078 1254 1114 ἀπῆλθεν.
1276 1079 1305 1106 '0
1325 1079 1354 1106 δὲ
1376 1080 1469 1107 Δάϐαν
1492 1080 1649 1114 κατεδίωξε,
1675 1080 1722 1108 καὶ
1745 1088 1811 1117 πριν
1838 1081 1913 1117 αὐτῷ

1125 1124 1280 1160 συμϐαλεῖν,
1292 1125 1440 1161 ἠπείλησεν
1460 1127 1475 1153 6
1487 1126 1553 1158 Θεὸς
1563 1126 1648 1162 αὐτῷ,
1658 1128 1681 1154 εί
1692 1127 1813 1163 τραχέως
1829 1135 1913 1162 προσ-

1124 1170 1245 1206 ενεχθείη
1259 1171 1299 1207 τῷ
1319 1171 1426 1199 Ἰακώϐ.
1447 1172 1477 1199 '0
1492 1172 1521 1199 δέ
1535 1172 1630 1205 ἐλθὼν,
1646 1173 1677 1199 τὺ
1688 1173 1736 1208 μὲν
1749 1173 1857 1209 πρῶτον
1868 1175 1912 1200 ἐν-

1123 1215 1227 1247 εκάλει,
1239 1215 1316 1252 [525]
1325 1217 1372 1243 καὶ
1382 1217 1432 1253 τήν
1441 1218 1530 1245 αίτίαν
1542 1218 1632 1254 ἐζήτει
1643 1218 1693 1254 τῆς
1707 1219 1837 1255 λαθραίας
1846 1220 1912 1246 ἀνα-

1124 1261 1282 1297 χωρήσεως.
1296 1263 1344 1302 ξος
1355 1263 1383 1290 δέ
1393 1261 1469 1291 εἶπεν
1478 1265 1492 1291 6
1509 1264 1618 1296 Ἰακὼϐ,
1626 1265 1672 1292 διὰ
1685 1265 1716 1292 τὸ
1728 1266 1913 1301 πεφθονῆσθαι

1126 1307 1231 1342 μήποτε
1242 1308 1292 1339 τὰς
1306 1307 1459 1344 θυγατέρας
1472 1309 1553 1336 αὐτοῦ
1567 1309 1654 1342 λάϐοι,
1667 1309 1747 1337 τοῦτο
1764 1310 1913 1346 πεποιηκι-

1125 1361 1181 1385 ναι,
1195 1353 1286 1389 ἐζήτει
1303 1354 1365 1385 τοὺς
1379 1353 1457 1386 θεοὺς
1479 1355 1561 1382 αὑτοῦ
1584 1355 1691 1388 Δάϐαν,
1705 1356 1751 1388 οὒς
1767 1356 1881 1392 ἔκλεψεν
1895 1359 1912 1393 ἠ

1132 1396 1243 1432 Ῥαχήλ.
1272 1397 1317 1429 Ὠς
1340 1397 1369 1424 δὲ
1392 1398 1442 1433 οὺχ
1465 1395 1558 1434 εὗρεν,
1581 1399 1732 1426 ἐπιτίθεται
1753 1401 1876 1436 σφοδρῶς
1900 1403 1915 1428 6

1133 1440 1230 1468 Ἰακὼϐ
1244 1441 1376 1475 ἐγκαλῶν.
1399 1443 1454 1469 Καὶ
1474 1443 1559 1476 τέλος,
1576 1443 1709 1478 φαγόντες
1730 1445 1776 1471 καὶ
1797 1446 1914 1478 πιόντες,

1125 1485 1338 1522 διεχωρίσθησαν
1349 1486 1478 1522 ἀλλήλων,
1489 1486 1581 1522 βουνὸν
1592 1487 1674 1515 λίθων
1687 1490 1834 1524 στήσαντες
1846 1489 1915 1524 ἐκεῖ,

1126 1528 1156 1556 6v
1171 1529 1217 1556 καὶ
1231 1529 1329 1556 Βουνδν
1342 1531 1492 1566 μαρτυρίου
1509 1530 1652 1559 ἐκάλεσαν.
1664 1532 1730 1559 The
1746 1533 1916 1569 συνήντησαν

1126 1572 1165 1608 τῷ
1186 1572 1284 1599 Ἰακὼϐ
1300 1573 1409 1608 ἄγγελοι
1425 1574 1504 1602 Θεοῦ.
1523 1574 1693 1602 ’Δποστέλλει
1706 1577 1721 1603 6
1737 1576 1834 1603 Ἰακὼϐ
1848 1578 1915 1613 πρὸς

1127 1615 1173 1642 τὸν
1191 1615 1288 1648 Ἡσαῦ,
1302 1617 1481 1651 ἀπαγγέλλων
1495 1618 1578 1655 αὑτοῦ
1593 1618 1643 1654 τὴν
1659 1619 1816 1655 ἐπιδημίαν.
1830 1621 1875 1653 Ὦς
1887 1622 1916 1649 δὲ

1127 1656 1208 1694 ἦλθον
1221 1661 1246 1687 οἱ
1260 1660 1468 1693 ἀποσταλέντες,
1486 1662 1533 1688 καὶ
1544 1659 1621 1689 εἵπον
1633 1662 1762 1698 ἔρχεσθαι
1770 1663 1816 1691 τὸν
1828 1664 1916 1692 Ἦσαῦ

1129 1704 1199 1739 μετά
1212 1705 1394 1740 τετρακοσίων
1410 1705 1524 1741 ἀνδρῶν,
1539 1706 1686 1741 περίφοϐος
1701 1707 1846 1743 γενόμενος
1862 1709 1916 1736 δεῖ·

1126 1755 1171 1774 ται
1187 1747 1235 1774 τοῦ
1246 1747 1324 1781 Θεοῦ,
1337 1748 1407 1775 ὥστε
1423 1749 1504 1776 αὑτὸν
1517 1749 1670 1783 ἀπαλλάξαι
1684 1750 1732 1777 τοῦ
1741 1751 1916 1787 ἐπικειμένου

1128 1790 1262 1823 κινδύνου,
1280 1792 1328 1818 καὶ
1338 1792 1522 1828 πέμπειδῶρα
1533 1791 1573 1828 τῷ
1595 1793 1692 1821 Ἡσαῦ.
1707 1794 1750 1826 Ὠς
1763 1794 1791 1821 δέ
1807 1795 1916 1831 εἰσῆλθε

1127 1833 1173 1860 τὸν
1185 1834 1352 1870 χειμάρρουν
1363 1835 1377 1860 6
1390 1835 1497 1868 Ἰακὼϐ,
1512 1835 1560 1862 καὶ
1574 1836 1718 1873 εὐλογήθη,
1732 1838 1778 1864 καὶ
1796 1847 1917 1874 μετωνο-

1129 1877 1220 1913 μάσθη
1232 1877 1263 1904 τὸ
1277 1877 1362 1913 δνομα
1373 1878 1466 1912 αὑτοῦ,
1479 1880 1529 1916 ὁρᾷ
1541 1880 1585 1907 τὸν
1599 1881 1685 1908 Ἠσαῦ
1699 1882 1856 1917 ἐρχόμενον,
1870 1884 1918 1910 καὶ

1127 1922 1222 1949 διελὼν
1238 1922 1268 1948 τὸ
1281 1922 1394 1958 πλῆθος,
1407 1923 1455 1955 τὰς
1469 1924 1519 1957 μὲν
1538 1925 1683 1957 παιδίσκας
1697 1926 1766 1961 μετά
1779 1925 1836 1954 τῶν
1852 1927 1917 1954 παί-

1127 1965 1180 1993 δων
1194 1966 1282 1993 αὐτῶν
1293 1966 1404 2001 πρώτας
1412 1966 1500 2000 ἔταξε,
1511 1968 1559 2004 τήν
1571 1968 1599 1995 δὲ
1611 1969 1692 1996 Λείαν
1706 1969 1835 2006 δευτέραν
1847 1971 1918 2006 μετά

1127 2009 1182 2036 τῶν
1198 2010 1323 2042 παιδίων,
1339 2011 1386 2037 καὶ
1401 2011 1450 2047 τὴν
1474 2011 1574 2047 Ῥαχὴλ
1594 2012 1663 2047 μετὰ
1686 2013 1783 2048 Ἰωσὴφ
1799 2014 1918 2050 ἐσχάτην

1128 2053 1256 2090 ἔρχεσθαι
1270 2055 1409 2088 κελεύσας,
1425 2056 1506 2088 αὐτὸς
1518 2056 1625 2092 πρῶτος
1638 2057 1730 2093 ἀπῄει.
1749 2058 1794 2090 Ὧς
1807 2058 1837 2085 δέ
1847 2056 1918 2085 εἶδεν

1128 2097 1209 2124 αὑτὸν
1225 2098 1349 2133 ἁσμένως
1368 2099 1382 2125 6
1402 2099 1500 2132 Ἠσαῦ,
1525 2100 1572 2127 καὶ
1595 2099 1630 2127 τὰ
1646 2100 1720 2136 δῶρα
1744 2101 1825 2128 ἔλαϐε
1851 2103 1915 2137 παρ’

1128 2141 1221 2174 αὑτοῦ,
1238 2142 1313 2177 ἠξίου
1335 2143 1552 2178 συμπορεύεσθαι
1568 2144 1643 2179 αὐτῷ
1653 2153 1660 2160 ·
1676 2146 1690 2171 6
1706 2145 1734 2172 δέ
1757 2147 1916 2182 παρῃτεῖτο.

1129 2185 1184 2212 Καὶ
1196 2185 1280 2213 ἐλθὼν
1294 2186 1440 2213 κατέλυσεν
1454 2188 1495 2219 είς
1509 2187 1585 2214 πόλιν
1599 2188 1719 2224 Σικίμων
1735 2188 1840 2224 Σαλήμ,
1853 2189 1917 2216 ἔνθα

1129 2228 1220 2264 Συχὲμ
1237 2229 1252 2255 6
1268 2229 1325 2261 υίδς
1344 2230 1458 2266 Ἑμμὼρ
1472 2231 1519 2258 τοῦ
1537 2231 1680 2266 βασιλέως,
1696 2231 1822 2268 ἐρασθεὶς
1836 2233 1917 2264 Δίνας

1127 2273 1178 2307 τῆς
1194 2273 1328 2311 θυγατρὸς
1353 2274 1450 2302 Ἰακὼϐ
1461 2295 1468 2307 ,
1490 2275 1538 2303 καὶ
1562 2276 1674 2313 φθείρας
1696 2277 1746 2312 τὴν
1761 2277 1897 2313 παρθένον
1908 2297 1917 2309 .

1127 2317 1204 2351 ἠξίου
1218 2317 1295 2353 νόμῳ
1315 2318 1407 2354 γάμου
1431 2318 1523 2346 λαϐεῖν
1546 2320 1630 2355 αὐτὴν
1650 2321 1776 2355 γυναῖκα.
1797 2318 1865 2348 Ehe
1887 2321 1917 2347 δὲ

1129 2360 1240 2396 Συμεὼν
1268 2362 1314 2389 καὶ
1329 2362 1395 2390 Λευτ
1416 2362 1512 2390 δώσειν
1533 2360 1661 2399 ἑτοίμως,
1683 2365 1707 2391 εί
1724 2364 1918 2400 περιτμηθεῖεν

1129 2406 1226 2432 ἐκεῖνοι
1244 2405 1313 2441 μετά
1327 2405 1374 2433 τοῦ
1389 2406 1453 2433 λαοῦ
1467 2407 1566 2434 αὐτῶν.
1585 2408 1628 2440 Ὠς
1640 2408 1667 2434 δέ
1683 2408 1917 2444 περιετμήθησαν,

1129 2448 1169 2475 ἐτι
1185 2449 1266 2480 ὄντας
1286 2450 1315 2476 ἐν
1338 2449 1377 2484 τῷ
1401 2450 1474 2485 πόνῳ
1498 2451 1602 2478 ἀνεῖλον
1626 2452 1722 2483 αὐτοὺς
1738 2452 1851 2488 Συμεὼν
1871 2453 1918 2480 καὶ

1129 2492 1204 2519 Λευτ.
1221 2492 1358 2527 Ἐφοϐεῖτο
1372 2493 1464 2520 λοιπὸν
1481 2495 1496 2520 6
1522 2494 1620 2521 Ἰακὼϐ
1627 2516 1634 2525 ,
1659 2495 1696 2531 μὴ
1720 2495 1918 2523 ωνεπιθῶνται

1128 2535 1203 2571 αὐτῷ
1213 2537 1237 2562 οί
1248 2536 1363 2572 πλησίον
1370 2537 1516 2564 Χαναναῖοι
1527 2545 1534 2552 ·
1544 2538 1592 2564 καὶ
1603 2537 1651 2564 τοῦ
1660 2537 1727 2564 Θεοῦ
1739 2538 1919 2570 κελεύσαντος

1129 2580 1246 2616 ἀνῆλθεν
1259 2581 1299 2613 είς
1316 2581 1427 2618 Βαιθήλ.
1441 2582 1496 2609 Καὶ
1512 2582 1648 2609 ἀπέθανεν
1663 2583 1679 2617 ή
1695 2582 1793 2618 τροφὸς
1809 2582 1920 2609 Ῥεϐέκ-

1129 2634 1191 2657 κας.
1206 2625 1250 2657 Ὠς
1260 2625 1289 2652 δέ
1302 2625 1452 2662 ηὑλόγησεν
1465 2625 1539 2662 αὐτῷ
1548 2627 1563 2653 6
1573 2626 1763 2662 Θεὺς,ἀπάρας
1777 2627 1809 2654 ἐκ
1817 2626 1920 2661 Βαιθὴλ

1130 2668 1288 2704 κατῴκησεν
1300 2669 1427 2697 ἐπέκεινα
1440 2670 1542 2705 πύργου
1556 2670 1651 2706 Γαδέρ.
1661 2671 1727 2697 Τότε
1740 2670 1920 2706 ἐδυστόκησεν

1130 2714 1146 2748 ἡ
1159 2713 1269 2749 Ῥαχὴλ,
1279 2714 1326 2741 καὶ
1335 2714 1465 2748 ἀπέθανε,
1476 2715 1523 2741 καὶ⁵
1535 2715 1623 2750 ἐτάφη
1634 2715 1662 2741 ἐν
1672 2715 1705 2750 τῇ
1716 2714 1768 2750 ὁδῷ
1780 2714 1901 2749 Ἐφραθᾶ
1909 2722 1919 2729 ·

1162 2804 1173 2834 ς
1190 2802 1214 2826 In
1228 2804 1298 2834 textu
1309 2801 1405 2834 ijlicg
1416 2802 1533 2834 legimus!
1544 2804 1591 2826 πᾶν
1606 2802 1728 2826 διάλευκον
1739 2802 1780 2826 καὶ
1794 2801 1880 2834 ῥαντὸν
1895 2800 1925 2824 ἐν

1128 2833 1180 2860 ταῖς
1201 2833 1269 2860 αἰξίν.
1286 2832 1334 2867 Sep
1357 2833 1398 2862 qui
1415 2831 1561 2867 cqinpendio
1574 2834 1691 2863 loquitur,
1708 2839 1757 2858 non
1774 2831 1856 2858 omnia
1870 2831 1925 2864 jam

1130 2867 1242 2889 accurate
1255 2864 1394 2895 exprimere
1406 2864 1479 2888 valet.
