2074 3126
224 95 276 122 δὲῧ

224 151 314 178 vident
336 149 430 177 fratres
451 149 614 177 somniorum
638 155 716 174 causa
729 168 737 179 ,
762 151 789 172 ct
804 144 873 180 quod
893 143 976 178 magis
1002 150 1016 169 a

225 201 300 230 patre
319 195 480 230 diligeretur.
500 194 630 228 lllmnque
650 193 735 218 solum
750 191 818 217 nacti
832 188 954 216 occidere
973 194 1018 215 \‘0-

225 241 313 268 lcbant
327 249 335 267 :
347 240 490 268 consulens
502 244 590 266 autem
606 237 700 265 Ruben
711 258 717 270 ,
734 240 762 262 ιιι
783 235 807 262 111
822 234 909 261 laeum
926 232 1019 268 injice-

225 291 318 320 retur,
335 286 441 314 volebat
462 286 535 313 illum
560 285 652 311 saltem
674 291 688 310 a
710 287 794 309 morte
816 280 930 315 eripere.
949 279 1016 306 Cum

224 332 387 367 injecissent,
400 331 575 359 vendiderunt
585 329 691 356 demum
703 326 864 359 Madianitis,
875 324 941 352 .luda
955 332 1019 351 eau-

223 379 337 406 sulenle.
353 377 479 404 Tunicam
493 380 579 403 autem
592 374 649 408 ejus
662 373 790 407 sanguine
803 372 910 399 tinctam
927 374 1017 397 osten-

225 425 318 452 derunt
336 423 411 458 patri.
429 422 474 449 Ille
487 428 551 448 vero
562 424 657 455 putans
671 418 743 447 illum
755 425 769 444 a
782 418 836 444 fera
851 416 1016 448 devoratum,

225 471 340 505 graviter
353 468 469 504 lugebat.
487 467 562 494 .ludae
576 470 665 493 autem
682 465 736 491 nati
751 468 827 496 sunt,
845 462 891 494 Er,
907 463 998 489 Aunan
1009 483 1017 496 ,

224 522 248 543 ιιι
264 516 355 544 Selon.
370 515 474 541 Mortuo
486 519 574 540 autem
589 512 642 546 Er,
663 518 772 538 uxorem
788 509 846 545 ejus
859 509 1018 536 Thamarcm

223 561 297 587 duxit
310 561 392 587 frater
406 559 464 593 ejus
480 559 574 586 Aunan
590 566 596 584 :
611 557 654 592 qui
667 556 773 583 nolebat
783 563 873 582 semen
889 554 1019 581 suscitare

224 605 298 632 fratri
313 612 372 632 suo.
385 604 420 632 Ut
430 611 493 631 vero
504 603 546 630 hic
559 609 664 638 quoque
676 606 796 628 mortuus
810 605 849 627 est
863 622 870 631 ,
884 607 935 626 non
951 599 1018 625 ultra

225 651 332 679 volebat
350 650 432 679 Iudas
453 650 544 677 Seloni
565 649 644 676 tertio
658 648 711 675 filio
733 647 890 674 Thamarem
909 653 1017 672 uxorem

227 697 298 727 dare,
335 696 451 724 Thamar
466 703 529 723 vero
548 699 640 722 ornata
661 699 689 721 ut
708 693 833 720 meretrix
853 699 929 719 secus
950 691 1017 717 viam

224 743 302 771 sedit.
314 743 385 770 lllam
397 747 484 770 autem
497 750 561 769 vere
569 741 734 768 meretriéem
746 738 928 775 putansJudas
941 738 949 772 (
958 745 1018 764 nam

224 789 325 816 vultum
339 790 475 824 ohtcgcrat
487 789 495 824 )
509 810 516 822 ,
533 788 668 823 ingressus
681 791 722 815 est
735 787 767 814 ad
783 794 840 813 eam
853 806 860 819 ,
873 786 1019 820 pignusque

224 836 297 863 dedit
319 836 355 863 illi
368 857 376 869 ,
393 841 515 870 torquem
536 839 563 862 et
578 834 704 861 annulum
726 838 752 862 et
767 834 879 868 virgata.
899 832 933 860 Ut
954 839 1018 859 vero

226 881 407 909 renuntiatum
428 885 517 916 postea
540 885 581 908 est
602 880 760 907 Thamarcm
780 884 884 906 uterum
900 882 1018 913 gestare,

227 927 305 962 jussit
324 935 400 954 socer
414 926 471 961 ejus
491 925 572 953 ludas
586 933 647 953 eam
665 924 795 952 comburi.
811 923 855 950 llla
869 931 932 951 vero
947 923 1020 950 misit

226 973 327 1006 dicens,
346 980 378 1000 ex
391 973 437 1000 illo
448 973 504 999 viro
515 979 545 999 se
555 972 719 1006 concepisse,
731 971 805 1006 cujus
816 975 884 998 esset
895 970 1017 998 annulus.

229 1019 303 1046 Tunc
317 1019 353 1045 ait
368 1017 449 1046 Judas
462 1039 470 1052 ,
487 1017 586 1045 Justior
600 1023 636 1044 cst
652 1016 763 1044 Thamar
777 1025 852 1052 quant
873 1024 917 1052 ego
931 1016 940 1052 (
954 1015 1017 1042 Gen.

226 1065 271 1092 38.
286 1064 351 1100 96).
366 1063 432 1091 Cum
444 1068 532 1090 autem
546 1063 644 1098 peperit
656 1084 664 1094 ,
676 1063 763 1090 emisit
777 1070 883 1089 manum
900 1061 977 1094 Zara,
993 1066 1020 1089 et

227 1116 318 1146 postea
329 1111 450 1144 retraxit,
464 1115 490 1137 et
501 1116 624 1145 egressus
635 1114 674 1136 est
682 1109 791 1142 Phares,
804 1113 830 1136 et
842 1113 931 1144 postea
942 1108 1018 1136 Zara.

229 1156 291 1184 llaec
303 1163 382 1191 porro
404 1155 442 1182 sic
464 1155 607 1190 allegorice
629 1155 802 1189 explicantur.
820 1153 952 1186 Protulit,
980 1153 1019 1180 in-

231 1201 337 1236 quiunt,
356 1201 457 1236 primus
472 1200 584 1236 populus
597 1220 604 1233 ,
618 1207 714 1234 nempe
724 1199 787 1234 justi
803 1199 846 1235 qui
860 1204 921 1226 ante
934 1199 1019 1234 legem

227 1247 343 1280 fuerunt,
359 1254 466 1274 manum
477 1267 483 1278 ,
498 1246 524 1273 id
538 1251 578 1273 est
594 1246 673 1273 vitam
691 1246 786 1273 virtute
798 1252 918 1273 ornatam
930 1251 957 1273 et
970 1254 1019 1272 an-

227 1294 349 1329 gelicam.
368 1293 466 1320 Deinde
485 1294 509 1320 in
530 1293 645 1320 medium
671 1292 776 1319 inducta
792 1297 832 1320 est
853 1293 912 1325 lex;
929 1298 1020 1328 postea

227 1346 292 1366 vero
307 1343 428 1366 revocata
444 1346 548 1366 rursum
563 1343 604 1365 est
619 1338 659 1365 illa
676 1338 749 1372 prior
765 1338 815 1365 vita
828 1359 835 1371 ,
853 1345 899 1373 per
919 1338 1018 1366 Christi

230 1384 380 1411 institutum
394 1383 425 1410 ad
441 1383 624 1418 prrfectiorem
638 1387 735 1410 statum
750 1388 874 1418 provecta
890 1384 937 1419 (a).
951 1384 1021 1411 Emit

230 1429 371 1464 losepbum
387 1429 509 1464 princeps
523 1437 666 1464 coquoruut
679 1429 824 1456 Pharaonis
836 1429 998 1464 Penlepbres
1012 1439 1017 1456 :

228 1476 330 1512 ipsique
350 1476 483 1503 counnisit
503 1484 593 1502 curam
609 1475 727 1502 omnium
751 1484 809 1511 qua:
825 1476 851 1503 in
876 1475 957 1503 domo
972 1483 1019 1502 sua

228 1527 315 1550 erant.
330 1522 388 1549 Non
404 1523 484 1550 cessit
507 1523 549 1550 ille
565 1522 635 1550 hera!
656 1522 688 1550 ad
710 1522 871 1557 peccandum
894 1522 1019 1549 hortanti.

227 1569 364 1596 Calumnia
383 1569 517 1603 impetitus
531 1573 586 1600 est,
603 1568 739 1603 coniectus
757 1568 782 1595 in
796 1576 931 1595 carcerem
951 1568 997 1595 fuit
1012 1577 1018 1595 :

227 1614 307 1641 etiam
319 1613 372 1640 illic
380 1613 523 1640 dominium
535 1613 669 1640 obtinebat
681 1622 689 1646 ',
701 1614 809 1649 principi
825 1613 1018 1649 pincernaruni

227 1664 255 1689 ct
271 1659 382 1694 principi
399 1659 525 1695 pistorum
542 1660 729 1694 interpretatus
742 1665 782 1686 est
797 1660 908 1686 somnia.
927 1660 1021 1687 Evenit

228 1706 297 1733 sicut
311 1706 368 1740 ipse
382 1705 486 1734 dixerat
502 1716 507 1733 :
526 1706 568 1733 ille
582 1707 679 1741 quippe
694 1706 797 1733 occisus
808 1727 815 1739 ,
830 1706 872 1733 hic
886 1707 912 1734 in
931 1707 1021 1742 prisu-

227 1759 289 1777 num
303 1751 429 1779 honorent
441 1751 565 1779 reductus
574 1756 624 1778 c~t.
635 1751 705 1778 Vidit
716 1752 818 1778 Pharao
828 1752 929 1779 somnia
941 1752 1019 1779 boum

227 1801 253 1823 et
267 1797 398 1831 spicarum
410 1805 416 1828 ;
429 1797 524 1831 quibus
534 1797 732 1830 signiﬁcabatur
742 1797 912 1829 abundantia,
926 1802 1020 1833 etqua:

228 1843 301 1870 illam
322 1843 482 1877 subseqnuta
497 1848 537 1870 est
553 1843 644 1870 fames.
666 1843 783 1870 Eductus
798 1851 829 1870 ex
851 1852 958 1871 carcere
979 1849 1021 1872 cst

227 1887 339 1922 Joscph,
357 1893 385 1914 11ι
399 1888 441 1914 illa
456 1888 695 1922 interpretaretur;
710 1897 769 1914 nam
782 1896 842 1915 cum
860 1889 1021 1917 indicaverat

227 1933 351 1968 princeps
364 1933 560 1967 pinccrnarutn.
573 1932 762 1967 lntet‘prelatns
778 1933 822 1961 ille
833 1939 885 1967 est,
896 1934 1020 1970 deditque

227 1979 378 2010 consilium.
394 1987 446 2014 quo
462 1979 521 2006 f:nni
535 1980 680 2007 remedium
695 1980 878 2008 adhibebatur.
892 1981 1021 2010 Statuitur

227 2030 287 2059 post
299 2024 464 2052 Pharaonem
480 2025 579 2059 primus
589 2046 596 2058 ,
617 2029 645 2052 et
657 2025 739 2052 multo
753 2026 864 2054 collecto
879 2027 904 2054 in
918 2032 1019 2062 septem

227 2072 304 2098 annis
332 2072 461 2099 ubertatis
484 2072 641 2104 frumento;
665 2073 772 2107 quando
793 2073 880 2102 fames
904 2074 1018 2112 institit,

227 2117 380 2144 volentibus
402 2117 542 2144 vendebat.
560 2117 694 2145 Venerunt
710 2118 790 2145 etiam
805 2119 899 2147 fratres
916 2120 975 2154 ejus
987 2120 1021 2148 ad

227 2163 380 2190 antendum.
395 2163 444 2191 Ubi
457 2168 544 2191 autem
556 2172 609 2191 non
620 2171 680 2191 cum
691 2164 743 2191 illis
754 2164 818 2192 vidit
827 2165 1019 2200 Benjaminum,

228 2215 351 2237 metuens
365 2217 398 2236 ne
410 2209 482 2236 illum
496 2217 600 2244 quoque
614 2210 801 2245 perdidissent,
818 2211 921 2239 incusat
933 2219 980 2239 eos
994 2216 1021 2239 ut

228 2255 412 2290 exploratores
426 2259 519 2288 terra),
542 2263 590 2282 nec
603 2255 722 2282 criminis
735 2256 813 2283 aliam
835 2257 890 2284 fore
907 2258 1019 2285 solutio—

229 2310 289 2329 nem
301 2302 375 2335 dicit,
385 2302 433 2328 nisi
446 2301 552 2329 fratrem
563 2302 694 2336 jnniorem
707 2302 889 2336 Benjaminum
902 2304 926 2330 in
938 2303 1021 2339 Egy-

229 2355 301 2384 ptum
316 2349 477 2377 adducentes
487 2370 493 2381 ,
508 2340 651 2377 ostendere
665 2354 782 2384 possent.
798 2350 912 2385 Arrepto
932 2355 1020 2378 autem

228 2401 255 2422 et
269 2396 358 2423 vincto
373 2396 505 2431 Symeone
517 2417 524 2427 ,
536 2401 650 2423 .ca-tcros
665 2396 784 2430 dimisit,
805 2401 832 2424 et
847 2397 980 2425 frumento
992 2401 1020 2425 et

228 2447 338 2476 argento
350 2442 421 2468 dato.
436 2442 482 2469 Ubi
495 2447 583 2469 autem
594 2442 716 2469 viderunt
726 2448 874 2478 argentum,
887 2450 946 2470 cum
959 2451 1020 2478 ape-

229 2490 312 2515 rirent
327 2495 419 2516 saccos
432 2509 439 2521 ,
461 2489 494 2516 dc
511 2496 540 2515 re
554 2493 605 2515 tam
629 2488 764 2523 inopinata
785 2489 882 2516 turbati
898 2494 959 2516 sunt
971 2509 978 2518 .
994 2493 1022 2516 et

231 2535 413 2568 Benjaminum
426 2542 439 2560 a
452 2541 526 2569 patre
537 2535 714 2570 postulabant,
726 2536 767 2562 eui
779 2535 936 2569 omniaquae
946 2539 1021 2570 gesto

230 2585 305 2607 erant
315 2584 473 2607 enarrarunt
497 2580 541 2606 llic
556 2588 619 2607 vero
627 2580 754 2607 rennebat
765 2588 875 2615 puerum
888 2580 1020 2607 emittere.

230 2625 295 2654 alibi,
307 2630 334 2650 ut
346 2627 369 2650 ia
382 2625 465 2649 Itomil.
480 2625 492 2649 7
503 2625 534 2649 de
543 2626 691 2650 t‘trnitentia.
701 2629 728 2650 Et
740 2626 792 2650 haec
804 2629 843 2650 est
855 2629 967 2649 veterum
979 2631 1020 2650 re-

230 2657 415 2687 centiorumth
427 2655 554 2680 multorum
566 2657 655 2687 opinio,
669 2656 737 2681 illum
748 2657 823 2681 Jobab
835 2657 876 2687 qui
885 2657 948 2681 inter
961 2657 1020 2680 Esail

231 2692 334 2711 nepotes
348 2687 424 2711 fertur
436 2693 491 2710 esse
503 2687 595 2711 Jobum.

262 2698 263 2701 ‘
274 2695 334 2711 ὶυὶιὲδ
348 2695 424 2711 ΙυΓυΙΓ
436 2695 491 2710 esse
503 2695 595 2711 JOINIIII.

262 2695 299 2754 ἐμ)
316 2721 379 2754 Hanc
391 2717 529 2754 allegoriam
539 2717 627 2754 eodem
639 2724 737 2754 prorsus
747 2725 822 2754 sensu
831 2717 937 2754 ex
947 2717 1020 2754 Chr!-

231 2753 350 2772 mstomus
361 2751 426 2772 Itom.
440 2749 470 2772 tizl
482 2749 505 2772 in
514 2752 600 2772 Cenes.
608 2753 672 2773 'I'otn.
682 2748 721 2778 ιν,
734 2749 780 2774 col.
794 2748 910 2776 534.535.
923 2748 968 2772 Sed
982 2748 1020 2773 hic

229 2781 338 2810 11111111111111
345 2780 432 2812 adjicit,
439 2787 484 2812 qua
498 2779 657 2811 Chrysostomi
665 2780 829 2805 inventionem
836 2786 886 2811 pra:
895 2786 922 2804 se
929 2779 1018 2804 ferunt.

586 90 613 119 S.
633 89 771 118 JOANNIS
791 84 1027 115 Clll’tYSOSTmll
1052 84 1208 112 AHCIIIEP.
1224 83 1489 113 CONSTANTINOP.

1811 88 1863 116 5‘21

1075 141 1108 170 Ut
1129 147 1216 170 autem
1231 142 1313 171 fames
1328 143 1451 176 invaluit.
1467 152 1527 171 cum
1541 145 1651 172 instaret
1665 145 1748 173 .lndas
1766 146 1864 182 Benja-

1073 188 1172 216 minum
1188 189 1279 216 volens
1293 190 1433 222 abducere,
1449 197 1478 217 se
1493 197 1586 217 sanum
1602 196 1629 218 et
1643 191 1803 218 incolumem
1819 201 1864 220 re-

1072 234 1209 262 ducturum
1219 235 1360 269 pollicitus,
1370 236 1443 263 dedit
1452 235 1534 263 .Iaeob
1544 236 1703 271 duplicatum
1713 242 1863 272 argenturm,

1069 279 1166 315 jnbcns
1180 281 1231 308 alia
1252 288 1358 316 quoque
1373 281 1441 309 dona
1464 280 1567 309 aﬂ'erri.
1584 281 1617 310 Ut
1631 286 1721 309 autem
1742 283 1774 309 ad
1791 283 1865 310 .lose-

1072 326 1153 361 phum
1166 332 1355 361 pervenerunt,
1369 327 1402 354 ab
1414 334 1446 354 co
1456 326 1656 362 perhumaniter
1669 327 1771 362 excepti
1786 333 1863 361 sunt;

1072 370 1106 399 de
1122 376 1197 406 patre
1214 372 1256 398 ille
1271 372 1460 406 interrogavit,
1478 376 1504 399 et
1518 372 1590 399 lauto
1605 372 1665 399 illos
1679 373 1802 400 convivio
1816 380 1863 400 ex-

1071 418 1150 452 cepit.
1168 418 1234 445 Cum
1256 425 1334 452 porro
1347 418 1380 445 de
1395 417 1480 445 reditu
1492 422 1617 453 ageretur
1627 439 1634 451 ,
1646 418 1726 453 jussit
1741 418 1862 453 poeulum

1071 472 1181 491 aureum
1203 464 1274 498 injici
1291 464 1316 491 in
1337 471 1443 491 saccum
1466 464 1631 498 Benjamini,
1659 465 1710 492 ldis
1739 465 1865 500 ignorau-

1073 511 1152 539 tibus.
1168 511 1202 538 Ut
1218 516 1306 538 autem
1323 511 1447 545 injectum
1463 510 1512 538 fuit
1527 511 1661 544 poculum,
1677 511 1739 538 dum
1756 511 1793 539 illi
1807 512 1865 539 abi-

1072 561 1139 587 rent,
1146 555 1323 590 jubctJoseph
1332 556 1501 591 praepositum
1509 555 1663 584 domnssnae
1671 556 1742 584 viros
1751 556 1864 590 insequi.

1072 602 1230 638 lnsequutus
1244 603 1287 629 ille
1303 602 1439 630 incusabat
1458 602 1528 637 quud
1550 602 1697 630 beneficum
1719 603 1797 630 malis
1820 610 1864 630 re-

1072 654 1252 676 munerarent.
1270 649 1323 676 illis
1341 656 1404 676 vero
1421 648 1541 680 turbatis,
1554 653 1579 676 et
1595 652 1681 676 morte
1695 647 1802 683 (lignum
1819 648 1866 676 de-

1072 695 1226 723 Iinicntibus
1240 703 1300 722 eum
1314 695 1357 730 qui
1373 695 1398 722 in
1415 694 1486 722 furto
1497 695 1682 730 deprehensus
1693 695 1770 728 foret,
1783 703 1866 730 seque

1071 741 1191 769 servituti
1206 741 1334 768 obnoxios
1344 761 1350 773 ,
1370 741 1505 768 inventum
1523 741 1570 767 fuit
1584 740 1708 775 poculum
1723 742 1748 768 in
1771 740 1866 775 Benja-

1072 787 1136 814 mini
1152 794 1240 814 sacco.
1257 786 1332 814 Tunc
1354 787 1489 822 ingressus
1503 786 1585 814 Judas
1596 807 1603 819 ,
1627 786 1758 822 longoque
1776 786 1866 813 habito

1071 840 1195 861 sermone
1209 833 1241 860 de
1252 838 1336 868 patre,
1351 833 1385 860 dc
1397 832 1525 867 Joscpho,
1537 837 1564 859 ct
1575 832 1608 860 de
1620 832 1790 867 Benjamino:
1803 840 1865 860 cum

1072 887 1100 906 se
1124 879 1167 906 ille
1188 886 1237 914 pro
1253 887 1335 914 puero
1357 878 1390 906 ad
1405 879 1559 906 servitutem
1574 878 1701 910 offerret,
1723 878 1749 904 in
1765 882 1864 906 tantam

1068 926 1332 954 commiscrationem
1347 925 1492 961 Josephum
1507 925 1607 960 injecit,
1622 931 1648 952 ut
1664 930 1716 952 tota
1729 925 1770 952 illa
1786 933 1865 953 scena

1073 973 1239 1006 proderetur.
1256 971 1385 998 Omnibus
1394 971 1464 998 enim
1476 971 1601 1003 exclusis,
1613 975 1642 998 ut
1651 971 1701 998 sibi
1713 978 1772 998 cum
1784 970 1866 998 liber-

1073 1023 1126 1045 tate
1142 1016 1206 1044 flere
1220 1017 1322 1050 liceret,
1340 1025 1400 1044 sese
1416 1017 1541 1044 fratribus
1556 1016 1773 1052 cognoscendum
1787 1016 1864 1044 exhi-

1072 1063 1143 1096 buit,
1159 1063 1282 1097 misitque
1298 1062 1329 1089 ad
1344 1068 1446 1097 patrem
1463 1069 1522 1089 cum
1541 1061 1619 1089 donis
1633 1066 1659 1088 et
1674 1061 1799 1096 plaustris
1814 1070 1820 1088 :
1839 1061 1864 1088 id

1072 1108 1143 1145 quod
1158 1108 1236 1136 etiam
1253 1108 1383 1135 Pharaoni
1396 1108 1522 1143 placitum
1539 1113 1605 1134 erat.
1625 1107 1659 1134 Ut
1672 1107 1772 1134 audivit
1782 1106 1866 1134 Jacob

1072 1164 1102 1184 ca
1118 1164 1177 1191 qua:
1189 1155 1222 1183 ad
1232 1155 1376 1191 Josepbum
1391 1154 1557 1190 spectabant,
1567 1154 1663 1190 gaudio
1676 1153 1797 1188 perfusus
1810 1159 1864 1186 est,

1072 1207 1099 1230 ct
1111 1202 1222 1237 jubente
1243 1202 1298 1230 Deo
1320 1201 1459 1229 descendit
1475 1201 1501 1228 in
1527 1201 1682 1237 Egyptum.
1700 1199 1775 1227 Videt
1789 1199 1865 1226 .lose-

1071 1250 1152 1286 phum
1163 1253 1236 1284 pater
1249 1257 1255 1274 :
1269 1247 1326 1275 lucc
1337 1248 1524 1275 renuntiantur
1536 1247 1678 1280 Pharaoni,
1690 1246 1734 1280 qui
1746 1245 1866 1273 habitare

1072 1305 1118 1324 cos
1131 1296 1211 1332 jussit
1231 1297 1256 1324 in
1272 1296 1410 1323 Ramesse.
1432 1295 1466 1323 Ut
1478 1300 1568 1322 autem
1590 1294 1747 1322 exhaustum
1763 1294 1811 1321 fuit
1821 1301 1866 1320 ar-

1072 1348 1180 1377 gentunt
1197 1347 1285 1375 terra‘,
1298 1342 1417 1377 jumenta
1434 1341 1527 1368 dantes
1542 1341 1578 1367 illi
1597 1340 1730 1374 homines,
1745 1340 1864 1367 frumen-

1073 1394 1127 1416 tum
1142 1388 1307 1423 accipiebaut
1323 1397 1329 1415 :
1345 1387 1384 1414 his
1398 1395 1504 1422 quoque
1517 1385 1716 1418 deficientibus,
1732 1393 1781 1413 nec
1795 1384 1866 1412 fama

1072 1434 1220 1466 desinente,
1236 1434 1338 1468 seipsos
1352 1441 1412 1460 cum
1425 1437 1495 1460 terra
1510 1431 1660 1459 dederunt:
1675 1439 1706 1459 ac
1717 1431 1785 1458 servi
1798 1429 1866 1457 Pila-

1073 1480 1162 1508 raonis
1177 1479 1312 1507 constituti
1325 1478 1509 1510 seminabant,
1525 1482 1552 1504 et
1565 1477 1684 1512 quintam
1699 1481 1799 1511 partem
1814 1476 1865 1511 ipsi

1072 1526 1240 1558 referebantI
1268 1531 1381 1561 quatuor
1403 1526 1453 1552 sibi
1478 1528 1565 1560 partes
1587 1528 1766 1552 reservantes.
1788 1523 1866 1550 Morti

1073 1574 1210 1608 proximus
1222 1572 1314 1605 Jacob,
1326 1571 1506 1606 jurameutum
1522 1571 1604 1605 exigit
1616 1578 1631 1597 a
1646 1569 1773 1604 Josepho,
1791 1577 1823 1597 ne
1836 1577 1866 1596 se

1072 1620 1098 1646 in
1112 1618 1227 1654 [Egyplo
1240 1618 1376 1651 sopeliret,
1387 1617 1433 1644 sed
1449 1617 1473 1644 in
1485 1618 1608 1652 sepulcro
1624 1620 1728 1651 patrum
1742 1623 1864 1642 suorum.

1072 1665 1208 1700 Filiosque
1227 1663 1336 1698 Josophi
1351 1663 1477 1698 Ephraim
1498 1667 1524 1689 et
1544 1661 1690 1689 Manassem
1707 1668 1758 1687 non
1776 1661 1800 1687 in
1817 1669 1864 1687 uc—

1073 1717 1174 1747 potum,
1185 1711 1231 1739 sed
1243 1711 1268 1738 in
1280 1711 1392 1737 tiliorum
1403 1709 1524 1737 ordinem
1536 1713 1667 1736 accenset.
1678 1707 1866 1742 Caligabatqne

1072 1759 1155 1786 oculis
1169 1757 1252 1786 Jacob
1267 1762 1318 1784 :.ut
1333 1762 1422 1784 autem
1437 1756 1571 1783 osculatus
1585 1761 1626 1783 cst
1640 1762 1697 1788 eos,
1713 1762 1772 1781 cum
1785 1753 1866 1780 bene-

1072 1806 1192 1833 dicturus
1210 1805 1268 1831 illos
1281 1808 1353 1831 esset
1364 1824 1372 1837 ,
1387 1803 1486 1837 Josepb
1508 1810 1522 1828 a
1539 1801 1657 1829 sinistris
1670 1800 1762 1828 Jacobi
1779 1801 1866 1835 posuit

1073 1850 1200 1886 Ephraim
1211 1871 1218 1882 ,
1235 1854 1261 1877 et
1276 1849 1425 1876 Manassen]
1439 1856 1454 1875 a
1467 1848 1578 1875 dextris.
1593 1845 1676 1874 Jacub
1691 1851 1780 1874 autem
1800 1844 1866 1872 dex-

1073 1901 1157 1924 teram
1172 1904 1278 1924 manum
1293 1895 1418 1930 imposuit
1429 1902 1508 1929 super
1519 1894 1652 1929 juniorem
1666 1892 1710 1928 qui
1724 1900 1739 1920 a
1751 1892 1868 1919 sinistris

1073 1943 1179 1975 stabat,
1202 1942 1336 1970 sinistram
1353 1950 1416 1970 vero
1436 1949 1517 1977 super
1535 1948 1596 1968 cum
1611 1940 1655 1975 qui
1670 1947 1684 1966 a
1696 1939 1797 1967 dextris
1809 1959 1818 1971 ,
1838 1944 1865 1965 et

1073 1988 1220 2016 benedixit.
1235 1988 1374 2015 Putantcm
1397 1987 1543 2022 Josephum
1564 1985 1590 2013 id
1606 1990 1707 2020 patrem
1723 1992 1769 2019 per
1788 1983 1866 2018 igno-

1073 2035 1186 2062 rantiam
1201 2033 1298 2065 facere,
1313 2039 1340 2061 et
1353 2038 1505 2060 monentem
1515 2053 1522 2065 ,
1537 2039 1590 2059 non
1606 2030 1665 2058 tulit
1676 2030 1770 2062 Jacob,
1784 2037 1867 2064 seque

1073 2089 1195 2116 gnarum,
1212 2088 1265 2107 non
1281 2079 1446 2115 ignorantem
1461 2079 1486 2106 id
1501 2077 1588 2106 facere
1602 2076 1678 2104 dixit.
1698 2075 1773 2103 Tunc
1793 2075 1867 2102 dedit

1072 2127 1189 2163 Joscpbo
1199 2127 1282 2155 .lacob
1292 2127 1418 2154 Sicimam
1427 2126 1488 2161 jure
1500 2125 1644 2160 prtccipuo,
1660 2130 1739 2158 quam
1750 2122 1866 2158 Symeon

1075 2179 1102 2202 ct
1117 2174 1179 2202 Levi
1205 2178 1344 2208 ceperant.
1370 2173 1403 2200 Et
1420 2171 1643 2200 benedicitfilios
1666 2177 1738 2197 suos.
1764 2168 1812 2197 Hie
1833 2168 1867 2196 de

1073 2220 1179 2248 Christo
1195 2219 1354 2246 vaticinatur
1369 2227 1376 2246 ε
1392 2217 1451 2244 Non
1466 2217 1576 2252 deﬁciet,
1593 2215 1689 2251 inquit,
1704 2214 1822 2250 princeps
1835 2221 1866 2240 ex

1072 2266 1159 2298 Iuda,
1179 2273 1223 2292 nec
1245 2266 1298 2291 dua;
1320 2264 1351 2290 de
1363 2262 1498 2298 femoribus
1512 2262 1567 2296 ejus
1578 2280 1586 2294 ,
1605 2261 1683 2288 donec
1695 2259 1776 2287 veniat
1790 2258 1811 2286 is
1826 2258 1867 2285 cui

1074 2312 1210 2347 repositum
1227 2316 1262 2337 est
1282 2309 1366 2346 (Gen.
1387 2309 1432 2336 49.
1450 2307 1514 2343 10).
1535 2307 1568 2335 Ut
1583 2311 1671 2334 autem
1687 2309 1809 2335 mortuus
1825 2308 1868 2331 est

1073 2357 1173 2389 Jacob,
1187 2357 1252 2384 luxit
1265 2364 1324 2383 cum
1336 2354 1434 2390 Ioseph
1445 2374 1452 2385 ,
1467 2359 1493 2381 et
1503 2353 1617 2381 efferens
1627 2351 1751 2392 sepelivit
1762 2351 1788 2378 in
1803 2357 1867 2385 spe-

1074 2405 1152 2433 lunca
1164 2403 1287 2431 Abraluc.
1304 2403 1432 2429 Dixerunt
1443 2401 1532 2435 itaque
1543 2399 1638 2426 fratres
1651 2398 1708 2433 ejus
1725 2405 1731 2424 :
1749 2395 1791 2424 Ne
1803 2398 1869 2432 forte

1073 2451 1174 2487 injurite
1191 2450 1336 2476 memoriam
1349 2448 1470 2479 retineat,
1484 2451 1506 2472 et
1518 2445 1610 2479 referat
1626 2443 1696 2471 nobis
1711 2437 1795 2474 mala,
1810 2448 1868 2476 qua

1073 2497 1204 2524 intulimus
1213 2495 1235 2523 ei
1247 2494 1328 2530 (Gen.
1341 2492 1386 2521 50.
1402 2492 1452 2527 15)
1463 2512 1470 2526 ,
1482 2495 1510 2518 et
1519 2490 1650 2525 rogabant
1659 2496 1720 2517 eum
1731 2488 1866 2515 dicentes:

1074 2543 1140 2570 Ecce
1160 2549 1205 2568 nos
1226 2541 1289 2567 servi
1310 2540 1346 2566 tui
1365 2546 1452 2566 suum:
1476 2536 1559 2572 (Gen.
1574 2535 1619 2563 50.
1639 2535 1705 2570 18).
1727 2533 1867 2567 Flevitquo

1073 2590 1187 2626 Joseph,
1204 2595 1229 2616 et
1242 2589 1308 2615 dixit
1323 2588 1361 2614 eis
1376 2595 1383 2613 :
1400 2584 1442 2612 Ne
1457 2585 1566 2612 linteatis
1579 2592 1589 2610 :
1603 2590 1661 2610 nam
1677 2581 1725 2608 Dei
1737 2588 1793 2607 sum
1809 2587 1865 2614 ego.

1078 2636 1128 2664 Vos
1140 2624 1209 2662 11111111
1229 2633 1334 2661 consido
1355 2631 1454 2666 cepistis
1466 2651 1474 2663 ,
1490 2630 1558 2657 Deus
1577 2634 1660 2655 autem
1673 2627 1738 2654 bona
1753 2624 1867 2652 retribuit

1073 2683 1146 2709 mihi.
1162 2681 1216 2716 Ego
1237 2679 1345 2707 nutriant
1362 2685 1405 2704 vos
1418 2681 1440 2704 et
1454 2677 1541 2703 damas
1556 2678 1650 2701 vestras
1671 2671 1704 2708 (1
1710 2671 1761 2698 bid.
1780 2679 1805 2696 ιν,

1073 2730 1104 2756 21
1122 2729 1140 2764 ).
1159 2715 1227 2754 Vixit
1244 2733 1309 2760 ergo
1331 2724 1430 2759 Joseph
1445 2727 1551 2750 centum
1567 2726 1652 2747 annos
1675 2718 1732 2754 (a),
1751 2721 1778 2743 et
1800 2715 1868 2742 vidit

1105 2808 1143 2840 (ιι)
1158 2806 1238 2830 nuntia
1253 2802 1401 2835 exemjlaria
1411 2800 1540 2826 Bibliorutn
1550 2801 1648 2824 centum
1662 2800 1684 2821 et
1696 2796 1783 2820 decem
1791 2801 1870 2820 annos
