2074 3126
252 210 304 239 5‘25

252 266 320 294 [alios
333 266 460 301 Epltraim
474 273 556 301 usque
569 266 605 293 ad
616 265 721 293 tertiam
737 265 949 300 generationem.
966 265 1038 292 Dixit

251 318 331 346 porro
346 311 473 338 fratribus
487 312 542 338 suis
557 320 564 338 :
586 310 731 339 Viritatioue
745 311 852 337 risitubit
867 318 909 337 vos
924 309 1003 341 Deus,
1017 315 1040 337 et

249 357 350 385 inducet
362 365 404 384 vos
418 358 443 384 in
455 362 546 384 terram
560 357 742 392 promissionis,
763 364 839 391 quant
849 357 944 392 juraoit
959 357 1040 391 putri-

249 405 296 431 bus
315 403 410 430 nostris
429 410 455 430 re
474 402 592 429 daturum
611 403 655 429 eis.
674 402 705 428 Et
719 402 795 429 simul
815 402 939 429 vobiscum
957 403 1042 437 feretis

249 457 306 476 om
319 457 374 475 mea
389 446 471 483 (έιεη.
487 447 531 475 50.
548 448 583 474 24
594 447 616 481 ).
631 448 696 474 Cum
711 447 820 475 vixisset
829 452 935 474 ccntunr
951 447 1038 479 annis,

249 494 370 529 sepultus
385 493 465 521 estin
480 492 567 521 loculo
583 493 608 520 in
622 493 747 529 Egypto.

528 546 649 567 SYNOPSIS
668 546 755 566 ΕΧΟΝ.

286 585 440 620 Exsurgens
455 585 481 612 in
499 584 616 620 Egypto
634 592 681 612 rex
699 585 744 620 qui
763 584 907 619 Josephum
923 592 975 612 non
991 592 1040 612 no-

249 636 342 663 verat,
366 631 498 659 lsraelitas
515 631 608 657 alllixit
628 630 655 658 in
679 630 735 658 luto
757 635 785 658 et
801 631 894 658 latere.
913 630 1042 665 Praecepit

248 679 328 706 etiam
344 677 542 710 obstetricibus,
563 682 592 704 ut
610 677 762 705 occiderent
781 677 913 705 masculos
935 677 1040 704 Israeli-

250 728 355 757 tarum;
369 728 399 751 ut
417 729 505 751 autem
529 723 582 750 illa:
602 730 655 750 non
677 727 831 757 paruerunt,
849 722 915 750 illud
938 722 1041 750 facinus

249 769 346 804 populo
357 769 501 796 commisit.
525 767 957 802 TuncnasciturMoysesextribu
963 767 1038 800 Levi,

248 820 274 842 et
287 819 468 850 exposuerunt
482 822 543 842 eum
559 819 681 849 parentes
704 814 729 841 in
749 814 848 842 arcula.
871 813 1040 842 Descendens

248 868 312 888 vero
329 861 381 888 ﬁlia
404 860 560 893 Pharaonis,
580 860 704 888 ednctmn
719 860 846 887 infantem
869 858 1039 886 nutriendum

249 906 365 933 tradidit.
379 905 446 933 Cum
458 907 484 933 in
497 906 582 933 virum
596 906 725 933 crevisset
739 905 852 940 Moyses,
863 912 987 940 egressus
998 908 1039 932 est

249 951 281 978 ad
293 951 360 978 lilios
373 951 466 978 Israel.
483 951 517 979 Ut
532 955 619 978 autent
641 951 759 978 laborem
771 958 864 977 eorum
886 949 1037 977 considera-

248 997 302 1029 bat,
316 996 382 1024 vidit
393 996 558 1032 Egyptinm,
575 996 618 1031 qni
632 996 771 1023 llebrmum
786 996 952 1029 verberabat,
966 1003 1042 1023 cum-

249 1050 300 1077 que
312 1042 375 1070 hinc
391 1042 453 1070 inde
467 1042 640 1077 respexisset,
659 1041 793 1069 neminem
807 1041 887 1073 vidit;
900 1048 1039 1075 percusso-

251 1095 303 1122 que
316 1086 451 1123 Egyptio,
462 1087 602 1115 abscondit
616 1087 688 1115 illum
703 1088 729 1114 in
746 1094 837 1115 arena.
853 1087 982 1122 Egressus
998 1087 1040 1114 die

249 1137 380 1168 sequenti,
394 1133 458 1160 vidit
473 1132 598 1160 Hebraeos
613 1132 680 1160 duos
700 1140 759 1159 sese
778 1137 871 1159 mutuo
895 1132 1039 1160 verberan-

250 1183 306 1211 tes,
326 1178 456 1213 alteriqne
475 1177 541 1205 dixit
557 1186 564 1205 :
578 1177 630 1205 Cur
654 1178 768 1205 verberas
795 1177 960 1211 proximum?
981 1176 1040 1204 Inﬁt

249 1224 311 1251 ille:
330 1224 394 1257 Qui:
406 1229 429 1251 te
448 1225 575 1251 constituit
590 1224 729 1258 principem
748 1229 770 1251 et
779 1223 893 1258 judicent
907 1224 1040 1251 nostrum?

249 1279 282 1297 tm
295 1270 406 1297 occidere
421 1279 459 1297 me
471 1270 517 1303 vis,
537 1275 564 1297 ut
585 1270 638 1297 lteri
660 1269 812 1305 [Egyptium
836 1268 933 1305 (Exod.
947 1269 975 1296 2.
995 1270 1038 1297 15.

250 1317 312 1353 ﬂ)?
333 1317 433 1345 Timuit
458 1325 523 1352 ergo
548 1317 662 1352 Moysos,
686 1316 842 1351 Pharaoque
862 1324 918 1344 rem
938 1320 1040 1351 gestam

248 1362 358 1395 audivit,
378 1370 409 1389 ac
430 1362 564 1397 qumrehat
592 1362 744 1390 interﬁcere
765 1361 893 1398 Moysem.
919 1361 1040 1389 Metuens

249 1407 353 1443 Moyses
367 1407 479 1435 secessit
493 1407 519 1434 in
536 1407 649 1434 Madiam
667 1416 673 1434 :
689 1407 809 1442 iuvitque
832 1407 950 1435 Jothoris
971 1407 1040 1434 ﬁlias

249 1453 282 1481 ad
297 1453 458 1489 aquandum.
480 1453 537 1481 Illae
559 1461 615 1481 rem
632 1458 734 1489 gestam
749 1454 816 1489 patri
841 1454 1038 1488 nuntiaverunt,

249 1499 282 1527 ad
297 1507 410 1535 eumque
420 1499 556 1527 adduxere
571 1499 696 1536 Moysem.
710 1499 805 1528 Jothor
821 1499 894 1528 dedit
907 1500 944 1527 illi
958 1500 1039 1527 ﬁliam

250 1553 324 1572 suam
340 1545 367 1572 in
392 1552 502 1572 uxorem
519 1553 525 1572 :
542 1549 569 1572 et
589 1545 691 1580 peperit
710 1545 755 1572 illa
776 1544 859 1580 Moysi
885 1544 995 1572 Gersem
1013 1549 1040 1572 et

251 1590 363 1618 Elicser.
391 1590 442 1625 Ipsi
463 1598 557 1626 greges
584 1590 700 1625 pascenti
727 1590 842 1625 loquitur
867 1590 953 1623 Deus;
979 1597 1039 1618 cum

249 1635 370 1669 accessit,
384 1635 450 1663 vidit
463 1636 488 1662 in
508 1635 575 1662 rubo
597 1635 754 1663 miraculum
775 1635 849 1667 illud,
869 1642 930 1663 cum
949 1643 1038 1663 urere-

251 1687 292 1708 tur
306 1687 399 1709 etnon
422 1681 634 1709 combureretur.
660 1681 692 1709 Et
714 1682 794 1709 mittit
822 1681 896 1709 illum
922 1682 993 1710 Deus
1013 1682 1038 1709 in

250 1725 391 1761 (Egyptum
411 1726 522 1754 dicens:
540 1727 586 1754 Dic
610 1726 656 1763 [de
678 1726 743 1763 me],
769 1726 826 1762 Ego
849 1735 904 1754 sum
927 1728 971 1762 qui
984 1735 1041 1754 sunt

250 1772 348 1806 (Exod.
365 1773 391 1800 5.
407 1773 462 1808 14).
479 1772 590 1801 Jubetur
606 1781 768 1808 congregare
781 1774 916 1801 seniorum
929 1778 1039 1807 costum,

250 1822 277 1846 et
293 1819 331 1846 sic
344 1819 443 1846 intrare
464 1818 498 1846 ad
518 1819 695 1852 Pharaonem,
720 1819 917 1855 prtecipereque
933 1820 1038 1855 populo,

251 1868 277 1890 lll
291 1871 351 1891 cum
364 1863 531 1899 aufugerunt,
550 1872 611 1891 vasa
635 1869 760 1899 argentea
782 1869 808 1892 οἱ
835 1872 915 1892 aurea
939 1870 1042 1892 mutua-

252 1914 344 1936 rentur
364 1917 379 1936 a
399 1909 502 1937 vicinis.
528 1910 629 1945 Datque
653 1910 691 1937 illi
719 1911 779 1937 talia
798 1910 871 1946 signa
887 1915 915 1938 ut
937 1911 1002 1939 ﬁdes
1016 1911 1041 1939 ei

252 1954 404 1989 haberetur,
421 1955 521 1991 virgam
539 1964 599 1991 qua:
620 1963 695 1984 versa
711 1961 752 1984 est
765 1957 791 1984 in
805 1961 966 1992 serpentem,
983 1965 1040 1985 tnu-

251 2001 377 2029 tationem
391 2009 485 2029 manus
499 2009 570 2035 suae;
593 2002 658 2030 facta
673 2003 770 2038 quippe
782 2007 820 2030 est
836 2003 895 2031 alba
913 2003 982 2031 sicut
995 2003 1040 2031 nix

252 2047 295 2081 (ex
313 2047 406 2082 lepra),
419 2051 446 2074 et
460 2055 563 2074 rursum
578 2048 698 2075 restituta
713 2053 754 2076 est
769 2049 795 2075 in
812 2049 951 2083 pristinum
966 2050 1041 2078 colo-

252 2100 325 2124 rem;
339 2100 433 2127 aquam
448 2093 508 2119 item
518 2093 644 2125 ﬂuminis,
663 2093 786 2127 Ivi/fundes
798 2094 879 2127 enim,
897 2094 991 2130 inquit,
1012 2104 1043 2123 ea:

252 2146 280 2164 ea
295 2138 319 2164 in
331 2138 439 2171 aridam,
453 2143 476 2165 et
496 2139 599 2174 sanguis
613 2139 658 2165 erit
673 2138 769 2175 (Exod.
784 2140 810 2166 4.
831 2139 870 2175 9).
886 2140 1043 2169 Rciuctante

253 2183 354 2218 Moyse,
367 2183 448 2211 iratus
470 2184 538 2210 Deus
554 2183 677 2219 adjunxit
701 2184 751 2218 ipsi
772 2184 915 2212 Aaronem.
930 2186 1042 2214 Annun-

255 2228 327 2255 tiarit
339 2228 443 2263 Moyses
456 2228 559 2256 Jothori
573 2235 666 2256 socero
680 2236 740 2262 suo,
752 2237 781 2257 se
792 2230 817 2257 in
827 2229 970 2265 Egyptum
984 2239 1044 2260 esse

255 2274 445 2308 profecturum.
467 2273 624 2309 Mortuoque
645 2282 717 2309 rege,
732 2275 776 2309 qui
790 2275 876 2310 ipsum
894 2276 1044 2305 interﬁcere

254 2319 400 2352 quarrebat,
417 2319 452 2346 ait
467 2319 503 2346 illi
519 2319 588 2346 Deus
603 2328 610 2346 :
624 2319 762 2355 Ingredere
773 2321 799 2347 in
809 2320 952 2357 Egyptum
963 2321 1043 2359 (Ibid.

254 2373 279 2391 ν.
296 2364 352 2400 l9).
367 2365 412 2392 llle
435 2372 498 2391 vero
512 2364 656 2399 asstnnptis
676 2364 738 2392 ﬁliis
751 2372 811 2392 cum
823 2373 919 2398 uxore,
931 2367 969 2394 sic
985 2375 1045 2402 pro-

255 2409 341 2437 fectus
354 2414 403 2437 est.
426 2409 487 2437 Ideo
500 2409 609 2445 angelus
632 2410 681 2444 ipsi
696 2415 815 2444 apparet,
829 2415 968 2440 exterrens
984 2419 1044 2439 cum

256 2455 372 2491 (a).Non
385 2456 456 2483 enim
474 2459 582 2490 propter
607 2455 834 2483 circumcisionem
857 2455 891 2491 (si
907 2457 977 2484 enim
995 2457 1046 2485 cir-

255 2502 426 2530 cumcisionis
445 2509 536 2534 causa,
551 2501 690 2536 oportebat
705 2508 758 2528 non
772 2506 833 2529 ante
845 2501 980 2530 discedere
999 2510 1047 2530 an-

255 2548 356 2583 gelum,
371 2554 449 2582 quam
462 2546 576 2574 alterum
587 2551 673 2574 mater
682 2546 912 2583 circumcidisset),
929 2547 975 2575 sed
987 2547 1047 2575 ideo

256 2592 389 2627 apparuit,
404 2595 435 2619 ut
446 2599 499 2619 non
515 2599 624 2619 uxorem
643 2590 754 2620 duceret
771 2590 796 2618 in
816 2591 972 2627 Egyptum.
988 2591 1047 2620 Non

257 2639 328 2665 enim
341 2645 374 2665 eo
389 2637 554 2669 mittebatur,
565 2641 594 2664 ut
603 2636 656 2664 illic
669 2636 809 2669 habitaret,
824 2637 871 2664 sed
883 2641 910 2664 ut
923 2637 1049 2665 educeret

259 2683 383 2711 lsraelem
399 2691 406 2710 :
420 2682 491 2718 quod
512 2687 540 2710 et
565 2683 608 2710 ille
629 2682 789 2716 intelligens,
805 2681 907 2710 remisit
925 2690 1046 2710 uxorem.

257 2731 293 2759 At
311 2730 380 2758 unde
395 2730 482 2765 palam
494 2733 536 2757 est
556 2728 627 2764 quod
646 2728 797 2756 remiserit?
819 2728 883 2755 Post
901 2728 1048 2756 discessum

258 2785 315 2808 vitae
324 2782 429 2816 .tosepho
438 2782 547 2816 tribuunt
559 2788 566 2806 :
579 2780 627 2816 sed
635 2779 712 2811 lapsu,
724 2784 752 2805 ut
763 2780 868 2811 videtur,
880 2780 994 2812 graphice
1003 2781 1049 2806 de-

258 2820 313 2839 cem
320 2814 377 2838 anni
384 2811 429 2838 hic
439 2816 465 2837 et
476 2811 537 2837 intra
548 2811 629 2836 omissi
640 2816 704 2836 sunt.

289 2844 326 2876 (τι)
342 2843 495 2876 Haecdicitur
503 2842 579 2867 fuisse
595 2842 717 2876 sententia
736 2842 811 2876 βψω
828 2841 962 2876 Abrahami,
975 2848 1050 2873 ange-

259 2871 309 2904 lum
317 2871 368 2900 'non
386 2874 443 2899 ideo
454 2877 559 2905 Moysen:
577 2873 689 2905 occidere
705 2871 821 2905 voluisse,
840 2873 903 2905 quod
924 2872 984 2898 ﬁlios
1003 2871 1049 2905 rion

259 2906 458 2934 cirurnicidisset,
469 2903 513 2929 sed
525 2904 588 2934 quod
600 2909 701 2928 uxorem
714 2907 740 2927 et
757 2903 818 2927 illius
829 2903 900 2928 simul
912 2909 995 2934 secum
1008 2904 1048 2927 ad-

261 2938 364 2967 duceret
376 2943 382 2961 ξ
394 2939 420 2962 et
429 2933 561 2968 probabilis
569 2938 637 2960 certe
651 2941 679 2958 ea
692 2935 750 2959 ratio
764 2938 798 2958 est
808 2940 875 2967 ,qme
888 2934 925 2959 hic
938 2933 1046 2960 atl'crtut‘.

777 207 937 238 SYNUPSIS
955 207 1157 237 εαῑιιιιτυιὶιε
1176 209 1308 239 SACllzﬁ.

1835 217 1885 244 5'36

1095 271 1126 291 ex
1141 265 1256 301 [Egypto
1268 266 1382 294 occurrit
1393 266 1429 294 illl
1440 274 1594 296 cum~uxore
1606 264 1688 304 ipsius
1699 269 1792 298 Jotlior
1804 279 1882 300 socer

1094 309 1162 344 eius.
1179 311 1257 338 Venit
1270 312 1358 339 Aaron
1372 311 1404 340 ad
1421 312 1548 348 Moysem,
1563 318 1589 341 et
1603 314 1681 341 ambo
1690 322 1881 351 onagri-garum

1094 356 1215 383 seniores
1227 356 1342 390 Israelis,
1360 362 1387 385 et
1400 358 1463 393 ipsis
1477 359 1664 386 renuntiarunt
1680 360 1724 387 Dei
1737 363 1859 389 mandata
1874 371 1880 389 :

1095 401 1132 428 illi
1148 406 1237 434 autem
1258 403 1341 438 gavisi
1361 409 1431 431 sunt.
1451 403 1500 432 Ubi
1515 412 1577 432 vero
1598 406 1630 432 ad
1656 406 1822 435 Pharaonem
1838 416 1883 435 ae-

1093 452 1241 480 cesserunt,
1254 447 1444 484 jusseruntquc
1458 457 1519 477 eum
1530 450 1664 478 dimittere
1679 453 1813 486 populum.
1829 462 1880 481 non

1095 491 1174 519 modo
1187 500 1238 520 non
1252 495 1346 521 annuit
1360 502 1416 528 rex,
1431 495 1476 523 sed
1497 497 1575 523 etiam
1592 496 1725 525 lsraelitas
1739 498 1882 526 vehemen-

1094 537 1146 564 tius
1160 537 1264 572 afllixit,
1276 539 1372 574 jnbens
1388 548 1422 568 ne
1444 540 1551 568 daretur
1565 542 1605 569 eis
1618 542 1702 576 palea,
1718 543 1764 570 sed
1788 548 1816 571 ut
1834 544 1883 578 ipsi

1094 591 1153 610 eam
1167 584 1216 611 sibi
1231 586 1387 619 reperirent.
1405 586 1470 613 Cum
1491 592 1578 614 autem
1599 588 1693 615 scriba:
1712 590 1883 618 verberarent—

1095 634 1147 661 tur,
1161 630 1232 664 quod
1246 639 1312 666 opus
1323 639 1375 659 non
1388 632 1552 668 impleretur,
1567 633 1732 662 Pharaonem
1748 636 1882 668 adierunt,

1093 675 1210 710 nihilque
1223 677 1406 712 impetrarunt.
1425 678 1500 706 Tune
1515 679 1794 708 occlamarnntcontm
1811 682 1883 717 Moy-

1094 727 1150 747 sem
1164 729 1170 748 :
1185 729 1342 757 rursumque
1356 723 1469 751 mittitur
1489 724 1532 751 ille
1557 724 1590 752 ad
1614 725 1756 760 lsraclitas,
1780 728 1880 755 exitum

1095 764 1146 791 illis
1165 766 1335 794 annuntians.
1358 767 1396 794 llli
1411 775 1519 796 verone
1531 770 1669 798 audierunt
1689 771 1796 805 quidem
1808 772 1881 809 Μογ-

1094 817 1160 842 sem,
1179 815 1230 838 tam
1246 811 1349 847 dejecto
1370 817 1446 840 erant
1467 814 1566 841 animo.
1590 815 1638 842 llic
1649 817 1772 844 scribitur
1785 817 1882 854 Moysis

1092 856 1256 891 genealogia,
1270 861 1297 884 et
1309 858 1345 884 ait
1367 858 1404 885 illi
1427 858 1496 886 Deus
1512 859 1596 886 :Dedi
1613 865 1636 887 te
1654 861 1728 888 deum
1753 862 1882 890 Pftm'aani

1092 900 1190 935 (Exod.
1206 902 1232 929 7.
1250 901 1288 938 1.)
1304 911 1310 929 :
1326 903 1460 938 mittitque
1471 904 1542 931 illum
1556 904 1589 931 ad
1601 905 1881 942 leraoncrmjubcns

1092 947 1234 975 ostendere
1246 949 1359 983 signum,
1374 950 1395 977 si
1407 958 1451 977 rex
1466 955 1578 985 peteret,
1592 952 1673 988 virga:
1688 953 1713 980 in
1728 959 1880 988 serpentem

1092 999 1237 1021 conversze.
1251 993 1285 1021 Ut
1298 1000 1386 1023 autem
1407 996 1479 1031 virga
1502 997 1529 1024 in
1544 1003 1694 1032 serpentem
1715 1004 1814 1028 mutata
1828 1007 1879 1034 est,

1092 1045 1142 1065 nec
1153 1042 1239 1066 tamen
1261 1047 1307 1067 rex
1322 1041 1412 1074 cessit,
1427 1042 1540 1069 vertitur
1563 1050 1628 1078 aqua
1649 1043 1804 1073 iluminisin
1817 1055 1881 1073 san-

1093 1083 1211 1118 guinem,
1225 1084 1350 1119 impletur
1360 1090 1428 1114 terra
1440 1087 1511 1114 ranis
1528 1096 1534 1114 :
1550 1088 1645 1116 deinde
1659 1090 1794 1125 sciniphes
1807 1092 1880 1120 exic-

1093 1133 1164 1162 runt,
1174 1138 1234 1156 mox
1243 1131 1392 1167 eynomyia,
1406 1137 1501 1167 postea
1508 1141 1580 1160 mors
1587 1133 1779 1168 jumentorum,
1789 1143 1879 1171 postea

1092 1175 1212 1208 pustulm,
1233 1174 1295 1202 hinc
1314 1176 1420 1211 grando
1441 1181 1467 1204 et
1491 1177 1582 1212 ignis,
1596 1183 1687 1213 postea
1709 1180 1828 1212 locustae.
1854 1187 1881 1209 et

1092 1218 1211 1250 tenebrai
1221 1222 1375 1258 palpabiles.
1391 1224 1456 1252 Cum
1465 1230 1553 1252 autem
1569 1225 1715 1254 inducenda
1729 1232 1799 1255 esset
1809 1237 1881 1257 mors

1094 1269 1341 1304 prinzogenitorum,
1355 1269 1484 1305 jubentur
1505 1271 1644 1299 immolare
1669 1280 1764 1309 agnum
1784 1275 1880 1302 imma-

1092 1314 1220 1348 culatum,
1242 1319 1269 1342 et
1287 1315 1416 1351 inungere
1430 1320 1521 1351 postes
1540 1318 1669 1353 sanguine
1682 1327 1689 1345 :
1702 1327 1788 1354 neque
1809 1321 1880 1348 enim

1093 1358 1236 1387 morituros
1251 1367 1311 1388 esse
1323 1368 1369 1388 eos
1379 1361 1424 1396 qui
1439 1365 1529 1390 essent
1536 1362 1566 1389 in
1577 1370 1612 1390 ea
1622 1362 1711 1396 domo,
1725 1365 1749 1392 in
1761 1373 1812 1400 qua
1822 1373 1886 1396 53H:

1091 1404 1149 1439 guis
1159 1405 1219 1440 agni
1233 1410 1314 1434 esset.
1337 1406 1411 1435 Tunc
1431 1407 1483 1436 illis
1506 1407 1563 1443 lege
1585 1409 1801 1446 statuit-septem
1823 1411 1882 1441 dies

1091 1456 1246 1485 azymorum
1259 1456 1303 1479 :et
1316 1451 1339 1479 si
1361 1451 1471 1487 ingressi
1489 1452 1586 1481 fuerint
1604 1453 1630 1481 in
1652 1458 1748 1482 terram
1765 1457 1883 1491 ριεοηιίδ-Δ

1091 1495 1183 1529 siunis,
1193 1497 1266 1531 jubet
1281 1497 1352 1526 hunc
1364 1506 1473 1527 servare
1494 1500 1603 1527 cultum.
1629 1500 1662 1527 Et
1676 1501 1700 1528 si
1711 1503 1880 1539 interrogave-

1091 1542 1142 1569 riut
1153 1550 1205 1574 vos,
1220 1543 1313 1578 inquit,
1331 1544 1378 1578 filii
1392 1545 1476 1579 vestri,
1499 1545 1595 1578 diceris,
1611 1545 1771 1581 Sacriﬁcium
1786 1550 1890 1583 pascim-

1093 1588 1139 1614 Iioc
1161 1593 1196 1615 est
1218 1588 1327 1616 Domino
1349 1589 1444 1627 (Exod;
1468 1590 1512 1618 12.
1527 1590 1585 1626 27).
1602 1590 1666 1619 Cum
1687 1597 1775 1620 autem
1791 1594 1877 1621 media

1093 1637 1170 1661 nocte
1194 1634 1337 1668 periissent
1361 1635 1450 1662 omnia
1473 1636 1648 1671 primogenita
1676 1636 1879 1673 Egyptiorum,

1092 1678 1239 1714 abegerunt
1259 1679 1390 1708 lsraelitas
1415 1689 1446 1708 ex
1472 1680 1597 1717 Egypto.
1624 1682 1663 1710 llli
1689 1691 1763 1711 vero-
1779 1686 1880 1720 egressi

1092 1730 1163 1757 sunt,
1180 1733 1240 1752 cum
1264 1726 1429 1760 accepissent
1445 1734 1505 1754 vasa
1520 1732 1645 1762 argentea
1661 1732 1687 1755 et
1699 1735 1790 1762 aurea,
1814 1731 1883 1757 mula

1095 1775 1201 1806 tumque
1220 1772 1345 1807 populum
1371 1779 1461 1800 secum
1487 1773 1682 1808 promiscuum,
1701 1779 1728 1801 et
1755 1782 1828 1808 oves,
1854 1782 1882 1804 ct

1093 1816 1186 1849 bores,
1200 1822 1226 1844 et
1249 1817 1379 1851 jumenta.
1398 1817 1530 1845 llabitatio
1549 1823 1636 1846 autem
1652 1819 1765 1847 ﬁliorum
1788 1820 1880 1855 Israel,

1094 1869 1144 1897 qua
1161 1861 1313 1889 habitarunt
1329 1862 1377 1898 ipsi
1392 1867 1418 1890 et
1432 1868 1521 1898 patres
1535 1871 1627 1891 eorum
1643 1864 1669 1891 in
1686 1869 1755 1893 terra
1774 1865 1884 1902 Egypti

1093 1912 1121 1935 et
1134 1907 1160 1934 in
1176 1911 1245 1934 terra
1259 1907 1393 1940 Chanaan,
1415 1907 1464 1935 fuit
1481 1916 1610 1936 annorum
1630 1909 1882 1946 quadringentorum

1094 1957 1121 1980 et
1143 1953 1250 1988 triginta
1272 1953 1322 1989 (α).
1338 1953 1371 1980 Et
1391 1954 1426 1980 ait
1445 1953 1516 1981 Deus
1537 1963 1544 1981 :
1565 1954 1689 1982 ϐοηθέοι-α
1710 1957 1888 1992 ειιδαηειῆίεα

1094 1999 1157 2025 mihi
1171 2007 1244 2026 omne
1266 1999 1455 2034 primogenitum
1474 2000 1506 2026 ab
1531 2000 1631 2027 homine
1651 2009 1728 2037 usque
1750 2003 1784 2029 ad
1807 2011 1883 2038 pecus

1095 2043 1192 2079 (Exod.
1209 2045 1254 2072 15.
1273 2044 1325 2080 2.),
1351 2045 1411 2080 quia
1431 2045 1538 2072 occidit'
1549 2046 1723 2081 primogenita
1745 2048 1884 2084 Egyptio-

1095 2097 1165 2116 rum.
1180 2089 1237 2116 Non
1253 2089 1327 2116 duxit
1345 2093 1434 2117 autem
1456 2096 1502 2116 eos
1518 2097 1565 2125 per
1579 2090 1736 2126 Phylistiim,
1752 2100 1785 2119 ne
1799 2094 1884 2128 pinni-

1096 2138 1165 2161 teret
1178 2141 1229 2162 eos
1238 2134 1336 2162 bellum
1347 2134 1477 2166 videntes,
1489 2142 1540 2162 neu
1554 2140 1756 2164 reverterentur
1764 2137 1790 2164 in
1797 2138 1882 2174 Egy-

1096 2185 1179 2214 ptum,
1195 2180 1247 2207 sed
1258 2187 1308 2214 per.
1323 2187 1397 2207 mare
1418 2179 1548 2207 Rubrum.
1561 2179 1657 2214 Quinta
1671 2186 1760 2209 autem
1771 2190 1883 2218 genera-

1096 2226 1169 2253 tione
1183 2225 1361 2252 aseenderunt
1375 2225 1420 2253 ﬁlii
1441 2225 1522 2253 lsrael
1536 2233 1569 2253 ex
1582 2225 1699 2262 Egypto
1713 2236 1719 2254 :
1735 2232 1762 2255 et
1782 2230 1885 2265 accepit

1096 2271 1201 2308 Moyses
1211 2279 1271 2299 ossa
1282 2271 1400 2306 Josephi.
1416 2271 1536 2299 Ducebat
1557 2275 1646 2300 autem
1671 2273 1741 2301 Deus
1760 2273 1884 2303 lsraelem

1096 2318 1177 2346 ductu
1193 2318 1260 2353 ignis
1273 2325 1320 2353 per
1333 2322 1449 2351 noctem,
1463 2322 1490 2345 et
1502 2317 1582 2345 ductu
1597 2317 1675 2346 nubis
1695 2326 1742 2354 per
1754 2319 1835 2348 diem.
1851 2321 1887 2349 Ut

1097 2369 1185 2392 autem
1201 2365 1356 2398 inseqnutus
1368 2368 1410 2391 est
1423 2363 1526 2391 Pharao
1541 2368 1641 2391 mutata
1656 2366 1798 2397 sententia,
1813 2367 1885 2402 virga

1099 2409 1229 2444 percussit
1241 2409 1346 2444 Moyses
1361 2416 1444 2442 mare,
1457 2413 1485 2436 et
1497 2409 1610 2436 divisum
1631 2414 1672 2437 est
1688 2418 1695 2437 :
1710 2417 1771 2438 cum
1795 2417 1884 2440 autem

1068 2485 1070 2487 τ
1099 2454 1316 2489 pertransiissent
1331 2453 1467 2487 lsraelitae,
1483 2461 1557 2482 mare
1574 2454 1744 2489 conjunctum
1768 2461 1809 2484 est
1823 2465 1887 2485 con-

1100 2503 1139 2527 tra
1150 2499 1300 2534 IEgyptios,
1314 2503 1341 2527 et
1352 2499 1479 2527 demersit
1488 2507 1546 2528 eos.
1561 2499 1595 2527 Et
1604 2501 1700 2528 cecinit
1709 2501 1812 2537 Moyses
1824 2511 1888 2531 can-

1101 2547 1192 2580 ticum,
1205 2547 1302 2574 cecinit
1311 2551 1337 2574 et
1352 2546 1433 2574 Maria
1446 2554 1507 2574 cum
1525 2547 1690 2575 mulieribus.
1707 2548 1844 2577 Venerunt
1863 2551 1888 2578 in

1133 2624 1169 2656 (lt)
1187 2624 1295 2656 Cumglais
1304 2629 1436 2656 (numnam
1446 2631 1502 2656 qua:
1510 2625 1572 2650 dixit
1583 2625 1607 2649 in
1618 2625 1717 2650 Homilia
1735 2626 1766 2652 57
1778 2627 1802 2652 in
1813 2631 1892 2655 Gene-

1100 2655 1154 2685 sini,
1167 2659 1232 2680 Tom.
1246 2655 1287 2686 IV,
1299 2655 1349 2688 col.
1358 2655 1413 2688 546,
1426 2655 1502 2688 annos
1513 2662 1603 2688 nempe
1611 2656 1804 2688 quadringentos
1813 2660 1892 2684 servi.

1101 2687 1172 2719 tutis,
1185 2693 1247 2719 quos
1265 2687 1352 2711 semini
1374 2686 1474 2710 Abrahte
1492 2687 1606 2719 praedixit
1622 2686 1686 2712 Deus
1702 2686 1789 2712 (lienes.
1804 2689 1841 2717 15,
1855 2690 1894 2719 15,

1101 2717 1249 2749 incipiendus
1260 2724 1273 2741 a
1284 2721 1404 2749 tempore,
1416 2724 1476 2749 quo
1484 2717 1583 2742 Abrahae
1601 2718 1746 2748 imperatum
1764 2723 1811 2748 est,
1823 2723 1849 2744 ut
1861 2717 1894 2745 ex

1102 2747 1207 2784 Chai-nu
1224 2747 1395 2784 egrederetur.
1415 2747 1605 2784 Quadringentos
1616 2747 1692 2784 annos
1710 2755 1741 2784 eo
1757 2748 1810 2773 loco
1827 2750 1894 2784 dicit,

1101 2781 1157 2810 quia
1168 2778 1336 2810 quadringenti
1349 2782 1440 2803 tantum
1452 2778 1562 2804 feruntur
1579 2780 1603 2803 in
1619 2782 1690 2804 textu
1703 2783 1835 2810 Genescos.
1854 2778 1896 2810 Ilii;

1103 2807 1162 2844 vero
1178 2807 1369 2844 quadringentos
1380 2809 1478 2844 triginta
1489 2810 1638 2844 statuit_cun_t
1660 2813 1685 2834 Β.
1699 2809 1769 2844 Paulo
1781 2811 1853 2840 Epist.
1865 2807 1896 2831 ad

1102 2839 1202 2870 Galatas,
1213 2840 1254 2864 ubi
1265 2839 1306 2870 ait,
1319 2846 1333 2864 a
1342 2839 1501 2871 promissione
1513 2841 1614 2865 Abrahm
1625 2839 1685 2864 facta
1696 2840 1725 2865 ad
1737 2839 1814 2871 usque
1832 2844 1898 2864 tem—

1103 2878 1149 2903 pus
1159 2871 1222 2896 datae
1234 2871 1306 2901 legis,
1318 2870 1394 2905 annos
1405 2877 1462 2905 esse
1473 2871 1663 2905 quadringentos
1674 2871 1779 2905 trigutta.
1789 2870 1842 2905 Quo
1854 2875 1899 2905 au-

1105 2900 1237 2958 ifn'ppactp
1249 2900 1391 2958 gi‘tgrerandl
1403 2902 1452 2927 sint
1462 2900 1518 2928 anni
1529 2900 1686 2934 illi,'diximus
1694 2900 1784 2926 ibidem
1793 2900 1818 2926 in
1831 2903 1898 2932 nota,

1108 2937 1133 2957 ’κ
1174 2949 1181 2958 .
1194 2940 1222 2958 co
1234 2951 1238 2958 .
1298 2949 1304 2958 .

1108 2937 1133 2958 't‘.
1147 2936 1181 2964 t\,
1194 2933 1238 2958 col.
1250 2933 1304 2958 516.
