2074 3126
188 212 238 239 321

188 268 318 301 Marrlias,
337 267 380 295 ubi
400 274 490 296 amara
512 271 569 294 erat
585 274 671 301 aqua,
694 270 722 293 et
741 264 843 292 dulcem
864 263 978 291 reddidit

188 314 260 342 illam
282 313 385 349 Moyses
409 321 456 348 per
478 313 586 348 lignum.
619 312 753 339 Venerunt
778 311 805 337 in
829 310 916 338 locum
935 310 980 338 ubi

190 359 416 396 erantduodecim
432 359 529 391 fontes,
550 362 577 385 et
590 358 756 392 septuaginta
772 356 868 391 palma:
884 364 890 382 :
906 355 980 384 locus

189 409 276 439 autem
290 405 434 433 vocabatur
455 405 531 432 Elim.
557 403 619 430 Inde
642 406 774 433 venerunt
795 402 822 429 in
845 401 980 429 desertum

189 450 258 479 inter
271 450 339 478 Elim
355 455 382 478 et
391 450 464 477 Sina.
479 448 553 476 Tunc
569 452 800 476 murmuraverunt
822 447 848 478 in
874 447 981 480 deserto

191 495 328 533 lsraelitw,
341 502 435 522 carnes
445 494 621 530 postulantes.
635 492 709 523 Tunc
725 492 790 527 pluit
808 492 860 519 illis
873 499 980 519 manna.

190 540 291 578 Deinde
310 540 398 568 intulit
416 539 589 574 coturnicem.
612 538 660 565 llic
684 538 754 566 circa
776 545 883 570 manna,
910 536 981 572 quod

189 593 251 619 cum
265 585 376 613 multum
399 588 466 616 erat,
488 591 540 611 non
568 583 742 615 redundabat,
772 589 832 610 cum
859 589 980 616 parvum,

190 638 243 658 non
256 630 402 663 deﬁciebat,
416 629 494 665 jussit
509 629 575 656 nihil
591 629 704 663 relinqui
720 629 746 655 in
765 628 919 655 crastinum.
941 627 982 654 llli

189 683 255 713 vero
266 683 318 712 non
332 679 486 710 paruerunt,
502 680 527 702 et
545 674 615 710 quod
631 674 765 702 residuum
782 673 830 700 fuit
845 672 982 700 vermibus

189 721 317 752 scatebat.
335 720 414 753 Dixit,
428 719 465 748 Ne
478 719 649 755 egrediamini
665 719 698 746 ad
719 718 897 754 colligendum
919 717 982 747 sab-

191 766 252 794 ban
268 775 274 792 :
291 765 329 793 illi
343 772 405 793 vero
420 772 506 800 neque
523 765 548 792 in
566 764 616 801 hoc
628 763 769 798 obsequuti
789 767 860 795 sunt,
881 766 908 790 et
922 770 983 790 cum

188 812 291 848 egressi
303 816 404 844 essent,
420 811 485 838 nihil
501 811 669 844 invenerunt.
678 810 758 837 lubet
769 809 873 844 Moyses
885 809 909 835 in
921 815 984 839 vase

191 865 274 885 aureo
287 857 379 893 reponi
388 865 420 893 ea
429 863 525 887 manna
533 856 559 883 in
570 856 670 885 futuras
680 856 875 891 generationes.
887 854 983 882 Manna

191 910 256 930 vero
269 902 442 936 comederunt
454 901 626 937 quadraginta
643 900 732 934 anuis.
745 900 820 927 Tunc
831 906 983 927 murmura-

191 952 288 976 verunt
300 948 335 975 ob
343 948 425 976 sitim.
437 947 471 975 Et
480 947 613 982 .pereussit
625 946 729 982 Moyses
739 950 852 981 petram,
868 944 985 979 exiitque

192 1002 270 1029 aqua.
287 994 363 1028 Venit
376 993 486 1024 Amalec
505 993 630 1027 bellatum
648 995 739 1018 contra
755 990 878 1018 lsraelem
895 998 902 1017 :
918 989 984 1018 etin

192 1040 282 1075 fugam
304 1040 379 1075 illum
404 1039 484 1070 vertit
503 1038 581 1066 Jesus
607 1038 677 1068 ﬁlius
698 1037 769 1064 Nave
784 1045 790 1062 :
803 1043 835 1065 ac
857 1034 986 1070 quamdiu

193 1091 269 1114 erant
283 1093 376 1116 manus
389 1085 486 1122 Moysis
496 1089 600 1117 ereela‘,
613 1083 756 1119 superabat
770 1083 866 1115 lsa'ael;
879 1080 986 1117 quando

192 1136 280 1159 autem
291 1130 446 1159 demittebat
457 1137 513 1163 eas,
526 1129 711 1164 superabatur.
725 1127 791 1155 illud
805 1134 868 1154 vero
881 1127 985 1162 signum

193 1182 252 1204 erat
266 1177 363 1204 crucis.
379 1176 490 1204 Stabant
499 1176 594 1210 quippe
608 1175 696 1201 Aaron
715 1177 742 1201 et
760 1173 797 1200 0r
811 1173 855 1208 qui
872 1172 989 1207 sustine-

193 1227 250 1249 rent
264 1230 358 1250 manus
370 1221 463 1258 Moysi.
479 1221 550 1248 Dixit
563 1226 650 1254 autem
663 1220 792 1247 Dominus
800 1219 834 1246 ad
844 1219 961 1254 Muysem
978 1227 984 1245 :

194 1268 283 1296 Scribe
304 1269 350 1296 hoc
368 1268 394 1294 in
413 1271 600 1301 monumentum
623 1267 649 1293 in
672 1266 735 1300 libro
749 1265 847 1302 (Exod.
869 1266 913 1298 17.
930 1264 985 1300 16).

193 1314 304 1342 Accedit
325 1313 420 1348 Jolhor
431 1321 508 1341 socer
520 1313 617 1348 Moysis
638 1320 698 1340 cum
721 1320 804 1340 uxore
823 1312 882 1346 ejus
900 1311 988 1347 (gene-

194 1367 253 1387 rum
266 1364 353 1387 autem
370 1360 442 1387 illum
469 1363 565 1394 printer
587 1365 664 1390 usum
687 1363 764 1386 vocat
789 1357 936 1393 Scriptura)
960 1362 988 1386 ct

194 1404 277 1441 Moysi
289 1409 316 1438 et
329 1404 425 1440 popqu
434 1404 484 1440 (α).
498 1404 610 1431 Enarrat
618 1403 748 1437 mirabilia
758 1403 862 1439 Moyses
873 1410 967 1430 socero
978 1410 985 1430 :

194 1453 239 1481 ille
253 1460 315 1480 vero
330 1452 440 1484 miratus
453 1456 504 1480 est.
520 1451 554 1480 Ut
573 1455 662 1483 autem
676 1450 740 1477 vidit
754 1455 837 1477 totum
859 1450 985 1485 populum

194 1498 276 1534 Moysi
291 1497 450 1530 adstantem,
466 1497 539 1524 illum
556 1503 619 1524 vero
633 1504 686 1523 non
708 1503 788 1531 posse
812 1503 874 1531 erga
893 1502 988 1523 omnes

192 1544 319 1580 judicium
334 1550 470 1577 exercere,
493 1546 586 1573 auctor
599 1547 640 1570 est
665 1542 703 1572 illi
728 1549 815 1575 socer,
838 1546 866 1575 ut
889 1541 989 1576 deligat

195 1590 268 1617 viros
293 1593 425 1624 potentes,
450 1588 601 1626 religiosos,
627 1587 724 1622 justus,
752 1587 874 1617 odientes
891 1593 988 1621 super-

193 1636 276 1668 biam,
287 1640 312 1663 et
323 1634 467 1670 constituat
479 1641 526 1661 eos
535 1632 708 1666 millenarios,
718 1632 897 1665 centonarius,
905 1631 988 1667 quin-

196 1681 382 1716 quagenarius,
408 1679 564 1707 decuriones
580 1677 678 1713 (Exod.
703 1677 746 1706 18.
771 1677 827 1713 ﬁt).
844 1676 989 1712 Obtempc-

194 1728 262 1756 ravit
274 1727 299 1755 ei
314 1727 429 1763 Moyses,
443 1731 470 1759 et
485 1725 606 1753 ascendit
620 1725 645 1756 in
659 1729 789 1758 montem.
805 1723 989 1758 Praecepitque

195 1775 220 1802 ei
235 1775 304 1802 Dens
319 1778 349 1802 ut
361 1773 460 1809 populo
475 1773 586 1803 diceret,
603 1778 650 1798 eos
663 1771 764 1799 futuros
778 1770 825 1797 Dei
841 1769 930 1805 regale
943 1777 988 1801 sa-

195 1820 354 1852 cerdotium,
369 1823 474 1854 gentem
492 1822 622 1848 sanetam,
647 1817 668 1843 si
692 1815 851 1843 obedierint.
867 1815 905 1842 illi
925 1822 989 1842 vero

194 1867 336 1893 dixerunt:
351 1865 442 1896 Omnia
460 1871 622 1898 quietumque
640 1862 705 1895 dixit
730 1861 809 1893 Deus,
829 1862 950 1896 {neienml
965 1865 989 1888 at

195 1912 327 1939 audiemus
351 1909 448 1946 (Exod.
474 1909 516 1937 19.
536 1907 574 1944 8).
599 1908 672 1935 Tune
688 1906 808 1942 pracipit
829 1907 937 1942 populo,
962 1910 990 1934 ut

197 1957 351 1993 puriﬁeetur
375 1963 458 1990 usque
483 1955 516 1982 ad
543 1954 651 1982 tertium
667 1953 747 1985 diem,
768 1958 794 1980 et
821 1953 891 1980 lavet
909 1953 990 1980 vesti-

196 2007 286 2030 menta
300 2009 357 2029 sua.
371 2000 419 2028 llic
434 2001 533 2027 dictant
555 2005 596 2026 est
611 1998 673 2028 illud
697 1997 768 2033 quod
790 1997 902 2026 habetur
919 1998 989 2032 apud

198 2043 521 2084 Apostolumqupistola
544 2044 728 2075 ail'llebraeos:
748 2044 778 2070 Si
797 2044 903 2079 tetigerit
917 2052 990 2071 nion-

198 2100 257 2125 tam,
272 2089 526 2127 inﬁdelium-(Heln.
537 2089 579 2117 12.
591 2088 732 2124 9.0).Tunc
743 2096 820 2117 mons
831 2088 988 2124 fumigabat,

197 2146 277 2166 voces
288 2137 408 2165 tubarum
421 2135 561 2164 sonabant.
578 2135 653 2170 Tunc
672 2138 804 2169 praecepta
818 2134 885 2170 legis
895 2135 990 2169 accipit

197 2183 313 2219 Moyses,
334 2189 430 2217 nempe
442 2181 609 2216 decalogum,
621 2184 648 2207 et
662 2180 763 2214 reliqua
778 2179 850 2214 jura.
861 2179 927 2207 illud
940 2187 989 2207 au-

200 2234 264 2262 tem,
277 2228 333 2255 Diis
343 2236 393 2256 non
409 2226 541 2254 maledicos
559 2225 656 2262 (Exod.
667 2225 712 2252 ‘22.
724 2225 782 2260 ΞΒ),
795 2233 847 2256 non
865 2225 897 2253 de
913 2225 989 2256 idolis

199 2275 300 2307 dictum
315 2278 365 2307 est,
387 2273 435 2303 sed
450 2272 484 2301 da
498 2271 660 2307 principibus
675 2279 682 2297 :
699 2271 789 2298 subdit
803 2271 873 2298 enim
889 2279 896 2298 :
910 2271 988 2298 Prin-

199 2321 249 2359 ripi
265 2319 353 2356 populi
375 2319 412 2346 tui
425 2317 640 2356 uoluntatedices.
662 2316 805 2349 Pollicetur
828 2316 910 2343 multa
926 2316 990 2351 ipsis

198 2367 276 2398 bona,
292 2366 313 2392 si
328 2362 570 2398 obcdierintzquod
582 2366 675 2398 gentes
689 2362 741 2390 sint
757 2362 918 2397 superaturi,
937 2367 990 2390 ter-

198 2420 255 2447 rain
269 2410 433 2446 pos>essuri;
447 2409 588 2445 pollicetur
603 2409 668 2436 item
683 2416 778 2444 aquam
795 2416 887 2436 eorum
908 2408 990 2436 bene-

200 2457 299 2491 dictum
323 2455 364 2489 iri,
380 2460 406 2482 et
420 2462 526 2490 panem,
549 2454 621 2488 omni
635 2454 733 2482 inorbo
758 2453 909 2482 liberandos
931 2454 991 2482 illos

200 2510 271 2543 esse,
285 2510 337 2540 non
353 2501 466 2536 futuram
478 2501 596 2530 sterilem
609 2508 668 2528 esse
679 2501 705 2529 in
717 2501 779 2535 illis,
791 2509 877 2537 neque
884 2501 989 2534 orbum,

199 2557 286 2584 neque
299 2549 467 2583 immaturam
484 2553 608 2580 mortem,
623 2548 751 2580 terminos
763 2555 856 2576 eorum
876 2555 905 2575 se
918 2548 990 2583 posi-

199 2601 287 2622 turum
307 2602 366 2623 esse
387 2602 402 2621 a
420 2594 486 2628 mari
508 2593 598 2621 ltubro
622 2601 705 2628 uSque
727 2593 761 2620 ad
780 2593 990 2629 Pliylistinorum

200 2646 310 2674 terram,
324 2647 338 2666 a
352 2639 460 2666 deserto
474 2646 558 2676 usque
571 2639 603 2673 ad
617 2639 791 2674 Euphratem.
803 2639 877 2666 Tunc
896 2639 991 2667 immo—

197 2686 262 2714 lavit
276 2686 390 2723 Moyses,
401 2690 428 2713 et
438 2685 578 2715 dimiditttn
588 2686 726 2721 sanguinis
737 2685 828 2714 etludit
842 2686 876 2714 ad
884 2686 968 2714 altare
982 2695 989 2714 :

198 2731 384 2767 accipiensque
405 2732 558 2767 sanguinem
583 2731 697 2766 aspersit
727 2731 864 2766 populum.
889 2731 990 2760 ﬂorum

199 2779 322 2809 meminit
336 2777 433 2806 Paulus
447 2778 472 2806 in
487 2777 606 2812 Epistula
620 2777 654 2804 ad
667 2777 794 2806 Hebraeos
808 2777 900 2806 dicens
914 2786 921 2804 ε
936 2777 991 2805 Νε-

197 2833 246 2860 que
257 2825 366 2860 primum
381 2825 567 2853 Testamentum
580 2823 634 2850 sine
652 2823 775 2858 sanguine
796 2828 941 2850 renovatum
956 2829 992 2851 est

228 2892 263 2922 (υ)
281 2895 349 2924 "ac,
367 2895 390 2917 ct
409 2891 484 2923 Moysi
503 2893 525 2916 ct
540 2890 640 2923 popula,
658 2890 770 2917 videntur
789 2891 906 2918 mendose
928 2895 992 2920 irre-

196 2931 284 2956 psts‘se.

586 209 613 238 S.
634 209 772 237 JOANNIS
787 206 1021 236 CllRYSOSTOMl
1034 207 1193 236 ARCHIEP.
1213 207 1480 237 CONSTANTINOP.

1033 263 1124 298 (Hebr.
1136 263 1164 291 9.
1177 263 1231 299 l8).
1247 262 1361 291 Jubetur
1376 264 1480 299 Moyses
1496 264 1643 293 ascendere
1661 269 1688 293 et
1702 266 1825 300 accipere

1032 308 1145 340 tabulas.
1157 309 1189 335 Et
1203 312 1261 336 erat
1272 309 1307 336 ibi
1317 309 1490 344 quadraginta
1504 309 1598 338 diebus
1612 316 1639 338 et
1651 311 1824 346 quadraginta

1032 353 1164 384 noctibus.
1181 353 1288 381 Audivit
1312 359 1400 382 autem
1423 354 1626 390 dispositionem
1650 355 1824 389 tabernaculi,

1033 403 1058 426 et
1073 406 1166 426 eorum
1181 405 1241 433 quae
1261 399 1286 426 in
1306 399 1364 434 ipso
1383 399 1597 432 continebantur,
1614 405 1642 428 et
1653 392 1826 434 sacerdotalis

1033 443 1154 477 amictus,
1170 447 1198 471 et
1212 443 1344 472 unctionis
1363 444 1542 478 sacerdotum,
1558 449 1586 473 et
1601 445 1824 480 redemptionutu.

1033 489 1096 517 Haec
1108 497 1172 517 vero
1183 494 1260 517 crant
1274 495 1302 517 ut
1321 490 1417 526 singuli
1436 490 1573 518 dimidiam
1595 491 1742 519 didraohmi
1763 500 1825 527 par-

1034 540 1088 563 tem
1102 536 1205 568 darent,
1229 536 1254 564 id
1277 541 1328 570 est,
1348 537 1445 565 obolos
1464 537 1567 565 decem.
1591 537 1624 565 Et
1645 538 1678 566 de
1693 539 1826 573 Composi-

1034 581 1106 609 tione
1119 581 1169 609 olei
1188 582 1316 616 pra'cipit.
1334 583 1406 611 etde
1423 583 1613 611 observatione
1633 584 1746 611 sabbati.
1756 585 1828 612 Con-

1034 627 1143 655 veniunt
1165 626 1290 655 Israelita:
1304 632 1396 658 contra
1419 629 1551 655 Aaronem
1565 633 1591 656 et
1604 629 1631 656 in
1650 629 1827 657 idololatriam

1035 673 1164 700 incidunt.
1180 673 1254 701 Tunc
1273 674 1312 701 ait
1326 674 1396 702 Deus
1417 674 1499 710 Moysi
1515 683 1522 701 :
1536 675 1600 702 Sine
1623 683 1672 707 me,
1697 681 1720 702 et
1741 676 1828 703 debito

1034 726 1086 750 eos,
1101 723 1124 745 et
1137 719 1230 753 faciam
1252 723 1276 746 te
1295 719 1322 746 in
1336 724 1434 754 gentem
1450 728 1570 754 magnam
1590 719 1687 754 (Exod.
1702 720 1748 748 52.
1771 721 1826 756 10).

1035 764 1070 799 Ut
1085 769 1173 792 autem
1189 765 1355 797 descendens
1368 765 1474 801 Moyses
1491 765 1555 793 vidit
1573 766 1686 798 vitulum
1702 771 1729 794 et
1742 774 1828 801 popu-

1036 810 1090 838 lum
1106 810 1251 844 ludentem,
1271 810 1381 846 projccit
1395 816 1422 839 et
1438 811 1563 841 contrivit
1581 812 1692 844 tabulas.
1709 813 1829 848 inctepaq

1036 855 1073 885 vit
1087 856 1231 887 Aaronem,
1244 857 1371 893 prascepit
1383 856 1444 884 ﬁliis
1458 856 1522 885 Levi
1540 857 1722 890 venientibus;
1737 858 1802 885 dixit
1820 867 1827 885 :

1037 899 1067 928 Si
1079 901 1135 935 quis
1151 901 1185 933 ad
1205 901 1351 934 Dominum,
1369 902 1451 930 veniat
1468 902 1502 928 ad
1523 910 1572 934 me,
1591 907 1617 930 ut
1634 903 1734 930 occidat
1748 911 1828 930 unitas

1036 945 1140 980 quisque
1152 947 1258 981 fratrem
1271 954 1344 973 suum
1357 951 1381 972 et
1390 947 1532 981 proximum
1542 955 1615 973 suitur
1627 954 1637 974 :
1649 952 1674 974 et
1686 948 1831 975 ceciderunt

1036 995 1086 1018 tres
1096 991 1165 1018 mitte
1176 991 1225 1018 viri
1239 991 1335 1026 (Exod.
1351 991 1393 1019 52.
1410 991 1445 1019 26
1464 992 1565 1027 —-‘28).
1588 992 1663 1025 Tunc
1684 993 1831 1020 ascendens

1037 1037 1140 1073 Moyses
1153 1037 1222 1070 dixit
1235 1038 1291 1066 Deo
1305 1047 1311 1064 :
1328 1038 1359 1066 Si
1379 1039 1480 1072 quidem
1494 1038 1600 1065 dimittis
1622 1039 1674 1066 illis
1687 1045 1827 1073 pet-ratum,

1037 1084 1153 1116 dimitte;
1171 1084 1212 1111 ain
1231 1084 1324 1118 ruinas,
1340 1085 1395 1111 dele
1414 1093 1453 1113 me
1467 1085 1498 1111 de
1518 1085 1592 1117 libro,
1613 1093 1688 1125 quem
1706 1085 1830 1120 scripsisti

1040 1129 1136 1165 (Exod.
1149 1129 1194 1158 32.
1207 1129 1251 1158 5t.
1267 1130 1324 1166 52).
1341 1130 1414 1158 Tunc
1431 1131 1503 1158 ﬂevit
1517 1132 1639 1166 populus,
1651 1137 1676 1158 et
1688 1132 1778 1166 jussus
1789 1137 1832 1167 est

1038 1175 1172 1210 deponere
1181 1181 1306 1204 ornatum
1316 1184 1403 1203 suum.
1420 1177 1469 1204 llic
1478 1177 1577 1204 dictum
1589 1176 1639 1204 fuit
1651 1185 1659 1204 ε
1673 1177 1705 1204 Et
1712 1177 1832 1212 loquutus

1037 1225 1073 1248 est
1088 1220 1212 1249 Dominus
1235 1221 1269 1248 ad
1291 1221 1416 1256 Magum,
1435 1221 1508 1256 quasi
1529 1222 1551 1248 si
1572 1222 1628 1256 quis
1653 1221 1770 1256 loquatur
1795 1223 1830 1249 ad

1038 1267 1147 1294 anticum
1160 1276 1232 1297 suum
1245 1267 1342 1303 (Exod.
1359 1267 1401 1294 53.
1420 1267 1475 1302 11).
1486 1266 1564 1295 Jesus
1577 1272 1664 1295 autem
1679 1269 1747 1295 titius
1760 1267 1833 1298 Nave

1040 1322 1092 1342 non
1104 1314 1290 1349 egrediebatur
1301 1322 1333 1341 ex
1348 1313 1529 1341 tabernaculo.
1544 1314 1620 1342 Tune
1634 1319 1708 1350 rogat
1728 1315 1833 1350 Moyses

1040 1359 1134 1392 Deum,
1149 1363 1177 1386 ut
1191 1367 1243 1386 non
1258 1359 1424 1394 derelinquat
1438 1359 1574 1393 populum,
1587 1364 1615 1386 et
1624 1359 1719 1387 dolatis
1727 1359 1831 1388 duabus

1040 1405 1146 1437 tabulis,
1163 1405 1265 1439 accepit
1284 1404 1450 1440 deoalogum,
1475 1405 1616 1437 transactis
1637 1412 1742 1432 rursum
1764 1413 1834 1440 qua-

1039 1450 1159 1486 draginta
1174 1451 1268 1478 diebus
1281 1454 1309 1478 et
1332 1451 1505 1488 quadraginta
1525 1451 1657 1479 noctibus.
1677 1451 1834 1487 Pnccipimr

1039 1501 1127 1524 autem
1144 1497 1192 1531 ipsi
1208 1497 1302 1524 iterum
1324 1496 1357 1524 de
1372 1497 1478 1531 pascha,
1495 1497 1529 1524 de
1545 1497 1666 1531 sabbato,
1687 1497 1721 1525 de
1742 1502 1834 1525 exter-

1040 1542 1172 1577 minandis
1180 1543 1299 1576 gentium
1309 1541 1369 1575 diis,
1378 1541 1410 1568 de
1419 1542 1600 1577 primopenilis
1611 1542 1661 1578 ipsi
1669 1543 1834 1570 sanctiﬁcan-

1040 1588 1090 1616 dis.
1106 1587 1154 1615 llic
1167 1587 1273 1623 legitur,
1288 1587 1405 1624 Moysem
1421 1595 1480 1615 cum
1506 1587 1564 1615 Veto
1583 1588 1719 1623 loquututn
1732 1589 1834 1623 popqu

1040 1641 1114 1667 esse;
1128 1634 1199 1669 quod
1211 1634 1246 1661 ad
1260 1633 1413 1664 Corinthios
1428 1633 1544 1663 secunda
1561 1635 1598 1661 ait
1612 1634 1708 1661 Paulus
1721 1635 1758 1669 (‘2.
1773 1634 1834 1671 Cor.

1040 1681 1068 1710 3.
1085 1681 1139 1715 15).
1151 1680 1227 1710 Tunc
1244 1680 1296 1707 illis
1310 1684 1472 1714 praeceptum
1485 1684 1528 1707 est
1541 1679 1575 1707 de
1591 1680 1713 1712 sabbato,
1727 1680 1761 1707 de
1774 1687 1832 1706 ma-

1041 1727 1107 1761 teria
1126 1726 1159 1754 ad
1177 1725 1339 1754 tabernaculi
1358 1725 1585 1753 constructionem
1606 1725 1765 1757 adhibenda,
1784 1725 1834 1753 hoc

1040 1776 1092 1804 est,
1105 1771 1139 1799 de
1150 1779 1228 1804 auro,
1244 1771 1278 1799 de
1288 1778 1352 1804 tere,
1367 1770 1402 1798 de
1414 1770 1526 1805 capillis,
1541 1770 1628 1805 deque
1642 1771 1742 1806 reliqua
1751 1775 1834 1798 mate-

1042 1817 1089 1844 ria.
1105 1816 1139 1844 Et
1157 1816 1195 1845 illi
1210 1815 1316 1851 quidem
1330 1823 1390 1843 cum
1411 1823 1506 1850 magna
1526 1815 1672 1844 atterebant
1685 1816 1831 1847 alacritate,

1041 1862 1076 1889 ita
1091 1866 1120 1889 ut
1133 1861 1310 1894 redundaret;
1329 1865 1458 1896 operatus
1483 1865 1572 1888 autem
1596 1865 1638 1888 est
1661 1860 1778 1888 Beselecl
1800 1861 1836 1890 do

1042 1907 1111 1937 tribu
1123 1906 1200 1940 Judn,
1221 1911 1248 1934 et
1267 1906 1342 1943 Eliab
1355 1906 1388 1934 de
1406 1906 1474 1933 tribu
1490 1906 1545 1933 Dan
1560 1906 1649 1934 omnia
1672 1906 1706 1934 ad
1723 1913 1834 1941 appara-

1042 1958 1098 1981 tum
1125 1954 1292 1986 necessaria;
1315 1958 1342 1981 et
1363 1953 1562 1981 tabernaculum
1589 1953 1674 1987 stetit,
1697 1954 1834 1988 nubesque

1041 2000 1146 2035 operuit
1158 1999 1233 2028 illud.
1247 1999 1322 2035 Quod
1337 2004 1426 2031 autem
1448 2000 1599 2034 impensum
1624 1999 1670 2027 fuit
1688 1999 1721 2027 ad
1740 2008 1832 2034 opera,

1041 2046 1098 2073 auri
1113 2045 1221 2080 quidem
1235 2045 1325 2080 viginti
1337 2053 1433 2078 novem
1449 2046 1545 2074 talenta
1555 2050 1582 2073 et
1592 2046 1650 2082 sicli
1663 2046 1833 2081 septingenti,

1041 2090 1144 2125 argenti
1156 2090 1253 2118 talenta
1267 2094 1387 2123 centum,
1399 2089 1456 2117 sicli
1468 2090 1529 2123 772,
1545 2090 1606 2119 teris
1616 2091 1714 2118 talenta
1728 2095 1835 2126 septua-

1041 2136 1124 2173 ginta,
1138 2140 1167 2164 et
1180 2135 1220 2164 bis
1234 2135 1307 2162 mille
1321 2135 1458 2171 quingenti
1472 2135 1542 2163 sicli.

1208 2209 1355 2236 murreus,
1376 2209 1453 2230 LIBER
1472 2210 1586 2231 TERTIUS
1605 2202 1655 2238 (a).

1078 2270 1211 2306 Leviticus
1223 2275 1333 2298 vocatur
1352 2269 1395 2297 hic
1414 2270 1491 2304 liber,
1505 2270 1567 2305 quia
1588 2271 1696 2306 proprie
1708 2274 1736 2298 et
1751 2278 1834 2306 pecu-

1043 2314 1143 2347 liariter
1156 2319 1237 2342 totam
1251 2314 1361 2342 Levitiei
1380 2315 1519 2344 ministerii
1536 2316 1648 2342 formam
1660 2316 1789 2348 continet,
1807 2321 1836 2350 et

1043 2368 1095 2396 quo
1109 2366 1186 2395 pacto
1197 2361 1285 2391 Aaron
1293 2365 1321 2388 et
1340 2361 1385 2388 lilii
1395 2360 1452 2395 ejus
1462 2369 1496 2388 ex
1507 2361 1577 2388 tribu
1591 2360 1652 2388 Levi
1669 2361 1695 2388 in
1708 2361 1836 2388 sacerdo-

1044 2412 1083 2434 tes
1093 2407 1169 2434 electi
1185 2407 1275 2442 utique
1293 2406 1401 2438 fuerint,
1413 2411 1442 2434 et
1462 2407 1590 2442 quidquid
1611 2407 1773 2434 discriminis
1795 2396 1855 2434 esti

1044 2453 1114 2481 inter
1129 2446 1257 2480 sacriﬁcia
1270 2457 1297 2480 et
1308 2453 1467 2487 oblationes,
1484 2458 1510 2481 et
1529 2453 1616 2488 qualis
1635 2453 1670 2480 sit
1696 2453 1836 2480 universus
1855 2468 1860 2482 -.

1043 2507 1179 2527 sacrorum
1194 2499 1290 2531 cultus,
1304 2500 1520 2535 saecrdotaleque
1534 2500 1722 2527 ministerium.
1736 2500 1838 2528 Deinde

1044 2546 1171 2581 cujusque
1184 2545 1306 2573 sacriﬁcii
1320 2545 1405 2581 legem
1418 2546 1542 2581 exponit;
1555 2551 1613 2572 tum
1625 2545 1686 2580 ejus
1698 2545 1770 2580 quod
1784 2553 1833 2579 pro

1044 2592 1140 2625 salute,
1160 2596 1216 2618 tum
1241 2592 1299 2626 ejus
1313 2592 1384 2627 quod
1408 2599 1456 2627 pro
1477 2591 1591 2626 delicto,
1612 2592 1670 2619 sive
1688 2596 1837 2626 spontaneo

1044 2639 1100 2666 sive
1111 2639 1296 2671 involuntario,
1306 2643 1333 2666 et
1341 2646 1395 2674 quo
1402 2643 1479 2673 pacto
1486 2638 1588 2673 singula
1596 2638 1739 2666 dividenda
1748 2638 1802 2665 sint
1810 2642 1839 2668 et

1046 2686 1194 2714 referenda.
1209 2685 1353 2712 Enarratur
1366 2685 1487 2713 etiamin
1503 2685 1554 2712 hoc
1573 2685 1643 2712 libro
1666 2685 1763 2712 summi
1788 2691 1834 2711 sa-

1045 2733 1172 2767 cerdotis,
1199 2733 1364 2767 aliorumque
1384 2731 1555 2760 sacerdotum
1582 2731 1674 2760 unctio
1690 2740 1697 2760 :
1711 2732 1745 2759 ad
1767 2731 1835 2765 ham,

1078 2798 1114 2830 (α)
1124 2801 1179 2823 “me
1185 2801 1235 2823 tota
1243 2799 1340 2823 Levitici
1347 2797 1617 2830 Synopsisdesideralur
1626 2798 1650 2823 ln
1658 2797 1747 2830 Codice
1757 2797 1839 2824 Coisli-

1047 2829 1127 2858 niano,
1139 2830 1183 2854 sed
1205 2829 1308 2854 habetur
1325 2830 1350 2854 iu
1362 2829 1524 2860 ’l.ugdunensi
1534 2829 1654 2855 Balavico.
1668 2829 1767 2854 maxime
1780 2835 1841 2860 rem

1047 2867 1103 2891 pars
1115 2861 1168 2891 ejus
1180 2860 1266 2884 eadem
1278 2861 1328 2890 ipsa
1341 2863 1387 2888 est,
1400 2859 1456 2891 qua:
1468 2861 1492 2885 in
1503 2864 1600 2891 SycopSI
1611 2860 1729 2884 Athanasii
1741 2859 1840 2891 nomine

1047 2890 1061 2918 ᾖ
1072 2890 1146 2923 11011111
1160 2892 1227 2916 edita
1244 2895 1283 2916 est
1300 2892 1376 2916 Temo
1395 2893 1414 2918 ll
1429 2893 1538 2923 Opernm
1557 2893 1694 2918 Athanasii.
1715 2891 1748 2915 lia
1762 2890 1792 2914 de
1809 2896 1836 2915 re

1047 2923 1128 2964 agitur
1141 2922 1165 2948 in
1176 2922 1284 2949 Diattiba
1300 2927 1355 2948 ante
1369 2922 1491 2955 Syuopsin
1503 2927 1589 2955 postla.
