  <div class='ocr_page' id='page_1' title='image "/cluster/home/n/w/nwhite01/storage/ocr_20150623/56/njp.32101077772646/326.png"; bbox 0 0 2074 3126; ppageno 0'>
   <div class='ocr_carea' id='block_1_1' title="bbox 256 192 307 221">
    <p class='ocr_par' dir='ltr' id='par_1_1' title="bbox 256 192 307 221">
     <span class='ocr_line' id='line_1_1' title="bbox 256 192 307 221; baseline 0.02 -1"><span class='ocrx_word' id='word_1_1' title='bbox 256 192 307 221; x_wconf 73' lang='lat'><strong>529</strong></span> 
     </span>
    </p>
   </div>
   <div class='ocr_carea' id='block_1_2' title="bbox 252 249 1042 285">
    <p class='ocr_par' dir='ltr' id='par_1_2' title="bbox 252 249 1042 285">
     <span class='ocr_line' id='line_1_2' title="bbox 252 249 1042 285; baseline 0 -10"><span class='ocrx_word' id='word_1_2' title='bbox 252 250 379 285; x_wconf 85' lang='lat' dir='ltr'><strong>judicium</strong></span> <span class='ocrx_word' id='word_1_3' title='bbox 399 255 425 276; x_wconf 91' lang='lat' dir='ltr'><strong>et</strong></span> <span class='ocrx_word' id='word_1_4' title='bbox 438 249 553 284; x_wconf 77' lang='lat' dir='ltr'><strong>cognitio</strong></span> <span class='ocrx_word' id='word_1_5' title='bbox 573 250 742 282; x_wconf 86' lang='lat' dir='ltr'><strong>indiciorum,</strong></span> <span class='ocrx_word' id='word_1_6' title='bbox 768 250 862 283; x_wconf 88' lang='lat' dir='ltr'><strong>quibus</strong></span> <span class='ocrx_word' id='word_1_7' title='bbox 884 254 936 276; x_wconf 86' lang='lat' dir='ltr'><strong>tam</strong></span> <span class='ocrx_word' id='word_1_8' title='bbox 957 249 1042 276; x_wconf 87' lang='lat' dir='ltr'><strong>homi-</strong></span> 
     </span>
    </p>
   </div>
   <div class='ocr_carea' id='block_1_3' title="bbox 255 294 1043 329">
    <p class='ocr_par' dir='ltr' id='par_1_3' title="bbox 255 294 1043 329">
     <span class='ocr_line' id='line_1_3' title="bbox 255 294 1043 329; baseline 0 -7"><span class='ocrx_word' id='word_1_9' title='bbox 255 302 327 326; x_wconf 88' lang='lat' dir='ltr'><strong>num,</strong></span> <span class='ocrx_word' id='word_1_10' title='bbox 342 303 420 329; x_wconf 80' lang='lat' dir='ltr'><strong>quam</strong></span> <span class='ocrx_word' id='word_1_11' title='bbox 447 294 671 326; x_wconf 69' lang='lat' dir='ltr'><strong>indumentorum.</strong></span> <span class='ocrx_word' id='word_1_12' title='bbox 696 295 878 329; x_wconf 84' lang='lat' dir='ltr'><strong>parietnmque</strong></span> <span class='ocrx_word' id='word_1_13' title='bbox 901 294 1043 323; x_wconf 85' lang='lat' dir='ltr'><strong>domorum</strong></span> 
     </span>
    </p>
   </div>
   <div class='ocr_carea' id='block_1_4' title="bbox 253 339 1045 375">
    <p class='ocr_par' dir='ltr' id='par_1_4' title="bbox 253 339 1045 375">
     <span class='ocr_line' id='line_1_4' title="bbox 253 339 1045 375; baseline 0 -9"><span class='ocrx_word' id='word_1_14' title='bbox 253 341 324 374; x_wconf 73' lang='lat' dir='ltr'><strong>lepra</strong></span> <span class='ocrx_word' id='word_1_15' title='bbox 341 339 506 374; x_wconf 82' lang='lat' dir='ltr'><strong>deprehendi</strong></span> <span class='ocrx_word' id='word_1_16' title='bbox 523 342 615 375; x_wconf 86' lang='lat' dir='ltr'><strong>possit,</strong></span> <span class='ocrx_word' id='word_1_17' title='bbox 631 345 658 367; x_wconf 88' lang='lat' dir='ltr'><strong>et</strong></span> <span class='ocrx_word' id='word_1_18' title='bbox 672 340 716 375; x_wconf 90' lang='lat' dir='ltr'><strong>qui</strong></span> <span class='ocrx_word' id='word_1_19' title='bbox 726 340 760 366; x_wconf 90' lang='lat' dir='ltr'><strong>sit</strong></span> <span class='ocrx_word' id='word_1_20' title='bbox 783 347 877 367; x_wconf 88' lang='lat' dir='ltr'><strong>eorum</strong></span> <span class='ocrx_word' id='word_1_21' title='bbox 900 340 1045 374; x_wconf 81' lang='lat' dir='ltr'><strong>expiando-</strong></span> 
     </span>
    </p>
   </div>
   <div class='ocr_carea' id='block_1_5' title="bbox 253 387 1046 427">
    <p class='ocr_par' dir='ltr' id='par_1_5' title="bbox 253 387 1046 427">
     <span class='ocr_line' id='line_1_5' title="bbox 253 387 1046 427; baseline -0.001 -13"><span class='ocrx_word' id='word_1_22' title='bbox 253 395 311 427; x_wconf 63' lang='lat' dir='ltr'><strong>rnm</strong></span> <span class='ocrx_word' id='word_1_23' title='bbox 323 388 398 415; x_wconf 88' lang='lat' dir='ltr'><strong>ritus.</strong></span> <span class='ocrx_word' id='word_1_24' title='bbox 410 387 543 426; x_wconf 63' lang='lat' dir='ltr'><strong>Praeterea</strong></span> <span class='ocrx_word' id='word_1_25' title='bbox 563 395 623 427; x_wconf 67' lang='lat' dir='ltr'><strong>qua:</strong></span> <span class='ocrx_word' id='word_1_26' title='bbox 634 387 668 414; x_wconf 93' lang='lat' dir='ltr'><strong>sit</strong></span> <span class='ocrx_word' id='word_1_27' title='bbox 684 387 724 414; x_wconf 79' lang='lat' dir='ltr'><strong>lcx</strong></span> <span class='ocrx_word' id='word_1_28' title='bbox 745 392 771 414; x_wconf 90' lang='lat' dir='ltr'><strong>et</strong></span> <span class='ocrx_word' id='word_1_29' title='bbox 785 387 921 414; x_wconf 69' lang='lat' dir='ltr'><strong>distinctio</strong></span> <span class='ocrx_word' id='word_1_30' title='bbox 944 394 1046 414; x_wconf 90' lang='lat' dir='ltr'><strong>connu-</strong></span> 
     </span>
    </p>
   </div>
   <div class='ocr_carea' id='block_1_6' title="bbox 254 432 1044 474">
    <p class='ocr_par' dir='ltr' id='par_1_6' title="bbox 254 432 1044 474">
     <span class='ocr_line' id='line_1_6' title="bbox 254 432 1044 474; baseline 0.001 -15"><span class='ocrx_word' id='word_1_31' title='bbox 254 432 355 473; x_wconf 71' lang='lat' dir='ltr'><strong>ltiorum</strong></span> <span class='ocrx_word' id='word_1_32' title='bbox 368 432 558 474; x_wconf 66' lang='lat' dir='ltr'><strong>legitimorum,</strong></span> <span class='ocrx_word' id='word_1_33' title='bbox 575 436 603 460; x_wconf 87' lang='lat' dir='ltr'><strong>et</strong></span> <span class='ocrx_word' id='word_1_34' title='bbox 613 439 734 467; x_wconf 64' lang='lat' dir='ltr'><strong>quaenam</strong></span> <span class='ocrx_word' id='word_1_35' title='bbox 760 439 807 467; x_wconf 86' lang='lat' dir='ltr'><strong>pro</strong></span> <span class='ocrx_word' id='word_1_36' title='bbox 822 432 968 467; x_wconf 88' lang='lat' dir='ltr'><strong>illegitimis</strong></span> <span class='ocrx_word' id='word_1_37' title='bbox 989 433 1044 460; x_wconf 90' lang='lat' dir='ltr'><strong>sint</strong></span> 
     </span>
    </p>
   </div>
   <div class='ocr_carea' id='block_1_7' title="bbox 254 477 1042 517">
    <p class='ocr_par' dir='ltr' id='par_1_7' title="bbox 254 477 1042 517">
     <span class='ocr_line' id='line_1_7' title="bbox 254 477 1042 517; baseline 0.003 -13"><span class='ocrx_word' id='word_1_38' title='bbox 254 477 384 517; x_wconf 76' lang='lat' dir='ltr'><strong>habenda.</strong></span> <span class='ocrx_word' id='word_1_39' title='bbox 401 479 464 506; x_wconf 88' lang='lat' dir='ltr'><strong>Item</strong></span> <span class='ocrx_word' id='word_1_40' title='bbox 488 479 551 514; x_wconf 88' lang='lat' dir='ltr'><strong>quid</strong></span> <span class='ocrx_word' id='word_1_41' title='bbox 571 479 733 506; x_wconf 86' lang='lat' dir='ltr'><strong>discriminis</strong></span> <span class='ocrx_word' id='word_1_42' title='bbox 748 479 782 506; x_wconf 92' lang='lat' dir='ltr'><strong>sit</strong></span> <span class='ocrx_word' id='word_1_43' title='bbox 806 479 875 509; x_wconf 84' lang='lat' dir='ltr'><strong>inter</strong></span> <span class='ocrx_word' id='word_1_44' title='bbox 897 479 993 507; x_wconf 88' lang='lat' dir='ltr'><strong>munda</strong></span> <span class='ocrx_word' id='word_1_45' title='bbox 1015 484 1042 506; x_wconf 90' lang='lat' dir='ltr'><strong>et</strong></span> 
     </span>
    </p>
   </div>
   <div class='ocr_carea' id='block_1_8' title="bbox 253 523 1042 560">
    <p class='ocr_par' dir='ltr' id='par_1_8' title="bbox 253 523 1042 560">
     <span class='ocr_line' id='line_1_8' title="bbox 253 523 1042 560; baseline 0.003 -9"><span class='ocrx_word' id='word_1_46' title='bbox 253 523 388 552; x_wconf 86' lang='lat' dir='ltr'><strong>immunda</strong></span> <span class='ocrx_word' id='word_1_47' title='bbox 415 525 555 557; x_wconf 80' lang='lat' dir='ltr'><strong>animalia,</strong></span> <span class='ocrx_word' id='word_1_48' title='bbox 572 525 693 560; x_wconf 88' lang='lat' dir='ltr'><strong>ittterqtte</strong></span> <span class='ocrx_word' id='word_1_49' title='bbox 716 524 838 557; x_wconf 87' lang='lat' dir='ltr'><strong>volucres</strong></span> <span class='ocrx_word' id='word_1_50' title='bbox 855 529 882 552; x_wconf 88' lang='lat' dir='ltr'><strong>et</strong></span> <span class='ocrx_word' id='word_1_51' title='bbox 906 525 991 560; x_wconf 85' lang='lat' dir='ltr'><strong>pisces</strong></span> <span class='ocrx_word' id='word_1_52' title='bbox 1011 532 1042 553; x_wconf 90' lang='lat' dir='ltr'><strong>ac</strong></span> 
     </span>
    </p>
   </div>
   <div class='ocr_carea' id='block_1_9' title="bbox 253 561 1038 606">
    <p class='ocr_par' dir='ltr' id='par_1_9' title="bbox 253 561 1038 606">
     <span class='ocr_line' id='line_1_9' title="bbox 253 561 1038 606; baseline 0.001 -10"><span class='ocrx_word' id='word_1_53' title='bbox 253 561 354 605; x_wconf 80' lang='lat' dir='ltr'><strong>reptilia</strong></span> <span class='ocrx_word' id='word_1_54' title='bbox 367 569 483 603; x_wconf 85' lang='lat' dir='ltr'><strong>cujusvis</strong></span> <span class='ocrx_word' id='word_1_55' title='bbox 495 570 610 605; x_wconf 77' lang='lat' dir='ltr'><strong>generis,</strong></span> <span class='ocrx_word' id='word_1_56' title='bbox 627 570 818 603; x_wconf 90' lang='lat' dir='ltr'><strong>ctqnibusuam</strong></span> <span class='ocrx_word' id='word_1_57' title='bbox 830 570 911 602; x_wconf 84' lang='lat' dir='ltr'><strong>vesci,</strong></span> <span class='ocrx_word' id='word_1_58' title='bbox 939 578 953 597; x_wconf 91' lang='lat' dir='ltr'><strong>a</strong></span> <span class='ocrx_word' id='word_1_59' title='bbox 976 570 1038 606; x_wconf 90' lang='lat' dir='ltr'><strong>qui-</strong></span> 
     </span>
    </p>
   </div>
   <div class='ocr_carea' id='block_1_10' title="bbox 252 605 1043 651">
    <p class='ocr_par' dir='ltr' id='par_1_10' title="bbox 252 605 1043 651">
     <span class='ocr_line' id='line_1_10' title="bbox 252 605 1043 651; baseline 0.001 -9"><span class='ocrx_word' id='word_1_60' title='bbox 252 605 362 642; x_wconf 79' lang='lat' dir='ltr'><strong>busnam</strong></span> <span class='ocrx_word' id='word_1_61' title='bbox 372 614 511 642; x_wconf 88' lang='lat' dir='ltr'><strong>abstinere</strong></span> <span class='ocrx_word' id='word_1_62' title='bbox 521 612 639 641; x_wconf 86' lang='lat' dir='ltr'><strong>dedeaut</strong></span> <span class='ocrx_word' id='word_1_63' title='bbox 650 613 894 643; x_wconf 74' lang='lat' dir='ltr'><strong>HebneLDcclarat</strong></span> <span class='ocrx_word' id='word_1_64' title='bbox 907 605 990 645; x_wconf 82' lang='lat' dir='ltr'><strong>etiam</strong></span> <span class='ocrx_word' id='word_1_65' title='bbox 998 616 1043 651; x_wconf 89' lang='lat' dir='ltr'><strong>qui</strong></span> 
     </span>
    </p>
   </div>
   <div class='ocr_carea' id='block_1_11' title="bbox 252 659 1043 698">
    <p class='ocr_par' dir='ltr' id='par_1_11' title="bbox 252 659 1043 698">
     <span class='ocr_line' id='line_1_11' title="bbox 252 659 1043 698; baseline 0.003 -12"><span class='ocrx_word' id='word_1_66' title='bbox 252 659 287 686; x_wconf 82' lang='lat' dir='ltr'><strong>lii.</strong></span> <span class='ocrx_word' id='word_1_67' title='bbox 299 659 504 688; x_wconf 83' lang='lat' dir='ltr'><strong>Tubarumdies</strong></span> <span class='ocrx_word' id='word_1_68' title='bbox 514 660 541 687; x_wconf 89' lang='lat' dir='ltr'><strong>in</strong></span> <span class='ocrx_word' id='word_1_69' title='bbox 553 660 690 687; x_wconf 88' lang='lat' dir='ltr'><strong>neomeuia</strong></span> <span class='ocrx_word' id='word_1_70' title='bbox 700 660 799 688; x_wconf 85' lang='lat' dir='ltr'><strong>mensis</strong></span> <span class='ocrx_word' id='word_1_71' title='bbox 813 661 918 696; x_wconf 87' lang='lat' dir='ltr'><strong>septimi</strong></span> <span class='ocrx_word' id='word_1_72' title='bbox 934 670 940 688; x_wconf 89' lang='lat'>:</span> <span class='ocrx_word' id='word_1_73' title='bbox 955 662 1043 698; x_wconf 81' lang='lat' dir='ltr'><strong>magni</strong></span> 
     </span>
    </p>
   </div>
   <div class='ocr_carea' id='block_1_12' title="bbox 252 703 1040 741">
    <p class='ocr_par' dir='ltr' id='par_1_12' title="bbox 252 703 1040 741">
     <span class='ocr_line' id='line_1_12' title="bbox 252 703 1040 741; baseline 0.004 -11"><span class='ocrx_word' id='word_1_74' title='bbox 252 711 358 739; x_wconf 87' lang='lat' dir='ltr'><strong>quoque</strong></span> <span class='ocrx_word' id='word_1_75' title='bbox 365 703 457 739; x_wconf 89' lang='lat' dir='ltr'><strong>jejunii</strong></span> <span class='ocrx_word' id='word_1_76' title='bbox 469 709 641 739; x_wconf 70' lang='lat' dir='ltr'><strong>prmccptum,</strong></span> <span class='ocrx_word' id='word_1_77' title='bbox 654 704 723 740; x_wconf 84' lang='lat' dir='ltr'><strong>quod</strong></span> <span class='ocrx_word' id='word_1_78' title='bbox 737 705 830 733; x_wconf 89' lang='lat' dir='ltr'><strong>eodem</strong></span> <span class='ocrx_word' id='word_1_79' title='bbox 840 706 953 741; x_wconf 88' lang='lat' dir='ltr'><strong>septimo</strong></span> <span class='ocrx_word' id='word_1_80' title='bbox 964 714 1040 733; x_wconf 89' lang='lat' dir='ltr'><strong>mett-</strong></span> 
     </span>
    </p>
   </div>
   <div class='ocr_carea' id='block_1_13' title="bbox 251 749 1042 787">
    <p class='ocr_par' dir='ltr' id='par_1_13' title="bbox 251 749 1042 787">
     <span class='ocr_line' id='line_1_13' title="bbox 251 749 1042 787; baseline 0.003 -9"><span class='ocrx_word' id='word_1_81' title='bbox 251 749 291 782; x_wconf 56' lang='lat' dir='ltr'><strong>de,</strong></span> <span class='ocrx_word' id='word_1_82' title='bbox 304 749 406 777; x_wconf 89' lang='lat' dir='ltr'><strong>decima</strong></span> <span class='ocrx_word' id='word_1_83' title='bbox 430 751 529 784; x_wconf 84' lang='lat' dir='ltr'><strong>mensis</strong></span> <span class='ocrx_word' id='word_1_84' title='bbox 553 751 753 778; x_wconf 86' lang='lat' dir='ltr'><strong>custodiendum</strong></span> <span class='ocrx_word' id='word_1_85' title='bbox 778 752 912 787; x_wconf 89' lang='lat' dir='ltr'><strong>sit,quam</strong></span> <span class='ocrx_word' id='word_1_86' title='bbox 934 753 1042 781; x_wconf 88' lang='lat' dir='ltr'><strong>sabbata</strong></span> 
     </span>
    </p>
   </div>
   <div class='ocr_carea' id='block_1_14' title="bbox 252 788 1042 835">
    <p class='ocr_par' dir='ltr' id='par_1_14' title="bbox 252 788 1042 835">
     <span class='ocr_line' id='line_1_14' title="bbox 252 788 1042 835; baseline 0.005 -14"><span class='ocrx_word' id='word_1_87' title='bbox 252 788 426 835; x_wconf 65' lang='lat' dir='ltr'><strong>sabbatorum</strong></span> <span class='ocrx_word' id='word_1_88' title='bbox 444 801 471 833; x_wconf 72' lang='lat' dir='ltr'><strong>et</strong></span> <span class='ocrx_word' id='word_1_89' title='bbox 485 796 586 833; x_wconf 76' lang='lat' dir='ltr'><strong>peccati</strong></span> <span class='ocrx_word' id='word_1_90' title='bbox 609 797 793 831; x_wconf 77' lang='lat' dir='ltr'><strong>remissionem</strong></span> <span class='ocrx_word' id='word_1_91' title='bbox 820 802 907 824; x_wconf 89' lang='lat' dir='ltr'><strong>vocat.</strong></span> <span class='ocrx_word' id='word_1_92' title='bbox 935 798 1042 825; x_wconf 87' lang='lat' dir='ltr'><strong>Festum</strong></span> 
     </span>
    </p>
   </div>
   <div class='ocr_carea' id='block_1_15' title="bbox 251 841 1043 878">
    <p class='ocr_par' dir='ltr' id='par_1_15' title="bbox 251 841 1043 878">
     <span class='ocr_line' id='line_1_15' title="bbox 251 841 1043 878; baseline 0.004 -10"><span class='ocrx_word' id='word_1_93' title='bbox 251 841 331 868; x_wconf 87' lang='lat' dir='ltr'><strong>etiam</strong></span> <span class='ocrx_word' id='word_1_94' title='bbox 343 841 589 870; x_wconf 78' lang='lat' dir='ltr'><strong>Tabernaculorum</strong></span> <span class='ocrx_word' id='word_1_95' title='bbox 605 843 707 871; x_wconf 88' lang='lat' dir='ltr'><strong>deciuta</strong></span> <span class='ocrx_word' id='word_1_96' title='bbox 721 844 811 878; x_wconf 82' lang='lat' dir='ltr'><strong>quinta</strong></span> <span class='ocrx_word' id='word_1_97' title='bbox 824 844 944 877; x_wconf 78' lang='lat' dir='ltr'><strong>ejusdem</strong></span> <span class='ocrx_word' id='word_1_98' title='bbox 969 852 1043 875; x_wconf 89' lang='lat' dir='ltr'><strong>men-</strong></span> 
     </span>
    </p>
   </div>
   <div class='ocr_carea' id='block_1_16' title="bbox 250 886 1041 928">
    <p class='ocr_par' dir='ltr' id='par_1_16' title="bbox 250 886 1041 928">
     <span class='ocr_line' id='line_1_16' title="bbox 250 886 1041 928; baseline 0.003 -14"><span class='ocrx_word' id='word_1_99' title='bbox 250 886 288 927; x_wconf 78' lang='lat' dir='ltr'><strong>sis</strong></span> <span class='ocrx_word' id='word_1_100' title='bbox 301 886 429 914; x_wconf 86' lang='lat' dir='ltr'><strong>celebrari</strong></span> <span class='ocrx_word' id='word_1_101' title='bbox 442 887 526 922; x_wconf 88' lang='lat' dir='ltr'><strong>jubet.</strong></span> <span class='ocrx_word' id='word_1_102' title='bbox 540 888 600 923; x_wconf 74' lang='lat' dir='ltr'><strong>Agit</strong></span> <span class='ocrx_word' id='word_1_103' title='bbox 615 895 719 923; x_wconf 87' lang='lat' dir='ltr'><strong>quoque</strong></span> <span class='ocrx_word' id='word_1_104' title='bbox 733 888 765 915; x_wconf 90' lang='lat' dir='ltr'><strong>de</strong></span> <span class='ocrx_word' id='word_1_105' title='bbox 788 888 872 922; x_wconf 90' lang='lat' dir='ltr'><strong>festis,</strong></span> <span class='ocrx_word' id='word_1_106' title='bbox 887 893 913 916; x_wconf 89' lang='lat' dir='ltr'><strong>et</strong></span> <span class='ocrx_word' id='word_1_107' title='bbox 935 897 994 928; x_wconf 86' lang='lat' dir='ltr'><strong>quae</strong></span> <span class='ocrx_word' id='word_1_108' title='bbox 1015 889 1041 916; x_wconf 93' lang='lat' dir='ltr'><strong>in</strong></span> 
     </span>
    </p>
   </div>
   <div class='ocr_carea' id='block_1_17' title="bbox 250 931 1042 972">
    <p class='ocr_par' dir='ltr' id='par_1_17' title="bbox 250 931 1042 972">
     <span class='ocr_line' id='line_1_17' title="bbox 250 931 1042 972; baseline 0.006 -14"><span class='ocrx_word' id='word_1_109' title='bbox 250 931 302 972; x_wconf 80' lang='lat' dir='ltr'><strong>illis</strong></span> <span class='ocrx_word' id='word_1_110' title='bbox 312 932 447 960; x_wconf 84' lang='lat' dir='ltr'><strong>oil&#39;erenda</strong></span> <span class='ocrx_word' id='word_1_111' title='bbox 468 933 659 969; x_wconf 70' lang='lat' dir='ltr'><strong>sintprazcipit.</strong></span> <span class='ocrx_word' id='word_1_112' title='bbox 675 933 739 962; x_wconf 88' lang='lat' dir='ltr'><strong>item</strong></span> <span class='ocrx_word' id='word_1_113' title='bbox 762 935 796 962; x_wconf 85' lang='lat' dir='ltr'><strong>de</strong></span> <span class='ocrx_word' id='word_1_114' title='bbox 823 934 1042 964; x_wconf 88' lang='lat' dir='ltr'><strong>manuntittendis</strong></span> 
     </span>
    </p>
   </div>
   <div class='ocr_carea' id='block_1_18' title="bbox 249 972 1042 1013">
    <p class='ocr_par' dir='ltr' id='par_1_18' title="bbox 249 972 1042 1013">
     <span class='ocr_line' id='line_1_18' title="bbox 249 972 1042 1013; baseline 0.006 -10"><span class='ocrx_word' id='word_1_115' title='bbox 249 976 378 1011; x_wconf 67' lang='lat' dir='ltr'><strong>Hebraeis,</strong></span> <span class='ocrx_word' id='word_1_116' title='bbox 390 978 433 1012; x_wconf 87' lang='lat' dir='ltr'><strong>qui</strong></span> <span class='ocrx_word' id='word_1_117' title='bbox 449 978 474 1005; x_wconf 92' lang='lat' dir='ltr'><strong>itt</strong></span> <span class='ocrx_word' id='word_1_118' title='bbox 490 972 646 1012; x_wconf 75' lang='lat' dir='ltr'><strong>servitutem</strong></span> <span class='ocrx_word' id='word_1_119' title='bbox 661 979 758 1006; x_wconf 91' lang='lat' dir='ltr'><strong>venditi</strong></span> <span class='ocrx_word' id='word_1_120' title='bbox 780 984 851 1013; x_wconf 89' lang='lat' dir='ltr'><strong>sunt,</strong></span> <span class='ocrx_word' id='word_1_121' title='bbox 867 984 894 1007; x_wconf 88' lang='lat' dir='ltr'><strong>et</strong></span> <span class='ocrx_word' id='word_1_122' title='bbox 910 980 943 1007; x_wconf 89' lang='lat' dir='ltr'><strong>de</strong></span> <span class='ocrx_word' id='word_1_123' title='bbox 965 980 1042 1008; x_wconf 90' lang='lat' dir='ltr'><strong>dcbi-</strong></span> 
     </span>
    </p>
   </div>
   <div class='ocr_carea' id='block_1_19' title="bbox 250 1024 1042 1061">
    <p class='ocr_par' dir='ltr' id='par_1_19' title="bbox 250 1024 1042 1061">
     <span class='ocr_line' id='line_1_19' title="bbox 250 1024 1042 1061; baseline 0.004 -11"><span class='ocrx_word' id='word_1_124' title='bbox 250 1027 337 1050; x_wconf 86' lang='lat' dir='ltr'><strong>torum</strong></span> <span class='ocrx_word' id='word_1_125' title='bbox 361 1024 539 1052; x_wconf 86' lang='lat' dir='ltr'><strong>remissione:</strong></span> <span class='ocrx_word' id='word_1_126' title='bbox 555 1025 588 1052; x_wconf 90' lang='lat' dir='ltr'><strong>de</strong></span> <span class='ocrx_word' id='word_1_127' title='bbox 601 1025 690 1059; x_wconf 91' lang='lat' dir='ltr'><strong>quiete</strong></span> <span class='ocrx_word' id='word_1_128' title='bbox 708 1026 822 1061; x_wconf 80' lang='lat' dir='ltr'><strong>Septimo</strong></span> <span class='ocrx_word' id='word_1_129' title='bbox 844 1034 949 1061; x_wconf 89' lang='lat' dir='ltr'><strong>quoque</strong></span> <span class='ocrx_word' id='word_1_130' title='bbox 972 1033 1042 1053; x_wconf 86' lang='lat' dir='ltr'><strong>anno</strong></span> 
     </span>
    </p>
   </div>
   <div class='ocr_carea' id='block_1_20' title="bbox 250 1069 1042 1107">
    <p class='ocr_par' dir='ltr' id='par_1_20' title="bbox 250 1069 1042 1107">
     <span class='ocr_line' id='line_1_20' title="bbox 250 1069 1042 1107; baseline 0.004 -12"><span class='ocrx_word' id='word_1_131' title='bbox 250 1073 330 1107; x_wconf 63' lang='lat' dir='ltr'><strong>terra:</strong></span> <span class='ocrx_word' id='word_1_132' title='bbox 339 1069 520 1107; x_wconf 83' lang='lat' dir='ltr'><strong>concedenda.</strong></span> <span class='ocrx_word' id='word_1_133' title='bbox 539 1069 578 1097; x_wconf 82' lang='lat' dir='ltr'><strong>Ad</strong></span> <span class='ocrx_word' id='word_1_134' title='bbox 594 1070 651 1097; x_wconf 67' lang='lat' dir='ltr'><strong>hare</strong></span> <span class='ocrx_word' id='word_1_135' title='bbox 663 1070 697 1097; x_wconf 90' lang='lat' dir='ltr'><strong>de</strong></span> <span class='ocrx_word' id='word_1_136' title='bbox 708 1070 836 1105; x_wconf 79' lang='lat' dir='ltr'><strong>legalibus</strong></span> <span class='ocrx_word' id='word_1_137' title='bbox 850 1071 989 1106; x_wconf 78' lang='lat' dir='ltr'><strong>praeceptis</strong></span> <span class='ocrx_word' id='word_1_138' title='bbox 1010 1078 1042 1098; x_wconf 90' lang='lat' dir='ltr'><strong>ac</strong></span> 
     </span>
    </p>
   </div>
   <div class='ocr_carea' id='block_1_21' title="bbox 249 1114 1036 1150">
    <p class='ocr_par' dir='ltr' id='par_1_21' title="bbox 249 1114 1036 1150">
     <span class='ocr_line' id='line_1_21' title="bbox 249 1114 1036 1150; baseline 0.005 -9"><span class='ocrx_word' id='word_1_139' title='bbox 249 1114 409 1142; x_wconf 89' lang='lat' dir='ltr'><strong>testimoniis</strong></span> <span class='ocrx_word' id='word_1_140' title='bbox 431 1115 567 1143; x_wconf 90' lang='lat' dir='ltr'><strong>admonet.</strong></span> <span class='ocrx_word' id='word_1_141' title='bbox 599 1116 683 1143; x_wconf 85' lang='lat' dir='ltr'><strong>Porro</strong></span> <span class='ocrx_word' id='word_1_142' title='bbox 698 1117 867 1144; x_wconf 74' lang='lat' dir='ltr'><strong>servantibus</strong></span> <span class='ocrx_word' id='word_1_143' title='bbox 889 1117 943 1150; x_wconf 86' lang='lat' dir='ltr'><strong>illa,</strong></span> <span class='ocrx_word' id='word_1_144' title='bbox 968 1118 1036 1145; x_wconf 89' lang='lat' dir='ltr'><strong>bona</strong></span> 
     </span>
    </p>
   </div>
   <div class='ocr_carea' id='block_1_22' title="bbox 249 1160 1039 1199">
    <p class='ocr_par' dir='ltr' id='par_1_22' title="bbox 249 1160 1039 1199">
     <span class='ocr_line' id='line_1_22' title="bbox 249 1160 1039 1199; baseline 0.004 -12"><span class='ocrx_word' id='word_1_145' title='bbox 249 1160 407 1198; x_wconf 80' lang='lat' dir='ltr'><strong>pollicetur;</strong></span> <span class='ocrx_word' id='word_1_146' title='bbox 436 1162 692 1199; x_wconf 77' lang='lat' dir='ltr'><strong>transgredientibus</strong></span> <span class='ocrx_word' id='word_1_147' title='bbox 705 1170 769 1190; x_wconf 90' lang='lat' dir='ltr'><strong>vero</strong></span> <span class='ocrx_word' id='word_1_148' title='bbox 789 1163 945 1197; x_wconf 78' lang='lat' dir='ltr'><strong>gravissima</strong></span> <span class='ocrx_word' id='word_1_149' title='bbox 970 1164 1039 1191; x_wconf 86' lang='lat' dir='ltr'><strong>tnala</strong></span> 
     </span>
    </p>
   </div>
   <div class='ocr_carea' id='block_1_23' title="bbox 248 1200 1041 1247">
    <p class='ocr_par' dir='ltr' id='par_1_23' title="bbox 248 1200 1041 1247">
     <span class='ocr_line' id='line_1_23' title="bbox 248 1200 1041 1247; baseline 0.004 -13"><span class='ocrx_word' id='word_1_150' title='bbox 248 1203 373 1247; x_wconf 70' lang='lat' dir='ltr'><strong>minatur.</strong></span> <span class='ocrx_word' id='word_1_151' title='bbox 390 1200 461 1247; x_wconf 74' lang='lat' dir='ltr'><strong>inter</strong></span> <span class='ocrx_word' id='word_1_152' title='bbox 486 1208 559 1245; x_wconf 85' lang='lat' dir='ltr'><strong>cibos</strong></span> <span class='ocrx_word' id='word_1_153' title='bbox 585 1213 673 1246; x_wconf 85' lang='lat' dir='ltr'><strong>autem</strong></span> <span class='ocrx_word' id='word_1_154' title='bbox 698 1209 813 1236; x_wconf 91' lang='lat' dir='ltr'><strong>mundos</strong></span> <span class='ocrx_word' id='word_1_155' title='bbox 837 1214 863 1236; x_wconf 90' lang='lat' dir='ltr'><strong>et</strong></span> <span class='ocrx_word' id='word_1_156' title='bbox 889 1210 1041 1237; x_wconf 87' lang='lat' dir='ltr'><strong>iutmundos</strong></span> 
     </span>
    </p>
   </div>
   <div class='ocr_carea' id='block_1_24' title="bbox 247 1253 1040 1290">
    <p class='ocr_par' dir='ltr' id='par_1_24' title="bbox 247 1253 1040 1290">
     <span class='ocr_line' id='line_1_24' title="bbox 247 1253 1040 1290; baseline 0.003 -10"><span class='ocrx_word' id='word_1_157' title='bbox 247 1253 446 1282; x_wconf 81' lang='lat' dir='ltr'><strong>distinctionem</strong></span> <span class='ocrx_word' id='word_1_158' title='bbox 461 1254 610 1289; x_wconf 77' lang='lat' dir='ltr'><strong>hujustnodi</strong></span> <span class='ocrx_word' id='word_1_159' title='bbox 624 1255 708 1290; x_wconf 83' lang='lat' dir='ltr'><strong>ponit.</strong></span> <span class='ocrx_word' id='word_1_160' title='bbox 723 1256 749 1282; x_wconf 93' lang='lat' dir='ltr'><strong>lu</strong></span> <span class='ocrx_word' id='word_1_161' title='bbox 766 1256 850 1286; x_wconf 86' lang='lat' dir='ltr'><strong>brutis</strong></span> <span class='ocrx_word' id='word_1_162' title='bbox 861 1256 1040 1285; x_wconf 80' lang='lat' dir='ltr'><strong>animantibus</strong></span> 
     </span>
    </p>
   </div>
   <div class='ocr_carea' id='block_1_25' title="bbox 247 1299 1039 1339">
    <p class='ocr_par' dir='ltr' id='par_1_25' title="bbox 247 1299 1039 1339">
     <span class='ocr_line' id='line_1_25' title="bbox 247 1299 1039 1339; baseline 0.001 -13"><span class='ocrx_word' id='word_1_163' title='bbox 247 1299 304 1339; x_wconf 58' lang='lat' dir='ltr'><strong>hac</strong></span> <span class='ocrx_word' id='word_1_164' title='bbox 316 1299 413 1327; x_wconf 89' lang='lat' dir='ltr'><strong>munda</strong></span> <span class='ocrx_word' id='word_1_165' title='bbox 427 1299 491 1327; x_wconf 86' lang='lat' dir='ltr'><strong>dicit</strong></span> <span class='ocrx_word' id='word_1_166' title='bbox 500 1308 636 1336; x_wconf 82' lang='lat' dir='ltr'><strong>esse,qu:c</strong></span> <span class='ocrx_word' id='word_1_167' title='bbox 645 1301 767 1335; x_wconf 75' lang='lat' dir='ltr'><strong>ungulam</strong></span> <span class='ocrx_word' id='word_1_168' title='bbox 776 1300 906 1333; x_wconf 88' lang='lat' dir='ltr'><strong>dividunt,</strong></span> <span class='ocrx_word' id='word_1_169' title='bbox 918 1306 945 1332; x_wconf 78' lang='lat' dir='ltr'><strong>et</strong></span> <span class='ocrx_word' id='word_1_170' title='bbox 956 1301 1039 1335; x_wconf 78' lang='lat' dir='ltr'><strong>genti-</strong></span> 
     </span>
    </p>
   </div>
   <div class='ocr_carea' id='block_1_26' title="bbox 247 1345 1039 1383">
    <p class='ocr_par' dir='ltr' id='par_1_26' title="bbox 247 1345 1039 1383">
     <span class='ocr_line' id='line_1_26' title="bbox 247 1345 1039 1383; baseline 0.003 -11"><span class='ocrx_word' id='word_1_171' title='bbox 247 1352 296 1373; x_wconf 84' lang='lat' dir='ltr'><strong>nas</strong></span> <span class='ocrx_word' id='word_1_172' title='bbox 309 1345 419 1381; x_wconf 81' lang='lat' dir='ltr'><strong>ungulas</strong></span> <span class='ocrx_word' id='word_1_173' title='bbox 433 1345 542 1380; x_wconf 89' lang='lat' dir='ltr'><strong>habent,</strong></span> <span class='ocrx_word' id='word_1_174' title='bbox 556 1353 586 1374; x_wconf 90' lang='lat' dir='ltr'><strong>ac</strong></span> <span class='ocrx_word' id='word_1_175' title='bbox 602 1347 804 1374; x_wconf 89' lang='lat' dir='ltr'><strong>rominationem</strong></span> <span class='ocrx_word' id='word_1_176' title='bbox 820 1352 961 1382; x_wconf 79' lang='lat' dir='ltr'><strong>regerunt;</strong></span> <span class='ocrx_word' id='word_1_177' title='bbox 974 1355 1039 1383; x_wconf 89' lang='lat' dir='ltr'><strong>qua-</strong></span> 
     </span>
    </p>
   </div>
   <div class='ocr_carea' id='block_1_27' title="bbox 246 1391 1038 1430">
    <p class='ocr_par' dir='ltr' id='par_1_27' title="bbox 246 1391 1038 1430">
     <span class='ocr_line' id='line_1_27' title="bbox 246 1391 1038 1430; baseline 0.003 -12"><span class='ocrx_word' id='word_1_178' title='bbox 246 1391 281 1430; x_wconf 78' lang='lat' dir='ltr'><strong>lia</strong></span> <span class='ocrx_word' id='word_1_179' title='bbox 295 1395 357 1419; x_wconf 89' lang='lat' dir='ltr'><strong>sunt</strong></span> <span class='ocrx_word' id='word_1_180' title='bbox 369 1392 477 1425; x_wconf 85' lang='lat' dir='ltr'><strong>vitulus,</strong></span> <span class='ocrx_word' id='word_1_181' title='bbox 492 1393 559 1424; x_wconf 88' lang='lat' dir='ltr'><strong>ovis,</strong></span> <span class='ocrx_word' id='word_1_182' title='bbox 575 1400 663 1427; x_wconf 85' lang='lat' dir='ltr'><strong>capra,</strong></span> <span class='ocrx_word' id='word_1_183' title='bbox 678 1399 784 1425; x_wconf 85' lang='lat' dir='ltr'><strong>cervus,</strong></span> <span class='ocrx_word' id='word_1_184' title='bbox 796 1392 916 1427; x_wconf 85' lang='lat' dir='ltr'><strong>bnbalns,</strong></span> <span class='ocrx_word' id='word_1_185' title='bbox 932 1401 1038 1427; x_wconf 83' lang='lat' dir='ltr'><strong>caprea,</strong></span> 
     </span>
    </p>
   </div>
   <div class='ocr_carea' id='block_1_28' title="bbox 246 1437 1040 1474">
    <p class='ocr_par' dir='ltr' id='par_1_28' title="bbox 246 1437 1040 1474">
     <span class='ocr_line' id='line_1_28' title="bbox 246 1437 1040 1474; baseline 0.001 -10"><span class='ocrx_word' id='word_1_186' title='bbox 246 1444 322 1473; x_wconf 94' lang='lat' dir='ltr'><strong>oryx,</strong></span> <span class='ocrx_word' id='word_1_187' title='bbox 345 1444 486 1474; x_wconf 72' lang='lat' dir='ltr'><strong>pygargus,</strong></span> <span class='ocrx_word' id='word_1_188' title='bbox 504 1438 684 1472; x_wconf 81' lang='lat' dir='ltr'><strong>tragelaphtts,</strong></span> <span class='ocrx_word' id='word_1_189' title='bbox 710 1437 938 1473; x_wconf 84' lang='lat' dir='ltr'><strong>camelopardalis,</strong></span> <span class='ocrx_word' id='word_1_190' title='bbox 954 1442 981 1466; x_wconf 90' lang='lat' dir='ltr'><strong>et</strong></span> <span class='ocrx_word' id='word_1_191' title='bbox 1004 1439 1040 1469; x_wconf 87' lang='lat' dir='ltr'><strong>si-</strong></span> 
     </span>
    </p>
   </div>
   <div class='ocr_carea' id='block_1_29' title="bbox 246 1481 1039 1522">
    <p class='ocr_par' dir='ltr' id='par_1_29' title="bbox 246 1481 1039 1522">
     <span class='ocr_line' id='line_1_29' title="bbox 246 1481 1039 1522; baseline 0.001 -14"><span class='ocrx_word' id='word_1_192' title='bbox 246 1481 328 1522; x_wconf 71' lang='lat' dir='ltr'><strong>milia.</strong></span> <span class='ocrx_word' id='word_1_193' title='bbox 343 1481 371 1510; x_wconf 89' lang='lat' dir='ltr'><strong>Si</strong></span> <span class='ocrx_word' id='word_1_194' title='bbox 379 1489 443 1510; x_wconf 87' lang='lat' dir='ltr'><strong>vero</strong></span> <span class='ocrx_word' id='word_1_195' title='bbox 457 1482 592 1517; x_wconf 87' lang='lat' dir='ltr'><strong>quidpiam</strong></span> <span class='ocrx_word' id='word_1_196' title='bbox 604 1490 696 1510; x_wconf 87' lang='lat' dir='ltr'><strong>eorum</strong></span> <span class='ocrx_word' id='word_1_197' title='bbox 707 1482 830 1516; x_wconf 81' lang='lat' dir='ltr'><strong>defuerit,</strong></span> <span class='ocrx_word' id='word_1_198' title='bbox 846 1490 893 1517; x_wconf 88' lang='lat' dir='ltr'><strong>pro</strong></span> <span class='ocrx_word' id='word_1_199' title='bbox 904 1482 1039 1517; x_wconf 85' lang='lat' dir='ltr'><strong>immundo</strong></span> 
     </span>
    </p>
   </div>
   <div class='ocr_carea' id='block_1_30' title="bbox 246 1526 1038 1567">
    <p class='ocr_par' dir='ltr' id='par_1_30' title="bbox 246 1526 1038 1567">
     <span class='ocr_line' id='line_1_30' title="bbox 246 1526 1038 1567; baseline 0.001 -14"><span class='ocrx_word' id='word_1_200' title='bbox 246 1526 395 1567; x_wconf 81' lang='lat' dir='ltr'><strong>habebitur,</strong></span> <span class='ocrx_word' id='word_1_201' title='bbox 410 1531 438 1554; x_wconf 92' lang='lat' dir='ltr'><strong>ut</strong></span> <span class='ocrx_word' id='word_1_202' title='bbox 465 1532 526 1562; x_wconf 85' lang='lat' dir='ltr'><strong>sunt</strong></span> <span class='ocrx_word' id='word_1_203' title='bbox 551 1527 679 1563; x_wconf 82' lang='lat' dir='ltr'><strong>catttelus,</strong></span> <span class='ocrx_word' id='word_1_204' title='bbox 706 1527 793 1562; x_wconf 86' lang='lat' dir='ltr'><strong>lepus,</strong></span> <span class='ocrx_word' id='word_1_205' title='bbox 822 1527 1038 1563; x_wconf 67' lang='lat' dir='ltr'><strong>chmrogryllus:</strong></span> 
     </span>
    </p>
   </div>
   <div class='ocr_carea' id='block_1_31' title="bbox 246 1572 1039 1613">
    <p class='ocr_par' dir='ltr' id='par_1_31' title="bbox 246 1572 1039 1613">
     <span class='ocr_line' id='line_1_31' title="bbox 246 1572 1039 1613; baseline 0.001 -13"><span class='ocrx_word' id='word_1_206' title='bbox 246 1572 304 1610; x_wconf 57' lang='lat' dir='ltr'><strong>hate</strong></span> <span class='ocrx_word' id='word_1_207' title='bbox 316 1573 388 1613; x_wconf 80' lang='lat' dir='ltr'><strong>enim</strong></span> <span class='ocrx_word' id='word_1_208' title='bbox 414 1573 549 1613; x_wconf 70' lang='lat' dir='ltr'><strong>ruminapt</strong></span> <span class='ocrx_word' id='word_1_209' title='bbox 559 1574 676 1609; x_wconf 86' lang='lat' dir='ltr'><strong>quidem,</strong></span> <span class='ocrx_word' id='word_1_210' title='bbox 691 1573 737 1601; x_wconf 88' lang='lat' dir='ltr'><strong>sed</strong></span> <span class='ocrx_word' id='word_1_211' title='bbox 755 1574 879 1610; x_wconf 79' lang='lat' dir='ltr'><strong>ungulam</strong></span> <span class='ocrx_word' id='word_1_212' title='bbox 904 1581 955 1601; x_wconf 91' lang='lat' dir='ltr'><strong>non</strong></span> <span class='ocrx_word' id='word_1_213' title='bbox 985 1573 1039 1601; x_wconf 82' lang='lat' dir='ltr'><strong>fin-</strong></span> 
     </span>
    </p>
   </div>
   <div class='ocr_carea' id='block_1_32' title="bbox 245 1618 1036 1655">
    <p class='ocr_par' dir='ltr' id='par_1_32' title="bbox 245 1618 1036 1655">
     <span class='ocr_line' id='line_1_32' title="bbox 245 1618 1036 1655; baseline 0.001 -9"><span class='ocrx_word' id='word_1_214' title='bbox 245 1618 328 1652; x_wconf 87' lang='lat' dir='ltr'><strong>dunt;</strong></span> <span class='ocrx_word' id='word_1_215' title='bbox 341 1623 368 1647; x_wconf 88' lang='lat' dir='ltr'><strong>et</strong></span> <span class='ocrx_word' id='word_1_216' title='bbox 381 1627 427 1647; x_wconf 90' lang='lat' dir='ltr'><strong>sus</strong></span> <span class='ocrx_word' id='word_1_217' title='bbox 440 1627 544 1655; x_wconf 85' lang='lat' dir='ltr'><strong>quoque</strong></span> <span class='ocrx_word' id='word_1_218' title='bbox 560 1627 566 1646; x_wconf 92' lang='lat'>:</span> <span class='ocrx_word' id='word_1_219' title='bbox 584 1627 644 1646; x_wconf 86' lang='lat' dir='ltr'><strong>nam</strong></span> <span class='ocrx_word' id='word_1_220' title='bbox 660 1619 702 1652; x_wconf 84' lang='lat' dir='ltr'><strong>hic</strong></span> <span class='ocrx_word' id='word_1_221' title='bbox 716 1620 826 1655; x_wconf 76' lang='lat' dir='ltr'><strong>ungulas</strong></span> <span class='ocrx_word' id='word_1_222' title='bbox 839 1620 957 1647; x_wconf 87' lang='lat' dir='ltr'><strong>habetac</strong></span> <span class='ocrx_word' id='word_1_223' title='bbox 967 1620 1036 1647; x_wconf 85' lang='lat' dir='ltr'><strong>divi-</strong></span> 
     </span>
    </p>
   </div>
   <div class='ocr_carea' id='block_1_33' title="bbox 249 1664 1040 1701">
    <p class='ocr_par' dir='ltr' id='par_1_33' title="bbox 249 1664 1040 1701">
     <span class='ocr_line' id='line_1_33' title="bbox 249 1664 1040 1701; baseline 0.001 -9"><span class='ocrx_word' id='word_1_224' title='bbox 249 1665 297 1697; x_wconf 88' lang='lat' dir='ltr'><strong>dit,</strong></span> <span class='ocrx_word' id='word_1_225' title='bbox 313 1665 360 1693; x_wconf 84' lang='lat' dir='ltr'><strong>sed</strong></span> <span class='ocrx_word' id='word_1_226' title='bbox 372 1673 424 1692; x_wconf 89' lang='lat' dir='ltr'><strong>non</strong></span> <span class='ocrx_word' id='word_1_227' title='bbox 440 1665 562 1693; x_wconf 86' lang='lat' dir='ltr'><strong>ruminat.</strong></span> <span class='ocrx_word' id='word_1_228' title='bbox 581 1665 618 1693; x_wconf 89' lang='lat' dir='ltr'><strong>De</strong></span> <span class='ocrx_word' id='word_1_229' title='bbox 633 1664 782 1692; x_wconf 83' lang='lat' dir='ltr'><strong>volatilibus</strong></span> <span class='ocrx_word' id='word_1_230' title='bbox 793 1673 856 1692; x_wconf 88' lang='lat' dir='ltr'><strong>vero</strong></span> <span class='ocrx_word' id='word_1_231' title='bbox 868 1673 927 1701; x_wconf 49' lang='lat' dir='ltr'><strong>quae</strong></span> <span class='ocrx_word' id='word_1_232' title='bbox 938 1665 980 1693; x_wconf 86' lang='lat' dir='ltr'><strong>edi</strong></span> <span class='ocrx_word' id='word_1_233' title='bbox 995 1673 1040 1693; x_wconf 88' lang='lat' dir='ltr'><strong>vc-</strong></span> 
     </span>
    </p>
   </div>
   <div class='ocr_carea' id='block_1_34' title="bbox 245 1710 1036 1748">
    <p class='ocr_par' dir='ltr' id='par_1_34' title="bbox 245 1710 1036 1748">
     <span class='ocr_line' id='line_1_34' title="bbox 245 1710 1036 1748; baseline 0.001 -11"><span class='ocrx_word' id='word_1_234' title='bbox 245 1713 292 1748; x_wconf 75' lang='lat' dir='ltr'><strong>tat,</strong></span> <span class='ocrx_word' id='word_1_235' title='bbox 317 1710 376 1739; x_wconf 66' lang='lat' dir='ltr'><strong>haec</strong></span> <span class='ocrx_word' id='word_1_236' title='bbox 400 1715 462 1738; x_wconf 92' lang='lat' dir='ltr'><strong>sunt</strong></span> <span class='ocrx_word' id='word_1_237' title='bbox 479 1720 485 1738; x_wconf 93' lang='lat'>:</span> <span class='ocrx_word' id='word_1_238' title='bbox 501 1711 598 1746; x_wconf 87' lang='lat' dir='ltr'><strong>aquila,</strong></span> <span class='ocrx_word' id='word_1_239' title='bbox 623 1710 749 1746; x_wconf 84' lang='lat' dir='ltr'><strong>gryphes,</strong></span> <span class='ocrx_word' id='word_1_240' title='bbox 774 1711 912 1744; x_wconf 86' lang='lat' dir='ltr'><strong>haliaétus,</strong></span> <span class='ocrx_word' id='word_1_241' title='bbox 937 1712 1036 1744; x_wconf 84' lang='lat' dir='ltr'><strong>vultur,</strong></span> 
     </span>
    </p>
   </div>
   <div class='ocr_carea' id='block_1_35' title="bbox 245 1755 1037 1791">
    <p class='ocr_par' dir='ltr' id='par_1_35' title="bbox 245 1755 1037 1791">
     <span class='ocr_line' id='line_1_35' title="bbox 245 1755 1037 1791; baseline 0 -8"><span class='ocrx_word' id='word_1_242' title='bbox 245 1755 351 1789; x_wconf 86' lang='lat' dir='ltr'><strong>milvos,</strong></span> <span class='ocrx_word' id='word_1_243' title='bbox 379 1764 485 1790; x_wconf 85' lang='lat' dir='ltr'><strong>corvus,</strong></span> <span class='ocrx_word' id='word_1_244' title='bbox 503 1762 529 1784; x_wconf 91' lang='lat' dir='ltr'><strong>et</strong></span> <span class='ocrx_word' id='word_1_245' title='bbox 550 1756 591 1784; x_wconf 84' lang='lat' dir='ltr'><strong>itis</strong></span> <span class='ocrx_word' id='word_1_246' title='bbox 612 1756 718 1788; x_wconf 84' lang='lat' dir='ltr'><strong>similia,</strong></span> <span class='ocrx_word' id='word_1_247' title='bbox 734 1757 860 1790; x_wconf 86' lang='lat' dir='ltr'><strong>accipiter</strong></span> <span class='ocrx_word' id='word_1_248' title='bbox 883 1761 910 1784; x_wconf 88' lang='lat' dir='ltr'><strong>et</strong></span> <span class='ocrx_word' id='word_1_249' title='bbox 929 1757 1037 1791; x_wconf 85' lang='lat' dir='ltr'><strong>similia,</strong></span> 
     </span>
    </p>
   </div>
   <div class='ocr_carea' id='block_1_36' title="bbox 244 1801 1034 1839">
    <p class='ocr_par' dir='ltr' id='par_1_36' title="bbox 244 1801 1034 1839">
     <span class='ocr_line' id='line_1_36' title="bbox 244 1801 1034 1839; baseline 0 -11"><span class='ocrx_word' id='word_1_250' title='bbox 244 1801 396 1836; x_wconf 80' lang='lat' dir='ltr'><strong>nycticorax</strong></span> <span class='ocrx_word' id='word_1_251' title='bbox 420 1806 446 1829; x_wconf 90' lang='lat' dir='ltr'><strong>et</strong></span> <span class='ocrx_word' id='word_1_252' title='bbox 466 1801 561 1839; x_wconf 86' lang='lat' dir='ltr'><strong>similia</strong></span> <span class='ocrx_word' id='word_1_253' title='bbox 575 1821 582 1834; x_wconf 92' lang='lat'><strong>,</strong></span> <span class='ocrx_word' id='word_1_254' title='bbox 605 1806 762 1834; x_wconf 76' lang='lat' dir='ltr'><strong>cataractas,</strong></span> <span class='ocrx_word' id='word_1_255' title='bbox 789 1801 850 1839; x_wconf 69' lang='lat' dir='ltr'><strong>ibis,</strong></span> <span class='ocrx_word' id='word_1_256' title='bbox 880 1802 1034 1838; x_wconf 81' lang='lat' dir='ltr'><strong>porphyrio,</strong></span> 
     </span>
    </p>
   </div>
   <div class='ocr_carea' id='block_1_37' title="bbox 243 1847 1034 1886">
    <p class='ocr_par' dir='ltr' id='par_1_37' title="bbox 243 1847 1034 1886">
     <span class='ocr_line' id='line_1_37' title="bbox 243 1847 1034 1886; baseline 0 -11"><span class='ocrx_word' id='word_1_257' title='bbox 243 1847 388 1883; x_wconf 86' lang='lat' dir='ltr'><strong>pelicanus,</strong></span> <span class='ocrx_word' id='word_1_258' title='bbox 403 1855 513 1884; x_wconf 79' lang='lat' dir='ltr'><strong>cycnus,</strong></span> <span class='ocrx_word' id='word_1_259' title='bbox 529 1848 646 1886; x_wconf 87' lang='lat' dir='ltr'><strong>erodius,</strong></span> <span class='ocrx_word' id='word_1_260' title='bbox 658 1847 822 1886; x_wconf 85' lang='lat' dir='ltr'><strong>charadrius,</strong></span> <span class='ocrx_word' id='word_1_261' title='bbox 834 1852 860 1875; x_wconf 89' lang='lat' dir='ltr'><strong>et</strong></span> <span class='ocrx_word' id='word_1_262' title='bbox 875 1848 915 1874; x_wconf 90' lang='lat' dir='ltr'><strong>his</strong></span> <span class='ocrx_word' id='word_1_263' title='bbox 926 1848 1034 1886; x_wconf 85' lang='lat' dir='ltr'><strong>similia,</strong></span> 
     </span>
    </p>
   </div>
   <div class='ocr_carea' id='block_1_38' title="bbox 243 1884 1037 1932">
    <p class='ocr_par' dir='ltr' id='par_1_38' title="bbox 243 1884 1037 1932">
     <span class='ocr_line' id='line_1_38' title="bbox 243 1884 1037 1932; baseline 0 -10"><span class='ocrx_word' id='word_1_264' title='bbox 243 1890 330 1930; x_wconf 75' lang='lat' dir='ltr'><strong>upupa</strong></span> <span class='ocrx_word' id='word_1_265' title='bbox 343 1899 371 1922; x_wconf 87' lang='lat' dir='ltr'><strong>et</strong></span> <span class='ocrx_word' id='word_1_266' title='bbox 384 1895 546 1930; x_wconf 86' lang='lat' dir='ltr'><strong>vespertilio.</strong></span> <span class='ocrx_word' id='word_1_267' title='bbox 573 1884 701 1929; x_wconf 79' lang='lat' dir='ltr'><strong>[tepentia</strong></span> <span class='ocrx_word' id='word_1_268' title='bbox 717 1884 842 1927; x_wconf 84' lang='lat' dir='ltr'><strong>volatilia,</strong></span> <span class='ocrx_word' id='word_1_269' title='bbox 858 1884 955 1922; x_wconf 76' lang='lat' dir='ltr'><strong>omnia&#39;</strong></span> <span class='ocrx_word' id='word_1_270' title='bbox 972 1895 1037 1932; x_wconf 83' lang='lat' dir='ltr'><strong>dicit</strong></span> 
     </span>
    </p>
   </div>
   <div class='ocr_carea' id='block_1_39' title="bbox 242 1940 1036 1976">
    <p class='ocr_par' dir='ltr' id='par_1_39' title="bbox 242 1940 1036 1976">
     <span class='ocr_line' id='line_1_39' title="bbox 242 1940 1036 1976; baseline 0 -8"><span class='ocrx_word' id='word_1_271' title='bbox 242 1948 302 1974; x_wconf 80' lang='lat' dir='ltr'><strong>esse</strong></span> <span class='ocrx_word' id='word_1_272' title='bbox 315 1940 460 1973; x_wconf 85' lang='lat' dir='ltr'><strong>immunda,</strong></span> <span class='ocrx_word' id='word_1_273' title='bbox 474 1948 532 1976; x_wconf 66' lang='lat' dir='ltr'><strong>quae</strong></span> <span class='ocrx_word' id='word_1_274' title='bbox 543 1945 655 1975; x_wconf 90' lang='lat' dir='ltr'><strong>quatuor</strong></span> <span class='ocrx_word' id='word_1_275' title='bbox 664 1940 773 1975; x_wconf 89' lang='lat' dir='ltr'><strong>pedibus</strong></span> <span class='ocrx_word' id='word_1_276' title='bbox 785 1940 941 1976; x_wconf 84' lang='lat' dir='ltr'><strong>gradiuntur</strong></span> <span class='ocrx_word' id='word_1_277' title='bbox 962 1948 1036 1975; x_wconf 74' lang='lat' dir='ltr'><strong>qum-</strong></span> 
     </span>
    </p>
   </div>
   <div class='ocr_carea' id='block_1_40' title="bbox 243 1985 1036 2022">
    <p class='ocr_par' dir='ltr' id='par_1_40' title="bbox 243 1985 1036 2022">
     <span class='ocr_line' id='line_1_40' title="bbox 243 1985 1036 2022; baseline -0.001 -7"><span class='ocrx_word' id='word_1_278' title='bbox 243 1995 295 2022; x_wconf 80' lang='lat' dir='ltr'><strong>que</strong></span> <span class='ocrx_word' id='word_1_279' title='bbox 305 1995 381 2015; x_wconf 84' lang='lat' dir='ltr'><strong>crura</strong></span> <span class='ocrx_word' id='word_1_280' title='bbox 398 1987 508 2022; x_wconf 88' lang='lat' dir='ltr'><strong>pedibus</strong></span> <span class='ocrx_word' id='word_1_281' title='bbox 519 1986 672 2014; x_wconf 84' lang='lat' dir='ltr'><strong>sublimiora</strong></span> <span class='ocrx_word' id='word_1_282' title='bbox 690 1987 798 2018; x_wconf 84' lang='lat' dir='ltr'><strong>habent,</strong></span> <span class='ocrx_word' id='word_1_283' title='bbox 812 1987 847 2013; x_wconf 90' lang='lat' dir='ltr'><strong>ita</strong></span> <span class='ocrx_word' id='word_1_284' title='bbox 864 1990 892 2014; x_wconf 89' lang='grc' dir='ltr'><strong>ιιι</strong></span> <span class='ocrx_word' id='word_1_285' title='bbox 903 1986 928 2013; x_wconf 90' lang='lat' dir='ltr'><strong>iu</strong></span> <span class='ocrx_word' id='word_1_286' title='bbox 951 1985 1004 2019; x_wconf 79' lang='lat' dir='ltr'><strong>illis</strong></span> <span class='ocrx_word' id='word_1_287' title='bbox 1021 1994 1036 2014; x_wconf 92' lang='lat' dir='ltr'><strong>a</strong></span> 
     </span>
    </p>
   </div>
   <div class='ocr_carea' id='block_1_41' title="bbox 242 2024 1034 2068">
    <p class='ocr_par' dir='ltr' id='par_1_41' title="bbox 242 2024 1034 2068">
     <span class='ocr_line' id='line_1_41' title="bbox 242 2024 1034 2068; baseline -0.005 -6"><span class='ocrx_word' id='word_1_288' title='bbox 242 2024 313 2068; x_wconf 55' lang='grc' dir='ltr'><strong>ᾔρει-τε</strong></span> <span class='ocrx_word' id='word_1_289' title='bbox 328 2034 434 2067; x_wconf 79' lang='lat' dir='ltr'><strong>saliunt,</strong></span> <span class='ocrx_word' id='word_1_290' title='bbox 450 2033 536 2068; x_wconf 86' lang='lat' dir='ltr'><strong>qualia</strong></span> <span class='ocrx_word' id='word_1_291' title='bbox 544 2038 607 2060; x_wconf 88' lang='lat' dir='ltr'><strong>sunt</strong></span> <span class='ocrx_word' id='word_1_292' title='bbox 622 2033 748 2065; x_wconf 77' lang='lat' dir='ltr'><strong>bruchus,</strong></span> <span class='ocrx_word' id='word_1_293' title='bbox 770 2033 892 2067; x_wconf 87' lang='lat' dir='ltr'><strong>pittacus,</strong></span> <span class='ocrx_word' id='word_1_294' title='bbox 921 2036 1034 2067; x_wconf 77' lang='lat' dir='ltr'><strong>attagns,</strong></span> 
     </span>
    </p>
   </div>
   <div class='ocr_carea' id='block_1_42' title="bbox 242 2071 1033 2119">
    <p class='ocr_par' dir='ltr' id='par_1_42' title="bbox 242 2071 1033 2119">
     <span class='ocr_line' id='line_1_42' title="bbox 242 2071 1033 2119; baseline -0.005 -12"><span class='ocrx_word' id='word_1_295' title='bbox 242 2071 344 2119; x_wconf 67' lang='lat' dir='ltr'><strong>iocusta</strong></span> <span class='ocrx_word' id='word_1_296' title='bbox 358 2083 385 2107; x_wconf 88' lang='lat' dir='ltr'><strong>et</strong></span> <span class='ocrx_word' id='word_1_297' title='bbox 405 2078 513 2110; x_wconf 83' lang='lat' dir='ltr'><strong>similia,</strong></span> <span class='ocrx_word' id='word_1_298' title='bbox 537 2083 564 2106; x_wconf 89' lang='lat' dir='ltr'><strong>et</strong></span> <span class='ocrx_word' id='word_1_299' title='bbox 590 2078 698 2105; x_wconf 83' lang='lat' dir='ltr'><strong>lacerta.</strong></span> <span class='ocrx_word' id='word_1_300' title='bbox 720 2078 785 2110; x_wconf 76' lang='lat' dir='ltr'><strong>Qua:</strong></span> <span class='ocrx_word' id='word_1_301' title='bbox 814 2085 878 2104; x_wconf 92' lang='lat' dir='ltr'><strong>vero</strong></span> <span class='ocrx_word' id='word_1_302' title='bbox 900 2077 925 2104; x_wconf 88' lang='lat' dir='ltr'><strong>itt</strong></span> <span class='ocrx_word' id='word_1_303' title='bbox 949 2077 1033 2112; x_wconf 88' lang='lat' dir='ltr'><strong>aquis,</strong></span> 
     </span>
    </p>
   </div>
   <div class='ocr_carea' id='block_1_43' title="bbox 242 2115 1029 2163">
    <p class='ocr_par' dir='ltr' id='par_1_43' title="bbox 242 2115 1029 2163">
     <span class='ocr_line' id='line_1_43' title="bbox 242 2115 1029 2163; baseline -0.005 -10"><span class='ocrx_word' id='word_1_304' title='bbox 242 2115 300 2161; x_wconf 56' lang='lat' dir='ltr'><strong>sive</strong></span> <span class='ocrx_word' id='word_1_305' title='bbox 314 2125 340 2153; x_wconf 91' lang='lat' dir='ltr'><strong>in</strong></span> <span class='ocrx_word' id='word_1_306' title='bbox 356 2125 432 2163; x_wconf 66' lang='lat' dir='ltr'><strong>mari,</strong></span> <span class='ocrx_word' id='word_1_307' title='bbox 448 2125 505 2156; x_wconf 73' lang='lat' dir='ltr'><strong>sive</strong></span> <span class='ocrx_word' id='word_1_308' title='bbox 519 2125 546 2151; x_wconf 93' lang='lat' dir='ltr'><strong>iu</strong></span> <span class='ocrx_word' id='word_1_309' title='bbox 561 2124 713 2151; x_wconf 88' lang='lat' dir='ltr'><strong>ilutuittibtts</strong></span> <span class='ocrx_word' id='word_1_310' title='bbox 736 2131 767 2151; x_wconf 84' lang='lat' dir='ltr'><strong>ac</strong></span> <span class='ocrx_word' id='word_1_311' title='bbox 781 2123 944 2151; x_wconf 84' lang='lat' dir='ltr'><strong>torrentibus</strong></span> <span class='ocrx_word' id='word_1_312' title='bbox 958 2128 1029 2156; x_wconf 88' lang='lat' dir='ltr'><strong>ttata,</strong></span> 
     </span>
    </p>
   </div>
   <div class='ocr_carea' id='block_1_44' title="bbox 243 2169 1031 2204">
    <p class='ocr_par' dir='ltr' id='par_1_44' title="bbox 243 2169 1031 2204">
     <span class='ocr_line' id='line_1_44' title="bbox 243 2169 1031 2204; baseline -0.003 -6"><span class='ocrx_word' id='word_1_313' title='bbox 243 2170 301 2198; x_wconf 66' lang='lat' dir='ltr'><strong>hate</strong></span> <span class='ocrx_word' id='word_1_314' title='bbox 313 2170 377 2198; x_wconf 88' lang='lat' dir='ltr'><strong>dicit</strong></span> <span class='ocrx_word' id='word_1_315' title='bbox 389 2177 449 2199; x_wconf 86' lang='lat' dir='ltr'><strong>esse</strong></span> <span class='ocrx_word' id='word_1_316' title='bbox 463 2170 571 2203; x_wconf 80' lang='lat' dir='ltr'><strong>munda,</strong></span> <span class='ocrx_word' id='word_1_317' title='bbox 589 2170 631 2197; x_wconf 84' lang='lat' dir='ltr'><strong>illa</strong></span> <span class='ocrx_word' id='word_1_318' title='bbox 652 2169 776 2197; x_wconf 89' lang='lat' dir='ltr'><strong>videlicet</strong></span> <span class='ocrx_word' id='word_1_319' title='bbox 799 2177 858 2204; x_wconf 75' lang='lat' dir='ltr'><strong>qua:</strong></span> <span class='ocrx_word' id='word_1_320' title='bbox 884 2170 977 2203; x_wconf 83' lang='lat' dir='ltr'><strong>pinnas</strong></span> <span class='ocrx_word' id='word_1_321' title='bbox 1005 2173 1031 2196; x_wconf 85' lang='lat' dir='ltr'><strong>et</strong></span> 
     </span>
    </p>
   </div>
   <div class='ocr_carea' id='block_1_45' title="bbox 243 2214 1034 2252">
    <p class='ocr_par' dir='ltr' id='par_1_45' title="bbox 243 2214 1034 2252">
     <span class='ocr_line' id='line_1_45' title="bbox 243 2214 1034 2252; baseline -0.004 -9"><span class='ocrx_word' id='word_1_322' title='bbox 243 2222 368 2251; x_wconf 85' lang='lat' dir='ltr'><strong>squamas</strong></span> <span class='ocrx_word' id='word_1_323' title='bbox 377 2215 492 2248; x_wconf 85' lang='lat' dir='ltr'><strong>habent;</strong></span> <span class='ocrx_word' id='word_1_324' title='bbox 510 2220 539 2248; x_wconf 77' lang='lat' dir='ltr'><strong>ut</strong></span> <span class='ocrx_word' id='word_1_325' title='bbox 551 2220 612 2252; x_wconf 79' lang='lat' dir='ltr'><strong>sunt</strong></span> <span class='ocrx_word' id='word_1_326' title='bbox 626 2215 712 2250; x_wconf 72' lang='lat' dir='ltr'><strong>trigla,</strong></span> <span class='ocrx_word' id='word_1_327' title='bbox 726 2222 828 2247; x_wconf 87' lang='lat' dir='ltr'><strong>scarus,</strong></span> <span class='ocrx_word' id='word_1_328' title='bbox 842 2214 961 2250; x_wconf 85' lang='lat' dir='ltr'><strong>glaucus,</strong></span> <span class='ocrx_word' id='word_1_329' title='bbox 974 2222 1034 2241; x_wconf 89' lang='lat' dir='ltr'><strong>ces-</strong></span> 
     </span>
    </p>
   </div>
   <div class='ocr_carea' id='block_1_46' title="bbox 243 2260 1035 2297">
    <p class='ocr_par' dir='ltr' id='par_1_46' title="bbox 243 2260 1035 2297">
     <span class='ocr_line' id='line_1_46' title="bbox 243 2260 1035 2297; baseline -0.005 -7"><span class='ocrx_word' id='word_1_330' title='bbox 243 2265 326 2295; x_wconf 75' lang='lat' dir='ltr'><strong>treus,</strong></span> <span class='ocrx_word' id='word_1_331' title='bbox 341 2266 369 2290; x_wconf 86' lang='lat' dir='ltr'><strong>et</strong></span> <span class='ocrx_word' id='word_1_332' title='bbox 382 2269 442 2297; x_wconf 79' lang='lat' dir='ltr'><strong>quze</strong></span> <span class='ocrx_word' id='word_1_333' title='bbox 456 2261 497 2289; x_wconf 85' lang='lat' dir='ltr'><strong>his</strong></span> <span class='ocrx_word' id='word_1_334' title='bbox 509 2265 572 2290; x_wconf 88' lang='lat' dir='ltr'><strong>sunt</strong></span> <span class='ocrx_word' id='word_1_335' title='bbox 583 2261 688 2291; x_wconf 82' lang='lat' dir='ltr'><strong>similia.</strong></span> <span class='ocrx_word' id='word_1_336' title='bbox 707 2260 771 2294; x_wconf 74' lang='lat' dir='ltr'><strong>Qum</strong></span> <span class='ocrx_word' id='word_1_337' title='bbox 782 2265 870 2287; x_wconf 80' lang='lat' dir='ltr'><strong>autern</strong></span> <span class='ocrx_word' id='word_1_338' title='bbox 886 2260 973 2295; x_wconf 90' lang='lat' dir='ltr'><strong>aliquo</strong></span> <span class='ocrx_word' id='word_1_339' title='bbox 987 2267 1035 2287; x_wconf 88' lang='lat' dir='ltr'><strong>eo-</strong></span> 
     </span>
    </p>
   </div>
   <div class='ocr_carea' id='block_1_47' title="bbox 242 2305 1032 2343">
    <p class='ocr_par' dir='ltr' id='par_1_47' title="bbox 242 2305 1032 2343">
     <span class='ocr_line' id='line_1_47' title="bbox 242 2305 1032 2343; baseline -0.005 -8"><span class='ocrx_word' id='word_1_340' title='bbox 242 2316 302 2343; x_wconf 83' lang='lat' dir='ltr'><strong>rum</strong></span> <span class='ocrx_word' id='word_1_341' title='bbox 320 2312 420 2341; x_wconf 87' lang='lat' dir='ltr'><strong>carent,</strong></span> <span class='ocrx_word' id='word_1_342' title='bbox 435 2307 569 2335; x_wconf 88' lang='lat' dir='ltr'><strong>immunda</strong></span> <span class='ocrx_word' id='word_1_343' title='bbox 595 2314 645 2335; x_wconf 87' lang='lat' dir='ltr'><strong>nec</strong></span> <span class='ocrx_word' id='word_1_344' title='bbox 667 2306 786 2338; x_wconf 88' lang='lat' dir='ltr'><strong>edenda;</strong></span> <span class='ocrx_word' id='word_1_345' title='bbox 803 2305 927 2333; x_wconf 88' lang='lat' dir='ltr'><strong>videlicet</strong></span> <span class='ocrx_word' id='word_1_346' title='bbox 949 2305 1032 2340; x_wconf 84' lang='lat' dir='ltr'><strong>sepia,</strong></span> 
     </span>
    </p>
   </div>
   <div class='ocr_carea' id='block_1_48' title="bbox 241 2351 1026 2388">
    <p class='ocr_par' dir='ltr' id='par_1_48' title="bbox 241 2351 1026 2388">
     <span class='ocr_line' id='line_1_48' title="bbox 241 2351 1026 2388; baseline -0.004 -8"><span class='ocrx_word' id='word_1_347' title='bbox 241 2360 301 2388; x_wconf 75' lang='lat' dir='ltr'><strong>qua:</strong></span> <span class='ocrx_word' id='word_1_348' title='bbox 315 2353 410 2388; x_wconf 90' lang='lat' dir='ltr'><strong>pinnas</strong></span> <span class='ocrx_word' id='word_1_349' title='bbox 423 2352 510 2384; x_wconf 88' lang='lat' dir='ltr'><strong>habet,</strong></span> <span class='ocrx_word' id='word_1_350' title='bbox 523 2353 640 2387; x_wconf 87' lang='lat' dir='ltr'><strong>squamis</strong></span> <span class='ocrx_word' id='word_1_351' title='bbox 650 2357 738 2384; x_wconf 84' lang='lat' dir='ltr'><strong>autem</strong></span> <span class='ocrx_word' id='word_1_352' title='bbox 750 2356 832 2379; x_wconf 83' lang='lat' dir='ltr'><strong>caret.</strong></span> <span class='ocrx_word' id='word_1_353' title='bbox 848 2351 886 2378; x_wconf 75' lang='lat' dir='ltr'><strong>Ex</strong></span> <span class='ocrx_word' id='word_1_354' title='bbox 898 2351 950 2377; x_wconf 93' lang='lat' dir='ltr'><strong>illis</strong></span> <span class='ocrx_word' id='word_1_355' title='bbox 976 2358 1026 2377; x_wconf 92' lang='lat' dir='ltr'><strong>au-</strong></span> 
     </span>
    </p>
   </div>
   <div class='ocr_carea' id='block_1_49' title="bbox 243 2395 1033 2434">
    <p class='ocr_par' dir='ltr' id='par_1_49' title="bbox 243 2395 1033 2434">
     <span class='ocr_line' id='line_1_49' title="bbox 243 2395 1033 2434; baseline -0.005 -8"><span class='ocrx_word' id='word_1_356' title='bbox 243 2403 296 2426; x_wconf 85' lang='lat' dir='ltr'><strong>tem</strong></span> <span class='ocrx_word' id='word_1_357' title='bbox 307 2406 366 2434; x_wconf 63' lang='lat' dir='ltr'><strong>qua:</strong></span> <span class='ocrx_word' id='word_1_358' title='bbox 375 2406 453 2434; x_wconf 87' lang='lat' dir='ltr'><strong>supra</strong></span> <span class='ocrx_word' id='word_1_359' title='bbox 466 2403 563 2426; x_wconf 87' lang='lat' dir='ltr'><strong>terram</strong></span> <span class='ocrx_word' id='word_1_360' title='bbox 579 2403 684 2432; x_wconf 86' lang='lat' dir='ltr'><strong>repunt,</strong></span> <span class='ocrx_word' id='word_1_361' title='bbox 700 2397 756 2424; x_wconf 63' lang='lat' dir='ltr'><strong>haec</strong></span> <span class='ocrx_word' id='word_1_362' title='bbox 768 2396 902 2423; x_wconf 88' lang='lat' dir='ltr'><strong>immunda</strong></span> <span class='ocrx_word' id='word_1_363' title='bbox 918 2403 978 2423; x_wconf 87' lang='lat' dir='ltr'><strong>esse</strong></span> <span class='ocrx_word' id='word_1_364' title='bbox 991 2395 1033 2422; x_wconf 80' lang='lat' dir='ltr'><strong>di-</strong></span> 
     </span>
    </p>
   </div>
   <div class='ocr_carea' id='block_1_50' title="bbox 241 2440 1033 2480">
    <p class='ocr_par' dir='ltr' id='par_1_50' title="bbox 241 2440 1033 2480">
     <span class='ocr_line' id='line_1_50' title="bbox 241 2440 1033 2480; baseline -0.005 -9"><span class='ocrx_word' id='word_1_365' title='bbox 241 2444 288 2476; x_wconf 89' lang='lat' dir='ltr'><strong>cit,</strong></span> <span class='ocrx_word' id='word_1_366' title='bbox 300 2447 456 2480; x_wconf 64' lang='lat' dir='ltr'><strong>mustelam,</strong></span> <span class='ocrx_word' id='word_1_367' title='bbox 472 2443 634 2470; x_wconf 90' lang='lat' dir='ltr'><strong>crocodilum</strong></span> <span class='ocrx_word' id='word_1_368' title='bbox 650 2446 813 2473; x_wconf 70' lang='lat' dir='ltr'><strong>terrestrem,</strong></span> <span class='ocrx_word' id='word_1_369' title='bbox 827 2441 958 2476; x_wconf 75' lang='lat' dir='ltr'><strong>mygalen,</strong></span> <span class='ocrx_word' id='word_1_370' title='bbox 971 2440 1033 2467; x_wconf 79' lang='lat' dir='ltr'><strong>cha—</strong></span> 
     </span>
    </p>
   </div>
   <div class='ocr_carea' id='block_1_51' title="bbox 242 2487 1034 2523">
    <p class='ocr_par' dir='ltr' id='par_1_51' title="bbox 242 2487 1034 2523">
     <span class='ocr_line' id='line_1_51' title="bbox 242 2487 1034 2523; baseline -0.004 -7"><span class='ocrx_word' id='word_1_371' title='bbox 242 2489 419 2523; x_wconf 73' lang='lat' dir='ltr'><strong>uttuleontem,</strong></span> <span class='ocrx_word' id='word_1_372' title='bbox 430 2489 588 2521; x_wconf 85' lang='lat' dir='ltr'><strong>stelliouem,</strong></span> <span class='ocrx_word' id='word_1_373' title='bbox 596 2496 700 2516; x_wconf 78' lang='lat' dir='ltr'><strong>satiram</strong></span> <span class='ocrx_word' id='word_1_374' title='bbox 711 2494 737 2515; x_wconf 92' lang='lat' dir='ltr'><strong>et</strong></span> <span class='ocrx_word' id='word_1_375' title='bbox 746 2487 853 2522; x_wconf 84' lang='lat' dir='ltr'><strong>talpam.</strong></span> <span class='ocrx_word' id='word_1_376' title='bbox 863 2488 898 2514; x_wconf 87' lang='lat' dir='ltr'><strong>De</strong></span> <span class='ocrx_word' id='word_1_377' title='bbox 911 2491 1034 2522; x_wconf 87' lang='lat' dir='ltr'><strong>serpente</strong></span> 
     </span>
    </p>
   </div>
   <div class='ocr_carea' id='block_1_52' title="bbox 240 2533 1034 2570">
    <p class='ocr_par' dir='ltr' id='par_1_52' title="bbox 240 2533 1034 2570">
     <span class='ocr_line' id='line_1_52' title="bbox 240 2533 1034 2570; baseline -0.004 -8"><span class='ocrx_word' id='word_1_378' title='bbox 240 2541 342 2569; x_wconf 88' lang='lat' dir='ltr'><strong>autem,</strong></span> <span class='ocrx_word' id='word_1_379' title='bbox 358 2539 386 2563; x_wconf 87' lang='lat' dir='ltr'><strong>et</strong></span> <span class='ocrx_word' id='word_1_380' title='bbox 400 2543 459 2570; x_wconf 72' lang='lat' dir='ltr'><strong>quzc</strong></span> <span class='ocrx_word' id='word_1_381' title='bbox 475 2535 524 2570; x_wconf 89' lang='lat' dir='ltr'><strong>ipsi</strong></span> <span class='ocrx_word' id='word_1_382' title='bbox 535 2540 595 2562; x_wconf 91' lang='lat' dir='ltr'><strong>sunt</strong></span> <span class='ocrx_word' id='word_1_383' title='bbox 606 2535 712 2567; x_wconf 84' lang='lat' dir='ltr'><strong>similia,</strong></span> <span class='ocrx_word' id='word_1_384' title='bbox 728 2533 890 2568; x_wconf 85' lang='lat' dir='ltr'><strong>superﬂuum</strong></span> <span class='ocrx_word' id='word_1_385' title='bbox 904 2537 976 2560; x_wconf 89' lang='lat' dir='ltr'><strong>esset</strong></span> <span class='ocrx_word' id='word_1_386' title='bbox 988 2533 1034 2559; x_wconf 88' lang='lat' dir='ltr'><strong>ad-</strong></span> 
     </span>
    </p>
   </div>
   <div class='ocr_carea' id='block_1_53' title="bbox 241 2579 1033 2617">
    <p class='ocr_par' dir='ltr' id='par_1_53' title="bbox 241 2579 1033 2617">
     <span class='ocr_line' id='line_1_53' title="bbox 241 2579 1033 2617; baseline -0.008 -7"><span class='ocrx_word' id='word_1_387' title='bbox 241 2589 352 2610; x_wconf 84' lang='lat' dir='ltr'><strong>mouere</strong></span> <span class='ocrx_word' id='word_1_388' title='bbox 367 2590 373 2607; x_wconf 91' lang='lat'><strong>:</strong></span> <span class='ocrx_word' id='word_1_389' title='bbox 387 2581 437 2609; x_wconf 87' lang='lat' dir='ltr'><strong>Itoe</strong></span> <span class='ocrx_word' id='word_1_390' title='bbox 451 2589 565 2617; x_wconf 86' lang='lat' dir='ltr'><strong>namque</strong></span> <span class='ocrx_word' id='word_1_391' title='bbox 595 2581 767 2608; x_wconf 83' lang='lat' dir='ltr'><strong>animantium</strong></span> <span class='ocrx_word' id='word_1_392' title='bbox 781 2587 863 2614; x_wconf 87' lang='lat' dir='ltr'><strong>genus</strong></span> <span class='ocrx_word' id='word_1_393' title='bbox 878 2579 959 2613; x_wconf 90' lang='lat' dir='ltr'><strong>liquet</strong></span> <span class='ocrx_word' id='word_1_394' title='bbox 974 2586 1033 2605; x_wconf 90' lang='lat' dir='ltr'><strong>om-</strong></span> 
     </span>
    </p>
   </div>
   <div class='ocr_carea' id='block_1_54' title="bbox 239 2624 1034 2658">
    <p class='ocr_par' dir='ltr' id='par_1_54' title="bbox 239 2624 1034 2658">
     <span class='ocr_line' id='line_1_54' title="bbox 239 2624 1034 2658; baseline -0.003 -5"><span class='ocrx_word' id='word_1_395' title='bbox 239 2628 384 2655; x_wconf 81' lang='lat' dir='ltr'><strong>nihttscsse</strong></span> <span class='ocrx_word' id='word_1_396' title='bbox 392 2626 596 2655; x_wconf 76' lang='lat' dir='ltr'><strong>abominandum</strong></span> <span class='ocrx_word' id='word_1_397' title='bbox 606 2634 636 2653; x_wconf 84' lang='lat' dir='ltr'><strong>ac</strong></span> <span class='ocrx_word' id='word_1_398' title='bbox 645 2625 840 2653; x_wconf 85' lang='lat' dir='ltr'><strong>dctestnndunt.</strong></span> <span class='ocrx_word' id='word_1_399' title='bbox 853 2624 1034 2658; x_wconf 83' lang='lat' dir='ltr'><strong>Similiterque</strong></span> 
     </span>
    </p>
   </div>
   <div class='ocr_carea' id='block_1_55' title="bbox 241 2669 1033 2704">
    <p class='ocr_par' dir='ltr' id='par_1_55' title="bbox 241 2669 1033 2704">
     <span class='ocr_line' id='line_1_55' title="bbox 241 2669 1033 2704; baseline -0.006 -4"><span class='ocrx_word' id='word_1_400' title='bbox 241 2672 267 2699; x_wconf 84' lang='lat' dir='ltr'><strong>in</strong></span> <span class='ocrx_word' id='word_1_401' title='bbox 284 2672 488 2700; x_wconf 84' lang='lat' dir='ltr'><strong>Dcuteronomio</strong></span> <span class='ocrx_word' id='word_1_402' title='bbox 502 2672 595 2698; x_wconf 84' lang='lat' dir='ltr'><strong>horum</strong></span> <span class='ocrx_word' id='word_1_403' title='bbox 612 2671 740 2698; x_wconf 87' lang='lat' dir='ltr'><strong>meminit.</strong></span> <span class='ocrx_word' id='word_1_404' title='bbox 756 2669 821 2697; x_wconf 85' lang='lat' dir='ltr'><strong>item</strong></span> <span class='ocrx_word' id='word_1_405' title='bbox 841 2670 895 2704; x_wconf 81' lang='lat' dir='ltr'><strong>agit</strong></span> <span class='ocrx_word' id='word_1_406' title='bbox 908 2669 940 2696; x_wconf 89' lang='lat' dir='ltr'><strong>de</strong></span> <span class='ocrx_word' id='word_1_407' title='bbox 964 2677 1033 2695; x_wconf 73' lang='lat' dir='ltr'><strong>mor-</strong></span> 
     </span>
    </p>
   </div>
   <div class='ocr_carea' id='block_1_56' title="bbox 241 2715 1033 2756">
    <p class='ocr_par' dir='ltr' id='par_1_56' title="bbox 241 2715 1033 2756">
     <span class='ocr_line' id='line_1_56' title="bbox 241 2715 1033 2756; baseline -0.004 -11"><span class='ocrx_word' id='word_1_408' title='bbox 241 2718 328 2756; x_wconf 71' lang='lat' dir='ltr'><strong>ticinis</strong></span> <span class='ocrx_word' id='word_1_409' title='bbox 342 2723 370 2746; x_wconf 90' lang='lat' dir='ltr'><strong>ut</strong></span> <span class='ocrx_word' id='word_1_410' title='bbox 384 2719 533 2753; x_wconf 65' lang='lat' dir='ltr'><strong>prohibetis,</strong></span> <span class='ocrx_word' id='word_1_411' title='bbox 550 2718 583 2745; x_wconf 87' lang='lat' dir='ltr'><strong>dc</strong></span> <span class='ocrx_word' id='word_1_412' title='bbox 598 2718 726 2752; x_wconf 85' lang='lat' dir='ltr'><strong>sanguine</strong></span> <span class='ocrx_word' id='word_1_413' title='bbox 738 2716 870 2746; x_wconf 79' lang='lat' dir='ltr'><strong>similiter,</strong></span> <span class='ocrx_word' id='word_1_414' title='bbox 889 2715 923 2742; x_wconf 86' lang='lat' dir='ltr'><strong>de</strong></span> <span class='ocrx_word' id='word_1_415' title='bbox 938 2715 1033 2742; x_wconf 90' lang='lat' dir='ltr'><strong>mulie-</strong></span> 
     </span>
    </p>
   </div>
   <div class='ocr_carea' id='block_1_57' title="bbox 241 2757 1035 2799">
    <p class='ocr_par' dir='ltr' id='par_1_57' title="bbox 241 2757 1035 2799">
     <span class='ocr_line' id='line_1_57' title="bbox 241 2757 1035 2799; baseline -0.006 -8"><span class='ocrx_word' id='word_1_416' title='bbox 241 2757 317 2791; x_wconf 76' lang='lat' dir='ltr'><strong>ribus</strong></span> <span class='ocrx_word' id='word_1_417' title='bbox 330 2765 504 2799; x_wconf 85' lang='lat' dir='ltr'><strong>parientibus.</strong></span> <span class='ocrx_word' id='word_1_418' title='bbox 518 2763 546 2791; x_wconf 89' lang='lat' dir='ltr'><strong>Si</strong></span> <span class='ocrx_word' id='word_1_419' title='bbox 562 2763 621 2798; x_wconf 84' lang='lat' dir='ltr'><strong>quis</strong></span> <span class='ocrx_word' id='word_1_420' title='bbox 635 2770 725 2790; x_wconf 87' lang='lat' dir='ltr'><strong>semen</strong></span> <span class='ocrx_word' id='word_1_421' title='bbox 741 2762 871 2793; x_wconf 86' lang='lat' dir='ltr'><strong>emiserit,</strong></span> <span class='ocrx_word' id='word_1_422' title='bbox 884 2760 1035 2787; x_wconf 83' lang='lat' dir='ltr'><strong>immundus</strong></span> 
     </span>
    </p>
   </div>
   <div class='ocr_carea' id='block_1_58' title="bbox 241 2807 1034 2849">
    <p class='ocr_par' dir='ltr' id='par_1_58' title="bbox 241 2807 1034 2849">
     <span class='ocr_line' id='line_1_58' title="bbox 241 2807 1034 2849; baseline -0.005 -11"><span class='ocrx_word' id='word_1_423' title='bbox 241 2811 293 2849; x_wconf 75' lang='lat' dir='ltr'><strong>erit</strong></span> <span class='ocrx_word' id='word_1_424' title='bbox 305 2810 401 2838; x_wconf 88' lang='lat' dir='ltr'><strong>diebus</strong></span> <span class='ocrx_word' id='word_1_425' title='bbox 409 2815 521 2845; x_wconf 87' lang='lat' dir='ltr'><strong>septem.</strong></span> <span class='ocrx_word' id='word_1_426' title='bbox 535 2810 571 2837; x_wconf 87' lang='lat' dir='ltr'><strong>De</strong></span> <span class='ocrx_word' id='word_1_427' title='bbox 582 2809 783 2837; x_wconf 85' lang='lat' dir='ltr'><strong>circumcisione</strong></span> <span class='ocrx_word' id='word_1_428' title='bbox 795 2807 869 2843; x_wconf 86' lang='lat' dir='ltr'><strong>pueri</strong></span> <span class='ocrx_word' id='word_1_429' title='bbox 882 2811 979 2834; x_wconf 87' lang='lat' dir='ltr'><strong>octavo</strong></span> <span class='ocrx_word' id='word_1_430' title='bbox 990 2807 1034 2834; x_wconf 87' lang='lat' dir='ltr'><strong>die</strong></span> 
     </span>
    </p>
   </div>
   <div class='ocr_carea' id='block_1_59' title="bbox 242 2852 1034 2886">
    <p class='ocr_par' dir='ltr' id='par_1_59' title="bbox 242 2852 1034 2886">
     <span class='ocr_line' id='line_1_59' title="bbox 242 2852 1034 2886; baseline -0.006 -3"><span class='ocrx_word' id='word_1_431' title='bbox 242 2855 373 2884; x_wconf 74' lang='lat' dir='ltr'><strong>facienda.</strong></span> <span class='ocrx_word' id='word_1_432' title='bbox 398 2857 435 2884; x_wconf 83' lang='lat' dir='ltr'><strong>De</strong></span> <span class='ocrx_word' id='word_1_433' title='bbox 454 2856 566 2883; x_wconf 88' lang='lat' dir='ltr'><strong>tttnlicre</strong></span> <span class='ocrx_word' id='word_1_434' title='bbox 587 2859 766 2886; x_wconf 85' lang='lat' dir='ltr'><strong>utcttslruala,</strong></span> <span class='ocrx_word' id='word_1_435' title='bbox 788 2858 814 2880; x_wconf 84' lang='lat' dir='ltr'><strong>et</strong></span> <span class='ocrx_word' id='word_1_436' title='bbox 834 2852 867 2880; x_wconf 89' lang='lat' dir='ltr'><strong>de</strong></span> <span class='ocrx_word' id='word_1_437' title='bbox 887 2852 1034 2879; x_wconf 77' lang='lat' dir='ltr'><strong>diﬂ&#39;crentia</strong></span> 
     </span>
    </p>
   </div>
   <div class='ocr_carea' id='block_1_60' title="bbox 242 2899 1032 2943">
    <p class='ocr_par' dir='ltr' id='par_1_60' title="bbox 242 2899 1032 2943">
     <span class='ocr_line' id='line_1_60' title="bbox 242 2899 1032 2943; baseline -0.006 -13"><span class='ocrx_word' id='word_1_438' title='bbox 242 2903 407 2943; x_wconf 72' lang='lat' dir='ltr'><strong>purgationis</strong></span> <span class='ocrx_word' id='word_1_439' title='bbox 420 2910 511 2931; x_wconf 88' lang='lat' dir='ltr'><strong>carum</strong></span> <span class='ocrx_word' id='word_1_440' title='bbox 522 2910 580 2938; x_wconf 77' lang='lat' dir='ltr'><strong>qua:</strong></span> <span class='ocrx_word' id='word_1_441' title='bbox 593 2901 634 2931; x_wconf 81' lang='lat' dir='ltr'><strong>vel</strong></span> <span class='ocrx_word' id='word_1_442' title='bbox 646 2900 791 2930; x_wconf 83' lang='lat' dir='ltr'><strong>masculum</strong></span> <span class='ocrx_word' id='word_1_443' title='bbox 803 2899 842 2927; x_wconf 84' lang='lat' dir='ltr'><strong>vel</strong></span> <span class='ocrx_word' id='word_1_444' title='bbox 854 2899 976 2927; x_wconf 77' lang='lat' dir='ltr'><strong>letttitrtm</strong></span> <span class='ocrx_word' id='word_1_445' title='bbox 989 2907 1032 2934; x_wconf 84' lang='lat' dir='ltr'><strong>pe-</strong></span> 
     </span>
    </p>
   </div>
   <div class='ocr_carea' id='block_1_61' title="bbox 788 188 1321 218">
    <p class='ocr_par' dir='ltr' id='par_1_61' title="bbox 788 188 1321 218">
     <span class='ocr_line' id='line_1_61' title="bbox 788 188 1321 218; baseline -0.006 0"><span class='ocrx_word' id='word_1_446' title='bbox 788 190 947 218; x_wconf 59' lang='grc' dir='ltr'><strong>ΞΥ*ΝοΡὸιὸ</strong></span> <span class='ocrx_word' id='word_1_447' title='bbox 966 189 1167 217; x_wconf 68' lang='grc' dir='ltr'><strong>ΞΕΒΙΡΤυῐὶίΕ</strong></span> <span class='ocrx_word' id='word_1_448' title='bbox 1186 188 1321 217; x_wconf 67' lang='grc' dir='ltr'><strong>ΞΑΕΚΑΞ.</strong></span> 
     </span>
    </p>
   </div>
   <div class='ocr_carea' id='block_1_62' title="bbox 1831 189 1883 218">
    <p class='ocr_par' dir='ltr' id='par_1_62' title="bbox 1831 189 1883 218">
     <span class='ocr_line' id='line_1_62' title="bbox 1831 189 1883 218; baseline 0 0"><span class='ocrx_word' id='word_1_449' title='bbox 1831 189 1883 218; x_wconf 72' lang='lat'><strong>530</strong></span> 
     </span>
    </p>
   </div>
   <div class='ocr_carea' id='block_1_63' title="bbox 1099 248 1884 286">
    <p class='ocr_par' dir='ltr' id='par_1_63' title="bbox 1099 248 1884 286">
     <span class='ocr_line' id='line_1_63' title="bbox 1099 248 1884 286; baseline 0.003 -10"><span class='ocrx_word' id='word_1_450' title='bbox 1099 249 1224 283; x_wconf 77' lang='lat' dir='ltr'><strong>paret-int.</strong></span> <span class='ocrx_word' id='word_1_451' title='bbox 1241 249 1295 277; x_wconf 88' lang='lat' dir='ltr'><strong>Lex</strong></span> <span class='ocrx_word' id='word_1_452' title='bbox 1310 249 1343 276; x_wconf 86' lang='lat' dir='ltr'><strong>de</strong></span> <span class='ocrx_word' id='word_1_453' title='bbox 1363 249 1436 285; x_wconf 83' lang='lat' dir='ltr'><strong>lepra</strong></span> <span class='ocrx_word' id='word_1_454' title='bbox 1449 254 1476 278; x_wconf 88' lang='lat' dir='ltr'><strong>et</strong></span> <span class='ocrx_word' id='word_1_455' title='bbox 1487 250 1520 278; x_wconf 86' lang='lat' dir='ltr'><strong>de</strong></span> <span class='ocrx_word' id='word_1_456' title='bbox 1530 250 1588 284; x_wconf 87' lang='lat' dir='ltr'><strong>ejus</strong></span> <span class='ocrx_word' id='word_1_457' title='bbox 1602 250 1768 286; x_wconf 81' lang='lat' dir='ltr'><strong>purgatione,</strong></span> <span class='ocrx_word' id='word_1_458' title='bbox 1782 248 1816 279; x_wconf 81' lang='lat' dir='ltr'><strong>de</strong></span> <span class='ocrx_word' id='word_1_459' title='bbox 1840 257 1884 281; x_wconf 79' lang='lat' dir='ltr'><strong>se-</strong></span> 
     </span>
    </p>
   </div>
   <div class='ocr_carea' id='block_1_64' title="bbox 1098 295 1884 331">
    <p class='ocr_par' dir='ltr' id='par_1_64' title="bbox 1098 295 1884 331">
     <span class='ocr_line' id='line_1_64' title="bbox 1098 295 1884 331; baseline 0.003 -10"><span class='ocrx_word' id='word_1_460' title='bbox 1098 295 1232 328; x_wconf 84' lang='lat' dir='ltr'><strong>miniﬂuis,</strong></span> <span class='ocrx_word' id='word_1_461' title='bbox 1251 295 1321 323; x_wconf 89' lang='lat' dir='ltr'><strong>etde</strong></span> <span class='ocrx_word' id='word_1_462' title='bbox 1341 296 1491 329; x_wconf 79' lang='lat' dir='ltr'><strong>menstruis.</strong></span> <span class='ocrx_word' id='word_1_463' title='bbox 1509 296 1546 328; x_wconf 81' lang='lat' dir='ltr'><strong>De</strong></span> <span class='ocrx_word' id='word_1_464' title='bbox 1561 296 1720 330; x_wconf 83' lang='lat' dir='ltr'><strong>reverentia,</strong></span> <span class='ocrx_word' id='word_1_465' title='bbox 1744 296 1779 324; x_wconf 92' lang='lat' dir='ltr'><strong>de</strong></span> <span class='ocrx_word' id='word_1_466' title='bbox 1803 303 1884 331; x_wconf 88' lang='lat' dir='ltr'><strong>capro</strong></span> 
     </span>
    </p>
   </div>
   <div class='ocr_carea' id='block_1_65' title="bbox 1097 341 1884 378">
    <p class='ocr_par' dir='ltr' id='par_1_65' title="bbox 1097 341 1884 378">
     <span class='ocr_line' id='line_1_65' title="bbox 1097 341 1884 378; baseline 0.001 -11"><span class='ocrx_word' id='word_1_467' title='bbox 1097 341 1235 368; x_wconf 86' lang='lat' dir='ltr'><strong>emissario</strong></span> <span class='ocrx_word' id='word_1_468' title='bbox 1247 346 1274 369; x_wconf 93' lang='lat' dir='ltr'><strong>ct</strong></span> <span class='ocrx_word' id='word_1_469' title='bbox 1286 343 1319 369; x_wconf 81' lang='lat' dir='ltr'><strong>de</strong></span> <span class='ocrx_word' id='word_1_470' title='bbox 1330 342 1440 378; x_wconf 76' lang='lat' dir='ltr'><strong>jejunio.</strong></span> <span class='ocrx_word' id='word_1_471' title='bbox 1457 343 1495 370; x_wconf 86' lang='lat' dir='ltr'><strong>De</strong></span> <span class='ocrx_word' id='word_1_472' title='bbox 1503 342 1652 375; x_wconf 86' lang='lat' dir='ltr'><strong>cohibendo</strong></span> <span class='ocrx_word' id='word_1_473' title='bbox 1667 341 1805 378; x_wconf 84' lang='lat' dir='ltr'><strong>illegitimo</strong></span> <span class='ocrx_word' id='word_1_474' title='bbox 1826 341 1884 369; x_wconf 84' lang='lat' dir='ltr'><strong>coi-</strong></span> 
     </span>
    </p>
   </div>
   <div class='ocr_carea' id='block_1_66' title="bbox 1098 386 1881 424">
    <p class='ocr_par' dir='ltr' id='par_1_66' title="bbox 1098 386 1881 424">
     <span class='ocr_line' id='line_1_66' title="bbox 1098 386 1881 424; baseline 0.006 -12"><span class='ocrx_word' id='word_1_475' title='bbox 1098 389 1125 413; x_wconf 84' lang='lat' dir='ltr'><strong>tu</strong></span> <span class='ocrx_word' id='word_1_476' title='bbox 1141 394 1147 412; x_wconf 87' lang='lat'><strong>:</strong></span> <span class='ocrx_word' id='word_1_477' title='bbox 1162 386 1196 414; x_wconf 88' lang='lat' dir='ltr'><strong>de</strong></span> <span class='ocrx_word' id='word_1_478' title='bbox 1210 388 1348 415; x_wconf 87' lang='lat' dir='ltr'><strong>connubiis</strong></span> <span class='ocrx_word' id='word_1_479' title='bbox 1362 388 1484 423; x_wconf 81' lang='lat' dir='ltr'><strong>legitimis</strong></span> <span class='ocrx_word' id='word_1_480' title='bbox 1495 393 1522 421; x_wconf 86' lang='lat' dir='ltr'><strong>ct</strong></span> <span class='ocrx_word' id='word_1_481' title='bbox 1535 388 1688 424; x_wconf 79' lang='lat' dir='ltr'><strong>illegitimis,</strong></span> <span class='ocrx_word' id='word_1_482' title='bbox 1704 393 1732 415; x_wconf 87' lang='lat' dir='ltr'><strong>et</strong></span> <span class='ocrx_word' id='word_1_483' title='bbox 1744 387 1814 423; x_wconf 90' lang='lat' dir='ltr'><strong>qttod</strong></span> <span class='ocrx_word' id='word_1_484' title='bbox 1829 395 1881 417; x_wconf 87' lang='lat' dir='ltr'><strong>non</strong></span> 
     </span>
    </p>
   </div>
   <div class='ocr_carea' id='block_1_67' title="bbox 1096 432 1881 469">
    <p class='ocr_par' dir='ltr' id='par_1_67' title="bbox 1096 432 1881 469">
     <span class='ocr_line' id='line_1_67' title="bbox 1096 432 1881 469; baseline 0.003 -10"><span class='ocrx_word' id='word_1_485' title='bbox 1096 432 1191 460; x_wconf 78' lang='lat' dir='ltr'><strong>debeat</strong></span> <span class='ocrx_word' id='word_1_486' title='bbox 1211 434 1334 461; x_wconf 87' lang='lat' dir='ltr'><strong>sacerdos</strong></span> <span class='ocrx_word' id='word_1_487' title='bbox 1356 435 1460 462; x_wconf 91' lang='lat' dir='ltr'><strong>viduam</strong></span> <span class='ocrx_word' id='word_1_488' title='bbox 1474 439 1518 462; x_wconf 89' lang='lat' dir='ltr'><strong>aut</strong></span> <span class='ocrx_word' id='word_1_489' title='bbox 1532 434 1694 469; x_wconf 86' lang='lat' dir='ltr'><strong>repudiatam</strong></span> <span class='ocrx_word' id='word_1_490' title='bbox 1711 433 1821 466; x_wconf 87' lang='lat' dir='ltr'><strong>ducere,</strong></span> <span class='ocrx_word' id='word_1_491' title='bbox 1833 434 1881 461; x_wconf 85' lang='lat' dir='ltr'><strong>sed</strong></span> 
     </span>
    </p>
   </div>
   <div class='ocr_carea' id='block_1_68' title="bbox 1098 478 1882 513">
    <p class='ocr_par' dir='ltr' id='par_1_68' title="bbox 1098 478 1882 513">
     <span class='ocr_line' id='line_1_68' title="bbox 1098 478 1882 513; baseline 0.003 -9"><span class='ocrx_word' id='word_1_492' title='bbox 1098 478 1235 513; x_wconf 79' lang='lat' dir='ltr'><strong>virginem.</strong></span> <span class='ocrx_word' id='word_1_493' title='bbox 1246 479 1283 507; x_wconf 88' lang='lat' dir='ltr'><strong>De</strong></span> <span class='ocrx_word' id='word_1_494' title='bbox 1295 480 1344 506; x_wconf 83' lang='lat' dir='ltr'><strong>lilia</strong></span> <span class='ocrx_word' id='word_1_495' title='bbox 1352 480 1496 507; x_wconf 86' lang='lat' dir='ltr'><strong>sacerdotis</strong></span> <span class='ocrx_word' id='word_1_496' title='bbox 1506 480 1661 507; x_wconf 85' lang='lat' dir='ltr'><strong>fornicante.</strong></span> <span class='ocrx_word' id='word_1_497' title='bbox 1672 479 1746 512; x_wconf 79' lang='lat' dir='ltr'><strong>Quod</strong></span> <span class='ocrx_word' id='word_1_498' title='bbox 1758 478 1882 506; x_wconf 84' lang='lat' dir='ltr'><strong>sacerdos</strong></span> 
     </span>
    </p>
   </div>
   <div class='ocr_carea' id='block_1_69' title="bbox 1096 523 1883 558">
    <p class='ocr_par' dir='ltr' id='par_1_69' title="bbox 1096 523 1883 558">
     <span class='ocr_line' id='line_1_69' title="bbox 1096 523 1883 558; baseline 0.001 -9"><span class='ocrx_word' id='word_1_499' title='bbox 1096 523 1243 558; x_wconf 88' lang='lat' dir='ltr'><strong>incnlpatus</strong></span> <span class='ocrx_word' id='word_1_500' title='bbox 1251 533 1309 551; x_wconf 82' lang='lat' dir='ltr'><strong>esse</strong></span> <span class='ocrx_word' id='word_1_501' title='bbox 1316 524 1420 551; x_wconf 88' lang='lat' dir='ltr'><strong>debeat.</strong></span> <span class='ocrx_word' id='word_1_502' title='bbox 1432 525 1468 552; x_wconf 88' lang='lat' dir='ltr'><strong>Dc</strong></span> <span class='ocrx_word' id='word_1_503' title='bbox 1476 525 1661 552; x_wconf 88' lang='lat' dir='ltr'><strong>donisoblatis.</strong></span> <span class='ocrx_word' id='word_1_504' title='bbox 1673 524 1709 551; x_wconf 91' lang='lat' dir='ltr'><strong>De</strong></span> <span class='ocrx_word' id='word_1_505' title='bbox 1715 523 1840 554; x_wconf 84' lang='lat' dir='ltr'><strong>sabbatis,</strong></span> <span class='ocrx_word' id='word_1_506' title='bbox 1850 523 1883 555; x_wconf 86' lang='lat' dir='ltr'><strong>de</strong></span> 
     </span>
    </p>
   </div>
   <div class='ocr_carea' id='block_1_70' title="bbox 1096 567 1882 604">
    <p class='ocr_par' dir='ltr' id='par_1_70' title="bbox 1096 567 1882 604">
     <span class='ocr_line' id='line_1_70' title="bbox 1096 567 1882 604; baseline -0.001 -8"><span class='ocrx_word' id='word_1_507' title='bbox 1096 567 1252 602; x_wconf 83' lang='lat' dir='ltr'><strong>festis,etde</strong></span> <span class='ocrx_word' id='word_1_508' title='bbox 1259 567 1328 594; x_wconf 87' lang='lat' dir='ltr'><strong>festo</strong></span> <span class='ocrx_word' id='word_1_509' title='bbox 1335 567 1799 604; x_wconf 80' lang='lat' dir='ltr'><strong>Paschatis,deScenopegia,deque</strong></span> <span class='ocrx_word' id='word_1_510' title='bbox 1814 568 1882 598; x_wconf 88' lang='lat' dir='ltr'><strong>festo</strong></span> 
     </span>
    </p>
   </div>
   <div class='ocr_carea' id='block_1_71' title="bbox 1098 615 1883 650">
    <p class='ocr_par' dir='ltr' id='par_1_71' title="bbox 1098 615 1883 650">
     <span class='ocr_line' id='line_1_71' title="bbox 1098 615 1883 650; baseline 0 -7"><span class='ocrx_word' id='word_1_511' title='bbox 1098 615 1368 646; x_wconf 81' lang='lat' dir='ltr'><strong>Tubarum.Deoleo,</strong></span> <span class='ocrx_word' id='word_1_512' title='bbox 1377 616 1409 643; x_wconf 88' lang='lat' dir='ltr'><strong>de</strong></span> <span class='ocrx_word' id='word_1_513' title='bbox 1418 616 1527 648; x_wconf 86' lang='lat' dir='ltr'><strong>ltunine,</strong></span> <span class='ocrx_word' id='word_1_514' title='bbox 1534 616 1567 643; x_wconf 88' lang='lat' dir='ltr'><strong>de</strong></span> <span class='ocrx_word' id='word_1_515' title='bbox 1576 616 1687 650; x_wconf 89' lang='lat' dir='ltr'><strong>panibus</strong></span> <span class='ocrx_word' id='word_1_516' title='bbox 1697 615 1883 650; x_wconf 85' lang='lat' dir='ltr'><strong>propositionis</strong></span> 
     </span>
    </p>
   </div>
   <div class='ocr_carea' id='block_1_72' title="bbox 1095 660 1883 696">
    <p class='ocr_par' dir='ltr' id='par_1_72' title="bbox 1095 660 1883 696">
     <span class='ocr_line' id='line_1_72' title="bbox 1095 660 1883 696; baseline 0 -8"><span class='ocrx_word' id='word_1_517' title='bbox 1095 665 1122 688; x_wconf 89' lang='lat' dir='ltr'><strong>et</strong></span> <span class='ocrx_word' id='word_1_518' title='bbox 1132 660 1165 688; x_wconf 90' lang='lat' dir='ltr'><strong>dc</strong></span> <span class='ocrx_word' id='word_1_519' title='bbox 1179 668 1248 688; x_wconf 80' lang='lat' dir='ltr'><strong>anno</strong></span> <span class='ocrx_word' id='word_1_520' title='bbox 1262 661 1436 688; x_wconf 84' lang='lat' dir='ltr'><strong>remissionis.</strong></span> <span class='ocrx_word' id='word_1_521' title='bbox 1452 661 1579 696; x_wconf 88' lang='lat' dir='ltr'><strong>Deinceps</strong></span> <span class='ocrx_word' id='word_1_522' title='bbox 1594 661 1626 688; x_wconf 90' lang='lat' dir='ltr'><strong>de</strong></span> <span class='ocrx_word' id='word_1_523' title='bbox 1639 661 1723 689; x_wconf 87' lang='lat' dir='ltr'><strong>servis</strong></span> <span class='ocrx_word' id='word_1_524' title='bbox 1735 660 1833 688; x_wconf 73' lang='lat' dir='ltr'><strong>Jud;t.-is</strong></span> <span class='ocrx_word' id='word_1_525' title='bbox 1855 665 1883 688; x_wconf 88' lang='lat' dir='ltr'><strong>et</strong></span> 
     </span>
    </p>
   </div>
   <div class='ocr_carea' id='block_1_73' title="bbox 1095 706 1882 741">
    <p class='ocr_par' dir='ltr' id='par_1_73' title="bbox 1095 706 1882 741">
     <span class='ocr_line' id='line_1_73' title="bbox 1095 706 1882 741; baseline 0.001 -9"><span class='ocrx_word' id='word_1_526' title='bbox 1095 706 1246 741; x_wconf 75' lang='lat' dir='ltr'><strong>gentilibus.</strong></span> <span class='ocrx_word' id='word_1_527' title='bbox 1269 707 1305 733; x_wconf 89' lang='lat' dir='ltr'><strong>De</strong></span> <span class='ocrx_word' id='word_1_528' title='bbox 1334 706 1515 741; x_wconf 85' lang='lat' dir='ltr'><strong>repudiatiunc</strong></span> <span class='ocrx_word' id='word_1_529' title='bbox 1542 706 1673 734; x_wconf 91' lang='lat' dir='ltr'><strong>idolorum</strong></span> <span class='ocrx_word' id='word_1_530' title='bbox 1689 707 1727 734; x_wconf 90' lang='lat' dir='ltr'><strong>sic</strong></span> <span class='ocrx_word' id='word_1_531' title='bbox 1744 707 1882 741; x_wconf 88' lang='lat' dir='ltr'><strong>loquitur:</strong></span> 
     </span>
    </p>
   </div>
   <div class='ocr_carea' id='block_1_74' title="bbox 1099 752 1885 787">
    <p class='ocr_par' dir='ltr' id='par_1_74' title="bbox 1099 752 1885 787">
     <span class='ocr_line' id='line_1_74' title="bbox 1099 752 1885 787; baseline 0 -8"><span class='ocrx_word' id='word_1_532' title='bbox 1099 762 1108 779; x_wconf 84' lang='grc' dir='ltr'><strong>ι</strong></span> <span class='ocrx_word' id='word_1_533' title='bbox 1120 753 1175 787; x_wconf 80' lang='lat' dir='ltr'><strong>Ego</strong></span> <span class='ocrx_word' id='word_1_534' title='bbox 1190 752 1260 780; x_wconf 92' lang='lat' dir='ltr'><strong>enim</strong></span> <span class='ocrx_word' id='word_1_535' title='bbox 1268 761 1325 779; x_wconf 90' lang='lat' dir='ltr'><strong>sum</strong></span> <span class='ocrx_word' id='word_1_536' title='bbox 1337 753 1406 780; x_wconf 85' lang='lat' dir='ltr'><strong>Deus</strong></span> <span class='ocrx_word' id='word_1_537' title='bbox 1417 758 1571 786; x_wconf 77' lang='lat' dir='ltr'><strong>tester;non</strong></span> <span class='ocrx_word' id='word_1_538' title='bbox 1583 752 1683 780; x_wconf 83' lang='lat' dir='ltr'><strong>facietis</strong></span> <span class='ocrx_word' id='word_1_539' title='bbox 1690 752 1836 787; x_wconf 87' lang='lat' dir='ltr'><strong>vobisipsls</strong></span> <span class='ocrx_word' id='word_1_540' title='bbox 1849 752 1885 779; x_wconf 54' lang='lat' dir='ltr'><strong>si‘</strong></span> 
     </span>
    </p>
   </div>
   <div class='ocr_carea' id='block_1_75' title="bbox 1095 798 1882 833">
    <p class='ocr_par' dir='ltr' id='par_1_75' title="bbox 1095 798 1882 833">
     <span class='ocr_line' id='line_1_75' title="bbox 1095 798 1882 833; baseline 0 -8"><span class='ocrx_word' id='word_1_541' title='bbox 1095 798 1224 832; x_wconf 88' lang='lat' dir='ltr'><strong>mulacra,</strong></span> <span class='ocrx_word' id='word_1_542' title='bbox 1237 806 1286 825; x_wconf 85' lang='lat' dir='ltr'><strong>nec</strong></span> <span class='ocrx_word' id='word_1_543' title='bbox 1307 803 1420 825; x_wconf 87' lang='lat' dir='ltr'><strong>statuam</strong></span> <span class='ocrx_word' id='word_1_544' title='bbox 1434 799 1540 833; x_wconf 82' lang='lat' dir='ltr'><strong>erigetis</strong></span> <span class='ocrx_word' id='word_1_545' title='bbox 1553 799 1637 831; x_wconf 89' lang='lat' dir='ltr'><strong>vobis,</strong></span> <span class='ocrx_word' id='word_1_546' title='bbox 1659 806 1746 833; x_wconf 88' lang='lat' dir='ltr'><strong>neque</strong></span> <span class='ocrx_word' id='word_1_547' title='bbox 1770 798 1882 833; x_wconf 87' lang='lat' dir='ltr'><strong>lapidem</strong></span> 
     </span>
    </p>
   </div>
   <div class='ocr_carea' id='block_1_76' title="bbox 1096 844 1883 880">
    <p class='ocr_par' dir='ltr' id='par_1_76' title="bbox 1096 844 1883 880">
     <span class='ocr_line' id='line_1_76' title="bbox 1096 844 1883 880; baseline -0.001 -9"><span class='ocrx_word' id='word_1_548' title='bbox 1096 844 1122 871; x_wconf 93' lang='lat' dir='ltr'><strong>in</strong></span> <span class='ocrx_word' id='word_1_549' title='bbox 1138 851 1246 879; x_wconf 84' lang='lat' dir='ltr'><strong>seopum</strong></span> <span class='ocrx_word' id='word_1_550' title='bbox 1262 845 1366 878; x_wconf 88' lang='lat' dir='ltr'><strong>ponetis</strong></span> <span class='ocrx_word' id='word_1_551' title='bbox 1388 845 1412 871; x_wconf 91' lang='lat' dir='ltr'><strong>itt</strong></span> <span class='ocrx_word' id='word_1_552' title='bbox 1428 849 1496 872; x_wconf 90' lang='lat' dir='ltr'><strong>terra</strong></span> <span class='ocrx_word' id='word_1_553' title='bbox 1513 850 1539 871; x_wconf 89' lang='lat' dir='ltr'><strong>ttt</strong></span> <span class='ocrx_word' id='word_1_554' title='bbox 1562 844 1677 872; x_wconf 85' lang='lat' dir='ltr'><strong>adoretis</strong></span> <span class='ocrx_word' id='word_1_555' title='bbox 1693 844 1765 871; x_wconf 90' lang='lat' dir='ltr'><strong>illum</strong></span> <span class='ocrx_word' id='word_1_556' title='bbox 1776 844 1883 880; x_wconf 70' lang='lat' dir='ltr'><strong>)(Let&#39;il.</strong></span> 
     </span>
    </p>
   </div>
   <div class='ocr_carea' id='block_1_77' title="bbox 1095 889 1885 925">
    <p class='ocr_par' dir='ltr' id='par_1_77' title="bbox 1095 889 1885 925">
     <span class='ocr_line' id='line_1_77' title="bbox 1095 889 1885 925; baseline 0 -9"><span class='ocrx_word' id='word_1_557' title='bbox 1095 889 1139 917; x_wconf 81' lang='lat'><strong>26.</strong></span> <span class='ocrx_word' id='word_1_558' title='bbox 1155 889 1209 925; x_wconf 82' lang='lat' dir='ltr'><strong>l.).</strong></span> <span class='ocrx_word' id='word_1_559' title='bbox 1224 889 1263 917; x_wconf 83' lang='lat' dir='ltr'><strong>Ad</strong></span> <span class='ocrx_word' id='word_1_560' title='bbox 1278 890 1334 917; x_wconf 70' lang='lat' dir='ltr'><strong>htrc</strong></span> <span class='ocrx_word' id='word_1_561' title='bbox 1359 890 1443 918; x_wconf 89' lang='lat' dir='ltr'><strong>minas</strong></span> <span class='ocrx_word' id='word_1_562' title='bbox 1463 890 1537 918; x_wconf 84' lang='lat' dir='ltr'><strong>eil‘crt</strong></span> <span class='ocrx_word' id='word_1_563' title='bbox 1563 891 1589 918; x_wconf 91' lang='lat' dir='ltr'><strong>in</strong></span> <span class='ocrx_word' id='word_1_564' title='bbox 1606 891 1820 925; x_wconf 58' lang='lat' dir='ltr'><strong>praevaricatores</strong></span> <span class='ocrx_word' id='word_1_565' title='bbox 1844 890 1885 916; x_wconf 82' lang='lat' dir='ltr'><strong>his</strong></span> 
     </span>
    </p>
   </div>
   <div class='ocr_carea' id='block_1_78' title="bbox 1095 935 1885 971">
    <p class='ocr_par' dir='ltr' id='par_1_78' title="bbox 1095 935 1885 971">
     <span class='ocr_line' id='line_1_78' title="bbox 1095 935 1885 971; baseline 0.003 -10"><span class='ocrx_word' id='word_1_566' title='bbox 1095 935 1199 962; x_wconf 88' lang='lat' dir='ltr'><strong>verbis:</strong></span> <span class='ocrx_word' id='word_1_567' title='bbox 1217 944 1226 960; x_wconf 82' lang='grc' dir='ltr'><strong>ι</strong></span> <span class='ocrx_word' id='word_1_568' title='bbox 1246 935 1301 969; x_wconf 85' lang='lat' dir='ltr'><strong>Ego</strong></span> <span class='ocrx_word' id='word_1_569' title='bbox 1321 935 1447 962; x_wconf 86' lang='lat' dir='ltr'><strong>Dominus</strong></span> <span class='ocrx_word' id='word_1_570' title='bbox 1460 935 1528 962; x_wconf 87' lang='lat' dir='ltr'><strong>Dens</strong></span> <span class='ocrx_word' id='word_1_571' title='bbox 1541 940 1638 969; x_wconf 89' lang='lat' dir='ltr'><strong>vester,</strong></span> <span class='ocrx_word' id='word_1_572' title='bbox 1654 936 1698 971; x_wconf 92' lang='lat' dir='ltr'><strong>qui</strong></span> <span class='ocrx_word' id='word_1_573' title='bbox 1722 935 1800 963; x_wconf 79' lang='lat' dir='ltr'><strong>eduxi</strong></span> <span class='ocrx_word' id='word_1_574' title='bbox 1838 943 1885 963; x_wconf 85' lang='lat' dir='ltr'><strong>vos</strong></span> 
     </span>
    </p>
   </div>
   <div class='ocr_carea' id='block_1_79' title="bbox 1095 980 1884 1017">
    <p class='ocr_par' dir='ltr' id='par_1_79' title="bbox 1095 980 1884 1017">
     <span class='ocr_line' id='line_1_79' title="bbox 1095 980 1884 1017; baseline 0 -10"><span class='ocrx_word' id='word_1_575' title='bbox 1095 980 1129 1008; x_wconf 92' lang='lat' dir='ltr'><strong>de</strong></span> <span class='ocrx_word' id='word_1_576' title='bbox 1143 985 1211 1007; x_wconf 81' lang='lat' dir='ltr'><strong>terra</strong></span> <span class='ocrx_word' id='word_1_577' title='bbox 1225 980 1332 1017; x_wconf 61' lang='lat' dir='ltr'><strong>(Egypti</strong></span> <span class='ocrx_word' id='word_1_578' title='bbox 1345 989 1404 1008; x_wconf 91' lang='lat' dir='ltr'><strong>cutn</strong></span> <span class='ocrx_word' id='word_1_579' title='bbox 1419 981 1514 1009; x_wconf 87' lang='lat' dir='ltr'><strong>essetis</strong></span> <span class='ocrx_word' id='word_1_580' title='bbox 1528 982 1608 1011; x_wconf 83' lang='lat' dir='ltr'><strong>servi.</strong></span> <span class='ocrx_word' id='word_1_581' title='bbox 1625 985 1652 1009; x_wconf 92' lang='lat' dir='ltr'><strong>et</strong></span> <span class='ocrx_word' id='word_1_582' title='bbox 1666 981 1778 1008; x_wconf 79' lang='lat' dir='ltr'><strong>contrivi</strong></span> <span class='ocrx_word' id='word_1_583' title='bbox 1791 982 1884 1008; x_wconf 86' lang='lat' dir='ltr'><strong>vincu-</strong></span> 
     </span>
    </p>
   </div>
   <div class='ocr_carea' id='block_1_80' title="bbox 1095 1025 1883 1060">
    <p class='ocr_par' dir='ltr' id='par_1_80' title="bbox 1095 1025 1883 1060">
     <span class='ocr_line' id='line_1_80' title="bbox 1095 1025 1883 1060; baseline 0.004 -8"><span class='ocrx_word' id='word_1_584' title='bbox 1095 1025 1149 1052; x_wconf 90' lang='lat' dir='ltr'><strong>lutn</strong></span> <span class='ocrx_word' id='word_1_585' title='bbox 1170 1026 1224 1060; x_wconf 81' lang='lat' dir='ltr'><strong>jugi</strong></span> <span class='ocrx_word' id='word_1_586' title='bbox 1240 1027 1331 1059; x_wconf 89' lang='lat' dir='ltr'><strong>vestri,</strong></span> <span class='ocrx_word' id='word_1_587' title='bbox 1352 1034 1383 1053; x_wconf 90' lang='lat' dir='ltr'><strong>ac</strong></span> <span class='ocrx_word' id='word_1_588' title='bbox 1397 1026 1459 1053; x_wconf 89' lang='lat' dir='ltr'><strong>duxi</strong></span> <span class='ocrx_word' id='word_1_589' title='bbox 1474 1034 1521 1054; x_wconf 87' lang='lat' dir='ltr'><strong>vos</strong></span> <span class='ocrx_word' id='word_1_590' title='bbox 1532 1034 1592 1053; x_wconf 89' lang='lat' dir='ltr'><strong>cum</strong></span> <span class='ocrx_word' id='word_1_591' title='bbox 1614 1026 1719 1054; x_wconf 85' lang='lat' dir='ltr'><strong>ﬁducia.</strong></span> <span class='ocrx_word' id='word_1_592' title='bbox 1743 1026 1771 1054; x_wconf 91' lang='lat' dir='ltr'><strong>Si</strong></span> <span class='ocrx_word' id='word_1_593' title='bbox 1794 1031 1883 1055; x_wconf 84' lang='lat' dir='ltr'><strong>autem</strong></span> 
     </span>
    </p>
   </div>
   <div class='ocr_carea' id='block_1_81' title="bbox 1095 1071 1881 1106">
    <p class='ocr_par' dir='ltr' id='par_1_81' title="bbox 1095 1071 1881 1106">
     <span class='ocr_line' id='line_1_81' title="bbox 1095 1071 1881 1106; baseline 0 -10"><span class='ocrx_word' id='word_1_594' title='bbox 1095 1078 1147 1097; x_wconf 91' lang='lat' dir='ltr'><strong>non</strong></span> <span class='ocrx_word' id='word_1_595' title='bbox 1159 1071 1294 1098; x_wconf 87' lang='lat' dir='ltr'><strong>audieritis</strong></span> <span class='ocrx_word' id='word_1_596' title='bbox 1306 1079 1359 1103; x_wconf 82' lang='lat' dir='ltr'><strong>me,</strong></span> <span class='ocrx_word' id='word_1_597' title='bbox 1374 1079 1458 1106; x_wconf 87' lang='lat' dir='ltr'><strong>neqtte</strong></span> <span class='ocrx_word' id='word_1_598' title='bbox 1469 1071 1584 1098; x_wconf 78' lang='lat' dir='ltr'><strong>feceritis</strong></span> <span class='ocrx_word' id='word_1_599' title='bbox 1600 1076 1729 1106; x_wconf 70' lang='lat' dir='ltr'><strong>prmccpla</strong></span> <span class='ocrx_word' id='word_1_600' title='bbox 1741 1079 1798 1098; x_wconf 89' lang='lat' dir='ltr'><strong>mea</strong></span> <span class='ocrx_word' id='word_1_601' title='bbox 1813 1071 1881 1105; x_wconf 70' lang='lat' dir='ltr'><strong>iure,</strong></span> 
     </span>
    </p>
   </div>
   <div class='ocr_carea' id='block_1_82' title="bbox 1095 1115 1884 1151">
    <p class='ocr_par' dir='ltr' id='par_1_82' title="bbox 1095 1115 1884 1151">
     <span class='ocr_line' id='line_1_82' title="bbox 1095 1115 1884 1151; baseline 0 -8"><span class='ocrx_word' id='word_1_602' title='bbox 1095 1115 1141 1143; x_wconf 87' lang='lat' dir='ltr'><strong>sed</strong></span> <span class='ocrx_word' id='word_1_603' title='bbox 1156 1115 1219 1150; x_wconf 88' lang='lat' dir='ltr'><strong>ipsis</strong></span> <span class='ocrx_word' id='word_1_604' title='bbox 1230 1116 1448 1150; x_wconf 83' lang='lat' dir='ltr'><strong>repttguaveritis,</strong></span> <span class='ocrx_word' id='word_1_605' title='bbox 1463 1121 1490 1143; x_wconf 86' lang='lat' dir='ltr'><strong>et</strong></span> <span class='ocrx_word' id='word_1_606' title='bbox 1500 1117 1521 1143; x_wconf 90' lang='lat' dir='ltr'><strong>si</strong></span> <span class='ocrx_word' id='word_1_607' title='bbox 1531 1116 1637 1151; x_wconf 89' lang='lat' dir='ltr'><strong>jndiciis</strong></span> <span class='ocrx_word' id='word_1_608' title='bbox 1652 1116 1718 1144; x_wconf 89' lang='lat' dir='ltr'><strong>meis</strong></span> <span class='ocrx_word' id='word_1_609' title='bbox 1729 1116 1884 1144; x_wconf 87' lang='lat' dir='ltr'><strong>adversetur</strong></span> 
     </span>
    </p>
   </div>
   <div class='ocr_carea' id='block_1_83' title="bbox 1095 1161 1883 1196">
    <p class='ocr_par' dir='ltr' id='par_1_83' title="bbox 1095 1161 1883 1196">
     <span class='ocr_line' id='line_1_83' title="bbox 1095 1161 1883 1196; baseline 0.001 -9"><span class='ocrx_word' id='word_1_610' title='bbox 1095 1161 1181 1187; x_wconf 90' lang='lat' dir='ltr'><strong>anima</strong></span> <span class='ocrx_word' id='word_1_611' title='bbox 1192 1166 1288 1194; x_wconf 87' lang='lat' dir='ltr'><strong>vestra,</strong></span> <span class='ocrx_word' id='word_1_612' title='bbox 1301 1161 1335 1187; x_wconf 92' lang='lat' dir='ltr'><strong>ita</strong></span> <span class='ocrx_word' id='word_1_613' title='bbox 1350 1167 1377 1188; x_wconf 94' lang='lat' dir='ltr'><strong>ut</strong></span> <span class='ocrx_word' id='word_1_614' title='bbox 1391 1169 1442 1188; x_wconf 90' lang='lat' dir='ltr'><strong>non</strong></span> <span class='ocrx_word' id='word_1_615' title='bbox 1456 1161 1558 1188; x_wconf 89' lang='lat' dir='ltr'><strong>faciatis</strong></span> <span class='ocrx_word' id='word_1_616' title='bbox 1571 1161 1659 1188; x_wconf 77' lang='lat' dir='ltr'><strong>omnia</strong></span> <span class='ocrx_word' id='word_1_617' title='bbox 1671 1166 1802 1196; x_wconf 62' lang='lat' dir='ltr'><strong>praecepta</strong></span> <span class='ocrx_word' id='word_1_618' title='bbox 1813 1169 1883 1194; x_wconf 88' lang='lat' dir='ltr'><strong>mea,</strong></span> 
     </span>
    </p>
   </div>
   <div class='ocr_carea' id='block_1_84' title="bbox 1095 1207 1885 1241">
    <p class='ocr_par' dir='ltr' id='par_1_84' title="bbox 1095 1207 1885 1241">
     <span class='ocr_line' id='line_1_84' title="bbox 1095 1207 1885 1241; baseline 0.001 -8"><span class='ocrx_word' id='word_1_619' title='bbox 1095 1211 1124 1234; x_wconf 93' lang='lat' dir='ltr'><strong>ut</strong></span> <span class='ocrx_word' id='word_1_620' title='bbox 1137 1207 1271 1241; x_wconf 87' lang='lat' dir='ltr'><strong>dissipetis</strong></span> <span class='ocrx_word' id='word_1_621' title='bbox 1287 1212 1472 1234; x_wconf 87' lang='lat' dir='ltr'><strong>testamentum</strong></span> <span class='ocrx_word' id='word_1_622' title='bbox 1487 1215 1576 1235; x_wconf 87' lang='lat' dir='ltr'><strong>meum</strong></span> <span class='ocrx_word' id='word_1_623' title='bbox 1589 1216 1596 1240; x_wconf 88' lang='lat'><strong>;</strong></span> <span class='ocrx_word' id='word_1_624' title='bbox 1611 1207 1732 1234; x_wconf 88' lang='lat' dir='ltr'><strong>inducam</strong></span> <span class='ocrx_word' id='word_1_625' title='bbox 1742 1208 1768 1235; x_wconf 89' lang='lat' dir='ltr'><strong>in</strong></span> <span class='ocrx_word' id='word_1_626' title='bbox 1779 1215 1826 1235; x_wconf 91' lang='lat' dir='ltr'><strong>vos</strong></span> <span class='ocrx_word' id='word_1_627' title='bbox 1837 1216 1885 1234; x_wconf 86' lang='lat' dir='ltr'><strong>att-</strong></span> 
     </span>
    </p>
   </div>
   <div class='ocr_carea' id='block_1_85' title="bbox 1093 1252 1884 1287">
    <p class='ocr_par' dir='ltr' id='par_1_85' title="bbox 1093 1252 1884 1287">
     <span class='ocr_line' id='line_1_85' title="bbox 1093 1252 1884 1287; baseline 0.004 -9"><span class='ocrx_word' id='word_1_628' title='bbox 1093 1252 1219 1287; x_wconf 79' lang='lat' dir='ltr'><strong>gttstiam,</strong></span> <span class='ocrx_word' id='word_1_629' title='bbox 1233 1253 1359 1285; x_wconf 83' lang='lat' dir='ltr'><strong>scabiem,</strong></span> <span class='ocrx_word' id='word_1_630' title='bbox 1373 1257 1399 1280; x_wconf 84' lang='lat' dir='ltr'><strong>et</strong></span> <span class='ocrx_word' id='word_1_631' title='bbox 1419 1253 1542 1280; x_wconf 90' lang='lat' dir='ltr'><strong>ardorcut</strong></span> <span class='ocrx_word' id='word_1_632' title='bbox 1566 1260 1767 1281; x_wconf 84' lang='lat' dir='ltr'><strong>cousntncutem</strong></span> <span class='ocrx_word' id='word_1_633' title='bbox 1790 1254 1884 1282; x_wconf 90' lang='lat' dir='ltr'><strong>oculos</strong></span> 
     </span>
    </p>
   </div>
   <div class='ocr_carea' id='block_1_86' title="bbox 1095 1298 1883 1333">
    <p class='ocr_par' dir='ltr' id='par_1_86' title="bbox 1095 1298 1883 1333">
     <span class='ocr_line' id='line_1_86' title="bbox 1095 1298 1883 1333; baseline 0.001 -8"><span class='ocrx_word' id='word_1_634' title='bbox 1095 1303 1196 1326; x_wconf 89' lang='lat' dir='ltr'><strong>vestros</strong></span> <span class='ocrx_word' id='word_1_635' title='bbox 1208 1307 1214 1325; x_wconf 92' lang='lat'>:</span> <span class='ocrx_word' id='word_1_636' title='bbox 1226 1303 1253 1326; x_wconf 86' lang='lat' dir='ltr'><strong>et</strong></span> <span class='ocrx_word' id='word_1_637' title='bbox 1279 1298 1443 1329; x_wconf 84' lang='lat' dir='ltr'><strong>seminabitis</strong></span> <span class='ocrx_word' id='word_1_638' title='bbox 1465 1298 1562 1330; x_wconf 84' lang='lat' dir='ltr'><strong>frustra</strong></span> <span class='ocrx_word' id='word_1_639' title='bbox 1582 1303 1728 1330; x_wconf 71' lang='lat' dir='ltr'><strong>soluentem</strong></span> <span class='ocrx_word' id='word_1_640' title='bbox 1747 1303 1861 1326; x_wconf 87' lang='lat' dir='ltr'><strong>vestratn</strong></span> <span class='ocrx_word' id='word_1_641' title='bbox 1876 1321 1883 1333; x_wconf 94' lang='lat'><strong>,</strong></span> 
     </span>
    </p>
   </div>
   <div class='ocr_carea' id='block_1_87' title="bbox 1094 1343 1883 1382">
    <p class='ocr_par' dir='ltr' id='par_1_87' title="bbox 1094 1343 1883 1382">
     <span class='ocr_line' id='line_1_87' title="bbox 1094 1343 1883 1382; baseline 0.003 -11"><span class='ocrx_word' id='word_1_642' title='bbox 1094 1349 1120 1371; x_wconf 88' lang='lat' dir='ltr'><strong>et</strong></span> <span class='ocrx_word' id='word_1_643' title='bbox 1135 1343 1207 1371; x_wconf 80' lang='lat' dir='ltr'><strong>hanc</strong></span> <span class='ocrx_word' id='word_1_644' title='bbox 1226 1344 1367 1375; x_wconf 87' lang='lat' dir='ltr'><strong>comedent</strong></span> <span class='ocrx_word' id='word_1_645' title='bbox 1389 1344 1478 1372; x_wconf 85' lang='lat' dir='ltr'><strong>hostes</strong></span> <span class='ocrx_word' id='word_1_646' title='bbox 1506 1345 1586 1374; x_wconf 89' lang='lat' dir='ltr'><strong>vestri</strong></span> <span class='ocrx_word' id='word_1_647' title='bbox 1604 1355 1613 1372; x_wconf 75' lang='grc' dir='ltr'><strong>ι</strong></span> <span class='ocrx_word' id='word_1_648' title='bbox 1629 1345 1639 1381; x_wconf 90' lang='grc'><strong>(</strong></span> <span class='ocrx_word' id='word_1_649' title='bbox 1653 1345 1719 1375; x_wconf 78' lang='lat' dir='ltr'><strong>Ibid,</strong></span> <span class='ocrx_word' id='word_1_650' title='bbox 1733 1354 1755 1375; x_wconf 82' lang='grc' dir='ltr'><strong>υ,</strong></span> <span class='ocrx_word' id='word_1_651' title='bbox 1772 1346 1883 1382; x_wconf 75' lang='grc'><strong>13-16).</strong></span> 
     </span>
    </p>
   </div>
   <div class='ocr_carea' id='block_1_88' title="bbox 1094 1388 1883 1426">
    <p class='ocr_par' dir='ltr' id='par_1_88' title="bbox 1094 1388 1883 1426">
     <span class='ocr_line' id='line_1_88' title="bbox 1094 1388 1883 1426; baseline 0.005 -11"><span class='ocrx_word' id='word_1_652' title='bbox 1094 1388 1145 1416; x_wconf 79' lang='lat' dir='ltr'><strong>ista</strong></span> <span class='ocrx_word' id='word_1_653' title='bbox 1158 1389 1275 1416; x_wconf 87' lang='lat' dir='ltr'><strong>continet</strong></span> <span class='ocrx_word' id='word_1_654' title='bbox 1288 1389 1332 1417; x_wconf 93' lang='lat' dir='ltr'><strong>hic</strong></span> <span class='ocrx_word' id='word_1_655' title='bbox 1344 1389 1423 1422; x_wconf 86' lang='lat' dir='ltr'><strong>liber,</strong></span> <span class='ocrx_word' id='word_1_656' title='bbox 1438 1398 1500 1417; x_wconf 88' lang='lat' dir='ltr'><strong>cum</strong></span> <span class='ocrx_word' id='word_1_657' title='bbox 1512 1390 1571 1419; x_wconf 90' lang='lat' dir='ltr'><strong>aliis</strong></span> <span class='ocrx_word' id='word_1_658' title='bbox 1584 1390 1715 1420; x_wconf 85' lang='lat' dir='ltr'><strong>mandatis</strong></span> <span class='ocrx_word' id='word_1_659' title='bbox 1730 1395 1758 1419; x_wconf 87' lang='lat' dir='ltr'><strong>et</strong></span> <span class='ocrx_word' id='word_1_660' title='bbox 1783 1399 1883 1426; x_wconf 77' lang='lat' dir='ltr'><strong>praece—</strong></span> 
     </span>
    </p>
   </div>
   <div class='ocr_carea' id='block_1_89' title="bbox 1094 1435 1481 1478">
    <p class='ocr_par' dir='ltr' id='par_1_89' title="bbox 1094 1435 1481 1478">
     <span class='ocr_line' id='line_1_89' title="bbox 1094 1435 1481 1478; baseline 0.003 -16"><span class='ocrx_word' id='word_1_661' title='bbox 1094 1436 1153 1478; x_wconf 88' lang='lat' dir='ltr'><strong>ptis,</strong></span> <span class='ocrx_word' id='word_1_662' title='bbox 1166 1435 1192 1463; x_wconf 91' lang='lat' dir='ltr'><strong>itt</strong></span> <span class='ocrx_word' id='word_1_663' title='bbox 1207 1435 1302 1472; x_wconf 86' lang='lat' dir='ltr'><strong>hisque</strong></span> <span class='ocrx_word' id='word_1_664' title='bbox 1314 1436 1481 1464; x_wconf 76' lang='lat' dir='ltr'><strong>terminatur.</strong></span> 
     </span>
    </p>
   </div>
   <div class='ocr_carea' id='block_1_90' title="bbox 1309 1493 1667 1531">
    <p class='ocr_par' dir='ltr' id='par_1_90' title="bbox 1309 1493 1667 1531">
     <span class='ocr_line' id='line_1_90' title="bbox 1309 1493 1667 1531; baseline 0.003 -10"><span class='ocrx_word' id='word_1_665' title='bbox 1309 1501 1429 1521; x_wconf 79' lang='lat' dir='ltr'><strong>SYNOPSIS</strong></span> <span class='ocrx_word' id='word_1_666' title='bbox 1441 1500 1602 1522; x_wconf 76' lang='lat' dir='ltr'><strong>suuaaoauu</strong></span> <span class='ocrx_word' id='word_1_667' title='bbox 1616 1493 1667 1531; x_wconf 83' lang='grc' dir='ltr'>(ιι).</span> 
     </span>
    </p>
   </div>
   <div class='ocr_carea' id='block_1_91' title="bbox 1127 1549 1882 1586">
    <p class='ocr_par' dir='ltr' id='par_1_91' title="bbox 1127 1549 1882 1586">
     <span class='ocr_line' id='line_1_91' title="bbox 1127 1549 1882 1586; baseline 0.003 -9"><span class='ocrx_word' id='word_1_668' title='bbox 1127 1550 1238 1578; x_wconf 78' lang='lat' dir='ltr'><strong>anetur</strong></span> <span class='ocrx_word' id='word_1_669' title='bbox 1246 1549 1351 1585; x_wconf 83' lang='lat' dir='ltr'><strong>Moyses</strong></span> <span class='ocrx_word' id='word_1_670' title='bbox 1361 1557 1501 1578; x_wconf 88' lang='lat' dir='ltr'><strong>numerare</strong></span> <span class='ocrx_word' id='word_1_671' title='bbox 1512 1550 1638 1585; x_wconf 88' lang='lat' dir='ltr'><strong>populum</strong></span> <span class='ocrx_word' id='word_1_672' title='bbox 1649 1558 1664 1577; x_wconf 91' lang='lat' dir='ltr'><strong>a</strong></span> <span class='ocrx_word' id='word_1_673' title='bbox 1675 1550 1802 1586; x_wconf 83' lang='lat' dir='ltr'><strong>vigesimo</strong></span> <span class='ocrx_word' id='word_1_674' title='bbox 1812 1559 1882 1579; x_wconf 88' lang='lat' dir='ltr'><strong>anno</strong></span> 
     </span>
    </p>
   </div>
   <div class='ocr_carea' id='block_1_92' title="bbox 1091 1597 1882 1632">
    <p class='ocr_par' dir='ltr' id='par_1_92' title="bbox 1091 1597 1882 1632">
     <span class='ocr_line' id='line_1_92' title="bbox 1091 1597 1882 1632; baseline 0.003 -7"><span class='ocrx_word' id='word_1_675' title='bbox 1091 1600 1120 1625; x_wconf 87' lang='lat' dir='ltr'><strong>et</strong></span> <span class='ocrx_word' id='word_1_676' title='bbox 1129 1603 1208 1631; x_wconf 88' lang='lat' dir='ltr'><strong>supra</strong></span> <span class='ocrx_word' id='word_1_677' title='bbox 1220 1617 1227 1629; x_wconf 90' lang='lat'><strong>,</strong></span> <span class='ocrx_word' id='word_1_678' title='bbox 1241 1601 1370 1632; x_wconf 87' lang='lat' dir='ltr'><strong>erantque</strong></span> <span class='ocrx_word' id='word_1_679' title='bbox 1383 1602 1509 1625; x_wconf 84' lang='lat' dir='ltr'><strong>sexcenta</strong></span> <span class='ocrx_word' id='word_1_680' title='bbox 1522 1597 1572 1624; x_wconf 85' lang='lat' dir='ltr'><strong>tria</strong></span> <span class='ocrx_word' id='word_1_681' title='bbox 1589 1598 1670 1625; x_wconf 88' lang='lat' dir='ltr'><strong>millia</strong></span> <span class='ocrx_word' id='word_1_682' title='bbox 1687 1598 1823 1626; x_wconf 88' lang='lat' dir='ltr'><strong>hominum</strong></span> <span class='ocrx_word' id='word_1_683' title='bbox 1833 1620 1841 1632; x_wconf 90' lang='lat'><strong>,</strong></span> <span class='ocrx_word' id='word_1_684' title='bbox 1855 1604 1882 1627; x_wconf 78' lang='lat' dir='ltr'><strong>et</strong></span> 
     </span>
    </p>
   </div>
   <div class='ocr_carea' id='block_1_93' title="bbox 1091 1643 1881 1681">
    <p class='ocr_par' dir='ltr' id='par_1_93' title="bbox 1091 1643 1881 1681">
     <span class='ocr_line' id='line_1_93' title="bbox 1091 1643 1881 1681; baseline 0.004 -11"><span class='ocrx_word' id='word_1_685' title='bbox 1091 1643 1210 1671; x_wconf 80' lang='lat' dir='ltr'><strong>sexcenti</strong></span> <span class='ocrx_word' id='word_1_686' title='bbox 1232 1643 1421 1679; x_wconf 77' lang='lat' dir='ltr'><strong>quinquaginta</strong></span> <span class='ocrx_word' id='word_1_687' title='bbox 1435 1664 1442 1676; x_wconf 94' lang='lat'><strong>,</strong></span> <span class='ocrx_word' id='word_1_688' title='bbox 1465 1648 1561 1679; x_wconf 45' lang='lat' dir='ltr'><strong>praiter</strong></span> <span class='ocrx_word' id='word_1_689' title='bbox 1584 1643 1700 1672; x_wconf 87' lang='lat' dir='ltr'><strong>Levitas.</strong></span> <span class='ocrx_word' id='word_1_690' title='bbox 1722 1645 1881 1681; x_wconf 78' lang='lat' dir='ltr'><strong>Geuealogia</strong></span> 
     </span>
    </p>
   </div>
   <div class='ocr_carea' id='block_1_94' title="bbox 1092 1689 1882 1725">
    <p class='ocr_par' dir='ltr' id='par_1_94' title="bbox 1092 1689 1882 1725">
     <span class='ocr_line' id='line_1_94' title="bbox 1092 1689 1882 1725; baseline 0.003 -9"><span class='ocrx_word' id='word_1_691' title='bbox 1092 1689 1258 1722; x_wconf 81' lang='lat' dir='ltr'><strong>Levitarttm,</strong></span> <span class='ocrx_word' id='word_1_692' title='bbox 1279 1689 1324 1724; x_wconf 92' lang='lat' dir='ltr'><strong>qui</strong></span> <span class='ocrx_word' id='word_1_693' title='bbox 1345 1694 1539 1722; x_wconf 80' lang='lat' dir='ltr'><strong>numerantur,</strong></span> <span class='ocrx_word' id='word_1_694' title='bbox 1563 1693 1691 1725; x_wconf 86' lang='lat' dir='ltr'><strong>erantque</strong></span> <span class='ocrx_word' id='word_1_695' title='bbox 1712 1690 1804 1724; x_wconf 85' lang='lat' dir='ltr'><strong>viginti</strong></span> <span class='ocrx_word' id='word_1_696' title='bbox 1827 1690 1882 1718; x_wconf 88' lang='lat' dir='ltr'><strong>dtto</strong></span> 
     </span>
    </p>
   </div>
   <div class='ocr_carea' id='block_1_95' title="bbox 1091 1735 1881 1770">
    <p class='ocr_par' dir='ltr' id='par_1_95' title="bbox 1091 1735 1881 1770">
     <span class='ocr_line' id='line_1_95' title="bbox 1091 1735 1881 1770; baseline 0.004 -9"><span class='ocrx_word' id='word_1_697' title='bbox 1091 1735 1164 1762; x_wconf 90' lang='lat' dir='ltr'><strong>mille</strong></span> <span class='ocrx_word' id='word_1_698' title='bbox 1177 1735 1287 1762; x_wconf 83' lang='lat' dir='ltr'><strong>trecenti</strong></span> <span class='ocrx_word' id='word_1_699' title='bbox 1300 1743 1316 1761; x_wconf 91' lang='lat' dir='ltr'><strong>a</strong></span> <span class='ocrx_word' id='word_1_700' title='bbox 1334 1735 1404 1762; x_wconf 86' lang='lat' dir='ltr'><strong>natis</strong></span> <span class='ocrx_word' id='word_1_701' title='bbox 1419 1742 1472 1762; x_wconf 90' lang='lat' dir='ltr'><strong>uno</strong></span> <span class='ocrx_word' id='word_1_702' title='bbox 1484 1742 1578 1763; x_wconf 82' lang='lat' dir='ltr'><strong>mense</strong></span> <span class='ocrx_word' id='word_1_703' title='bbox 1589 1739 1617 1763; x_wconf 87' lang='lat' dir='ltr'><strong>et</strong></span> <span class='ocrx_word' id='word_1_704' title='bbox 1632 1743 1723 1770; x_wconf 86' lang='lat' dir='ltr'><strong>supra.</strong></span> <span class='ocrx_word' id='word_1_705' title='bbox 1736 1736 1802 1769; x_wconf 78' lang='lat' dir='ltr'><strong>Quia</strong></span> <span class='ocrx_word' id='word_1_706' title='bbox 1817 1744 1881 1765; x_wconf 84' lang='lat' dir='ltr'><strong>vero</strong></span> 
     </span>
    </p>
   </div>
   <div class='ocr_carea' id='block_1_96' title="bbox 1092 1781 1881 1816">
    <p class='ocr_par' dir='ltr' id='par_1_96' title="bbox 1092 1781 1881 1816">
     <span class='ocr_line' id='line_1_96' title="bbox 1092 1781 1881 1816; baseline 0.004 -9"><span class='ocrx_word' id='word_1_707' title='bbox 1092 1781 1260 1816; x_wconf 86' lang='lat' dir='ltr'><strong>primogeniti</strong></span> <span class='ocrx_word' id='word_1_708' title='bbox 1282 1781 1388 1808; x_wconf 86' lang='lat' dir='ltr'><strong>lsraelis</strong></span> <span class='ocrx_word' id='word_1_709' title='bbox 1408 1787 1485 1809; x_wconf 84' lang='lat' dir='ltr'><strong>erant</strong></span> <span class='ocrx_word' id='word_1_710' title='bbox 1504 1781 1596 1815; x_wconf 79' lang='lat' dir='ltr'><strong>viginti</strong></span> <span class='ocrx_word' id='word_1_711' title='bbox 1616 1781 1670 1809; x_wconf 90' lang='lat' dir='ltr'><strong>duo</strong></span> <span class='ocrx_word' id='word_1_712' title='bbox 1689 1782 1763 1810; x_wconf 86' lang='lat' dir='ltr'><strong>mille</strong></span> <span class='ocrx_word' id='word_1_713' title='bbox 1774 1782 1881 1810; x_wconf 85' lang='lat' dir='ltr'><strong>ducenti</strong></span> 
     </span>
    </p>
   </div>
   <div class='ocr_carea' id='block_1_97' title="bbox 1091 1826 1882 1862">
    <p class='ocr_par' dir='ltr' id='par_1_97' title="bbox 1091 1826 1882 1862">
     <span class='ocr_line' id='line_1_97' title="bbox 1091 1826 1882 1862; baseline 0.004 -9"><span class='ocrx_word' id='word_1_714' title='bbox 1091 1827 1259 1862; x_wconf 78' lang='lat' dir='ltr'><strong>septuaginta</strong></span> <span class='ocrx_word' id='word_1_715' title='bbox 1279 1830 1349 1859; x_wconf 88' lang='lat' dir='ltr'><strong>tres,</strong></span> <span class='ocrx_word' id='word_1_716' title='bbox 1371 1834 1421 1861; x_wconf 88' lang='lat' dir='ltr'><strong>pro</strong></span> <span class='ocrx_word' id='word_1_717' title='bbox 1440 1826 1473 1854; x_wconf 91' lang='lat' dir='ltr'><strong>iis</strong></span> <span class='ocrx_word' id='word_1_718' title='bbox 1492 1827 1536 1861; x_wconf 90' lang='lat' dir='ltr'><strong>qui</strong></span> <span class='ocrx_word' id='word_1_719' title='bbox 1556 1835 1696 1854; x_wconf 88' lang='lat' dir='ltr'><strong>numerum</strong></span> <span class='ocrx_word' id='word_1_720' title='bbox 1715 1827 1882 1856; x_wconf 83' lang='lat' dir='ltr'><strong>excedebant</strong></span> 
     </span>
    </p>
   </div>
   <div class='ocr_carea' id='block_1_98' title="bbox 1090 1872 1881 1908">
    <p class='ocr_par' dir='ltr' id='par_1_98' title="bbox 1090 1872 1881 1908">
     <span class='ocr_line' id='line_1_98' title="bbox 1090 1872 1881 1908; baseline 0.004 -9"><span class='ocrx_word' id='word_1_721' title='bbox 1090 1872 1288 1907; x_wconf 84' lang='lat' dir='ltr'><strong>redemptiones</strong></span> <span class='ocrx_word' id='word_1_722' title='bbox 1313 1873 1418 1907; x_wconf 90' lang='lat' dir='ltr'><strong>accepit</strong></span> <span class='ocrx_word' id='word_1_723' title='bbox 1436 1872 1541 1907; x_wconf 82' lang='lat' dir='ltr'><strong>Moyses</strong></span> <span class='ocrx_word' id='word_1_724' title='bbox 1562 1872 1687 1908; x_wconf 89' lang='lat' dir='ltr'><strong>deditque</strong></span> <span class='ocrx_word' id='word_1_725' title='bbox 1700 1874 1808 1902; x_wconf 78' lang='lat' dir='ltr'><strong>Aaroni.</strong></span> <span class='ocrx_word' id='word_1_726' title='bbox 1829 1874 1881 1902; x_wconf 66' lang='lat' dir='ltr'><strong>Re«</strong></span> 
     </span>
    </p>
   </div>
   <div class='ocr_carea' id='block_1_99' title="bbox 1089 1917 1881 1954">
    <p class='ocr_par' dir='ltr' id='par_1_99' title="bbox 1089 1917 1881 1954">
     <span class='ocr_line' id='line_1_99' title="bbox 1089 1917 1881 1954; baseline 0.001 -9"><span class='ocrx_word' id='word_1_727' title='bbox 1089 1917 1257 1953; x_wconf 83' lang='lat' dir='ltr'><strong>demptioues</strong></span> <span class='ocrx_word' id='word_1_728' title='bbox 1267 1922 1354 1945; x_wconf 88' lang='lat' dir='ltr'><strong>autem</strong></span> <span class='ocrx_word' id='word_1_729' title='bbox 1367 1918 1523 1945; x_wconf 86' lang='lat' dir='ltr'><strong>erantmille</strong></span> <span class='ocrx_word' id='word_1_730' title='bbox 1534 1919 1644 1946; x_wconf 87' lang='lat' dir='ltr'><strong>trecenti</strong></span> <span class='ocrx_word' id='word_1_731' title='bbox 1658 1919 1794 1954; x_wconf 84' lang='lat' dir='ltr'><strong>sexaginta</strong></span> <span class='ocrx_word' id='word_1_732' title='bbox 1805 1920 1881 1954; x_wconf 87' lang='lat' dir='ltr'><strong>quin-</strong></span> 
     </span>
    </p>
   </div>
   <div class='ocr_carea' id='block_1_100' title="bbox 1090 1964 1879 2000">
    <p class='ocr_par' dir='ltr' id='par_1_100' title="bbox 1090 1964 1879 2000">
     <span class='ocr_line' id='line_1_100' title="bbox 1090 1964 1879 2000; baseline 0.003 -9"><span class='ocrx_word' id='word_1_733' title='bbox 1090 1972 1141 1999; x_wconf 84' lang='lat' dir='ltr'><strong>que</strong></span> <span class='ocrx_word' id='word_1_734' title='bbox 1158 1964 1216 1992; x_wconf 88' lang='lat' dir='ltr'><strong>sicli</strong></span> <span class='ocrx_word' id='word_1_735' title='bbox 1230 1971 1278 1998; x_wconf 90' lang='lat' dir='ltr'><strong>pro</strong></span> <span class='ocrx_word' id='word_1_736' title='bbox 1290 1964 1418 2000; x_wconf 88' lang='lat' dir='ltr'><strong>quolibet.</strong></span> <span class='ocrx_word' id='word_1_737' title='bbox 1434 1964 1558 2000; x_wconf 63' lang='lat' dir='ltr'><strong>Prmeipit</strong></span> <span class='ocrx_word' id='word_1_738' title='bbox 1570 1965 1692 2000; x_wconf 86' lang='lat' dir='ltr'><strong>quisnam</strong></span> <span class='ocrx_word' id='word_1_739' title='bbox 1707 1973 1763 1992; x_wconf 89' lang='lat' dir='ltr'><strong>rem</strong></span> <span class='ocrx_word' id='word_1_740' title='bbox 1777 1973 1879 1993; x_wconf 82' lang='lat' dir='ltr'><strong>sacram</strong></span> 
     </span>
    </p>
   </div>
   <div class='ocr_carea' id='block_1_101' title="bbox 1089 2009 1880 2045">
    <p class='ocr_par' dir='ltr' id='par_1_101' title="bbox 1089 2009 1880 2045">
     <span class='ocr_line' id='line_1_101' title="bbox 1089 2009 1880 2045; baseline 0.003 -9"><span class='ocrx_word' id='word_1_741' title='bbox 1089 2009 1164 2037; x_wconf 89' lang='lat' dir='ltr'><strong>obire</strong></span> <span class='ocrx_word' id='word_1_742' title='bbox 1187 2010 1303 2041; x_wconf 82' lang='lat' dir='ltr'><strong>debeat,</strong></span> <span class='ocrx_word' id='word_1_743' title='bbox 1324 2017 1455 2045; x_wconf 81' lang='lat' dir='ltr'><strong>quosnam</strong></span> <span class='ocrx_word' id='word_1_744' title='bbox 1469 2017 1529 2037; x_wconf 85' lang='lat' dir='ltr'><strong>esse</strong></span> <span class='ocrx_word' id='word_1_745' title='bbox 1546 2014 1668 2045; x_wconf 87' lang='lat' dir='ltr'><strong>oporteat</strong></span> <span class='ocrx_word' id='word_1_746' title='bbox 1683 2009 1788 2037; x_wconf 85' lang='lat' dir='ltr'><strong>chitas</strong></span> <span class='ocrx_word' id='word_1_747' title='bbox 1804 2019 1811 2037; x_wconf 90' lang='lat'><strong>:</strong></span> <span class='ocrx_word' id='word_1_748' title='bbox 1826 2018 1880 2038; x_wconf 87' lang='lat' dir='ltr'><strong>non</strong></span> 
     </span>
    </p>
   </div>
   <div class='ocr_carea' id='block_1_102' title="bbox 1088 2055 1880 2090">
    <p class='ocr_par' dir='ltr' id='par_1_102' title="bbox 1088 2055 1880 2090">
     <span class='ocr_line' id='line_1_102' title="bbox 1088 2055 1880 2090; baseline 0.001 -8"><span class='ocrx_word' id='word_1_749' title='bbox 1088 2056 1159 2083; x_wconf 87' lang='lat' dir='ltr'><strong>enim</strong></span> <span class='ocrx_word' id='word_1_750' title='bbox 1170 2063 1266 2083; x_wconf 89' lang='lat' dir='ltr'><strong>omnes</strong></span> <span class='ocrx_word' id='word_1_751' title='bbox 1277 2055 1371 2083; x_wconf 86' lang='lat' dir='ltr'><strong>eodem</strong></span> <span class='ocrx_word' id='word_1_752' title='bbox 1386 2055 1487 2083; x_wconf 89' lang='lat' dir='ltr'><strong>honore</strong></span> <span class='ocrx_word' id='word_1_753' title='bbox 1501 2055 1687 2090; x_wconf 85' lang='lat' dir='ltr'><strong>diguabautur.</strong></span> <span class='ocrx_word' id='word_1_754' title='bbox 1703 2056 1770 2083; x_wconf 83' lang='lat' dir='ltr'><strong>Aliis</strong></span> <span class='ocrx_word' id='word_1_755' title='bbox 1783 2056 1880 2090; x_wconf 88' lang='lat' dir='ltr'><strong>pretio-</strong></span> 
     </span>
    </p>
   </div>
   <div class='ocr_carea' id='block_1_103' title="bbox 1088 2100 1878 2133">
    <p class='ocr_par' dir='ltr' id='par_1_103' title="bbox 1088 2100 1878 2133">
     <span class='ocr_line' id='line_1_103' title="bbox 1088 2100 1878 2133; baseline -0.001 -4"><span class='ocrx_word' id='word_1_756' title='bbox 1088 2102 1158 2130; x_wconf 83' lang='lat' dir='ltr'><strong>siora</strong></span> <span class='ocrx_word' id='word_1_757' title='bbox 1173 2109 1235 2128; x_wconf 85' lang='lat' dir='ltr'><strong>vasa</strong></span> <span class='ocrx_word' id='word_1_758' title='bbox 1247 2100 1408 2128; x_wconf 86' lang='lat' dir='ltr'><strong>tabernaculi</strong></span> <span class='ocrx_word' id='word_1_759' title='bbox 1419 2122 1426 2133; x_wconf 87' lang='lat'><strong>,</strong></span> <span class='ocrx_word' id='word_1_760' title='bbox 1443 2101 1502 2128; x_wconf 81' lang='lat' dir='ltr'><strong>aliis</strong></span> <span class='ocrx_word' id='word_1_761' title='bbox 1522 2101 1623 2128; x_wconf 88' lang='lat' dir='ltr'><strong>minora</strong></span> <span class='ocrx_word' id='word_1_762' title='bbox 1639 2101 1878 2129; x_wconf 82' lang='lat' dir='ltr'><strong>concredebantur.</strong></span> 
     </span>
    </p>
   </div>
   <div class='ocr_carea' id='block_1_104' title="bbox 1089 2147 1878 2183">
    <p class='ocr_par' dir='ltr' id='par_1_104' title="bbox 1089 2147 1878 2183">
     <span class='ocr_line' id='line_1_104' title="bbox 1089 2147 1878 2183; baseline 0.003 -9"><span class='ocrx_word' id='word_1_763' title='bbox 1089 2147 1205 2175; x_wconf 85' lang='lat' dir='ltr'><strong>Fuerunt</strong></span> <span class='ocrx_word' id='word_1_764' title='bbox 1217 2151 1307 2174; x_wconf 88' lang='lat' dir='ltr'><strong>autem</strong></span> <span class='ocrx_word' id='word_1_765' title='bbox 1320 2147 1420 2174; x_wconf 73' lang='lat' dir='ltr'><strong>Levita:</strong></span> <span class='ocrx_word' id='word_1_766' title='bbox 1435 2154 1450 2173; x_wconf 86' lang='lat' dir='ltr'><strong>a</strong></span> <span class='ocrx_word' id='word_1_767' title='bbox 1464 2147 1592 2182; x_wconf 87' lang='lat' dir='ltr'><strong>vigesimo</strong></span> <span class='ocrx_word' id='word_1_768' title='bbox 1606 2154 1677 2174; x_wconf 90' lang='lat' dir='ltr'><strong>anno</strong></span> <span class='ocrx_word' id='word_1_769' title='bbox 1688 2151 1716 2174; x_wconf 88' lang='lat' dir='ltr'><strong>et</strong></span> <span class='ocrx_word' id='word_1_770' title='bbox 1729 2155 1819 2183; x_wconf 86' lang='lat' dir='ltr'><strong>supra,</strong></span> <span class='ocrx_word' id='word_1_771' title='bbox 1833 2149 1878 2183; x_wconf 87' lang='lat' dir='ltr'><strong>qtti</strong></span> 
     </span>
    </p>
   </div>
   <div class='ocr_carea' id='block_1_105' title="bbox 1089 2193 1879 2228">
    <p class='ocr_par' dir='ltr' id='par_1_105' title="bbox 1089 2193 1879 2228">
     <span class='ocr_line' id='line_1_105' title="bbox 1089 2193 1879 2228; baseline -0.003 -6"><span class='ocrx_word' id='word_1_772' title='bbox 1089 2193 1285 2226; x_wconf 81' lang='lat' dir='ltr'><strong>ministrabant,</strong></span> <span class='ocrx_word' id='word_1_773' title='bbox 1293 2201 1378 2228; x_wconf 87' lang='lat' dir='ltr'><strong>usque</strong></span> <span class='ocrx_word' id='word_1_774' title='bbox 1387 2193 1420 2220; x_wconf 80' lang='lat' dir='ltr'><strong>ad</strong></span> <span class='ocrx_word' id='word_1_775' title='bbox 1434 2193 1681 2228; x_wconf 82' lang='lat' dir='ltr'><strong>quinquagesimum</strong></span> <span class='ocrx_word' id='word_1_776' title='bbox 1695 2200 1804 2227; x_wconf 86' lang='lat' dir='ltr'><strong>annum,</strong></span> <span class='ocrx_word' id='word_1_777' title='bbox 1818 2199 1879 2221; x_wconf 90' lang='lat' dir='ltr'><strong>octo</strong></span> 
     </span>
    </p>
   </div>
   <div class='ocr_carea' id='block_1_106' title="bbox 1088 2238 1876 2275">
    <p class='ocr_par' dir='ltr' id='par_1_106' title="bbox 1088 2238 1876 2275">
     <span class='ocr_line' id='line_1_106' title="bbox 1088 2238 1876 2275; baseline 0 -8"><span class='ocrx_word' id='word_1_778' title='bbox 1088 2240 1162 2267; x_wconf 90' lang='lat' dir='ltr'><strong>mille</strong></span> <span class='ocrx_word' id='word_1_779' title='bbox 1180 2239 1314 2275; x_wconf 85' lang='lat' dir='ltr'><strong>quingenti</strong></span> <span class='ocrx_word' id='word_1_780' title='bbox 1338 2238 1471 2274; x_wconf 84' lang='lat' dir='ltr'><strong>octoginta</strong></span> <span class='ocrx_word' id='word_1_781' title='bbox 1498 2243 1561 2266; x_wconf 88' lang='lat' dir='ltr'><strong>tres.</strong></span> <span class='ocrx_word' id='word_1_782' title='bbox 1577 2238 1652 2266; x_wconf 82' lang='lat' dir='ltr'><strong>Tunc</strong></span> <span class='ocrx_word' id='word_1_783' title='bbox 1678 2239 1751 2273; x_wconf 81' lang='lat' dir='ltr'><strong>iubet</strong></span> <span class='ocrx_word' id='word_1_784' title='bbox 1770 2246 1876 2267; x_wconf 86' lang='lat' dir='ltr'><strong>omnem</strong></span> 
     </span>
    </p>
   </div>
   <div class='ocr_carea' id='block_1_107' title="bbox 1088 2284 1876 2320">
    <p class='ocr_par' dir='ltr' id='par_1_107' title="bbox 1088 2284 1876 2320">
     <span class='ocr_line' id='line_1_107' title="bbox 1088 2284 1876 2320; baseline -0.001 -7"><span class='ocrx_word' id='word_1_785' title='bbox 1088 2285 1253 2313; x_wconf 90' lang='lat' dir='ltr'><strong>immundum</strong></span> <span class='ocrx_word' id='word_1_786' title='bbox 1274 2284 1395 2312; x_wconf 89' lang='lat' dir='ltr'><strong>emittere</strong></span> <span class='ocrx_word' id='word_1_787' title='bbox 1414 2291 1447 2311; x_wconf 86' lang='lat' dir='ltr'><strong>ex</strong></span> <span class='ocrx_word' id='word_1_788' title='bbox 1467 2284 1572 2316; x_wconf 87' lang='lat' dir='ltr'><strong>castris,</strong></span> <span class='ocrx_word' id='word_1_789' title='bbox 1594 2289 1621 2312; x_wconf 88' lang='lat' dir='ltr'><strong>et</strong></span> <span class='ocrx_word' id='word_1_790' title='bbox 1635 2284 1669 2312; x_wconf 89' lang='lat' dir='ltr'><strong>de</strong></span> <span class='ocrx_word' id='word_1_791' title='bbox 1683 2285 1813 2313; x_wconf 77' lang='lat' dir='ltr'><strong>sacrificio</strong></span> <span class='ocrx_word' id='word_1_792' title='bbox 1827 2293 1876 2320; x_wconf 89' lang='lat' dir='ltr'><strong>pro</strong></span> 
     </span>
    </p>
   </div>
   <div class='ocr_carea' id='block_1_108' title="bbox 1087 2330 1877 2366">
    <p class='ocr_par' dir='ltr' id='par_1_108' title="bbox 1087 2330 1877 2366">
     <span class='ocr_line' id='line_1_108' title="bbox 1087 2330 1877 2366; baseline 0 -7"><span class='ocrx_word' id='word_1_793' title='bbox 1087 2331 1186 2359; x_wconf 85' lang='lat' dir='ltr'><strong>delicto</strong></span> <span class='ocrx_word' id='word_1_794' title='bbox 1197 2330 1323 2365; x_wconf 90' lang='lat' dir='ltr'><strong>loquitur,</strong></span> <span class='ocrx_word' id='word_1_795' title='bbox 1335 2330 1472 2365; x_wconf 75' lang='lat' dir='ltr'><strong>legemque</strong></span> <span class='ocrx_word' id='word_1_796' title='bbox 1482 2330 1620 2366; x_wconf 71' lang='lat' dir='ltr'><strong>zelotypize</strong></span> <span class='ocrx_word' id='word_1_797' title='bbox 1630 2330 1722 2357; x_wconf 82' lang='lat' dir='ltr'><strong>statuit</strong></span> <span class='ocrx_word' id='word_1_798' title='bbox 1733 2339 1740 2363; x_wconf 89' lang='lat'><strong>;</strong></span> <span class='ocrx_word' id='word_1_799' title='bbox 1753 2335 1782 2357; x_wconf 90' lang='lat' dir='ltr'><strong>ut</strong></span> <span class='ocrx_word' id='word_1_800' title='bbox 1791 2338 1877 2366; x_wconf 79' lang='lat' dir='ltr'><strong>neque</strong></span> 
     </span>
    </p>
   </div>
   <div class='ocr_carea' id='block_1_109' title="bbox 1087 2375 1878 2411">
    <p class='ocr_par' dir='ltr' id='par_1_109' title="bbox 1087 2375 1878 2411">
     <span class='ocr_line' id='line_1_109' title="bbox 1087 2375 1878 2411; baseline -0.001 -7"><span class='ocrx_word' id='word_1_801' title='bbox 1087 2376 1219 2405; x_wconf 91' lang='lat' dir='ltr'><strong>calumnia</strong></span> <span class='ocrx_word' id='word_1_802' title='bbox 1235 2376 1408 2411; x_wconf 87' lang='lat' dir='ltr'><strong>iutpcteretur</strong></span> <span class='ocrx_word' id='word_1_803' title='bbox 1420 2375 1516 2402; x_wconf 90' lang='lat' dir='ltr'><strong>mulier</strong></span> <span class='ocrx_word' id='word_1_804' title='bbox 1527 2375 1595 2402; x_wconf 86' lang='lat' dir='ltr'><strong>circa</strong></span> <span class='ocrx_word' id='word_1_805' title='bbox 1607 2375 1776 2408; x_wconf 87' lang='lat' dir='ltr'><strong>adulterium,</strong></span> <span class='ocrx_word' id='word_1_806' title='bbox 1791 2384 1878 2411; x_wconf 88' lang='lat' dir='ltr'><strong>neque</strong></span> 
     </span>
    </p>
   </div>
   <div class='ocr_carea' id='block_1_110' title="bbox 1087 2421 1878 2457">
    <p class='ocr_par' dir='ltr' id='par_1_110' title="bbox 1087 2421 1878 2457">
     <span class='ocr_line' id='line_1_110' title="bbox 1087 2421 1878 2457; baseline -0.001 -6"><span class='ocrx_word' id='word_1_807' title='bbox 1087 2423 1207 2451; x_wconf 87' lang='lat' dir='ltr'><strong>adultera</strong></span> <span class='ocrx_word' id='word_1_808' title='bbox 1219 2423 1303 2450; x_wconf 87' lang='lat' dir='ltr'><strong>latere</strong></span> <span class='ocrx_word' id='word_1_809' title='bbox 1317 2426 1416 2457; x_wconf 89' lang='lat' dir='ltr'><strong>posset.</strong></span> <span class='ocrx_word' id='word_1_810' title='bbox 1432 2421 1470 2449; x_wconf 87' lang='lat' dir='ltr'><strong>De</strong></span> <span class='ocrx_word' id='word_1_811' title='bbox 1489 2421 1641 2456; x_wconf 88' lang='lat' dir='ltr'><strong>precatione</strong></span> <span class='ocrx_word' id='word_1_812' title='bbox 1661 2422 1878 2450; x_wconf 88' lang='lat' dir='ltr'><strong>sanctilicationis</strong></span> 
     </span>
    </p>
   </div>
   <div class='ocr_carea' id='block_1_111' title="bbox 1088 2467 1878 2504">
    <p class='ocr_par' dir='ltr' id='par_1_111' title="bbox 1088 2467 1878 2504">
     <span class='ocr_line' id='line_1_111' title="bbox 1088 2467 1878 2504; baseline -0.003 -7"><span class='ocrx_word' id='word_1_813' title='bbox 1088 2469 1222 2502; x_wconf 85' lang='lat' dir='ltr'><strong>statuitur,</strong></span> <span class='ocrx_word' id='word_1_814' title='bbox 1231 2473 1257 2496; x_wconf 88' lang='lat' dir='ltr'><strong>et</strong></span> <span class='ocrx_word' id='word_1_815' title='bbox 1265 2467 1398 2504; x_wconf 90' lang='lat' dir='ltr'><strong>quomodo</strong></span> <span class='ocrx_word' id='word_1_816' title='bbox 1411 2471 1534 2502; x_wconf 85' lang='lat' dir='ltr'><strong>oporteat</strong></span> <span class='ocrx_word' id='word_1_817' title='bbox 1544 2467 1708 2494; x_wconf 86' lang='lat' dir='ltr'><strong>sacerdotem</strong></span> <span class='ocrx_word' id='word_1_818' title='bbox 1721 2467 1878 2496; x_wconf 84' lang='lat' dir='ltr'><strong>benedicere</strong></span> 
     </span>
    </p>
   </div>
   <div class='ocr_carea' id='block_1_112' title="bbox 1089 2513 1877 2545">
    <p class='ocr_par' dir='ltr' id='par_1_112' title="bbox 1089 2513 1877 2545">
     <span class='ocr_line' id='line_1_112' title="bbox 1089 2513 1877 2545; baseline -0.003 -2"><span class='ocrx_word' id='word_1_819' title='bbox 1089 2516 1157 2544; x_wconf 83' lang='lat' dir='ltr'><strong>ﬁlios</strong></span> <span class='ocrx_word' id='word_1_820' title='bbox 1179 2515 1270 2542; x_wconf 86' lang='lat' dir='ltr'><strong>Israel.</strong></span> <span class='ocrx_word' id='word_1_821' title='bbox 1294 2514 1344 2542; x_wconf 87' lang='lat' dir='ltr'><strong>Ubi</strong></span> <span class='ocrx_word' id='word_1_822' title='bbox 1361 2518 1449 2541; x_wconf 87' lang='lat' dir='ltr'><strong>autent</strong></span> <span class='ocrx_word' id='word_1_823' title='bbox 1468 2513 1542 2540; x_wconf 85' lang='lat' dir='ltr'><strong>stetit</strong></span> <span class='ocrx_word' id='word_1_824' title='bbox 1557 2513 1767 2545; x_wconf 82' lang='lat' dir='ltr'><strong>tabernaculum,</strong></span> <span class='ocrx_word' id='word_1_825' title='bbox 1780 2514 1877 2541; x_wconf 84' lang='lat' dir='ltr'><strong>attule-</strong></span> 
     </span>
    </p>
   </div>
   <div class='ocr_carea' id='block_1_113' title="bbox 1087 2558 1877 2596">
    <p class='ocr_par' dir='ltr' id='par_1_113' title="bbox 1087 2558 1877 2596">
     <span class='ocr_line' id='line_1_113' title="bbox 1087 2558 1877 2596; baseline -0.003 -7"><span class='ocrx_word' id='word_1_826' title='bbox 1087 2565 1150 2590; x_wconf 88' lang='lat' dir='ltr'><strong>runt</strong></span> <span class='ocrx_word' id='word_1_827' title='bbox 1161 2560 1294 2596; x_wconf 87' lang='lat' dir='ltr'><strong>principes</strong></span> <span class='ocrx_word' id='word_1_828' title='bbox 1308 2559 1377 2587; x_wconf 91' lang='lat' dir='ltr'><strong>dona</strong></span> <span class='ocrx_word' id='word_1_829' title='bbox 1390 2559 1471 2586; x_wconf 88' lang='lat' dir='ltr'><strong>tuulta</strong></span> <span class='ocrx_word' id='word_1_830' title='bbox 1485 2566 1641 2594; x_wconf 85' lang='lat' dir='ltr'><strong>magnaque.</strong></span> <span class='ocrx_word' id='word_1_831' title='bbox 1652 2558 1764 2587; x_wconf 81' lang='lat' dir='ltr'><strong>Jubctur</strong></span> <span class='ocrx_word' id='word_1_832' title='bbox 1771 2559 1877 2596; x_wconf 82' lang='lat' dir='ltr'><strong>Moyses</strong></span> 
     </span>
    </p>
   </div>
   <div class='ocr_carea' id='block_1_114' title="bbox 1119 2617 1879 2651">
    <p class='ocr_par' dir='ltr' id='par_1_114' title="bbox 1119 2617 1879 2651">
     <span class='ocr_line' id='line_1_114' title="bbox 1119 2617 1879 2651; baseline -0.003 -7"><span class='ocrx_word' id='word_1_833' title='bbox 1119 2619 1155 2651; x_wconf 79' lang='grc' dir='ltr'><strong>(α)</strong></span> <span class='ocrx_word' id='word_1_834' title='bbox 1172 2618 1335 2651; x_wconf 23' lang='grc' dir='ltr'>ῐιιὶιὶιιιιινιίὺιί</span> <span class='ocrx_word' id='word_1_835' title='bbox 1356 2622 1513 2643; x_wconf 77' lang='lat' dir='ltr'><strong>Numerorum</strong></span> <span class='ocrx_word' id='word_1_836' title='bbox 1533 2617 1557 2642; x_wconf 90' lang='lat' dir='ltr'><strong>in</strong></span> <span class='ocrx_word' id='word_1_837' title='bbox 1574 2617 1726 2651; x_wconf 82' lang='lat' dir='ltr'><strong>Lugdunensi</strong></span> <span class='ocrx_word' id='word_1_838' title='bbox 1740 2617 1832 2651; x_wconf 86' lang='lat' dir='ltr'><strong>_Codi_ee</strong></span> <span class='ocrx_word' id='word_1_839' title='bbox 1843 2617 1879 2651; x_wconf 77' lang='lat' dir='ltr'><strong>sic</strong></span> 
     </span>
    </p>
   </div>
   <div class='ocr_carea' id='block_1_115' title="bbox 1087 2648 1877 2680">
    <p class='ocr_par' dir='ltr' id='par_1_115' title="bbox 1087 2648 1877 2680">
     <span class='ocr_line' id='line_1_115' title="bbox 1087 2648 1877 2680; baseline -0.003 -5"><span class='ocrx_word' id='word_1_840' title='bbox 1087 2648 1163 2676; x_wconf 81' lang='lat' dir='ltr'><strong>habet</strong></span> <span class='ocrx_word' id='word_1_841' title='bbox 1175 2657 1181 2675; x_wconf 90' lang='lat'><strong>:</strong></span> <span class='ocrx_word' id='word_1_842' title='bbox 1193 2651 1237 2675; x_wconf 84' lang='lat' dir='ltr'><strong>llic</strong></span> <span class='ocrx_word' id='word_1_843' title='bbox 1249 2649 1309 2675; x_wconf 80' lang='lat' dir='ltr'><strong>liber</strong></span> <span class='ocrx_word' id='word_1_844' title='bbox 1320 2652 1416 2674; x_wconf 74' lang='lat' dir='ltr'><strong>vocatur</strong></span> <span class='ocrx_word' id='word_1_845' title='bbox 1430 2657 1442 2672; x_wconf 74' lang='grc' dir='ltr'><strong>ιι</strong></span> <span class='ocrx_word' id='word_1_846' title='bbox 1449 2648 1630 2680; x_wconf 54' lang='lat' dir='ltr'><strong>Numerorum}</strong></span> <span class='ocrx_word' id='word_1_847' title='bbox 1642 2666 1650 2677; x_wconf 94' lang='lat'><strong>,</strong></span> <span class='ocrx_word' id='word_1_848' title='bbox 1661 2648 1717 2680; x_wconf 80' lang='lat' dir='ltr'><strong>quia</strong></span> <span class='ocrx_word' id='word_1_849' title='bbox 1724 2648 1824 2679; x_wconf 62' lang='lat' dir='ltr'><strong>singula!</strong></span> <span class='ocrx_word' id='word_1_850' title='bbox 1833 2648 1877 2673; x_wconf 79' lang='lat' dir='ltr'><strong>tri-</strong></span> 
     </span>
    </p>
   </div>
   <div class='ocr_carea' id='block_1_116' title="bbox 1088 2679 1878 2713">
    <p class='ocr_par' dir='ltr' id='par_1_116' title="bbox 1088 2679 1878 2713">
     <span class='ocr_line' id='line_1_116' title="bbox 1088 2679 1878 2713; baseline -0.004 -7"><span class='ocrx_word' id='word_1_851' title='bbox 1088 2681 1139 2711; x_wconf 79' lang='lat' dir='ltr'><strong>bus,</strong></span> <span class='ocrx_word' id='word_1_852' title='bbox 1148 2682 1222 2713; x_wconf 74' lang='lat' dir='ltr'><strong>juxlrt</strong></span> <span class='ocrx_word' id='word_1_853' title='bbox 1240 2683 1388 2713; x_wconf 60' lang='lat' dir='ltr'><strong>praeceptum</strong></span> <span class='ocrx_word' id='word_1_854' title='bbox 1395 2679 1511 2713; x_wconf 80' lang='lat' dir='ltr'><strong>__!)omitti,</strong></span> <span class='ocrx_word' id='word_1_855' title='bbox 1521 2682 1617 2713; x_wconf 73' lang='grc' dir='ltr'><strong>ηιιᾳηιςε</strong></span> <span class='ocrx_word' id='word_1_856' title='bbox 1627 2679 1704 2713; x_wconf 62' lang='lat' dir='ltr'><strong>essent</strong></span> <span class='ocrx_word' id='word_1_857' title='bbox 1715 2682 1878 2713; x_wconf 63' lang='lat' dir='ltr'><strong>inettsurutttm</strong></span> 
     </span>
    </p>
   </div>
   <div class='ocr_carea' id='block_1_117' title="bbox 1088 2709 1877 2743">
    <p class='ocr_par' dir='ltr' id='par_1_117' title="bbox 1088 2709 1877 2743">
     <span class='ocr_line' id='line_1_117' title="bbox 1088 2709 1877 2743; baseline -0.005 -5"><span class='ocrx_word' id='word_1_858' title='bbox 1088 2709 1167 2739; x_wconf 44' lang='lat' dir='ltr'><strong>esljét</strong></span> <span class='ocrx_word' id='word_1_859' title='bbox 1178 2709 1315 2742; x_wconf 63' lang='lat' dir='ltr'><strong>quio&#39;totitts</strong></span> <span class='ocrx_word' id='word_1_860' title='bbox 1322 2709 1410 2743; x_wconf 72' lang='lat' dir='ltr'><strong>populi</strong></span> <span class='ocrx_word' id='word_1_861' title='bbox 1427 2717 1539 2743; x_wconf 70' lang='lat' dir='ltr'><strong>numerus</strong></span> <span class='ocrx_word' id='word_1_862' title='bbox 1550 2709 1575 2734; x_wconf 79' lang='lat' dir='ltr'><strong>in</strong></span> <span class='ocrx_word' id='word_1_863' title='bbox 1594 2709 1638 2735; x_wconf 87' lang='lat' dir='ltr'><strong>hoc</strong></span> <span class='ocrx_word' id='word_1_864' title='bbox 1650 2709 1710 2735; x_wconf 81' lang='lat' dir='ltr'><strong>libro</strong></span> <span class='ocrx_word' id='word_1_865' title='bbox 1729 2709 1877 2735; x_wconf 65' lang='lat' dir='ltr'><strong>declaravi&quot;.</strong></span> 
     </span>
    </p>
   </div>
   <div class='ocr_carea' id='block_1_118' title="bbox 1088 2740 1877 2774">
    <p class='ocr_par' dir='ltr' id='par_1_118' title="bbox 1088 2740 1877 2774">
     <span class='ocr_line' id='line_1_118' title="bbox 1088 2740 1877 2774; baseline -0.008 -5"><span class='ocrx_word' id='word_1_866' title='bbox 1088 2740 1276 2769; x_wconf 74' lang='lat' dir='ltr'><strong>Dinumerabmtt</strong></span> <span class='ocrx_word' id='word_1_867' title='bbox 1288 2740 1506 2774; x_wconf 10' lang='lat' dir='ltr'><strong>rau‘temgpopulum</strong></span> <span class='ocrx_word' id='word_1_868' title='bbox 1525 2745 1616 2772; x_wconf 79' lang='lat' dir='ltr'><strong>Moyses</strong></span> <span class='ocrx_word' id='word_1_869' title='bbox 1633 2744 1657 2774; x_wconf 70' lang='lat' dir='ltr'><strong>et</strong></span> <span class='ocrx_word' id='word_1_870' title='bbox 1671 2747 1759 2774; x_wconf 54' lang='lat' dir='ltr'><strong>:garon,</strong></span> <span class='ocrx_word' id='word_1_871' title='bbox 1781 2743 1804 2765; x_wconf 87' lang='lat' dir='ltr'><strong>el</strong></span> <span class='ocrx_word' id='word_1_872' title='bbox 1823 2746 1877 2774; x_wconf 71' lang='lat' dir='ltr'><strong>qun</strong></span> 
     </span>
    </p>
   </div>
   <div class='ocr_carea' id='block_1_119' title="bbox 1088 2770 1877 2806">
    <p class='ocr_par' dir='ltr' id='par_1_119' title="bbox 1088 2770 1877 2806">
     <span class='ocr_line' id='line_1_119' title="bbox 1088 2770 1877 2806; baseline -0.006 -7"><span class='ocrx_word' id='word_1_873' title='bbox 1088 2774 1122 2806; x_wconf 74' lang='lat' dir='ltr'><strong>eis</strong></span> <span class='ocrx_word' id='word_1_874' title='bbox 1135 2774 1249 2806; x_wconf 78' lang='lat' dir='ltr'><strong>cujusque</strong></span> <span class='ocrx_word' id='word_1_875' title='bbox 1261 2773 1337 2798; x_wconf 81' lang='lat' dir='ltr'><strong>tribus</strong></span> <span class='ocrx_word' id='word_1_876' title='bbox 1349 2770 1468 2806; x_wconf 69' lang='lat' dir='ltr'><strong>princeps.</strong></span> <span class='ocrx_word' id='word_1_877' title='bbox 1478 2776 1505 2797; x_wconf 77' lang='lat' dir='ltr'><strong>Et</strong></span> <span class='ocrx_word' id='word_1_878' title='bbox 1516 2770 1628 2796; x_wconf 74' lang='lat' dir='ltr'><strong>ntmierus</strong></span> <span class='ocrx_word' id='word_1_879' title='bbox 1639 2770 1778 2806; x_wconf 60' lang='lat' dir='ltr'><strong>bellatorum</strong></span> <span class='ocrx_word' id='word_1_880' title='bbox 1789 2777 1804 2806; x_wconf 68' lang='grc' dir='ltr'>ᾳ</span> <span class='ocrx_word' id='word_1_881' title='bbox 1817 2770 1877 2806; x_wconf 43' lang='lat' dir='ltr'><strong>rit/ef</strong></span> 
     </span>
    </p>
   </div>
   <div class='ocr_carea' id='block_1_120' title="bbox 1087 2801 1877 2836">
    <p class='ocr_par' dir='ltr' id='par_1_120' title="bbox 1087 2801 1877 2836">
     <span class='ocr_line' id='line_1_120' title="bbox 1087 2801 1877 2836; baseline -0.008 -6"><span class='ocrx_word' id='word_1_882' title='bbox 1087 2805 1148 2830; x_wconf 79' lang='lat' dir='ltr'><strong>sima</strong></span> <span class='ocrx_word' id='word_1_883' title='bbox 1158 2801 1221 2836; x_wconf 68' lang='grc' dir='ltr'><strong>ἰληηό</strong></span> <span class='ocrx_word' id='word_1_884' title='bbox 1231 2808 1253 2830; x_wconf 81' lang='lat' dir='ltr'><strong>et</strong></span> <span class='ocrx_word' id='word_1_885' title='bbox 1264 2811 1339 2836; x_wconf 76' lang='lat' dir='ltr'><strong>supra</strong></span> <span class='ocrx_word' id='word_1_886' title='bbox 1350 2801 1457 2836; x_wconf 68' lang='lat' dir='ltr'><strong>inventus</strong></span> <span class='ocrx_word' id='word_1_887' title='bbox 1466 2806 1625 2836; x_wconf 60' lang='lat' dir='ltr'><strong>estsanctae</strong></span> <span class='ocrx_word' id='word_1_888' title='bbox 1633 2801 1710 2826; x_wconf 69' lang='lat' dir='ltr'><strong>millia</strong></span> <span class='ocrx_word' id='word_1_889' title='bbox 1721 2805 1743 2836; x_wconf 87' lang='lat' dir='ltr'><strong>e_I</strong></span> <span class='ocrx_word' id='word_1_890' title='bbox 1752 2804 1877 2836; x_wconf 59' lang='lat' dir='ltr'><strong>tentante!</strong></span> 
     </span>
    </p>
   </div>
   <div class='ocr_carea' id='block_1_121' title="bbox 1088 2834 1876 2868">
    <p class='ocr_par' dir='ltr' id='par_1_121' title="bbox 1088 2834 1876 2868">
     <span class='ocr_line' id='line_1_121' title="bbox 1088 2834 1876 2868; baseline -0.009 -7"><span class='ocrx_word' id='word_1_891' title='bbox 1088 2835 1267 2867; x_wconf 79' lang='lat' dir='ltr'><strong>quutqtuzginta,</strong></span> <span class='ocrx_word' id='word_1_892' title='bbox 1282 2834 1370 2867; x_wconf 77' lang='lat' dir='ltr'><strong>p&#39;rwter</strong></span> <span class='ocrx_word' id='word_1_893' title='bbox 1382 2834 1450 2868; x_wconf 70' lang='lat' dir='ltr'><strong>alios.</strong></span> <span class='ocrx_word' id='word_1_894' title='bbox 1473 2834 1569 2868; x_wconf 67' lang='lat' dir='ltr'><strong>meum</strong></span> <span class='ocrx_word' id='word_1_895' title='bbox 1590 2834 1736 2868; x_wconf 39' lang='lat' dir='ltr'><strong>(tutemini</strong></span> <span class='ocrx_word' id='word_1_896' title='bbox 1743 2834 1876 2868; x_wconf 52' lang='lat' dir='ltr'><strong>separatae</strong></span> 
     </span>
    </p>
   </div>
   <div class='ocr_carea' id='block_1_122' title="bbox 1088 2863 1878 2894">
    <p class='ocr_par' dir='ltr' id='par_1_122' title="bbox 1088 2863 1878 2894">
     <span class='ocr_line' id='line_1_122' title="bbox 1088 2863 1878 2894; baseline -0.005 -3"><span class='ocrx_word' id='word_1_897' title='bbox 1088 2863 1298 2892; x_wconf 62' lang='lat' dir='ltr'><strong>diuinum-&quot;(lterth</strong></span> <span class='ocrx_word' id='word_1_898' title='bbox 1306 2866 1437 2891; x_wconf 77' lang='lat' dir='ltr'><strong>secundum</strong></span> <span class='ocrx_word' id='word_1_899' title='bbox 1449 2865 1546 2890; x_wconf 77' lang='lat' dir='ltr'><strong>verbum</strong></span> <span class='ocrx_word' id='word_1_900' title='bbox 1557 2863 1657 2894; x_wconf 66' lang='lat' dir='ltr'><strong>nomini,</strong></span> <span class='ocrx_word' id='word_1_901' title='bbox 1669 2867 1758 2894; x_wconf 68' lang='lat' dir='ltr'><strong>Nomas</strong></span> <span class='ocrx_word' id='word_1_902' title='bbox 1768 2866 1791 2888; x_wconf 78' lang='lat' dir='ltr'><strong>et</strong></span> <span class='ocrx_word' id='word_1_903' title='bbox 1798 2863 1878 2887; x_wconf 75' lang='lat' dir='ltr'><strong>Aaron</strong></span> 
     </span>
    </p>
   </div>
   <div class='ocr_carea' id='block_1_123' title="bbox 1090 2898 1444 2931">
    <p class='ocr_par' dir='ltr' id='par_1_123' title="bbox 1090 2898 1444 2931">
     <span class='ocr_line' id='line_1_123' title="bbox 1090 2898 1444 2931; baseline -0.006 -8"><span class='ocrx_word' id='word_1_904' title='bbox 1090 2898 1142 2930; x_wconf 69' lang='lat' dir='ltr'><strong>soli,</strong></span> <span class='ocrx_word' id='word_1_905' title='bbox 1156 2905 1170 2922; x_wconf 88' lang='lat' dir='ltr'><strong>a</strong></span> <span class='ocrx_word' id='word_1_906' title='bbox 1181 2904 1259 2924; x_wconf 76' lang='lat' dir='ltr'><strong>mcnsc</strong></span> <span class='ocrx_word' id='word_1_907' title='bbox 1271 2904 1317 2923; x_wconf 66' lang='lat' dir='ltr'><strong>ano</strong></span> <span class='ocrx_word' id='word_1_908' title='bbox 1328 2899 1351 2922; x_wconf 73' lang='lat' dir='ltr'><strong>et</strong></span> <span class='ocrx_word' id='word_1_909' title='bbox 1362 2903 1444 2931; x_wconf 71' lang='lat' dir='ltr'><strong>supra.</strong></span> 
     </span>
    </p>
   </div>
  </div>
