2047 3123
205 176 253 203 3'5!

205 232 376 260 sancltlicare
383 231 500 263 Let'ilas.
508 230 632 266 auditque
642 238 656 257 a
666 230 793 264 vigesimo
801 235 871 254 anno
880 231 907 254 et
917 233 995 260 supra

207 281 330 310 oportere
352 278 424 311 ipsos
443 276 605 308 ministrare,
631 283 645 302 a
668 273 885 308 quinquagesimo
909 276 998 298 autem

210 330 281 350 anno
295 331 309 349 a
327 322 475 349 ministerio
495 329 610 348 cessare.
632 320 759 354 Prteccp'tt
777 319 841 354 Ipsis
865 318 934 344 Deus
953 325 999 351 per

210 368 326 403 Moyseut
342 371 369 394 ttl
384 367 478 401 pascha
493 366 598 392 lat-iant.
616 365 673 397 Dic,
697 364 789 398 inquit,
806 369 828 390 et
846 363 940 398 faciunt
953 361 999 395 filii

212 413 395 448 Itrnelpnsclm
408 413 417 448 (
430 411 510 439 Num.
524 411 551 439 9.
566 411 611 447 2).
624 411 685 437 Erat
700 410 769 436 cuittt
785 409 886 444 primus
901 406 1000 433 Illt‘llSlS

208 459 317 488 secundi
336 458 409 485 anni.
431 459 609 484 Accesserant
627 460 715 483 autem
735 453 864 482 immundi
880 453 911 479 ad
927 452 999 487 Moy-

209 515 277 536 sent,
290 509 316 534 et
330 504 425 531 obtulit
438 512 484 536 pro
497 503 548 531 illis
565 503 628 529 Deo.
644 501 827 534 Pint-cepitque
843 499 923 531 Deus,
937 506 998 525 eum

208 552 251 586 qui
268 560 318 577 tutu
336 556 423 584 posset
438 548 465 576 itt
479 549 567 582 primo
577 554 671 574 mense
681 545 820 573 ittttuolnre
833 543 940 578 pascha.
957 542 1000 569 vel

209 596 277 631 quod
298 594 450 623 immundus
472 598 559 625 esset,
576 592 617 620 vel
631 592 701 627 qttod
718 592 744 618 itt
760 591 838 624 longe
852 590 959 621 itinere,
974 588 999 615 itt

208 640 326 669 ευριπιαο
337 647 431 666 mense
445 638 541 670 facere,
554 638 655 665 decima
666 636 744 664 tertia
753 636 805 662 die.
816 635 843 662 Si
856 634 915 670 quis
926 641 1000 667 vero,

209 685 323 714 mundus
339 693 399 712 cum
417 684 462 716 sit,
477 691 526 711 nec
540 683 565 710 itt
588 682 668 717 longo
686 682 792 714 itinere,
815 680 881 707 nnlit
903 679 1001 714 pascha

209 733 296 760 facere
310 732 335 759 in
349 731 432 766 primo
449 737 551 762 mense,
559 728 608 755 sub
623 732 732 763 peccato
745 727 807 754 erit.
826 726 890 757 Lex,
906 724 1000 760 inquit,

209 786 259 806 una
273 778 305 804 sil
318 776 427 804 adventu
445 780 471 802 et
490 775 632 809 ittdigente.
651 773 718 800 Cum
734 771 891 799 ascenderet
906 771 1001 803 nubes,

208 829 294 851 castra
311 822 453 850 movebant
469 820 594 847 Israelita:
607 840 615 852 ,
628 824 655 847 et
669 818 713 845 ubi
728 818 812 845 nubes
828 817 933 850 stabat,
951 816 1003 844 illic

209 874 295 896 castra
320 867 496 894 mutabantur.
517 865 630 892 Jubetur
653 863 756 899 Moyses
771 862 860 890 facere
872 863 948 889 tubas
961 870 1004 889 ar-

210 921 328 951 genteas.
348 914 382 941 ita
398 918 426 940 ut
439 920 485 947 per
505 912 562 939 illas
584 910 776 946 signiﬁcaretur
794 909 903 944 populo,
918 915 1003 944 quan-

213 962 311 989 dnnam
325 959 454 995 proﬁcisci
466 962 612 993 oporteret,
626 956 732 993 quando
745 963 908 990 congregare
922 962 1005 994 popu-

212 1007 264 1034 Ittm
281 1007 306 1032 in
320 1005 396 1032 bellis
409 1026 416 1037 ,
431 1005 456 1031 itt
468 1003 608 1031 sacriﬁciis
619 1024 626 1035 ,
643 1002 824 1036 utendutttque
834 1009 894 1028 eSse
909 1001 1004 1027 dicitur

213 1053 253 1080 liis
274 1051 343 1078 tttbis
359 1051 385 1078 iu
401 1049 493 1082 festis,
511 1049 536 1076 in
555 1047 718 1080 neonteniis,
735 1048 761 1074 in
783 1045 954 1073 holocaustis.
970 1045 1005 1074 Ut

211 1101 299 1124 autettt
314 1094 425 1130 profecti
439 1100 500 1121 suttt
514 1094 560 1120 lilii
577 1093 667 1127 Israel,
682 1092 791 1128 rogabat
805 1092 909 1127 Moyses
919 1091 1006 1119 Jobab,

213 1144 294 1171 lilium
311 1141 426 1178 l‘lagnel,
442 1142 486 1179 qui
501 1145 527 1168 et
540 1139 635 1168 Jotltor
647 1139 794 1171 dicebatur,
810 1143 837 1166 ut
852 1137 901 1165 sibi
915 1141 942 1165 et
956 1137 1006 1164 via:

213 1194 239 1217 et
254 1188 444 1224 promissorum
461 1187 589 1214 bonorum
600 1191 712 1212 consors
720 1188 791 1212 esset
805 1192 812 1216 ;
829 1187 856 1210 et
869 1191 928 1210 cum
943 1190 1005 1209 arca

214 1233 382 1265 eveheretur,
396 1232 462 1258 dixit
472 1230 576 1267 Moyses
588 1239 595 1256 :
612 1230 737 1264 Exsurge,
751 1228 868 1261 Domine,
882 1228 1007 1262 dissipen-

215 1284 255 1307 tur
269 1277 364 1304 inimici
378 1277 414 1303 lui
422 1297 429 1310 ,
443 1275 541 1312 fugiant
555 1283 640 1302 omnes
652 1275 695 1310 qui
708 1279 731 1301 lc
743 1273 849 1301 oderunt
858 1272 951 1308 (Nam.
962 1273 1004 1300 Io.

214 1325 270 1359 55).
291 1324 325 1352 Et
344 1323 518 1351 murmuravit
540 1322 663 1357 popttlus,
687 1325 714 1348 et
733 1321 872 1349 combusta
886 1325 928 1347 est
945 1327 1006 1354 pars

216 1374 361 1397 castrorum
379 1377 386 1401 ;
406 1373 432 1396 et
449 1371 559 1396 vocatus
580 1372 621 1395 est
641 1367 714 1394 locus
729 1365 892 1394 Incendium.
910 1366 1006 1393 Preca-

216 1421 310 1450 lusqtte
320 1418 361 1442 est
371 1413 485 1449 Moyses,
501 1417 528 1439 et
538 1413 652 1439 cessavit
666 1412 741 1439 ultio.
754 1412 936 1447 Petebantque
949 1420 1008 1439 car-

215 1467 263 1488 nes
275 1481 282 1491 ,
298 1464 324 1487 et
339 1459 480 1486 dicebant:
503 1467 513 1484 ‹
532 1456 715 1484 Recordemur
734 1456 845 1492 piscium
858 1477 865 1489 ,
880 1465 947 1492 quos
960 1465 1007 1484 ρο-

216 1505 387 1532 tnedebamus
402 1504 427 1531 itt
438 1502 569 1538 Egypto,
580 1510 750 1530 cucumerum
765 1507 792 1530 et
816 1510 959 1538 peponutn,
982 1507 1009 1530 et

215 1557 356 1585 porrorum
371 1553 398 1576 et
410 1555 535 1582 ceparum
556 1551 583 1575 et
601 1547 736 1575 allici-um.
750 1547 825 1575 Nunc
843 1554 932 1575 autem
947 1548 1007 1575 ani-

217 1603 258 1623 ma
282 1598 372 1622 nostra
399 1593 494 1626 arida;
520 1593 586 1621 nihil
611 1597 711 1628 praeter
734 1601 834 1621 manna
860 1594 1007 1629 respiciunt

216 1640 286 1667 oeuli
301 1639 386 1667 nostri
404 1648 414 1665 ι
434 1639 443 1674 (
455 1638 538 1666 Nam.
556 1639 598 1666 Η-
611 1639 638 1666 5.
650 1639 693 1674 6).
705 1638 739 1666 Ut
749 1644 836 1666 autem
848 1639 1007 1667 seditionem

217 1693 309 1713 eorum
330 1685 445 1720 graviter
460 1683 562 1711 ferebat
573 1704 581 1716 ,
597 1688 625 1711 et
642 1685 889 1720 Deosupplicahat,
906 1685 1008 1712 addidit

216 1732 241 1758 ei
255 1731 420 1765 septuaginta
433 1730 563 1763 seniores,
576 1730 621 1764 qui
634 1735 737 1764 partem
751 1730 874 1765 t-ituperii
886 1738 946 1758 cum
962 1731 1009 1758 illo

217 1776 327 1803 lertettt.
342 1775 416 1803 Tunc
429 1774 493 1802 Jesu
505 1774 562 1802 lilio
577 1773 650 1801 Nave
664 1775 779 1806 dicente,
796 1775 913 1803 Prohibe
927 1776 1007 1802 Iilittnt

217 1821 300 1850 Eldad
310 1826 338 1848 et
353 1820 445 1848 \Iodad
455 1828 490 1847 tte
503 1820 670 1854 proplteteut.
685 1821 722 1847 ait
735 1820 820 1847 Moses
831 1829 838 1847 :
848 1820 918 1847 Num
926 1829 1004 1848 temu—

220 1867 282 1894 laris
301 1871 327 1894 tu
347 1874 392 1900 pro
404 1874 445 1893 nte
458 1866 471 1892 .9
486 1865 517 1892 Et
535 1866 591 1899 quis
605 1866 700 1893 dederit
714 1870 741 1893 ut
755 1870 821 1893 tatus
834 1867 943 1901 populus
958 1867 1011 1893 Du—

220 1913 281 1941 mint'
295 1913 424 1948 propheta
439 1912 490 1939 sint
503 1912 512 1946 (
529 1911 610 1939 Num.
627 1912 670 1939 II.
683 1912 718 1939 '39
733 1911 742 1946 )
756 1912 764 1928 ‘
779 1912 791 1938 ?
806 1912 879 1940 'I'ttttc
892 1913 1010 1940 ascendit

221 1959 344 1987 coturnix
363 1967 378 1986 a
395 1958 506 1986 Domino
516 1979 525 1991 ,
539 1963 567 1985 et
579 1958 764 1986 comederunt.
779 1957 812 1985 Et
825 1966 920 1986 carnes
934 1964 1010 1986 erant

220 2006 248 2033 iu
267 2004 391 2032 dentibus
411 2011 522 2036 eorum,
542 2003 695 2038 priusquam
716 2003 873 2030 deﬁcerent.
901 2003 956 2031 Hoc
983 2004 1008 2031 itt

221 2051 328 2079 Psalmo
344 2050 424 2078 etiam
444 2049 542 2077 dictutn
554 2055 596 2077 est
612 2058 619 2076 :
635 2049 725 2076 Adhuc
744 2057 801 2076 esca
818 2057 905 2076 eorum
917 2055 969 2077 erat
984 2051 1010 2076 in

221 2105 264 2124 ore
278 2097 402 2130 ipsorum,
419 2099 446 2122 et
464 2095 504 2122 im
523 2094 571 2122 Dei
585 2094 696 2121 uncatdit
714 2103 789 2129 super
802 2102 844 2121 eos
858 2103 868 2120 :
880 2098 903 2121 et
920 2095 1010 2121 occidit

220 2142 248 2168 in
261 2143 375 2178 pluribus
385 2150 469 2169 eorum
482 2141 566 2177 (Paul.
585 2141 629 2168 TI.
644 2141 689 2169 50.
704 2141 748 2175 3t)
759 2142 779 2167 '.
797 2141 910 2168 Voratus
922 2146 1010 2168 autem

221 2195 261 2218 est
275 2195 364 2216 autem
382 2188 426 2215 llic
445 2187 518 2215 locus
530 2187 658 2222 Sopater:
680 2188 912 2222 concupiscetttite.
936 2189 1011 2216 Tunc

220 2235 328 2274 lnqttuta
348 2238 389 2261 est
402 2237 495 2261 contra
515 2233 631 2268 Moysem
646 2233 725 2260 Maria
737 2232 830 2260 dicens
844 2242 850 2259 :
870 2233 940 2260 Nunt
962 2235 1011 2269 ipsi

221 2281 269 2310 soli
286 2281 404 2315 loquutus
427 2284 463 2307 est
481 2278 550 2306 Deus
565 2278 573 2314 (
591 2278 670 2305 Nunt.
683 2279 726 2306 12.
742 2278 781 2314 2)
797 2279 887 2306 ?(‘.tnn
901 2280 1012 2308 dixisset

221 2333 287 2354 vero
310 2325 389 2356 Deus.
410 2332 439 2352 se
462 2324 511 2359 ipsi
534 2324 584 2352 soli
604 2323 794 2359 prophetarum
814 2325 850 2352 ita
874 2325 1009 2360 loquttlunt

220 2378 291 2404 esse,
313 2370 422 2399 immisit
440 2370 540 2405 lepram
564 2370 590 2397 in
609 2369 730 2402 Mariam,
747 2370 889 2405 Mnyseque
901 2377 1011 2406 rogante

219 2423 269 2450 pro
283 2416 326 2442 illa
339 2436 347 2447 ,
362 2423 414 2443 non
428 2416 488 2442 tulit
502 2423 561 2443 eam
575 2415 648 2450 prius
663 2415 783 2442 mandari
797 2436 804 2448 ,
819 2424 896 2450 quant
908 2421 1010 2451 septem

219 2460 279 2494 dies
293 2465 368 2488 extra
381 2464 469 2488 castra
487 2460 638 2488 mansisset.
655 2461 734 2487 Mittit
754 2469 817 2496 ergo
836 2462 965 2496 quosdam
979 2470 1010 2490 ex

258 2532 267 2567 ξ
280 2530 308 2567 It!
321 2530 411 2567 Biblils
428 2532 528 2567 Grgecis,
545 2534 586 2562 Μή
599 2534 677 2564 ζηλοῖς
688 2535 737 2566 ἐμέ.
751 2535 798 2563 Καὶ
811 2535 846 2564 τίς
856 2537 890 2567 ’ὁῷ
901 2536 969 2564 παντί
980 2536 1015 2567 τῴ

220 2563 273 2594 λαῷ
289 2562 378 2593 κυρίου
393 2563 530 2595 sum;

251 2599 268 2631 ξ
279 2597 306 2623 In
316 2597 396 2622 Bibliis
406 2598 493 2631 Graecis
503 2597 561 2622 tulit.
577 2600 659 2631 .R0ttl.,
675 2604 691 2623 ιν
703 2607 740 2627 τηις
752 2605 810 2624 κίοσιν
821 2605 892 2628 esse»,
910 2600 938 2631 in
957 2600 1011 2631 piu-

219 2628 303 2662 guibus
323 2635 414 2653 eorum.
427 2627 539 2658 Vulgata,
557 2627 656 2662 pingues
674 2635 765 2662 eorum,
789 2633 815 2654 et
835 2632 872 2654 sic
886 2627 933 2654 alti
950 2627 1011 2662 quo-

220 2659 270 2690 que
282 2660 431 2689 interpretes
443 2662 543 2691 veteres
554 2659 684 2691 secundum
707 2659 836 2684 lectionem
859 2659 1009 2691 Hebraicitm,

219 2689 390 2717 animum.
410 2689 455 2713 Sed
480 2689 504 2712 in
526 2689 694 2714 vetustissimis
720 2691 901 2721 exemplaribus
925 2689 1011 2718 Orare-is

220 2724 302 2757 multis
313 2724 452 2757 legebatur,
460 2729 477 2748 ιν
488 2731 526 2753 τοῖς
537 2729 617 2757 unum
627 2730 698 2757 my,
706 2723 731 2757 in
740 2724 848 2757 pluribus
859 2733 950 2751 eat-tun.
962 2730 1011 2756 Qua

219 2755 251 2780 tle
264 2762 292 2779 re
303 2756 357 2780 ride
369 2756 536 2786 Hieronymum
549 2755 620 2786 Epist.
634 2755 662 2779 ad
675 2755 769 2780 Sttniatn
781 2760 807 2780 et
817 2757 913 2781 Frelell.
929 2762 955 2782 et
965 2755 1010 2782 Au-

219 2788 341 2815 gustinum
362 2787 385 2811 in
405 2784 508 2818 Psalinos
526 2784 546 2809 bi
559 2792 573 2810 c
589 2785 650 2818 loco.
670 2786 837 2818 Tlteodorctus
851 2789 923 2812 etiam
941 2794 958 2812 εν
974 2797 1010 2818 ταῖς

219 2823 298 2841 mea"
308 2823 380 2845 uagae,
390 2817 429 2841 ubi
444 2817 566 2846 lutet-pres
579 2817 660 2845 vertit,
670 2816 768 2848 pingues
779 2824 869 2847 ennim,
884 2826 930 2842 non
939 2816 1009 2844 ωτιιέ

219 2851 271 2870 τηις»
284 2855 350 2880 sane.
367 2849 439 2878 Inter]
449 2849 569 2872 relatione
581 2851 663 2872 autem
680 2849 702 2872 in
718 2847 800 2871 I‘salnt.
814 2849 852 2877 77.
863 2857 934 2880 quatit
947 2850 1009 2876 inter

216 2879 299 2914 spuria
309 2879 484 2914 ablt-gatimUS,
498 2885 514 2902 ἰν
532 2887 567 2908 tet;
578 2885 654 2904 niti-mn
666 2885 722 2904 .32....
737 2880 832 2911 legitur.

553 173 581 202 S.
601 172 739 201 JOANNIS
757 168 994 199 CIIIlYSOSTOItII
1015 168 1173 197 AIICIIIEP.
1193 169 1457 197 CONSTAN'I‘INOP.

1053 227 1150 261 popqu
1170 227 1341 262 exploratum
1363 232 1459 255 terram
1476 226 1699 254 Cltanatueorum.
1719 226 1775 260 Qua
1790 234 1838 254 ex-

1052 271 1164 304 plorata,
1181 279 1258 298 uvatn
1280 271 1340 299 inde
1361 276 1509 306 gestarum,
1532 276 1682 306 terramque
1700 271 1841 298 admndnnt

1052 315 1201 343 laudabant.
1220 316 1273 344 Sed
1295 317 1425 344 timebant
1445 316 1570 351 populum
1588 339 1596 351 ,
1615 316 1684 351 quod
1702 316 1844 343 llellulttles

1051 360 1104 387 illic
1123 360 1173 387 viri
1194 365 1293 389 essent.
1309 361 1410 388 Cltaleb
1422 366 1511 388 autent
1526 361 1595 387 lilius
1609 360 1747 395 Jepbone,
1761 366 1788 387 et
1798 360 1843 387 .Ie.

1051 413 1096 433 Sus
1112 406 1181 434 ﬁlius
1194 406 1265 434 Nave
1279 427 1286 439 ,
1302 407 1347 442 qui
1360 411 1386 434 et
1400 407 1449 441 ipsi
1468 414 1500 433 ex
1522 413 1633 433 numero
1646 406 1842 441 exploratorum

1052 456 1138 484 erant,
1153 452 1251 486 populo
1269 452 1374 480 anilttos
1387 451 1521 479 addebant
1538 461 1544 479 :
1559 452 1595 479 illi
1611 456 1699 479 autent
1715 457 1845 479 venerunt

1052 495 1198 530 lapidatum
1222 504 1280 524 eos.
1300 497 1455 531 Rursusque
1478 497 1560 524 Deum
1581 497 1762 524 irritaverunt.
1777 497 1844 524 Tum

1051 541 1117 568 dixit
1132 541 1214 575 Deus,
1230 550 1282 569 non
1296 550 1455 570 ascensurus
1467 550 1527 570 esse
1545 550 1592 570 eos
1606 543 1649 578 qui
1664 550 1846 570 murmurare

1053 592 1114 614 runt
1127 587 1152 614 in
1165 592 1262 615 terram
1277 588 1471 623 promissionis,
1486 589 1537 617 nisi
1548 592 1649 615 tantum
1662 588 1730 616 ﬁlios
1740 596 1846 622 eorum,

1053 637 1080 660 et
1091 632 1190 661 Cbaleb
1205 633 1287 662 ﬁlium
1301 633 1432 670 .lephotte,
1448 639 1474 662 et
1489 635 1591 662 .Iesuttt.
1605 635 1780 670 Quadraginta
1796 644 1844 664 au—

1055 682 1106 705 tent
1123 677 1211 712 annis,
1227 679 1320 714 inquit,
1334 685 1413 707 erunt
1428 680 1454 707 in
1467 680 1575 708 deserto
1590 701 1597 713 ,
1618 680 1702 708 donec
1722 680 1767 708 lilii
1788 689 1846 710 cre-

1055 725 1152 757 verint,
1163 725 1307 752 secundent
1322 733 1462 753 numerum
1480 726 1594 758 dierum,
1610 726 1707 761 quibus
1721 726 1847 754 visitare-

1054 775 1117 797 ruttt
1132 775 1242 798 terram.
1259 771 1334 799 Tunc
1353 771 1535 806 exploratores
1550 780 1643 799 ctnnes
1661 772 1758 800 mortui
1772 777 1847 806 sunt,

1054 817 1173 851 exceptis
1183 817 1283 845 Chaleb
1295 821 1321 845 et
1334 816 1396 845 Jesu
1409 817 1464 845 lilio
1477 818 1547 845 Nave
1564 827 1570 844 :
1586 817 1710 853 ﬂevitque
1723 819 1847 853 populus.

1054 862 1241 891 Ascenderunt
1254 869 1347 892 contra
1363 864 1472 892 Amalec
1485 869 1584 899 prmter
1602 864 1648 892 Dei
1664 865 1808 899 placitum,
1822 869 1850 893 et

1055 916 1117 936 arca
1133 909 1231 937 mansit
1246 909 1272 937 in
1287 910 1380 937 castris
1395 917 1455 937 cum
1469 909 1569 945 Moyse.
1587 909 1728 945 Exivitquc
1741 910 1850 938 Amalec

1055 959 1082 981 et
1098 955 1229 989 percussit
1241 962 1298 982 eos.
1313 955 1468 990 Prtecipitur
1478 955 1511 982 de
1523 955 1695 988 holocaustis,
1712 956 1746 983 de
1759 956 1850 990 primi-

1056 999 1109 1034 tiis,
1124 1000 1159 1027 de
1173 999 1308 1037 sacriﬁciis
1327 1008 1374 1035 pro
1394 1000 1500 1028 delicto.
1517 1001 1708 1035 Dcpreltensus
1723 1006 1764 1028 est
1774 1003 1849 1037 quis-

1056 1047 1125 1081 piam
1145 1045 1217 1082 ligna
1240 1046 1370 1082 colligens
1395 1047 1422 1074 in
1442 1047 1570 1080 sabbato,
1601 1051 1628 1074 et
1648 1047 1779 1081 lapidatus
1798 1053 1848 1075 est.

1056 1091 1250 1125 Prteipiuulur
1261 1092 1379 1119 ﬁmbrias
1390 1093 1415 1119 itt
1426 1093 1481 1120 oris
1494 1092 1591 1120 facere.
1604 1093 1641 1120 De
1654 1093 1733 1126 Core,
1749 1093 1851 1121 Datltatt

1056 1142 1082 1164 et
1095 1137 1195 1164 Abiron
1210 1145 1217 1164 :
1234 1138 1360 1165 tumultus
1371 1145 1475 1170 eorum,
1485 1142 1512 1165 et
1526 1146 1612 1172 poma:
1632 1145 1698 1173 quas
1711 1138 1850 1166 dederunt.

1059 1182 1107 1209 His
1129 1183 1257 1218 peractis,
1281 1183 1375 1218 reliqui
1395 1183 1429 1211 de
1446 1184 1544 1218 popqu
1556 1192 1609 1211 non
1624 1184 1656 1211 ad
1670 1185 1807 1212 meliorem
1822 1193 1851 1212 se

1057 1228 1159 1263 frugem
1174 1233 1350 1263 receperunt,
1367 1229 1415 1256 sed
1429 1236 1521 1256 rursus
1536 1230 1737 1257 insurrexerunt
1758 1235 1851 1257 contra

1058 1274 1185 1310 Moysetn,
1211 1275 1411 1310 moriuttturque
1429 1275 1630 1309 qualuordecim
1654 1276 1728 1303 mille
1749 1277 1852 1310 septin-

1058 1321 1139 1356 genti.
1151 1320 1226 1348 Tunc
1240 1320 1330 1348 llorttit
1342 1321 1413 1356 virga
1427 1321 1548 1348 Aaronis.
1562 1321 1629 1348 Dicit
1641 1326 1668 1349 et
1680 1322 1776 1349 statuit
1788 1321 1855 1356 quid

1058 1367 1179 1401 accipere
1197 1367 1312 1394 debeant
1325 1367 1424 1394 Levita:
1443 1371 1470 1395 et
1483 1367 1610 1395 sacerdos
1623 1375 1736 1403 magnus
1746 1389 1753 1400 ,
1770 1373 1796 1395 et
1811 1368 1850 1395 lc-

1058 1419 1117 1447 gem
1131 1411 1177 1439 dat
1196 1411 1229 1440 de
1249 1412 1339 1440 cinere
1358 1412 1458 1444 vitulie,
1474 1420 1507 1439 ex
1532 1420 1584 1448 qua
1603 1413 1768 1448 asper-sionis
1783 1421 1855 1448 aqua

1059 1457 1149 1484 ﬁebat.
1163 1457 1237 1485 Hanc
1251 1466 1329 1492 porro
1343 1458 1450 1485 vitulam
1467 1459 1551 1485 visum
1567 1463 1608 1486 est
1619 1459 1778 1493 quibusdam
1793 1467 1854 1487 esse

1061 1503 1171 1538 ﬁguram
1189 1504 1320 1538 passionis
1336 1503 1439 1532 Domini
1451 1504 1534 1531 nostri
1547 1503 1611 1532 Jesu
1625 1504 1735 1532 Christi.
1749 1505 1801 1533 Per
1814 1507 1853 1532 ci-

1060 1558 1153 1577 nerem
1176 1554 1264 1579 autem
1287 1550 1376 1577 vitulte
1401 1550 1579 1578 mundabatur
1598 1550 1621 1578 is
1638 1551 1681 1586 qui
1702 1551 1854 1578 immundus

1059 1599 1117 1624 erat
1129 1603 1143 1622 a
1157 1601 1273 1623 mortuo.
1291 1595 1369 1623 Venit
1382 1600 1471 1623 autem
1488 1596 1600 1631 populus
1615 1596 1642 1624 in
1653 1596 1750 1630 Cades,
1766 1596 1854 1631 ibique

1060 1645 1166 1668 mortua
1180 1641 1337 1676 sepullaque
1350 1645 1390 1668 est
1401 1640 1492 1668 Maria.
1510 1641 1654 1669 Deﬁciente
1668 1648 1736 1676 aqua
1749 1649 1857 1669 rursum

1060 1689 1225 1713 murmurant
1236 1685 1320 1713 Judtei
1337 1694 1344 1712 :
1372 1685 1476 1721 Moyses
1496 1693 1559 1713 vero
1580 1690 1608 1713 et
1626 1687 1715 1714 Aaron
1729 1686 1855 1721 jubentur

1060 1738 1156 1766 aquam
1173 1730 1207 1758 de
1226 1735 1298 1766 petra
1318 1730 1442 1759 educere.
1459 1731 1594 1758 Percussit
1607 1731 1679 1758 illam
1696 1731 1801 1766 Moyses
1814 1731 1854 1759 di-

1060 1783 1142 1803 cens:
1163 1775 1294 1811 Numquid
1315 1784 1346 1803 ea:
1367 1776 1414 1803 hac
1434 1781 1505 1811 petra
1523 1777 1659 1804 educamus
1678 1777 1746 1804 vobis
1765 1785 1856 1812 aquam

1061 1821 1155 1857 (Num.
1170 1822 1216 1849 20.
1237 1822 1281 1857 IO)
1299 1822 1310 1850 ?
1327 1822 1358 1849 Et
1372 1830 1476 1857 egressa
1496 1827 1537 1850 est
1558 1830 1636 1858 aqua.
1656 1822 1781 1858 Dixitque
1804 1823 1855 1850 Do-

1062 1868 1151 1894 minus
1172 1867 1205 1894 ad
1231 1867 1348 1903 Moyseut
1372 1871 1398 1895 et
1423 1868 1511 1894 Aaron
1529 1876 1535 1894 :
1560 1868 1626 1901 Quia
1646 1877 1697 1895 non
1716 1869 1861 1896 credidistis.

1062 1913 1124 1939 milti
1134 1933 1141 1945 ,
1157 1918 1183 1939 ut
1202 1913 1392 1947 sanctiﬁraretis
1407 1922 1445 1940 me
1458 1921 1544 1940 coram
1559 1914 1620 1948 ﬁliis
1633 1913 1725 1948 Israel,
1739 1915 1795 1941 ideo
1806 1923 1856 1941 tum

1061 1957 1223 1985 introduced:
1245 1967 1287 1985 ras
1309 1959 1375 1985 hunc
1392 1964 1481 1986 curtum
1497 1960 1523 1985 in
1536 1964 1647 1994 terram,
1661 1968 1737 1996 quam
1751 1960 1811 1987 dedi
1822 1961 1856 1988 rit

1063 2003 1174 2039 (Il/idm.
1186 2003 1240 2039 li).
1251 2004 1301 2032 Per
1314 2003 1415 2039 legatos
1425 2004 1478 2040 agit
1492 2004 1596 2040 Moyses
1609 2013 1670 2033 cum
1682 2013 1744 2041 rege
1758 2006 1859 2039 Edoni,

1064 2055 1092 2077 ut
1114 2057 1161 2077 eos
1181 2050 1296 2077 transire
1316 2050 1436 2078 sineret:
1457 2051 1500 2078 ille
1515 2059 1578 2078 vero
1598 2059 1650 2078 non
1671 2052 1791 2087 permisit
1808 2061 1815 2079 :
1832 2057 1857 2078 et

1062 2095 1263 2123 declinaverunt
1272 2096 1305 2122 ab
1319 2104 1352 2123 eo
1366 2096 1411 2123 ﬁlii
1424 2096 1517 2124 Israel.
1531 2096 1566 2125 Ut
1578 2103 1666 2124 autent
1680 2102 1858 2132 pervenerunt

1063 2141 1089 2168 in
1106 2147 1222 2168 montem
1237 2141 1283 2172 0r,
1296 2140 1371 2176 jussu
1394 2141 1440 2169 Dei
1461 2142 1605 2176 assumptis
1628 2142 1732 2178 Moyses
1751 2143 1857 2170 Aaronc

1063 2191 1090 2214 et
1107 2186 1232 2214 Eleazaro
1247 2186 1301 2212 lilio
1317 2186 1385 2220 ejus,
1401 2186 1511 2214 adduxit
1525 2194 1572 2214 eos
1584 2187 1609 2214 itt
1627 2192 1761 2214 montem:
1776 2194 1800 2214 et
1818 2187 1856 2213 in-

1063 2233 1119 2260 dttit
1134 2233 1288 2260 Eleazarum
1304 2233 1422 2260 vestibus
1439 2233 1507 2268 ejus.
1525 2234 1613 2260 Aaron
1630 2239 1721 2261 autent
1737 2238 1859 2261 tuortutts

1064 2283 1106 2306 est
1120 2279 1145 2305 itt
1161 2283 1260 2305 monte.
1274 2278 1410 2313 Flet/itque
1426 2279 1537 2314 p0pultts
1550 2279 1655 2314 triginta
1672 2278 1773 2308 diebus.
1792 2281 1857 2307 (ilia-

1066 2331 1187 2351 ttatueutn
1205 2324 1340 2356 viceruttt,
1356 2329 1382 2351 et
1402 2324 1571 2352 anathemate
1588 2324 1724 2355 (ederunt.
1743 2325 1858 2353 Profecti

1064 2376 1151 2397 autent
1167 2369 1201 2396 ad
1215 2377 1289 2396 mare
1304 2369 1423 2396 Rubrum
1434 2389 1442 2402 ,
1465 2370 1629 2397 circuierunt
1645 2375 1742 2398 terram
1762 2371 1855 2404 Edunt,

1064 2415 1362 2448 etanitnndel‘ccerunt,
1375 2421 1661 2451 tttttrttturaverttntque
1676 2422 1767 2444 contra
1784 2417 1855 2452 Moy-

1064 2470 1120 2489 setn
1137 2462 1316 2496 :imtnisilque
1329 2462 1355 2489 in
1370 2469 1416 2489 eos
1437 2462 1507 2490 Deus
1527 2468 1666 2497 serpentes
1680 2464 1723 2498 qtti
1739 2464 1798 2491 illos
1812 2471 1857 2491 oc-

1063 2508 1193 2535 ciderent.
1219 2507 1398 2543 Precatusque
1421 2512 1463 2536 est
1486 2508 1609 2544 Moyses,
1630 2514 1656 2537 et
1675 2510 1784 2544 jubt-nte
1805 2511 1858 2538 Deo

1066 2553 1128 2581 fecit
1146 2558 1298 2589 serpentem
1318 2561 1422 2581 aeneum
1439 2562 1445 2580 :
1461 2554 1505 2589 qtti
1524 2561 1588 2582 vero
1603 2555 1785 2590 mordebatur,
1799 2565 1858 2583 cunt

1065 2599 1211 2633 respiceret
1234 2599 1260 2626 itt
1284 2604 1458 2633 serpentem,
1477 2600 1592 2627 vivebat.
1612 2600 1649 2627 ω
1669 2600 1720 2628 ltoc
1733 2607 1858 2636 serpente

1065 2645 1165 2673 dictum
1189 2647 1268 2678 estin
1278 2645 1420 2680 Evangelia
1437 2654 1443 2672 :
1460 2644 1531 2674 Sicut
1553 2645 1671 2673 multauit
1689 2646 1790 2682 Moyses
1807 2656 1857 2674 ter-

1065 2696 1163 2726 pentem
1182 2691 1212 2718 in
1234 2691 1349 2724 demto,
1362 2691 1398 2718 ita
1416 2695 1511 2726 oportet
1525 2692 1632 2719 exaltari
1643 2691 1739 2719 Filium
1751 2693 1857 2720 hominis

1066 2737 1162 2774 (Joun.
1179 2739 1206 2766 5.
1221 2739 1254 2765 ﬂ
1266 2739 1286 2774 ).
1299 2738 1412 2774 Legatos
1426 2738 1507 2766 mittit
1519 2739 1622 2774 Moyses
1637 2739 1670 2766 ad
1684 2739 1754 2767 Seon
1768 2747 1857 2775 regem

1066 2785 1296 2812 Atnorrlurorunt.
1322 2785 1371 2813 Ilic
1397 2791 1485 2812 autem
1509 2786 1579 2813 Seon
1602 2794 1662 2813 cuttt
1685 2786 1783 2813 bellum
1796 2791 1857 2814 ante

1064 2832 1192 2858 movisset
1212 2836 1304 2858 contra
1325 2839 1413 2866 regem
1434 2830 1526 2864 Moab,
1542 2832 1613 2866 copit
1628 2837 1724 2858 terram
1738 2832 1805 2867 ejus.
1823 2831 1856 2860 Ut

1065 2885 1126 2905 vero
1141 2878 1220 2906 etiam
1240 2883 1331 2905 contra
1349 2878 1479 2906 Istaclita»
1496 2878 1613 2912 pturliunt
1629 2879 1761 2906 cottttttisit
1772 2899 1779 2912 ,
1795 2885 1855 2914 pro:
