2047 3123
132 126 182 161 53?:

129 191 240 224 lligatus
261 189 296 216 ab
321 188 373 216 illis
389 191 449 215 est:
470 186 603 220 urbesque
619 184 678 219 eius
691 187 820 218 ceperunt
838 183 922 209 Israe-

130 237 197 264 litae.
215 235 363 271 Congressi
389 234 469 261 etiam
489 239 550 260 cum
572 231 611 266 05
633 238 696 266 rege
717 230 812 261 Basan,
831 227 924 256 iisdem

134 283 221 316 ipsum
247 281 330 307 malis
353 278 511 310 sdecerunl,
532 277 608 312 queis
628 276 698 303 Seon
721 274 874 306 all'ccerant,
894 280 926 301 ac

135 332 235 355 terram
244 326 380 360 urbesque
394 324 453 359 ejus
467 330 561 350 clunes
572 324 711 356 ceperunt.
724 320 803 347 Mittit
816 327 861 347 rex
880 319 926 346 Ba-

135 375 176 400 Iac
190 374 223 400 ad
235 373 343 400 Balaam
359 376 463 402 vatem;
477 374 506 397 ut
518 368 690 397 malediceret
702 367 839 402 populum.
856 366 926 392 Deus

134 425 223 446 autem
240 418 317 445 initio
332 416 440 452 quidem
463 414 632 450 prohibebat.
648 412 683 441 Ut
701 417 790 440 autem
813 411 927 439 instabat

135 465 177 491 ille
187 463 258 497 apud
277 468 376 494 ratem,
389 461 522 488 concessit
532 459 639 494 quidem
653 462 682 485 ut
695 458 755 488 iret.
771 456 818 484 sed
832 463 884 483 nou
899 459 927 482 ιιι

135 510 307 536 malediceret
325 517 330 532 ι
348 507 394 534 sed
415 506 545 533 convertit
561 504 762 531 tnaledictiones
777 503 802 528 in
817 502 925 528 benedi-

135 556 250 581 ctionem
266 555 315 587 (a).
335 552 392 578 Non
406 551 476 585 quod
489 550 623 585 quidpiam
643 552 751 583 possent
763 547 926 574 maledictio-

136 608 186 627 ues
209 599 295 630 vatis,
311 597 358 624 sed
381 598 441 631 quia
466 596 579 623 miseriis
597 595 706 621 affectus
726 598 783 621 erat
803 593 924 627 populus,

136 646 285 673 crediturus
298 648 357 671 erat
369 643 439 670 illius
454 641 692 672 maledictimiilms,
703 640 807 674 illit-que
819 643 926 672 propter

136 691 317 718 inﬁrmitatem
338 697 412 716 suam
435 687 601 715 damnandus
621 690 688 713 erat.
710 685 758 712 llic
775 685 806 711 de
820 685 926 711 Christo

139 737 297 763 vaticinatur
319 735 410 762 dicens
425 743 430 761 :
450 734 551 760 Orictur
565 733 636 758 stella
651 740 681 757 cx
695 731 788 761 Jucob,
803 736 823 756 et
842 734 926 764 surget

137 785 209 810 homo
225 791 255 809 ex
270 781 351 808 Israel
365 780 456 815 (Num.
473 779 518 806 Ἡ.
536 779 591 812 17).
609 778 722 811 Spiritus
735 777 804 803 enim
823 776 866 802 Dei
880 775 927 801 fuit

137 831 162 856 iu
178 836 247 855 vate.
262 828 297 856 Ut
311 835 374 854 vero
392 827 456 853 abiit
472 826 590 856 Balaam,
607 824 770 851 fornicamur
785 822 829 849 lilii
847 821 924 848 Israel

137 884 196 902 rum
220 875 326 901 ﬁliabus
349 873 432 905 Moab,
455 876 482 899 et
505 871 642 898 initiantur
666 867 926 902 Beelphegnr.Tunc

137 922 255 956 prmcipit
268 921 380 955 Moyses,
397 924 424 945 ιιι
441 918 620 952 unusquisque
637 916 742 942 fratrem
757 923 832 941 suum
850 914 926 940 idolis

135 967 296 994 servientem
323 966 472 992 interficiat.
487 964 561 991 Tunc
585 963 696 990 [’hiuees
719 962 787 988 lilius
808 961 925 987 lileazari

134 1012 252 1039 eunfodit
268 1012 391 1038 Zamhrin
409 1011 562 1041 Israelilam,
578 1014 603 1034 et
618 1007 713 1034 Chasbi
731 1006 925 1033 Madianitidem

136 1066 195 1084 rum
208 1058 253 1084 illo
267 1067 273 1083 :
291 1057 324 1083 Et
339 1061 479 1091 rcptttatum
493 1060 527 1081 est
543 1055 578 1081 illi
591 1054 624 1079 ad
633 1054 757 1088 justitiam
767 1051 850 1087 (Psul.
866 1051 925 1077 105.

136 1106 192 1140 51).
211 1104 286 1131 Tune
302 1108 477 1131 numerantur
493 1102 537 1128 ﬁlii
554 1101 632 1128 Israel
645 1108 658 1126 a
674 1099 801 1133 viges‘mo
815 1106 885 1124 anno
900 1103 927 1124 et

134 1159 225 1185 supra,
239 1156 265 1177 ct
277 1150 377 1177 inventi
391 1154 451 1175 sunt
462 1147 578 1175 sexcenti
593 1151 619 1173 et
635 1151 687 1173 tres
702 1145 772 1171 mille
786 1149 809 1171 ct
821 1144 925 1177 triginta

136 1198 195 1224 \il‘i.
220 1197 320 1224 Levita:
342 1201 428 1222 atttetu
451 1199 505 1221 tres
530 1198 554 1220 ct
574 1192 663 1226 viginti
680 1191 751 1217 mille
765 1198 778 1216 a
796 1197 886 1216 mense
901 1193 928 1214 ct

135 1252 215 1278 supra
243 1244 291 1270 llic
311 1249 408 1269 Census
427 1241 452 1267 iu
470 1239 586 1267 Araboth
603 1238 678 1265 Moab
694 1238 776 1263 factus
793 1240 834 1263 est
854 1241 927 1262 trans

136 1290 290 1316 .Iordauetn.
311 1288 401 1322 Neque
422 1288 446 1313 in
472 1287 523 1313 illis
538 1290 595 1313 erat
614 1284 743 1319 quiSpiam
765 1291 796 1309 ex
814 1283 844 1308 iis
859 1289 926 1315 quos

135 1338 338 1362 eoumeraverat
355 1334 426 1367 prius
442 1332 546 1366 Moyses
562 1331 586 1357 iu
598 1331 704 1357 deserto
719 1329 791 1360 Sina,
809 1327 927 1360 exceptis

136 1381 197 1407 ili-su
221 1381 275 1407 ﬁlio
288 1379 367 1406 Nave
379 1400 386 1410 ,
400 1378 554 1405 ctChalebo
575 1377 628 1402 ﬁlio
645 1375 775 1409 .Iephone.
792 1373 928 1401 Accedunt

137 1427 256 1460 qntedam
280 1425 342 1452 lilia:
362 1424 474 1458 Salpaad
497 1431 530 1450 ex
554 1423 622 1449 tribu
645 1422 767 1448 Manasse
794 1424 926 1454 rogantes,

137 1480 196 1499 (‘tttn
213 1477 287 1506 pater
299 1479 391 1498 eorum
406 1470 466 1496 ﬁalis
480 1469 605 1496 masculis
619 1468 697 1493 orbus
712 1471 831 1492 mortuus
846 1468 926 1496 esset,

140 1525 163 1543 ιιι
181 1518 212 1544 ad
228 1526 256 1544 se
273 1517 409 1543 hereditas
428 1515 526 1541 veniret
542 1519 620 1548 atque
637 1513 779 1547 possessio.
800 1510 928 1543 I‘ra-ecpil

140 1564 208 1591 licus
223 1570 251 1590 ιιι
269 1563 322 1590 illic,
338 1562 500 1596 accipereut.
519 1561 552 1587 Et
568 1561 589 1587 si
607 1560 666 1594 quis
686 1560 743 1585 sine
762 1558 815 1584 lilio
829 1558 926 1590 obiret,

140 1610 274 1636 mandavit
291 1612 319 1635 ut
335 1609 386 1634 ﬁlia
400 1612 471 1634 esset
486 1608 562 1633 heres
579 1615 585 1638 ;
601 1607 622 1632 si
642 1614 691 1632 nee
706 1606 785 1631 ﬁliam
800 1603 926 1633 haberet,

140 1656 219 1682 frater
234 1663 242 1686 ;
257 1655 278 1681 si
291 1655 401 1681 fratrem
416 1662 467 1679 non
480 1653 597 1683 haberet,
611 1653 691 1686 patris
707 1651 795 1677 frater.
808 1649 929 1676 Ostendit

141 1702 210 1727 Deus
222 1700 304 1734 Moysi
319 1708 351 1726 ex
360 1704 448 1726 monte
460 1698 531 1725 Navo
542 1698 577 1732 (ὁ)
589 1702 684 1724 terram
698 1695 890 1730 l'tl‘ttllliSSlUlliS,
904 1698 929 1720 et

141 1756 165 1772 ιιι
174 1747 232 1781 ejus
241 1746 329 1773 locum
339 1746 390 1772 dux
403 1744 571 1771 constituitur
584 1743 660 1770 les-us
676 1743 743 1768 [ilius
758 1741 840 1767 Nave.
857 1740 930 1766 Tunc

142 1791 292 1827 praccipitur
302 1791 362 1818 ﬁliis
372 1790 449 1818 Israel
460 1791 491 1816 dc
500 1789 670 1819 holocaustis,
679 1788 711 1814 de
721 1787 854 1814 sacriﬁciis
870 1795 931 1821 quo-

141 1838 360 1871 tidianis,deillis
371 1846 427 1871 qu.e
441 1837 466 1863 in
481 1836 599 1868 sabbato,
614 1835 645 1861 de
658 1835 708 1861 illis
722 1834 812 1868 qumiu
825 1841 931 1860 llt'ttlltt‘-

142 1885 210 1917 niis,
225 1884 258 1911 de
272 1884 304 1910 iis
323 1892 381 1918 qua:
397 1883 421 1909 in
438 1882 533 1916 pascha
548 1902 554 1912 ,
571 1882 602 1907 de
618 1881 649 1907 iis
663 1888 720 1914 qua:
736 1881 760 1905 in
774 1880 817 1905 die
830 1879 931 1904 hebdo-

140 1932 291 1963 madarum,
304 1930 337 1956 de
354 1929 385 1955 iis
396 1937 452 1962 qua-
465 1928 579 1962 septimo
599 1934 700 1953 mense.
717 1926 837 1959 Pra-cipit
852 1925 931 1950 etiam

140 1976 174 2002 de
190 1976 257 2002 votis
274 1983 281 2004 ;
303 1975 328 2000 id
343 1979 399 2005 est,
415 1974 446 2000 de
461 1974 491 1999 iis
503 1981 562 2007 quat
576 1972 705 2006 quispiam
722 1970 855 1996 ollerenda
870 1978 932 1995 eou-

144 2021 494 2048 stitueriL'l'uucartnuttur
507 2018 644 2044 tltttttit‘clltl
660 2017 732 2043 inille
745 2016 792 2041 viri
809 2024 839 2042 ex
853 2014 935 2040 Israe-

146 2067 197 2092 litis
211 2071 304 2092 contra
320 2064 475 2092 Madianitas
486 2084 493 2096 ,
509 2067 535 2090 et
550 2063 663 2089 I’hinees
679 2070 737 2088 eum
753 2061 819 2091 illis,
835 2060 934 2086 interﬁ-

145 2114 270 2145 eiuntque
282 2118 329 2138 cos
344 2115 371 2137 ct
384 2111 499 2144 quinque
513 2117 587 2144 rcges
599 2108 721 2138 Modiam,
735 2113 760 2133 et
772 2106 877 2133 Balaam
892 2114 936 2131 va-

145 2163 209 2184 tem.
227 2157 259 2183 Et
275 2156 405 2191 primitias
417 2155 570 2182 obtulerunt
586 2155 638 2180 Deo
653 2154 685 2180 de
700 2153 791 2186 Spoliis
804 2172 810 2184 ,
824 2158 934 2178 cauera-

148 2212 197 2237 qne
214 2204 284 2230 inter
301 2210 330 2229 se
350 2201 507 2228 diviserunt.
525 2200 687 2227 Accedentes
704 2199 786 2225 tribus
803 2198 894 2224 [iuben
911 2202 935 2224 el

147 2249 215 2279 Gad.
244 2253 272 2275 et
293 2247 402 2275 dimidia
425 2248 510 2274 tribus
530 2246 661 2279 Manassc,
682 2246 832 2280 petebanta
848 2245 937 2279 Moyse

149 2295 299 2330 regionem,
317 2301 377 2328 qurc
393 2298 433 2320 est
452 2297 525 2319 trans
538 2292 690 2319 Iordanem.
710 2292 756 2318 Ille
777 2299 839 2318 vero
854 2291 936 2321 dedit,

148 2350 209 2368 cum
224 2341 298 2376 prius
312 2340 349 2367 illi
367 2339 550 2374 promisissent
569 2346 598 2366 Se
614 2346 673 2365 cum
688 2338 796 2372 reliquis
813 2338 938 2364 lsraelitis

150 2392 315 2421 pugnaturos
331 2392 390 2412 esse
401 2405 408 2418 ,
426 2384 623 2418 Jordancmque
640 2392 700 2410 eum
718 2384 799 2410 armis
813 2383 940 2409 transitu-

150 2440 205 2465 ros,
223 2437 253 2458 ut
271 2431 402 2458 bellarent
419 2438 467 2465 pro
482 2430 606 2457 fratribus
621 2430 684 2456 suis.
699 2429 746 2456 Hic
762 2429 938 2455 narrationem

150 2478 217 2504 texit
237 2477 342 2512 Moyses
364 2477 468 2503 itineris
488 2477 521 2502 ab
540 2476 670 2510 Ᾱίςιιτιιιιι,
686 2476 770 2501 donec
784 2479 910 2500 venerunt
926 2482 941 2501 c

150 2525 260 2557 regione
281 2522 399 2549 Iericho.
428 2522 558 2548 Juhcutur
584 2522 621 2548 illi
650 2522 827 2548 estertninaie
853 2521 941 2547 omnia

150 2569 222 2595 idola
235 2568 367 2603 gentium.
380 2567 507 2602 Loquitur
518 2568 596 2594 etiam
609 2568 660 2594 illis
673 2567 706 2594 de
720 2568 840 2594 terminis
852 2572 941 2600 terra),

151 2615 196 2641 ubi
221 2615 351 2649 incipiant
373 2619 401 2641 ct
421 2614 465 2641 ubi
485 2614 616 2641 desinant.
638 2614 759 2647 Praieipit
776 2614 855 2641 etiam
873 2615 943 2640 circa

151 2666 263 2693 terram,
278 2667 360 2695 quam
380 2659 484 2687 Levitas
502 2660 623 2694 accipere
641 2659 796 2694 oportebat,
813 2664 838 2685 et
852 2659 884 2685 de
897 2666 942 2686 sex

182 2731 218 2761 (α)
235 2727 553 2761 Ηυεᾉιιεεὶάῃριιιιὰηιιρρ
573 2728 607 2761 ait
626 2727 678 2761 ipse
696 2733 811 2761 sermone
833 2734 897 2761 nono
919 2728 943 2750 iu

152 2758 271 2785 Genesirn
288 2759 368 2784 Tomo
385 2758 425 2789 IV,
443 2760 489 2783 col.
507 2759 566 2786 528,
581 2759 621 2781 τὸν
635 2758 735 2788 Βαλαὰμ
748 2759 868 2788 ἠνάγκασέ
886 2766 943 2781 ποτε

150 2794 179 2816 τὰ
197 2792 317 2816 μέλλοντα
332 2790 370 2813 εἶτε
374 2790 415 2813 εῖν.

214 2801 317 2816 εΑΙ-οντα
332 2801 415 2813 ειπξιν.

182 2801 216 2854 (ἕ)
232 2823 395 2854 Iavolgata,
410 2818 524 2854 1(turrita,
540 2819 673 2854 secundum
688 2818 833 2854 Hebraicam
852 2819 943 2844 veritat-

152 2850 213 2879 tei'uf
224 2852 288 2878 Vide
305 2850 331 2876 tu
345 2852 394 2875 llne
407 2850 525 2881 Synopsis
541 2850 734 2874 ltettterotioniii.

648 123 807 156 SYNOI‘SIS
825 122 1030 153 SCRIPTURE
1049 122 1183 150 διειιέῑ.

1717 128 1768 155 536

980 181 1089 209 urbibus
1103 182 1208 218 refugii,
1223 184 1257 211 ita
1273 189 1301 211 ut
1314 185 1335 212 is
1351 185 1395 220 qui
1410 191 1506 221 praeter
1520 187 1680 214 voluntatem
1696 188 1766 215 occ-i-

978 226 1072 259 disset.
1083 228 1145 255 illuc
1154 228 1320 264 confugeret,
1334 236 1360 258 et
1371 231 1428 258 sine
1442 231 1562 265 periculo
1577 236 1648 259 esset
1663 231 1698 259 ibi
1714 241 1771 260 ma.

979 280 1057 305 nens,
1073 272 1159 301 donec
1178 280 1329 302 moreretur
1347 277 1474 303 sacerdos
1496 284 1619 312 magnus.
1633 276 1661 304 Si
1679 283 1768 306 autent

979 323 1053 346 extra
1065 320 1192 348 terminos
1205 321 1281 349 urbis
1290 327 1443 356 caperetur,
1456 328 1482 350 et
1495 323 1629 351 occideret
1647 331 1708 350 eum
1722 329 1769 350 eoa

979 370 1075 399 gnatus
1093 367 1173 393 occisi
1187 387 1194 400 ,
1213 367 1255 394 hic
1269 375 1320 394 non
1334 367 1412 395 daret
1425 376 1527 403 pmnas.
1543 369 1577 396 Et
1587 376 1669 403 pauca
1681 368 1769 404 loqui-

981 416 1022 437 tur
1034 411 1067 438 de
1080 411 1183 447 legibus
1196 413 1265 440 circa
1277 413 1374 440 cmdcs.
1388 414 1525 441 Accedunt
1537 414 1670 449 principes
1684 414 1769 442 tribus

979 457 1098 484 Manasse
1108 457 1228 485 dicentes
1246 458 1328 494 Moysi
1342 468 1348 486 :
1363 458 1492 492 Quoniam
1513 460 1597 486 visum
1615 464 1655 487 est
1668 465 1696 486 ut
1707 459 1768 486 lilia:

979 503 1091 538 Salpaad
1105 504 1257 538 acciperent
1271 504 1446 532 hereditatem
1456 527 1463 538 ,
1478 505 1499 532 si
1510 504 1649 539 contigerit
1662 512 1707 532 cas
1717 513 1768 531 nu-

980 549 1043 577 bere
1058 550 1116 577 i'iro
1128 558 1160 577 ex
1181 550 1264 577 altera
1279 550 1361 584 tribu,
1375 550 1437 586 quid
1452 551 1495 577 ﬁet
1506 550 1518 576 ?
1529 557 1587 578 sors
1601 551 1670 577 enim
1684 550 1767 577 tribus

980 600 1077 622 nostra:
1098 596 1181 623 exibit
1198 595 1224 623 in
1247 596 1321 623 illam
1335 596 1443 623 tribum.
1457 596 1533 624 Tunc
1552 596 1678 631 praecepit
1691 595 1766 631 Moy—

978 648 1033 673 ses,
1054 645 1082 667 ut
1103 641 1143 668 vir
1162 641 1276 676 quisque
1295 650 1326 669 ex
1343 649 1390 669 sua
1410 642 1479 669 tribu
1499 649 1608 669 uxorem
1623 642 1766 675 acciperet,

980 695 1014 714 ne
1027 687 1236 715 transferrentur
1251 688 1413 715 hereditates
1423 696 1438 715 a
1453 688 1522 715 tribu
1535 687 1561 715 in
1575 687 1682 714 tribum.

1200 750 1318 772 δικορειει
1331 750 1529 771 ιιι-ςιιτειισκοιιιι

1014 800 1093 834 Quasi
1110 801 1262 827 summatim
1280 801 1367 835 priora
1382 800 1470 827 omnia
1495 804 1585 827 narrat
1602 798 1705 834 Moyses
1718 819 1724 830 ,
1739 797 1768 825 ut

979 842 1030 873 illis
1046 846 1072 872 in
1088 846 1243 873 memoriam
1258 849 1365 873 revocet
1377 851 1401 873 et
1417 846 1461 872 Dei
1478 845 1614 877 beneﬁcia.
1629 850 1655 872 et
1672 845 1766 880 nequi-

980 892 1041 918 tiam
1059 892 1186 925 ipsortnn.
1211 889 1374 917 Adhortatio
1389 897 1422 917 ne
1438 888 1510 917 idola
1523 889 1624 917 colant.
1657 889 1705 917 llic
1722 890 1764 924 ja-

979 941 1020 964 cet
1032 936 1095 964 illud
1110 946 1117 963 :
1134 934 1193 964 Non
1203 937 1320 963 ado'rabis
1330 936 1426 967 stellas.
1440 944 1503 969 quas
1511 935 1662 970 dispensavit
1678 934 1767 961 Domi-

980 991 1026 1009 nus
1047 982 1115 1009 Dcits
1143 983 1200 1009 tum
1224 982 1338 1010 omnibus
1364 982 1478 1017 gentibus
1492 989 1550 1017 quae
1573 982 1618 1008 sub
1635 981 1696 1008 ιιι-(ο
1708 978 1767 1007 sunt

981 1029 990 1064 (
1007 1028 1082 1055 Deut.
1094 1028 1120 1056 4.
1143 1028 1176 1056 19
1190 1028 1200 1063 )
1215 1028 1266 1063 (ti).
1281 1025 1346 1055 Illud
1363 1035 1434 1061 vero,
1449 1027 1617 1062 Dispensat-it,
1640 1027 1763 1061 intellige,

979 1085 1031 1104 non
1047 1075 1116 1112 quod
1131 1076 1186 1110 ipse
1197 1075 1323 1110 jusserit:
1335 1074 1421 1106 absit;
1436 1074 1482 1101 sed
1495 1073 1716 1109 quemadmodum
1730 1072 1767 1099 ait

979 1122 1073 1150 beatus
1097 1121 1194 1149 Paulus
1208 1129 1216 1146 :
1237 1120 1351 1147 Tradidit
1374 1120 1431 1147 illo:
1445 1119 1511 1145 Deus
1526 1119 1551 1145 in
1565 1119 1698 1153 reprobum
1710 1125 1768 1143 atm-

978 1177 1034 1195 sum
1048 1168 1057 1203 (
1074 1167 1148 1194 Rotn.
1175 1169 1197 1195 I.
1212 1167 1247 1194 28
1270 1167 1290 1202 ).
1309 1174 1361 1193 non
1375 1165 1446 1200 quod
1459 1162 1599 1191 tradiderit
1614 1184 1621 1194 ,
1637 1162 1683 1190 sed
1698 1159 1767 1196 quod

980 1214 1040 1241 illos
1060 1235 1067 1247 ,
1082 1214 1126 1249 qui
1142 1215 1176 1241 ita
1192 1213 1291 1241 vellent
1309 1217 1335 1239 et
1345 1212 1403 1239 sine
1413 1218 1460 1245 spe
1473 1209 1653 1237 conversionis
1666 1211 1766 1241 esSent,

979 1260 1121 1288 dimiserit.
1144 1260 1189 1287 Sic
1207 1263 1234 1286 et
1256 1259 1307 1286 hoc
1320 1258 1380 1285 loco
1392 1277 1400 1289 ,
1416 1256 1576 1291 Dispensaoit
1592 1254 1659 1290 illis,
1674 1255 1700 1282 id
1715 1259 1766 1286 est,

979 1313 1039 1333 cum
1050 1312 1168 1333 errorem
1181 1302 1511 1339 delegissent,resipiscere
1523 1300 1766 1333 nolentes,dimisit.

980 1351 1029 1378 llic
1042 1351 1175 1386 paululum
1191 1357 1348 1385 progressus
1371 1349 1407 1376 ait
1425 1356 1432 1376 :
1456 1348 1544 1375 Testor
1557 1347 1624 1374 vobis
1642 1347 1731 1373 ca'lum
1745 1351 1768 1372 et

980 1403 1082 1429 terram,
1096 1405 1139 1424 vos
1154 1397 1277 1431 perituros
1290 1404 1352 1428 ene,
1366 1395 1388 1421 si
1399 1394 1564 1421 abscesseritis
1574 1402 1590 1420 ιι
1606 1392 1658 1419 Deo
1670 1393 1677 1426 (
1692 1392 1765 1418 Deut.

980 1443 1008 1470 4-
1023 1441 1069 1478 26)
1081 1442 1128 1477 (b).
1146 1441 1246 1469 Deinde
1267 1440 1382 1467 ostendit
1395 1440 1476 1466 Deum
1493 1438 1557 1466 nulli
1577 1442 1647 1465 tanta
1663 1436 1767 1471 prmsti-

981 1490 1046 1516 tisse
1060 1490 1127 1516 bona
1142 1492 1239 1523 quanta
1256 1487 1318 1514 illis.
1336 1487 1370 1514 Et
1384 1485 1544 1513 determinat
1559 1488 1612 1511 tres
1634 1483 1715 1510 urbes
1734 1481 1767 1509 ad

980 1535 1124 1563 Jordanem
1140 1542 1188 1569 pro
1201 1533 1312 1568 refugio.
1330 1531 1424 1559 Adhuc
1436 1538 1483 1559 eos
1498 1531 1530 1558 de
1544 1530 1661 1565 pristinis
1674 1528 1767 1556 adum-

982 1585 1048 1613 net,
1069 1581 1159 1615 aitque
1181 1587 1187 1606 :
1210 1577 1273 1614 Liga
1290 1586 1319 1605 eo
1332 1578 1357 1604 in
1371 1577 1485 1603 manibus
1500 1575 1548 1603 tuis
1559 1596 1566 1607 ,
1580 1579 1603 1602 et
1618 1575 1644 1601 in
1659 1573 1769 1609 postiqu

980 1626 1082 1658 scribes,
1097 1630 1120 1652 et
1135 1624 1233 1651 docebis
1253 1624 1335 1658 ﬁliuni
1349 1628 1419 1649 luttm
1433 1622 1443 1657 (
1460 1621 1534 1649 Dent.
1556 1620 1582 1648 6.
1604 1620 1630 1648 8.
1645 1620 1662 1647 9
1684 1620 1704 1653 ).
1719 1619 1769 1646 L‘bi

981 1672 1047 1699 dixit
1060 1676 1148 1699 autem
1162 1677 1221 1705 qua:
1234 1669 1301 1696 mala
1314 1668 1345 1695 iis
1360 1673 1487 1695 eventura
1500 1667 1562 1697 sint,
1579 1666 1600 1692 si
1617 1673 1669 1691 non
1689 1664 1768 1691 obse—

982 1722 1114 1753 quantur,
1138 1716 1202 1751 ipsis
1227 1714 1349 1741 ﬁduciam
1376 1712 1461 1745 Indit,
1487 1720 1520 1739 ne
1536 1712 1626 1738 hostes
1639 1714 1768 1737 metuant.

984 1763 1087 1790 Rursus
1102 1761 1189 1796 priora
1206 1761 1232 1787 in
1249 1759 1405 1786 memoriam
1417 1761 1533 1785 revocat.
1548 1757 1595 1783 llic
1605 1756 1675 1790 jacet
1688 1754 1768 1781 illud:

988 1809 1094 1837 Attende
1110 1808 1153 1835 tibi
1167 1807 1176 1844 (
1191 1807 1259 1834 Ibid.
1276 1814 1300 1833 ιι.
1317 1806 1350 1832 15
1366 1805 1386 1840 ),
1401 1803 1470 1840 quod
1495 1803 1559 1838 ipsis
1579 1802 1732 1837 frequenter
1744 1800 1770 1827 in

985 1857 1158 1893 sequentibus
1179 1855 1275 1890 repetit
1289 1863 1295 1881 :
1312 1858 1454 1888 monetque
1467 1859 1501 1878 ne
1514 1849 1637 1877 victorias
1658 1846 1772 1882 propria:

984 1904 1074 1931 virtuti
1101 1902 1253 1930 adsczibaut
1265 1923 1272 1935 ,
1286 1901 1332 1928 sed
1358 1900 1402 1927 Dei
1420 1898 1521 1933 gratim.
1545 1896 1592 1923 llic
1603 1895 1674 1929 jacet
1687 1892 1749 1921 illud
1764 1902 1771 1919 :

987 1950 1055 1977 Deus
1068 1949 1132 1984 ignis
1143 1951 1289 1975 consumens
1308 1950 1342 1972 est
1354 1945 1442 1980 (Deut.
1456 1940 1526 1971 4.24
1538 1951 1545 1974 ;
1564 1941 1641 1968 Hebr.
1656 1939 1698 1967 l2.
1712 1939 1771 1971 29).

986 1996 1056 2032 qttod
1071 1996 1169 2023 Paulus
1183 1996 1208 2021 in
1234 1993 1350 2029 Epistola
1371 1991 1403 2018 ad
1420 1991 1545 2018 Ilchra'os
1567 1987 1662 2022 posuit.
1680 1986 1774 2012 IIorIa-

989 2048 1031 2068 tur
1043 2047 1133 2068 autem
1156 2041 1182 2067 in
1206 2039 1257 2066 hoc
1276 2039 1333 2073 ipso
1347 2038 1405 2063 loco
1417 2035 1521 2070 Moyses
1537 2041 1570 2060 ne
1588 2039 1617 2059 se
1635 2031 1773 2058 extollant.

990 2086 1015 2113 Ν
1018 2096 1049 2113 an
1066 2087 1131 2112 enim
1142 2088 1243 2120 propter
1252 2083 1378 2118 justitiam
1393 2086 1473 2112 tuam,
1486 2078 1579 2113 inquit,
1595 2075 1684 2105 Israel.
1696 2079 1775 2101 exter-

989 2131 1149 2159 minnbttntnr
1166 2134 1249 2165 gentes
1264 2149 1271 2160 ,
1295 2127 1339 2154 sed
1361 2130 1463 2161 propter
1487 2126 1600 2158 ipsorum
1622 2121 1775 2156 impietatem

991 2177 1077 2212 (Dent.
1095 2176 1121 2203 9.
1140 2176 1178 2208 5).
1194 2175 1222 2201 lu
1236 2168 1393 2201 memoriam
1408 2174 1496 2197 autem
1512 2168 1577 2201 ipsis
1591 2169 1698 2194 revocat
1711 2172 1778 2191 con-

991 2209 1080 2250 flatum
1103 2220 1226 2247 vitulutu.
1247 2218 1295 2245 Ilie
1309 2216 1406 2252 legitur
1419 2214 1482 2241 illud
1495 2222 1502 2239 ε
1518 2210 1693 2239 Circumcidite
1705 2209 1777 2235 duri-

992 2269 1051 2295 tiam
1067 2267 1149 2293 cordi:
1171 2265 1254 2296 vestri,
1269 2268 1291 2290 ct
1311 2261 1430 2289 cervicem
1446 2262 1553 2286 vestram
1570 2264 1602 2283 ne
1620 2254 1777 2282 indurueri-

992 2315 1023 2340 lis
1039 2312 1131 2349 (Deut.
1155 2310 1198 2338 IO.
1215 2309 1268 2344 ιιι).
1283 2307 1385 2335 Laudat
1401 2311 1497 2332 terram
1521 2300 1714 2337 promissionis.
1731 2298 1779 2326 llic

990 2345 1061 2394 jacet
1072 2356 1135 2385 illud
1153 2364 1163 2383 :
1174 2355 1237 2383 Cum
1254 2352 1391 2381 comederis
1407 2355 1430 2377 et
1444 2348 1533 2376 biberis
1545 2351 1568 2374 et
1579 2349 1706 2373 saturata
1721 2345 1777 2379 [uc-

992 2390 1039 2438 i'is,
1054 2403 1155 2430 attende
1170 2400 1233 2436 tibi(
1247 2398 1360 2426 Deut.6.
1377 2396 1421 2424 l2.
1438 2396 1472 2423 15
1486 2395 1495 2429 )
1508 2403 1515 2420 :
1526 2392 1697 2438 pratdicitqtte
1710 2390 1782 2438 mala,

994 2434 1047 2477 non
1069 2434 1290 2482 obsequentibus,
1304 2448 1329 2471 et
1345 2444 1412 2469 bona
1435 2441 1456 2468 si
1476 2437 1634 2467 obedierint.
1659 2434 1783 2469 Pratciplt

996 2500 1025 2522 ut
1041 2497 1066 2522 in
1082 2499 1173 2521 monte
1185 2491 1292 2520 Garizin
1315 2489 1393 2516 dc.ur
1416 2483 1564 2513 benedictio
1579 2504 1586 2516 ,
1601 2486 1628 2510 et
1648 2482 1673 2508 in
1694 2485 1782 2507 mente

995 2541 1079 2570 Gebal
1095 2538 1253 2567 maledictio.
1269 2536 1348 2563 lubet
1363 2532 1462 2560 destrui
1484 2530 1553 2557 idola
1565 2534 1591 2556 et
1603 2535 1696 2556 eorum
1712 2527 1780 2553 lora.

997 2585 1121 2621 Praecipit
1142 2592 1176 2612 ne
1191 2583 1288 2617 ubiqtte
1309 2579 1439 2607 sacriﬁcia
1462 2577 1517 2604 Deo
1540 2574 1671 2604 offerant.
1687 2571 1734 2599 sed
1759 2572 1786 2597 in

997 2633 1057 2660 loco
1071 2638 1149 2666 quem
1173 2630 1229 2663 ipse
1243 2625 1362 2661 elegerit.
1377 2623 1415 2650 Ne
1428 2622 1586 2649 aanulentur
1613 2624 1719 2653 gentes,
1739 2623 1787 2642 nec

998 2661 1113 2714 cuipiam
1125 2661 1311 2709 obtemperent
1322 2668 1443 2698 suadenti
1457 2672 1486 2694 ut
1494 2666 1563 2694 idola
1578 2661 1788 2694 colant.etiamsi

1030 2744 1067 2775 (a)
1084 2746 1139 2775 nec
1150 2747 1198 2765 non
1208 2739 1238 2763 ad
1250 2737 1352 2764 verbum
1373 2734 1513 2761 referuntur
1524 2737 1551 2758 ut
1562 2732 1683 2757 habentur
1695 2730 1719 2753 in
1728 2732 1790 2752 neu-

999 2774 1143 2800 teronomio.

1000 2816 1066 2873 wsb)
1082 2818 1137 2839 Hac
1147 2819 1196 2849 non
1214 2812 1245 2837 ad
1267 2811 1363 2836 literam
1383 2809 1418 2834 sic
1430 2806 1551 2838 habentur
1562 2807 1586 2831 in
1608 2804 1714 2829 editione
1726 2803 1791 2828 lxx.

1056 2844 1200 2873 compendio
1210 2842 1355 2870 referuntur.
1563 2861 1579 2872 ﬂ
1603 2862 1626 2873 ,Α

1056 2842 1200 2876 compendio
1210 2842 1355 2880 referuntur.
1563 2861 1579 2872 ,ι
1603 2862 1610 2868 .
1621 2869 1627 2876 ι
