2074 3126
201 152 254 180 557

198 212 285 240 erant,
301 211 328 235 et
339 216 415 244 rcges
431 209 581 245 Plimuices,
596 219 642 240 cos
659 213 730 241 sicco
752 216 818 249 pede
840 218 995 245 Irtutsit'issc

197 252 356 286 Jordanein,
377 256 508 287 exterriti,
531 258 700 294 perculsique
715 265 785 287 sinit.
816 261 890 289 Tunc
915 263 995 292 .lesus

195 298 288 331 jussus
301 299 395 326 cultris
413 301 524 335 lapideis
535 303 702 332 circumcidit
715 305 832 333 Jiidatos.
847 308 912 341 Quia
928 317 993 343 qua-

197 342 318 378 draginta
331 345 408 372 annis
425 352 545 373 versatus
559 348 645 376 fuerat
657 348 740 378 Israel
754 351 779 378 in
794 352 911 386 deserto,
924 342 994 382 ideo-

199 396 252 422 que
264 390 339 417 inulti
354 398 446 418 eorum
462 392 630 428 bellatorum,
645 397 690 430 qui
704 397 834 432 obierant,
852 400 992 429 incircum-

196 435 245 461 cisi
270 441 345 462 erant
357 436 394 472 (α)
408 445 414 469 ;
430 445 478 472 pro
491 439 543 466 illis
555 440 693 468 substituit
711 443 783 470 Deus
796 445 865 473 filios
878 454 971 473 eorum
981 468 988 478 ,

196 489 263 515 quos
274 481 352 510 Jesiis
361 483 612 521 circumcidit,qiiod
626 488 674 523 ipsi
687 489 864 518 iiicirciinicisi
878 494 991 520 mansis-

195 531 256 554 sent
269 527 295 554 in
309 528 360 555 via.
378 529 451 557 Tunc
466 530 527 558 fecit
539 532 648 566 pascha.
663 534 696 560 Et
713 542 727 561 a
742 535 785 562 die
799 544 850 571 qua
860 538 987 565 comede-

195 578 258 599 runt
280 580 371 609 azyma
386 582 417 602 ex
438 575 570 603 frumento
585 581 663 605 terrm
674 579 755 613 illius,
768 581 867 609 defecit
880 590 987 610 tnanna.

194 617 306 645 Jubetur
319 618 396 646 .lesus
411 620 516 648 Solvere
527 622 736 651 calceanientum
751 633 839 659 suum,
852 632 878 654 ct
890 628 986 656 circui-

195 672 223 691 re
235 664 341 692 .lericho
352 673 412 693 cum
426 667 495 694 tubis
509 673 534 695 et
545 676 606 696 arca
619 675 721 705 septem
734 672 836 700 diebus.
850 673 909 707 Quo
924 683 987 710 pcr-

193 715 264 743 aeto,
280 718 326 745 per
345 719 375 738 se
393 713 461 740 nturi
476 714 638 742 ceciderunt.
663 716 830 745 Manifestum
843 720 931 755 itaque
946 726 987 749 est

191 754 246 789 jain
260 759 323 782 tunc
339 761 455 791 coeptum
467 765 526 786 esse
539 759 605 787 Solvi
626 761 765 789 sabbatum
780 772 786 790 :
801 754 987 800 undecumque

192 801 262 827 eniin
277 801 379 828 initium
393 804 452 837 quis
470 804 559 838 ducat,
577 814 687 834 necesse
702 812 743 835 est
757 809 897 837 sabbatum
917 811 984 839 inei—

192 846 256 874 dere
269 847 295 874 in
306 853 407 883 septeni
423 849 482 877 illos
494 850 561 878 dies.
576 852 651 880 Tunc
662 859 784 882 servatur
796 856 902 890 quidem
911 857 985 886 Raab

191 899 251 919 eum
270 894 428 928 cognatione
441 903 487 922 sua
499 917 505 928 ,
518 900 545 923 et
558 897 658 925 habitat
673 899 698 926 in
714 900 813 934 Israel,
832 902 984 931 incenditur

190 943 278 965 autem
293 939 364 972 urbs,
379 945 406 967 et
416 941 585 970 anathemate
598 945 743 978 percutitur
763 955 770 972 :
796 947 983 983 maledixitque

188 983 264 1011 Jesus
276 985 299 1011 ei
314 985 359 1019 qui
371 986 440 1013 illam
452 988 634 1016 reaedilicarct.
651 990 764 1018 Fiiratus
777 997 859 1020 estex
870 994 983 1021 anathiu.

189 1034 260 1056 niate
274 1029 373 1063 Achar,
388 1035 413 1057 et
422 1032 534 1059 vincitur
553 1034 667 1068 populus
687 1043 826 1070 aggressus
842 1039 921 1067 aliam
939 1049 983 1067 ιιι-ο

187 1074 257 1101 bem.
274 1075 357 1102 Deuiti
374 1081 495 1111 precatur
509 1078 588 1105 Jesus
604 1088 609 1106 :
625 1080 701 1114 jubet
714 1081 783 1109 Deus
796 1083 851 1111 tolli
865 1085 981 1113 anathe-

187 1127 239 1146 ma.
255 1119 440 1154 Depreltcnsus
458 1126 499 1149 est
513 1123 601 1150 Achar
613 1145 621 1158 ,
637 1124 733 1153 furtum
747 1127 897 1163 detectum,
915 1131 982 1165 lapi-

186 1163 264 1190 datiir
276 1165 363 1192 Achar
376 1174 436 1193 cum
454 1167 515 1195 ﬁliis
525 1173 552 1196 et
566 1169 678 1198 ﬁliabus.
696 1171 824 1207 Pugnavit
834 1174 912 1202 Iesus
924 1163 981 1204 cer-

188 1210 286 1238 tamine
299 1215 326 1238 ct
336 1212 405 1246 cepit
417 1212 525 1246 Gazam,
542 1214 726 1251 incenditque:
741 1225 772 1245 ac
782 1219 938 1248 ceciderunt
952 1223 978 1250 in

185 1255 230 1282 illa
243 1255 382 1284 duodecim
402 1258 502 1291 millia;
517 1267 659 1296 regemque
686 1262 758 1291 urbis
781 1266 978 1300 suspenderunt

185 1300 211 1327 in
226 1301 308 1336 ligno.
330 1302 498 1331 Conveniunt
511 1305 543 1332 ad
557 1305 745 1335 debellandum
760 1309 886 1338 Israelem
902 1320 978 1347 reges

185 1348 402 1376 Amorrhatorunt
416 1355 443 1378 et
456 1351 667 1391 Chiinanmorum
683 1361 713 1381 ac
727 1355 832 1391 reliqui.
848 1357 975 1387 Ediﬁcat

183 1393 260 1420 .lesus
272 1395 354 1422 altare
362 1403 395 1423 ex
404 1395 534 1431 lapidibus
547 1398 665 1433 integris,
679 1399 732 1427 illic
742 1401 975 1432 Deuteronomiuin

183 1441 274 1467 scribit
290 1449 296 1466 :
313 1441 474 1477 dimidiaque
488 1451 549 1478 pars
567 1446 656 1479 populi
672 1451 725 1474 stat
748 1455 829 1483 prope
857 1455 975 1479 inutilem

183 1485 275 1519 Gebal,
290 1487 398 1515 dimidia
414 1493 501 1516 autent
517 1498 599 1526 prope
613 1497 731 1520 montem
742 1494 859 1522 Garizin.
875 1494 975 1525 Dehinc

181 1539 241 1566 qua:
251 1538 322 1567 gesta
334 1539 396 1561 sunt
410 1535 479 1562 circa
493 1535 664 1565 Gabaonitas.
687 1539 717 1566 lli
733 1540 803 1567 enim
818 1549 850 1568 ex
867 1542 973 1570 Israeli-

182 1581 266 1604 taruni
279 1577 349 1606 fama
365 1580 557 1615 perlerrefacti,
569 1583 666 1610 auditis
677 1585 708 1611 iis
723 1593 782 1620 qua:
792 1586 846 1620 jam
859 1588 884 1615 in
897 1589 974 1616 bellis

181 1625 308 1658 prieelare
320 1632 470 1661 gesserant,
485 1629 555 1662 ipsos
566 1629 664 1657 adeunt
673 1633 787 1659 vetustis
798 1633 880 1661 induti
893 1636 973 1662 vestis

180 1671 287 1704 mentis,
303 1679 384 1705 panes
409 1673 499 1701 aridos
526 1674 655 1708 ferentes,
671 1677 842 1714 sandaliaqne
869 1685 971 1714 vetera,

180 1715 330 1750 populoque
351 1717 445 1744 dicunt
467 1726 496 1746 se
519 1726 551 1746 ex
574 1725 643 1747 terra
660 1721 800 1758 longinqua
815 1725 917 1758 venire,
932 1727 970 1754 si-

178 1769 311 1796 gnumque
325 1763 415 1796 procul
432 1768 592 1792 remotarum
606 1767 709 1794 sediuin
724 1776 783 1796 esse
794 1771 949 1799 vestimenta
959 1795 966 1805 ,

178 1813 259 1840 panes
267 1811 296 1834 et
309 1807 426 1835 sandalia
439 1818 445 1835 :
460 1817 520 1836 uani
538 1810 562 1837 iii
572 1811 649 1846 longa
661 1813 701 1840 via
714 1813 771 1841 hinc
781 1815 876 1843 detrita
889 1817 970 1847 fuisse

176 1852 301 1880 dicebant
315 1861 321 1880 :
340 1854 430 1882 venire
451 1859 538 1883 autein
560 1864 589 1884 se
602 1857 634 1884 ad
651 1864 726 1893 pacta
747 1868 893 1897 pacemque
908 1871 967 1891 cum

178 1897 241 1931 ipsis
257 1898 382 1926 ineunda.
397 1899 436 1927 Illi
459 1905 549 1928 autem
567 1903 621 1930 Deo
644 1911 697 1931 non
720 1906 851 1939 consulto,
867 1908 967 1937 fusilera

176 1942 301 1970 inierunt.
329 1944 364 1971 Ut
387 1953 450 1972 vero
477 1953 661 1982 cognoverunt
683 1957 713 1977 se
733 1950 859 1986 deceptos
874 1953 965 1987 fuisse,

176 1988 287 2023 illosque
304 1997 355 2016 non
381 1991 484 2025 procul,
501 1992 548 2019 sed
573 2001 654 2028 prope
677 1995 807 2030 habitare,
823 2005 884 2025 ciiiii
911 2007 964 2027 non

175 2041 286 2067 possent
311 2035 371 2062 illos
393 2043 547 2072 oppugnare
571 2044 664 2066 contra
686 2041 848 2076 jiiranienta,
872 2052 965 2073 servos

174 2080 247 2114 ipsos
271 2082 466 2110 constituerunt
482 2084 616 2119 lignarios,
632 2091 659 2114 et
681 2095 756 2121 aqum
780 2089 894 2124 bajiilos.
918 2091 965 2118 Hic

173 2127 275 2154 exitum
293 2126 372 2155 habet
386 2129 522 2163 prmdictio
545 2130 607 2158 Νίκη
622 2132 696 2166 (Gen.
712 2133 739 2160 9.
755 2133 812 2170 25),
828 2144 906 2170 quam
923 2137 965 2164 di-

173 2172 230 2199 xit:
246 2172 368 2201 Chanaan
382 2183 443 2208 puer
454 2184 539 2204 servus
553 2177 590 2213 (l1)
608 2187 614 2204 :
630 2186 662 2205 ex
678 2179 722 2207 illo
737 2188 853 2216 namque
870 2182 896 2209 lii
911 2183 962 2210 orti

173 2218 260 2246 fuere.
285 2220 393 2247 Audivit
417 2222 585 2250 Adonibezec
611 2232 657 2251 rex
683 2225 830 2254 Jerusalem
858 2234 963 2263 captain

171 2265 252 2293 fuisse
274 2265 379 2294 Iericho
392 2274 419 2295 et
430 2268 537 2302 Gazam,
549 2269 764 2306 Gabaonitasque
777 2274 958 2309 transfugisse,

169 2320 200 2338 ac
211 2312 307 2340 bellum
323 2313 387 2348 ipsis
398 2314 486 2341 intulit
500 2315 558 2342 aliis
571 2315 620 2343 sibi
637 2317 768 2350 adjunctis
781 2319 895 2354 regibus.
921 2321 959 2348 Illi

169 2365 232 2385 vero
242 2358 275 2385 ad
288 2359 415 2386 auxilium
429 2360 478 2387 sibi
493 2360 630 2388 ferendum
644 2362 734 2395 Jcstiin
755 2369 892 2392 vocarunt.
909 2365 960 2393 Ve-

198 2425 235 2463 (ii)
245 2430 282 2451 ιο.
295 2426 485 2464 Chrysostomus,
498 2430 537 2464 qui
550 2436 617 2464 saepe
629 2437 683 2455 cum
693 2431 956 2464 Judzeisconcertabat,

198 2436 235 2463 tu)
245 2436 282 2451 ω.
295 2436 485 2465 Lnrysostomlts,
498 2436 537 2483 qni
550 2436 617 2465 saepe
629 2437 683 2455 cum
693 2436 782 2456 Jituzets
792 2436 956 2469 concertahat,

166 2463 272 2500 21335331“
280 2459 670 2500 ξεῑοΑι,ῐ92ςέειῖιε›ξὲῑλιηεπξιξῐι.
678 2462 877 2500 maerebam?
889 2470 903 2500 ξ
914 2472 957 2500 ve:

166 2489 267 2522 tet-ibus
280 2488 328 2513 illis
347 2490 475 2522 observata
489 2488 565 2522 iess‘e,
585 2495 674 2522 quanta
696 2488 900 2519 dicebani‘Judaai
920 2488 957 2520 sui

165 2519 289 2551 temporis,
302 2526 369 2551 saepe
381 2521 481 2551 indicat;
491 2521 530 2545 hic
539 2519 620 2546 autem
633 2526 666 2547 ait
676 2523 855 2549 iucircunictsos
865 2519 957 2551 obiisse

164 2548 227 2578 illos,
237 2551 278 2581 qui
290 2551 319 2586 in_
326 2548 426 2576 deserto
438 2548 525 2586 mortui
537 2552 682 2586 fueraiit,_et
700 2561 755 2578 mox
774 2548 858 2586 probat
869 2548 955 2581 sibi);

164 2583 214 2604 tum
233 2587 281 2605 non
297 2582 558 2616 observattiitiql‘uisse,
570 2584 666 2614 quando
681 2582 780 2616 septem"
795 2586 882 2612 diebus
901 2594 956 2612 cum

162 2616 216 2648 arca
233 2618 314 2636 muros
331 2613 430 2648 ._ter_icli0_
443 2613 593 2648 οἰμᾭιιὶἰωιιᾙς
611 2613 717 2640 necesse
734 2619 824 2648 quippe
836 2617 919 2648 fuisse
931 2619 954 2643 iii

162 2641 209 2677 illis
220 2645 315 2678 septem
323 2643 413 2678 diebus
424 2645 535 2678 incidere
541 2641 678 2678 sabbatum.
691 2647 728 2678 sic
742 2641 816 2678 supra
829 2641 954 2673 continen-

162 2673 222 2697 tario
232 2674 274 2714 Illi.
284 2673 369 2707 Isaiam
389 2675 421 2714 de
437 2675 559 2714 sacriﬁciis
571 2677 658 2714 arguit,
667 2680 698 2714 ‘et
707 2673 876 2714 (Ennio-tentem
890 2680 953 2714 Psal-

161 2710 212 2728 nios
224 2704 255 2727 de
268 2704 311 2728 bac
322 2703 375 2739 ipsa
382 2705 529 2739 reloquens,
538 2703 676 2739 timchaliet
689 2714 695 2731 ε
709 2712 800 2739 Septem
812 2713 890 2734 autem
903 2710 954 2735 die-

160 2741 215 2771 runi
221 2740 339 2771 muneras
339 2736 393 2764 jam
401 2741 455 2760 mue
466 2736 603 2771 nolit'ssqlm
614 2736 744 2771 sabbatum:
756 2744 804 2764 Non
816 2740 879 2765 enim
890 2742 953 2771 eim-

159 2764 226 2801 qwdj
238 2765 296 2797 legis
307 2773 330 2801 pi
338 2770 430 2796 accepta
440 2766 605 2801 pfi'nri'pali'ter
617 2769 675 2801 data
684 2773 748 2795 sunt.
760 2774 816 2800 Quae
828 2771 867 2796 hic
878 2764 952 2801 Ioniae

159 2795 247 2850 CiabIZIIS
260 2792 417 2828 "explicantur
427 2792 502 2822 {Inui
513 2792 568 2822 tunc
577 2817 583 2829 ,
595 2792 674 2831 inquit
683 2792 807 2833 Hemina
824 2809 875 2827 esse
894 2792 952 2828 δοῗῑιί

159 2832 185 2850 sa
216 2830 290 2850 illum.

159 2826 290 2852 sabbatum.

191 2857 302 2892 (_b)r_Vide
321 2865 381 2892 qua;
384 2859 492 2892 diximus
498 2866 573 2892 supra
585 2860 607 2884 in
617 2859 722 2892 Synnpsi
733 2861 757 2886 in
764 2865 875 2888 Gcnesim
887 2866 948 2890 circa

157 2888 352 2915 ntaledlctioiieni
365 2890 483 2915 Cltaiiaaiii
498 2891 519 2914 iit
531 2888 666 2916 (ὶυὴδυινιὶὶδ
681 2888 835 2926 ἑμΙΙΙίήθιωη,

314 2937 450 2967 Parnm.
475 2938 532 2967 Gn.
560 2939 635 2970 LVI.

749 160 912 189 SYNOI‘SlS
930 162 1134 194 SCRIPTUIi/E
1153 168 1288 197 SACRAE.

1788 182 1838 210 558

1051 222 1088 248 nit
1111 227 1198 251 autem
1225 225 1279 259 ille,
1295 227 1438 262 prmlioque
1459 231 1601 258 commisso
1625 233 1651 259 in
1667 233 1753 269 fugant
1782 237 1840 264 illos

1050 269 1129 296 vertit
1145 279 1151 296 :
1165 277 1195 297 ac
1208 271 1241 298 de
1255 273 1321 300 caelo
1337 273 1363 300 in
1377 274 1549 310 illosgranilo
1563 278 1660 307 decidit
1673 289 1680 312 ς
1695 282 1840 317 pliircSqiie

1047 315 1148 348 grando
1158 317 1265 349 occidit,
1281 326 1360 353 quam
1375 320 1419 348 ﬁlii
1435 321 1514 349 Israel
1532 324 1630 358 gladio.
1661 327 1736 355 Tunc
1764 315 1840 357 stetit

1047 361 1085 387 sol
1102 366 1194 389 contra
1215 363 1324 391 Gabaon
1343 370 1369 392 et
1393 367 1454 394 Itina
1474 374 1566 397 contra
1585 373 1731 401 convallem
1747 375 1838 408 Elom;

1047 409 1184 442 totumque
1198 408 1366 439 inimicorum
1381 414 1506 447 populum
1523 415 1658 445 interfecit
1669 418 1756 454 .lesus,
1774 429 1836 448 ncc-

1045 458 1098 478 tion
1107 453 1222 488 quinque
1237 463 1323 491 reges.
1337 456 1412 493 Cepit
1424 465 1512 487 autem
1527 461 1653 490 Macelam
1669 469 1696 492 et
1705 465 1835 499 Lobnani,

1045 497 1158 531 Lachis,
1168 499 1293 535 Odolam,
1310 503 1479 533 Cliebronent
1494 511 1521 534 et
1537 507 1632 543 Dabir,
1647 515 1678 538 et
1691 518 1795 540 montes
1810 497 1836 541 et

1044 543 1189 577 planitiem.
1205 546 1396 577 Conveneritnt
1409 551 1452 578 alii
1464 560 1541 587 reges
1552 555 1626 582 miilti
1637 563 1696 583 cum
1708 559 1834 586 exerciti-

1044 589 1092 617 bus
1108 592 1210 625 magnis
1223 600 1230 618 :
1246 597 1273 620 et
1286 592 1334 621 hos
1349 603 1454 630 quoque
1467 598 1659 628 occiditJesus.
1677 602 1777 630 "ner
1792 605 1834 632 hic

1042 637 1147 664 nomina
1164 644 1350 673 recensentur,
1364 646 1390 668 et
1409 643 1499 677 urbes,
1512 652 1703 683 numerusque.
1724 650 1835 678 Jubetiir

1040 682 1118 710 Jesus
1147 688 1244 712 terram
1270 687 1375 715 tradere
1399 688 1527 718 Israelitis
1541 701 1547 718 :
1563 699 1594 719 ac
1606 682 1765 724 describitur
1774 705 1833 732 qua:

1040 729 1126 756 tribus
1139 735 1226 758 sortes
1242 734 1403 768 acceperint,
1416 739 1441 762 et
1455 736 1516 770 quid
1528 737 1628 767 Levitis
1638 739 1728 768 datum
1742 729 1828 770 fuerit.

1041 775 1160 803 lieniittit
1183 776 1261 804 Jesus
1289 779 1384 806 tribum
1401 781 1494 809 Ruben
1514 787 1542 810 et
1563 784 1619 812 Gad
1640 786 1831 824 diinidianique

1040 821 1135 848 tribum
1151 823 1271 851 Manasse
1282 824 1307 851 in
1321 830 1407 853 sortes
1417 835 1488 858 snas,
1498 836 1565 863 quas
1576 837 1731 866 acceperant
1743 835 1829 863 adhuc

1039 866 1146 895 vivente
1160 868 1260 904 Moyse.
1282 870 1332 904 Qui
1345 875 1434 900 autem
1448 873 1582 909 abierunt,
1598 883 1671 904 aram
1688 878 1720 906 ad
1735 879 1830 908 Jorda-

1037 921 1097 940 item
1117 914 1292 943 aediﬁcarunt.
1309 917 1364 945 Iloc
1383 918 1449 946 alias
1463 920 1548 947 tribus
1563 923 1734 956 perturbavit.
1750 925 1829 953 Pitta—

1037 958 1100 986 baiit
1113 960 1183 988 enim
1193 961 1252 989 illos
1266 962 1316 990 hoc
1327 962 1482 992 defectionis
1493 973 1572 994 causa
1584 967 1689 997 fecisse.
1702 971 1829 1000 Miserum

1034 1005 1079 1040 qui
1104 1006 1176 1040 ipsos
1203 1008 1450 1043 reprehenderent:
1471 1012 1506 1038 illi
1522 1021 1585 1040 vero
1605 1022 1664 1044 sese
1686 1023 1827 1052 purgantes

1033 1051 1168 1086 dixerunt,
1188 1061 1217 1081 se
1238 1062 1289 1081 non
1303 1055 1460 1084 defectionis
1474 1065 1552 1085 causa
1569 1067 1641 1087 aram
1658 1063 1822 1096 :edificasse;

1032 1097 1080 1124 sed
1096 1105 1130 1125 ne
1142 1099 1240 1133 posteri
1255 1100 1348 1133 vestri,
1366 1102 1487 1136 inquiunt
1499 1124 1506 1135 ,
1521 1104 1590 1132 ﬁlios
1605 1111 1711 1134 nostros
1724 1109 1825 1137 alienos

1033 1143 1147 1171 habeant
1159 1152 1172 1171 a
1184 1152 1231 1172 sua
1243 1147 1410 1181 cogitatione,
1423 1156 1455 1175 eo
1468 1150 1541 1183 quod
1555 1150 1678 1179 Iordanis
1693 1153 1762 1181 inter
1770 1163 1822 1182 uie-

1032 1190 1104 1218 dium
1118 1199 1210 1220 eorum
1225 1193 1308 1226 ﬂuat;
1324 1194 1370 1221 sed
1386 1199 1414 1221 ut
1426 1195 1460 1222 sit
1471 1203 1517 1223 ara
1532 1197 1557 1224 in
1570 1199 1760 1234 testiinonium,
1776 1210 1824 1228 nec

1032 1237 1134 1271 possint
1153 1239 1243 1267 dicere
1263 1239 1308 1267 ﬁlii
1327 1242 1407 1269 vestri
1421 1243 1562 1277 nepotibus
1580 1246 1688 1279 nostris,
1701 1247 1757 1274 Non
1782 1253 1823 1275 est

1031 1284 1106 1312 vobis
1117 1285 1204 1320 portio
1213 1286 1333 1320 Domini;
1348 1287 1439 1323 sicque
1450 1296 1639 1323 persuaserunt
1651 1292 1759 1328 reliquis
1775 1295 1822 1322 tri-

1031 1329 1116 1357 bubus
1130 1338 1163 1358 ne
1176 1331 1225 1359 sibi
1242 1332 1339 1360 bellum
1355 1333 1492 1362 inferrent.
1507 1336 1581 1364 Tunc
1591 1343 1721 1366 convocat
1732 1339 1818 1368 Israe-

1029 1375 1088 1402 litas
1102 1376 1196 1409 Jesus,
1217 1378 1333 1413 ipSisque
1347 1379 1372 1406 iii
1387 1381 1541 1408 memoriam
1557 1388 1664 1411 revocat
1678 1385 1723 1412 Dei
1738 1386 1816 1413 bcnc~

1029 1421 1097 1454 ﬁcia,
1114 1422 1234 1450 hortatur
1245 1429 1272 1451 ut
1287 1425 1370 1459 legem
1384 1426 1527 1455 observent
1541 1449 1547 1460 ,
1563 1430 1735 1466 prmdicitquc
1750 1433 1818 1460 mala

1027 1474 1085 1500 qu:e
1106 1467 1165 1495 illos
1177 1474 1319 1504 exceptura
1330 1475 1402 1504 sunt,
1428 1473 1479 1499 nisi
1499 1474 1569 1501 illaut
1598 1477 1820 1510 eiistodieriiit,et

1027 1518 1147 1542 iiiortitus
1156 1520 1206 1542 est.
1219 1515 1330 1543 Moritur
1343 1522 1370 1545 et
1380 1518 1490 1546 Eleazar
1505 1521 1640 1554 sacerdos,
1652 1524 1714 1551 etin
1730 1525 1818 1553 Ineunt

1026 1559 1084 1593 ejus
1106 1561 1282 1589 sacerdmium
1297 1563 1400 1591 obtinet
1414 1564 1528 1593 Phinecs
1542 1566 1611 1595 ﬁlius
1630 1569 1698 1603 ejus.
1727 1571 1758 1597 Et
1772 1571 1817 1598 ﬁlii

1026 1604 1107 1632 IsraeI
1136 1606 1204 1633 idola
1230 1608 1392 1642 coluerunt,
1421 1611 1564 1646 traditique
1588 1618 1649 1641 sunt
1672 1615 1697 1641 in
1720 1624 1814 1644 manus

1024 1651 1129 1687 [Eglom
1145 1653 1214 1687 regis
1238 1654 1314 1682 Moab
1331 1655 1379 1690 (ri),
1396 1656 1439 1691 qui
1457 1657 1482 1684 in
1508 1657 1569 1685 illos
1590 1659 1731 1695 imperium
1744 1662 1814 1689 obti-

1024 1699 1081 1725 nuit
1096 1700 1172 1726 aniiis
1183 1701 1343 1729 octodecim.

1289 1767 1408 1788 SYNOI‘SIS
1426 1769 1546 1790 ,1111310οΜ-

1058 1815 1106 1841 llic
1117 1820 1238 1842 narratur
1253 1823 1319 1850 quas
1332 1817 1412 1844 urbes
1425 1819 1555 1853 ceperint,
1567 1828 1688 1855 quasque
1702 1822 1751 1849 sibi
1768 1823 1815 1849 tri-

1021 1859 1137 1887 butarias
1165 1859 1278 1888 fecerint
1304 1861 1442 1890 lsraelitae.
1465 1863 1530 1890 Nam
1543 1865 1612 1892 circa
1628 1866 1691 1893 belli
1708 1867 1812 1895 labores

1019 1905 1146 1937 emolliti,
1162 1907 1319 1941 transgressi
1334 1911 1398 1935 sunt
1412 1908 1564 1936 mandatum
1589 1910 1653 1944 Dei,
1670 1919 1722 1946 quo
1734 1912 1812 1946 jube-

1018 1951 1115 1979 bantur
1127 1959 1220 1979 omnes
1244 1952 1425 1981 internecione
1438 1954 1538 1982 delere.
1565 1955 1644 1983 Venit
1666 1958 1775 1992 angelus
1797 1967 1811 1985 a

1020 1997 1131 2025 Domino
1151 1998 1183 2025 ad
1207 1998 1339 2026 Israelitas
1350 2019 1357 2032 ,
1370 2000 1415 2035 qui
1431 2001 1537 2028 illorum
1563 2003 1810 2037 pratvaricatiouein

1017 2043 1162 2078 redarguit.
1178 2043 1244 2071 Cum
1257 2044 1327 2071 enim
1343 2046 1505 2079 oportuisset
1519 2047 1577 2073 illos
1589 2047 1696 2080 delere,
1712 2049 1809 2083 inquit,

1018 2096 1065 2116 vos
1079 2088 1178 2116 hedera
1189 2097 1248 2116 cum
1266 2090 1332 2124 ipsis
1343 2091 1438 2118 iniistis
1453 2100 1459 2118 :
1477 2092 1536 2119 ideo
1556 2101 1608 2120 non
1622 2095 1810 2122 exterminabit

1016 2135 1087 2162 Deus
1100 2135 1216 2170 reliquas
1225 2141 1327 2171 gentes.
1342 2136 1389 2163 His
1404 2138 1502 2165 auditis
1519 2138 1556 2165 illi
1568 2138 1699 2167 ﬂeverunt
1712 2142 1807 2168 unani-

1015 2181 1104 2214 miter,
1119 2181 1245 2216 locusque
1261 2187 1369 2209 vocatus
1388 2187 1429 2209 est
1452 2183 1553 2211 Fletus.
1582 2185 1615 2211 Et
1640 2186 1807 2220 prmvarieati

1014 2231 1085 2259 sunt,
1096 2234 1127 2254 ac
1138 2227 1310 2254 tradebantur
1321 2228 1452 2262 hostibus,
1464 2235 1513 2256 eta
1524 2230 1652 2259 servitute
1660 2231 1806 2259 liberaban-

1015 2278 1067 2306 tur,
1083 2280 1243 2308 rursumque
1258 2273 1350 2302 iisdem
1371 2275 1396 2301 in
1412 2275 1487 2302 malis
1503 2277 1720 2311 perseverabant.
1737 2278 1805 2306 Tra-

1012 2319 1058 2346 diti
1074 2325 1135 2346 sunt
1146 2320 1251 2347 (Iliitsab
1262 2319 1361 2348 Sathon
1373 2322 1428 2357 regi
1441 2321 1525 2358 Syria:
1535 2323 1611 2350 annis
1625 2328 1696 2357 octo,
1709 2329 1736 2351 et
1749 2326 1803 2352 cri-

1012 2365 1068 2399 puit
1081 2371 1128 2392 eos
1142 2365 1268 2392 Domitius
1283 2374 1330 2400 per
1343 2366 1484 2395 Gotlioniel
1497 2368 1625 2402 judiccm.
1655 2369 1689 2397 Et
1713 2371 1802 2398 traditi

1010 2415 1073 2438 sunt
1084 2411 1176 2445 Egloni
1188 2412 1242 2446 regi
1256 2411 1343 2445 Moab,
1355 2418 1381 2441 et
1399 2413 1581 2441 clamaveriint
1598 2415 1631 2442 ad
1648 2415 1801 2449 Dominum,

1010 2462 1037 2484 et
1049 2458 1186 2485 suscitavit
1199 2459 1250 2486 illis
1262 2459 1328 2492 Aod,
1343 2460 1388 2494 qui
1402 2460 1464 2487 dolo
1478 2461 1574 2488 occidit
1585 2461 1677 2497 Eglom
1691 2467 1718 2490 ct
1728 2463 1800 2490 Moa‘

1009 2503 1086 2530 bitas.
1103 2503 1166 2531 Post
1177 2504 1250 2532 hunc
1263 2505 1353 2539 populi
1364 2505 1445 2539 judex
1460 2506 1507 2533 fuit
1518 2507 1655 2542 Somegar,
1666 2514 1693 2536 et
1707 2515 1799 2544 postea

1010 2550 1112 2577 Debora
1126 2550 1222 2578 mulier
1235 2551 1412 2586 prophetissa.
1428 2553 1492 2580 Cum
1507 2559 1594 2581 autem
1607 2556 1661 2590 regi
1673 2556 1797 2584 Chanaan

1007 2595 1139 2623 servirent
1152 2596 1287 2630 Israelita',
1302 2598 1429 2625 Baraciim
1445 2599 1521 2633 jubet
1536 2600 1638 2628 Debora
1654 2609 1684 2629 se
1704 2603 1796 2632 duceni

1007 2641 1067 2668 belli
1081 2642 1210 2676 prashere.
1225 2642 1272 2670 Ille
1286 2643 1379 2676 noluit,
1396 2644 1445 2671 nisi
1457 2649 1484 2672 et
1497 2646 1539 2673 illa
1550 2654 1610 2673 cum
1625 2648 1682 2682 ipso
1691 2649 1794 2676 exiret:

1005 2687 1138 2722 exivitque
1153 2688 1256 2715 muiier.
1268 2688 1416 2717 Commisso
1430 2691 1531 2725 prndio,
1546 2692 1666 2728 fugerunt
1680 2694 1772 2722 hostes
1787 2704 1795 2722 ι

1005 2731 1110 2767 duxque
1123 2732 1204 2761 Jabisi
1218 2733 1306 2762 Sisara
1322 2735 1453 2763 accedens
1473 2737 1505 2764 ad
1533 2739 1675 2772 quamdam
1700 2742 1795 2768 mulie-

1038 2803 1076 2843 (u)_
1086 2808 1140 2829 Haec
1150 2806 1247 2843 quaede
1259 2807 1354 2843 [Eglom
1360 2809 1399 2833 hic
1410 2808 1534 2840 leguntur,
1548 2817 1578 2843 ex
1590 2812 1668 2843 capite
1679 2813 1792 2842 sequenti

1003 2833 1051 2876 1me
1064 2833 1230 2867 'traiissumpta
1243 2833 1498 2876 suntjn'textuﬁxx,
1510 2833 1732 2876 tileé'iiiiiiiii‘iiiii'ilj
1744 2833 1791 2867 He:

1003 2865 1069 2902 brief)
1083 2872 1088 2890 ε
1107 2873 1164 2902 qua;
1173 2865 1244 2898 porro
1253 2872 1286 2902 tte
1298 2870 1392 2901 Eglom
1406 2871 1444 2895 hic
1459 2865 1539 2901 raucis
1552 2865 1761 2897 t'erbtsrdicuniur
1770 2877 1794 2902 in

1004 2897 1090 2921 eadem
1107 2898 1223 2929 Editione,
1237 2897 1344 2931 pluribus
1355 2897 1479 2926 narranti'ir
1491 2902 1513 2925 in
1527 2903 1587 2927 libro
1603 2903 1726 2927 .llldlquh

1570 2955 1603 2983 '21
