  <div class='ocr_page' id='page_1' title='image "/cluster/home/n/w/nwhite01/storage/ocr_20150623/56/njp.32101077772646/335.png"; bbox 0 0 2074 3126; ppageno 0'>
   <div class='ocr_carea' id='block_1_1' title="bbox 265 149 1504 184">
    <p class='ocr_par' dir='ltr' id='par_1_1' title="bbox 265 149 1504 184">
     <span class='ocr_line' id='line_1_1' title="bbox 265 149 1504 184; baseline -0.006 0"><span class='ocrx_word' id='word_1_1' title='bbox 265 155 300 184; x_wconf 70' lang='lat'><strong>39</strong></span> <span class='ocrx_word' id='word_1_2' title='bbox 601 154 631 181; x_wconf 75' lang='grc' dir='ltr'><strong>Ξ.</strong></span> <span class='ocrx_word' id='word_1_3' title='bbox 650 152 793 182; x_wconf 62' lang='lat' dir='ltr'><strong>JOANNIS.</strong></span> <span class='ocrx_word' id='word_1_4' title='bbox 807 149 1041 179; x_wconf 75' lang='lat' dir='ltr'><strong>CHRYSOSTOMI</strong></span> <span class='ocrx_word' id='word_1_5' title='bbox 1061 149 1217 177; x_wconf 77' lang='lat' dir='ltr'><strong>ARCIIIEP.</strong></span> <span class='ocrx_word' id='word_1_6' title='bbox 1238 149 1504 179; x_wconf 71' lang='lat' dir='ltr'><strong>CONSTANTINOP.</strong></span> 
     </span>
    </p>
   </div>
   <div class='ocr_carea' id='block_1_2' title="bbox 248 206 1033 245">
    <p class='ocr_par' dir='ltr' id='par_1_2' title="bbox 248 206 1033 245">
     <span class='ocr_line' id='line_1_2' title="bbox 248 206 1033 245; baseline -0.01 -4"><span class='ocrx_word' id='word_1_7' title='bbox 248 221 304 241; x_wconf 84' lang='lat' dir='ltr'><strong>rem</strong></span> <span class='ocrx_word' id='word_1_8' title='bbox 319 213 419 241; x_wconf 62' lang='lat' dir='ltr'><strong>Jaélem</strong></span> <span class='ocrx_word' id='word_1_9' title='bbox 437 211 533 239; x_wconf 88' lang='lat' dir='ltr'><strong>dictam</strong></span> <span class='ocrx_word' id='word_1_10' title='bbox 544 231 551 241; x_wconf 78' lang='lat'><em>.</em></span> <span class='ocrx_word' id='word_1_11' title='bbox 569 209 674 245; x_wconf 91' lang='lat' dir='ltr'><strong>petebat</strong></span> <span class='ocrx_word' id='word_1_12' title='bbox 689 209 721 236; x_wconf 86' lang='lat' dir='ltr'><strong>ab</strong></span> <span class='ocrx_word' id='word_1_13' title='bbox 737 209 779 236; x_wconf 88' lang='lat' dir='ltr'><strong>illa</strong></span> <span class='ocrx_word' id='word_1_14' title='bbox 795 212 888 243; x_wconf 89' lang='lat' dir='ltr'><strong>potum</strong></span> <span class='ocrx_word' id='word_1_15' title='bbox 907 217 913 235; x_wconf 94' lang='lat'>:</span> <span class='ocrx_word' id='word_1_16' title='bbox 927 206 970 234; x_wconf 89' lang='lat' dir='ltr'><strong>illa</strong></span> <span class='ocrx_word' id='word_1_17' title='bbox 985 213 1033 242; x_wconf 90' lang='lat' dir='ltr'><strong>pro</strong></span> 
     </span>
    </p>
   </div>
   <div class='ocr_carea' id='block_1_3' title="bbox 248 251 1034 294">
    <p class='ocr_par' dir='ltr' id='par_1_3' title="bbox 248 251 1034 294">
     <span class='ocr_line' id='line_1_3' title="bbox 248 251 1034 294; baseline -0.01 -8"><span class='ocrx_word' id='word_1_18' title='bbox 248 266 316 294; x_wconf 85' lang='lat' dir='ltr'><strong>aqua</strong></span> <span class='ocrx_word' id='word_1_19' title='bbox 327 258 368 286; x_wconf 89' lang='lat' dir='ltr'><strong>lac</strong></span> <span class='ocrx_word' id='word_1_20' title='bbox 382 258 417 285; x_wconf 91' lang='lat' dir='ltr'><strong>illi</strong></span> <span class='ocrx_word' id='word_1_21' title='bbox 433 257 516 285; x_wconf 89' lang='lat' dir='ltr'><strong>dedit.</strong></span> <span class='ocrx_word' id='word_1_22' title='bbox 528 256 562 284; x_wconf 89' lang='lat' dir='ltr'><strong>Ut</strong></span> <span class='ocrx_word' id='word_1_23' title='bbox 579 259 666 283; x_wconf 84' lang='lat' dir='ltr'><strong>autem</strong></span> <span class='ocrx_word' id='word_1_24' title='bbox 680 259 740 289; x_wconf 91' lang='lat' dir='ltr'><strong>post</strong></span> <span class='ocrx_word' id='word_1_25' title='bbox 754 257 844 289; x_wconf 88' lang='lat' dir='ltr'><strong>potum</strong></span> <span class='ocrx_word' id='word_1_26' title='bbox 861 251 1034 284; x_wconf 85' lang='lat' dir='ltr'><strong>obdormivit,</strong></span> 
     </span>
    </p>
   </div>
   <div class='ocr_carea' id='block_1_4' title="bbox 248 297 1034 338">
    <p class='ocr_par' dir='ltr' id='par_1_4' title="bbox 248 297 1034 338">
     <span class='ocr_line' id='line_1_4' title="bbox 248 297 1034 338; baseline -0.01 -7"><span class='ocrx_word' id='word_1_27' title='bbox 248 309 384 338; x_wconf 75' lang='lat' dir='ltr'><strong>arreptum</strong></span> <span class='ocrx_word' id='word_1_28' title='bbox 396 306 498 330; x_wconf 88' lang='lat' dir='ltr'><strong>vectem</strong></span> <span class='ocrx_word' id='word_1_29' title='bbox 512 301 607 328; x_wconf 86' lang='lat' dir='ltr'><strong>mulier</strong></span> <span class='ocrx_word' id='word_1_30' title='bbox 625 307 673 336; x_wconf 89' lang='lat' dir='ltr'><strong>per</strong></span> <span class='ocrx_word' id='word_1_31' title='bbox 687 304 805 333; x_wconf 85' lang='lat' dir='ltr'><strong>tempora</strong></span> <span class='ocrx_word' id='word_1_32' title='bbox 819 298 876 333; x_wconf 83' lang='lat' dir='ltr'><strong>ejus</strong></span> <span class='ocrx_word' id='word_1_33' title='bbox 892 297 1034 326; x_wconf 76' lang='lat' dir='ltr'><strong>transfixit.</strong></span> 
     </span>
    </p>
   </div>
   <div class='ocr_carea' id='block_1_5' title="bbox 249 342 1033 380">
    <p class='ocr_par' dir='ltr' id='par_1_5' title="bbox 249 342 1033 380">
     <span class='ocr_line' id='line_1_5' title="bbox 249 342 1033 380; baseline -0.009 -4"><span class='ocrx_word' id='word_1_34' title='bbox 249 349 294 377; x_wconf 75' lang='lat' dir='ltr'><strong>Sic</strong></span> <span class='ocrx_word' id='word_1_35' title='bbox 308 353 427 376; x_wconf 88' lang='lat' dir='ltr'><strong>mortuus</strong></span> <span class='ocrx_word' id='word_1_36' title='bbox 441 351 483 374; x_wconf 90' lang='lat' dir='ltr'><strong>est</strong></span> <span class='ocrx_word' id='word_1_37' title='bbox 496 345 584 374; x_wconf 79' lang='lat' dir='ltr'><strong>Sisara</strong></span> <span class='ocrx_word' id='word_1_38' title='bbox 598 353 604 371; x_wconf 89' lang='lat'><strong>:</strong></span> <span class='ocrx_word' id='word_1_39' title='bbox 619 345 806 380; x_wconf 85' lang='lat' dir='ltr'><strong>ingressusque</strong></span> <span class='ocrx_word' id='word_1_40' title='bbox 828 343 910 371; x_wconf 80' lang='lat' dir='ltr'><strong>Barac</strong></span> <span class='ocrx_word' id='word_1_41' title='bbox 922 343 987 370; x_wconf 92' lang='lat' dir='ltr'><strong>vidit</strong></span> <span class='ocrx_word' id='word_1_42' title='bbox 1005 342 1033 370; x_wconf 86' lang='lat' dir='ltr'><strong>il-</strong></span> 
     </span>
    </p>
   </div>
   <div class='ocr_carea' id='block_1_6' title="bbox 248 388 1036 423">
    <p class='ocr_par' dir='ltr' id='par_1_6' title="bbox 248 388 1036 423">
     <span class='ocr_line' id='line_1_6' title="bbox 248 388 1036 423; baseline -0.008 -2"><span class='ocrx_word' id='word_1_43' title='bbox 248 395 303 421; x_wconf 89' lang='lat' dir='ltr'><strong>lum</strong></span> <span class='ocrx_word' id='word_1_44' title='bbox 326 397 469 420; x_wconf 83' lang='lat' dir='ltr'><strong>mortuum.</strong></span> <span class='ocrx_word' id='word_1_45' title='bbox 499 391 574 419; x_wconf 87' lang='lat' dir='ltr'><strong>Tunc</strong></span> <span class='ocrx_word' id='word_1_46' title='bbox 598 390 728 417; x_wconf 90' lang='lat' dir='ltr'><strong>canticum</strong></span> <span class='ocrx_word' id='word_1_47' title='bbox 754 388 912 423; x_wconf 82' lang='lat' dir='ltr'><strong>triumphale</strong></span> <span class='ocrx_word' id='word_1_48' title='bbox 938 388 1036 415; x_wconf 80' lang='lat' dir='ltr'><strong>cecinit</strong></span> 
     </span>
    </p>
   </div>
   <div class='ocr_carea' id='block_1_7' title="bbox 249 434 1034 470">
    <p class='ocr_par' dir='ltr' id='par_1_7' title="bbox 249 434 1034 470">
     <span class='ocr_line' id='line_1_7' title="bbox 249 434 1034 470; baseline -0.006 -4"><span class='ocrx_word' id='word_1_49' title='bbox 249 439 363 468; x_wconf 86' lang='lat' dir='ltr'><strong>Debora.</strong></span> <span class='ocrx_word' id='word_1_50' title='bbox 374 438 475 465; x_wconf 76' lang='lat' dir='ltr'><strong>Rursus</strong></span> <span class='ocrx_word' id='word_1_51' title='bbox 485 436 623 464; x_wconf 83' lang='lat' dir='ltr'><strong>traduntur</strong></span> <span class='ocrx_word' id='word_1_52' title='bbox 636 435 760 462; x_wconf 69' lang='lat' dir='ltr'><strong>lsraelilcc</strong></span> <span class='ocrx_word' id='word_1_53' title='bbox 769 434 795 462; x_wconf 86' lang='lat' dir='ltr'><strong>in</strong></span> <span class='ocrx_word' id='word_1_54' title='bbox 808 442 902 462; x_wconf 88' lang='lat' dir='ltr'><strong>manus</strong></span> <span class='ocrx_word' id='word_1_55' title='bbox 911 434 1034 470; x_wconf 79' lang='lat' dir='ltr'><strong>Madiam;</strong></span> 
     </span>
    </p>
   </div>
   <div class='ocr_carea' id='block_1_8' title="bbox 248 479 1035 518">
    <p class='ocr_par' dir='ltr' id='par_1_8' title="bbox 248 479 1035 518">
     <span class='ocr_line' id='line_1_8' title="bbox 248 479 1035 518; baseline -0.006 -7"><span class='ocrx_word' id='word_1_56' title='bbox 248 492 310 512; x_wconf 83' lang='lat' dir='ltr'><strong>nam</strong></span> <span class='ocrx_word' id='word_1_57' title='bbox 325 484 476 518; x_wconf 86' lang='lat' dir='ltr'><strong>frequenter</strong></span> <span class='ocrx_word' id='word_1_58' title='bbox 489 482 569 509; x_wconf 86' lang='lat' dir='ltr'><strong>Deum</strong></span> <span class='ocrx_word' id='word_1_59' title='bbox 587 481 734 508; x_wconf 84' lang='lat' dir='ltr'><strong>irritabant.</strong></span> <span class='ocrx_word' id='word_1_60' title='bbox 746 480 819 507; x_wconf 87' lang='lat' dir='ltr'><strong>Tunc</strong></span> <span class='ocrx_word' id='word_1_61' title='bbox 832 479 950 509; x_wconf 85' lang='lat' dir='ltr'><strong>Gedeoni</strong></span> <span class='ocrx_word' id='word_1_62' title='bbox 965 480 1035 507; x_wconf 84' lang='lat' dir='ltr'><strong>visus</strong></span> 
     </span>
    </p>
   </div>
   <div class='ocr_carea' id='block_1_9' title="bbox 248 525 1034 564">
    <p class='ocr_par' dir='ltr' id='par_1_9' title="bbox 248 525 1034 564">
     <span class='ocr_line' id='line_1_9' title="bbox 248 525 1034 564; baseline -0.004 -8"><span class='ocrx_word' id='word_1_63' title='bbox 248 535 289 557; x_wconf 85' lang='lat' dir='ltr'><strong>est</strong></span> <span class='ocrx_word' id='word_1_64' title='bbox 310 529 429 564; x_wconf 85' lang='lat' dir='ltr'><strong>angelus,</strong></span> <span class='ocrx_word' id='word_1_65' title='bbox 445 528 489 562; x_wconf 84' lang='lat' dir='ltr'><strong>qui</strong></span> <span class='ocrx_word' id='word_1_66' title='bbox 506 527 579 554; x_wconf 87' lang='lat' dir='ltr'><strong>illum</strong></span> <span class='ocrx_word' id='word_1_67' title='bbox 592 526 624 553; x_wconf 84' lang='lat' dir='ltr'><strong>ad</strong></span> <span class='ocrx_word' id='word_1_68' title='bbox 639 526 735 553; x_wconf 84' lang='lat' dir='ltr'><strong>bellum</strong></span> <span class='ocrx_word' id='word_1_69' title='bbox 754 525 907 554; x_wconf 79' lang='lat' dir='ltr'><strong>concitavit.</strong></span> <span class='ocrx_word' id='word_1_70' title='bbox 934 525 1034 553; x_wconf 87' lang='lat' dir='ltr'><strong>Dehinc</strong></span> 
     </span>
    </p>
   </div>
   <div class='ocr_carea' id='block_1_10' title="bbox 247 571 1034 609">
    <p class='ocr_par' dir='ltr' id='par_1_10' title="bbox 247 571 1034 609">
     <span class='ocr_line' id='line_1_10' title="bbox 247 571 1034 609; baseline -0.004 -9"><span class='ocrx_word' id='word_1_71' title='bbox 247 574 366 609; x_wconf 70' lang='lat' dir='ltr'><strong>prmcipit</strong></span> <span class='ocrx_word' id='word_1_72' title='bbox 377 574 413 601; x_wconf 91' lang='lat' dir='ltr'><strong>illi</strong></span> <span class='ocrx_word' id='word_1_73' title='bbox 425 574 551 600; x_wconf 86' lang='lat' dir='ltr'><strong>Dominus</strong></span> <span class='ocrx_word' id='word_1_74' title='bbox 566 577 594 600; x_wconf 92' lang='lat' dir='ltr'><strong>ut</strong></span> <span class='ocrx_word' id='word_1_75' title='bbox 604 571 752 599; x_wconf 76' lang='lat' dir='ltr'><strong>immolaret</strong></span> <span class='ocrx_word' id='word_1_76' title='bbox 766 571 875 598; x_wconf 92' lang='lat' dir='ltr'><strong>vitulum</strong></span> <span class='ocrx_word' id='word_1_77' title='bbox 887 571 1034 606; x_wconf 77' lang='lat' dir='ltr'><strong>saginatum</strong></span> 
     </span>
    </p>
   </div>
   <div class='ocr_carea' id='block_1_11' title="bbox 248 617 1035 653">
    <p class='ocr_par' dir='ltr' id='par_1_11' title="bbox 248 617 1035 653">
     <span class='ocr_line' id='line_1_11' title="bbox 248 617 1035 653; baseline -0.004 -6"><span class='ocrx_word' id='word_1_78' title='bbox 248 620 330 653; x_wconf 82' lang='lat' dir='ltr'><strong>patris</strong></span> <span class='ocrx_word' id='word_1_79' title='bbox 353 619 405 651; x_wconf 75' lang='lat' dir='ltr'><strong>sui,</strong></span> <span class='ocrx_word' id='word_1_80' title='bbox 420 623 447 646; x_wconf 87' lang='lat' dir='ltr'><strong>et</strong></span> <span class='ocrx_word' id='word_1_81' title='bbox 465 618 572 646; x_wconf 84' lang='lat' dir='ltr'><strong>afferret</strong></span> <span class='ocrx_word' id='word_1_82' title='bbox 594 618 778 645; x_wconf 76' lang='lat' dir='ltr'><strong>holocaustum</strong></span> <span class='ocrx_word' id='word_1_83' title='bbox 791 639 797 650; x_wconf 92' lang='lat'><strong>,</strong></span> <span class='ocrx_word' id='word_1_84' title='bbox 811 617 950 652; x_wconf 81' lang='lat' dir='ltr'><strong>Baalisqne</strong></span> <span class='ocrx_word' id='word_1_85' title='bbox 962 625 1035 645; x_wconf 89' lang='lat' dir='ltr'><strong>aram</strong></span> 
     </span>
    </p>
   </div>
   <div class='ocr_carea' id='block_1_12' title="bbox 245 663 1032 697">
    <p class='ocr_par' dir='ltr' id='par_1_12' title="bbox 245 663 1032 697">
     <span class='ocr_line' id='line_1_12' title="bbox 245 663 1032 697; baseline -0.003 -3"><span class='ocrx_word' id='word_1_86' title='bbox 245 666 405 694; x_wconf 84' lang='lat' dir='ltr'><strong>destrueret.</strong></span> <span class='ocrx_word' id='word_1_87' title='bbox 426 665 517 692; x_wconf 84' lang='lat' dir='ltr'><strong>Paruit</strong></span> <span class='ocrx_word' id='word_1_88' title='bbox 538 664 593 697; x_wconf 81' lang='lat' dir='ltr'><strong>ille,</strong></span> <span class='ocrx_word' id='word_1_89' title='bbox 604 669 629 691; x_wconf 90' lang='lat' dir='ltr'><strong>ct</strong></span> <span class='ocrx_word' id='word_1_90' title='bbox 655 664 752 691; x_wconf 78' lang='lat' dir='ltr'><strong>obtulit</strong></span> <span class='ocrx_word' id='word_1_91' title='bbox 773 663 954 692; x_wconf 82' lang='lat' dir='ltr'><strong>holocaustum</strong></span> <span class='ocrx_word' id='word_1_92' title='bbox 968 663 1032 692; x_wconf 83' lang='lat' dir='ltr'><strong>Deo.</strong></span> 
     </span>
    </p>
   </div>
   <div class='ocr_carea' id='block_1_13' title="bbox 247 711 1034 748">
    <p class='ocr_par' dir='ltr' id='par_1_13' title="bbox 247 711 1034 748">
     <span class='ocr_line' id='line_1_13' title="bbox 247 711 1034 748; baseline -0.003 -9"><span class='ocrx_word' id='word_1_93' title='bbox 247 711 410 748; x_wconf 84' lang='lat' dir='ltr'><strong>Signumun</strong></span> <span class='ocrx_word' id='word_1_94' title='bbox 426 713 492 747; x_wconf 81' lang='lat' dir='ltr'><strong>petit</strong></span> <span class='ocrx_word' id='word_1_95' title='bbox 505 711 612 740; x_wconf 88' lang='lat' dir='ltr'><strong>Gedeon</strong></span> <span class='ocrx_word' id='word_1_96' title='bbox 628 712 672 747; x_wconf 91' lang='lat' dir='ltr'><strong>qui</strong></span> <span class='ocrx_word' id='word_1_97' title='bbox 688 717 713 740; x_wconf 89' lang='lat' dir='ltr'><strong>et</strong></span> <span class='ocrx_word' id='word_1_98' title='bbox 724 711 846 739; x_wconf 87' lang='lat' dir='ltr'><strong>.lcrobaal</strong></span> <span class='ocrx_word' id='word_1_99' title='bbox 861 715 970 738; x_wconf 83' lang='lat' dir='ltr'><strong>vocatus</strong></span> <span class='ocrx_word' id='word_1_100' title='bbox 981 715 1034 744; x_wconf 86' lang='lat' dir='ltr'><strong>est,</strong></span> 
     </span>
    </p>
   </div>
   <div class='ocr_carea' id='block_1_14' title="bbox 248 757 1035 792">
    <p class='ocr_par' dir='ltr' id='par_1_14' title="bbox 248 757 1035 792">
     <span class='ocr_line' id='line_1_14' title="bbox 248 757 1035 792; baseline -0.001 -8"><span class='ocrx_word' id='word_1_101' title='bbox 248 758 273 784; x_wconf 93' lang='lat' dir='ltr'><strong>in</strong></span> <span class='ocrx_word' id='word_1_102' title='bbox 286 758 385 785; x_wconf 89' lang='lat' dir='ltr'><strong>vellere</strong></span> <span class='ocrx_word' id='word_1_103' title='bbox 397 758 506 785; x_wconf 87' lang='lat' dir='ltr'><strong>editum.</strong></span> <span class='ocrx_word' id='word_1_104' title='bbox 521 757 684 792; x_wconf 70' lang='lat' dir='ltr'><strong>iubeturque</strong></span> <span class='ocrx_word' id='word_1_105' title='bbox 697 762 779 784; x_wconf 92' lang='lat' dir='ltr'><strong>totum</strong></span> <span class='ocrx_word' id='word_1_106' title='bbox 788 757 922 785; x_wconf 82' lang='lat' dir='ltr'><strong>dimittere</strong></span> <span class='ocrx_word' id='word_1_107' title='bbox 933 757 1035 785; x_wconf 81' lang='lat' dir='ltr'><strong>exerci-</strong></span> 
     </span>
    </p>
   </div>
   <div class='ocr_carea' id='block_1_15' title="bbox 248 802 1032 838">
    <p class='ocr_par' dir='ltr' id='par_1_15' title="bbox 248 802 1032 838">
     <span class='ocr_line' id='line_1_15' title="bbox 248 802 1032 838; baseline 0 -8"><span class='ocrx_word' id='word_1_108' title='bbox 248 806 314 835; x_wconf 88' lang='lat' dir='ltr'><strong>tum,</strong></span> <span class='ocrx_word' id='word_1_109' title='bbox 327 808 512 838; x_wconf 89' lang='lat' dir='ltr'><strong>trecentosque</strong></span> <span class='ocrx_word' id='word_1_110' title='bbox 525 807 624 830; x_wconf 90' lang='lat' dir='ltr'><strong>tantum</strong></span> <span class='ocrx_word' id='word_1_111' title='bbox 637 803 762 831; x_wconf 86' lang='lat' dir='ltr'><strong>retinere.</strong></span> <span class='ocrx_word' id='word_1_112' title='bbox 784 802 812 830; x_wconf 89' lang='lat' dir='ltr'><strong>ld</strong></span> <span class='ocrx_word' id='word_1_113' title='bbox 825 803 895 837; x_wconf 90' lang='lat' dir='ltr'><strong>quod</strong></span> <span class='ocrx_word' id='word_1_114' title='bbox 907 802 950 830; x_wconf 88' lang='lat' dir='ltr'><strong>ille</strong></span> <span class='ocrx_word' id='word_1_115' title='bbox 961 802 1032 836; x_wconf 79' lang='lat' dir='ltr'><strong>fecit,</strong></span> 
     </span>
    </p>
   </div>
   <div class='ocr_carea' id='block_1_16' title="bbox 246 849 1035 885">
    <p class='ocr_par' dir='ltr' id='par_1_16' title="bbox 246 849 1035 885">
     <span class='ocr_line' id='line_1_16' title="bbox 246 849 1035 885; baseline -0.001 -8"><span class='ocrx_word' id='word_1_116' title='bbox 246 855 273 877; x_wconf 85' lang='lat' dir='ltr'><strong>et</strong></span> <span class='ocrx_word' id='word_1_117' title='bbox 285 857 443 885; x_wconf 77' lang='lat' dir='ltr'><strong>congressus</strong></span> <span class='ocrx_word' id='word_1_118' title='bbox 455 857 514 878; x_wconf 87' lang='lat' dir='ltr'><strong>cum</strong></span> <span class='ocrx_word' id='word_1_119' title='bbox 529 849 693 885; x_wconf 84' lang='lat' dir='ltr'><strong>lampadibus</strong></span> <span class='ocrx_word' id='word_1_120' title='bbox 703 854 729 876; x_wconf 91' lang='lat' dir='ltr'><strong>et</strong></span> <span class='ocrx_word' id='word_1_121' title='bbox 745 849 831 882; x_wconf 84' lang='lat' dir='ltr'><strong>tubis,</strong></span> <span class='ocrx_word' id='word_1_122' title='bbox 848 849 938 876; x_wconf 84' lang='lat' dir='ltr'><strong>hostes</strong></span> <span class='ocrx_word' id='word_1_123' title='bbox 945 849 1035 884; x_wconf 84' lang='lat' dir='ltr'><strong>proﬂi-</strong></span> 
     </span>
    </p>
   </div>
   <div class='ocr_carea' id='block_1_17' title="bbox 247 894 1032 930">
    <p class='ocr_par' dir='ltr' id='par_1_17' title="bbox 247 894 1032 930">
     <span class='ocr_line' id='line_1_17' title="bbox 247 894 1032 930; baseline 0 -8"><span class='ocrx_word' id='word_1_124' title='bbox 247 896 326 930; x_wconf 82' lang='lat' dir='ltr'><strong>gavit.</strong></span> <span class='ocrx_word' id='word_1_125' title='bbox 338 895 413 923; x_wconf 87' lang='lat' dir='ltr'><strong>Tunc</strong></span> <span class='ocrx_word' id='word_1_126' title='bbox 426 895 504 923; x_wconf 80' lang='lat' dir='ltr'><strong>occisi</strong></span> <span class='ocrx_word' id='word_1_127' title='bbox 516 900 577 922; x_wconf 89' lang='lat' dir='ltr'><strong>sunt</strong></span> <span class='ocrx_word' id='word_1_128' title='bbox 589 894 659 923; x_wconf 83' lang='lat' dir='ltr'><strong>Oreb</strong></span> <span class='ocrx_word' id='word_1_129' title='bbox 667 899 693 922; x_wconf 83' lang='lat' dir='ltr'><strong>et</strong></span> <span class='ocrx_word' id='word_1_130' title='bbox 702 894 755 922; x_wconf 85' lang='lat' dir='ltr'><strong>Zeb</strong></span> <span class='ocrx_word' id='word_1_131' title='bbox 765 894 895 929; x_wconf 83' lang='lat' dir='ltr'><strong>principes</strong></span> <span class='ocrx_word' id='word_1_132' title='bbox 909 895 1032 929; x_wconf 83' lang='lat' dir='ltr'><strong>Madiam,</strong></span> 
     </span>
    </p>
   </div>
   <div class='ocr_carea' id='block_1_18' title="bbox 247 943 1034 979">
    <p class='ocr_par' dir='ltr' id='par_1_18' title="bbox 247 943 1034 979">
     <span class='ocr_line' id='line_1_18' title="bbox 247 943 1034 979; baseline 0.003 -9"><span class='ocrx_word' id='word_1_133' title='bbox 247 949 273 970; x_wconf 87' lang='lat' dir='ltr'><strong>et</strong></span> <span class='ocrx_word' id='word_1_134' title='bbox 287 943 374 972; x_wconf 84' lang='lat' dir='ltr'><strong>Zebce</strong></span> <span class='ocrx_word' id='word_1_135' title='bbox 386 949 412 972; x_wconf 87' lang='lat' dir='ltr'><strong>et</strong></span> <span class='ocrx_word' id='word_1_136' title='bbox 426 944 548 972; x_wconf 89' lang='lat' dir='ltr'><strong>Salmana</strong></span> <span class='ocrx_word' id='word_1_137' title='bbox 564 952 650 979; x_wconf 80' lang='lat' dir='ltr'><strong>reges.</strong></span> <span class='ocrx_word' id='word_1_138' title='bbox 671 944 781 972; x_wconf 85' lang='lat' dir='ltr'><strong>cheon</strong></span> <span class='ocrx_word' id='word_1_139' title='bbox 796 945 912 972; x_wconf 83' lang='lat' dir='ltr'><strong>moriens</strong></span> <span class='ocrx_word' id='word_1_140' title='bbox 926 944 1034 979; x_wconf 76' lang='lat' dir='ltr'><strong>reliquit</strong></span> 
     </span>
    </p>
   </div>
   <div class='ocr_carea' id='block_1_19' title="bbox 248 987 1032 1024">
    <p class='ocr_par' dir='ltr' id='par_1_19' title="bbox 248 987 1032 1024">
     <span class='ocr_line' id='line_1_19' title="bbox 248 987 1032 1024; baseline 0.003 -10"><span class='ocrx_word' id='word_1_141' title='bbox 248 987 316 1016; x_wconf 71' lang='lat' dir='ltr'><strong>filios</strong></span> <span class='ocrx_word' id='word_1_142' title='bbox 327 990 501 1024; x_wconf 83' lang='lat' dir='ltr'><strong>septuaginta,</strong></span> <span class='ocrx_word' id='word_1_143' title='bbox 513 995 538 1017; x_wconf 85' lang='lat' dir='ltr'><strong>et</strong></span> <span class='ocrx_word' id='word_1_144' title='bbox 549 997 582 1017; x_wconf 81' lang='lat' dir='ltr'><strong>ex</strong></span> <span class='ocrx_word' id='word_1_145' title='bbox 595 990 741 1017; x_wconf 87' lang='lat' dir='ltr'><strong>concubina</strong></span> <span class='ocrx_word' id='word_1_146' title='bbox 751 998 832 1018; x_wconf 95' lang='lat' dir='ltr'><strong>unum</strong></span> <span class='ocrx_word' id='word_1_147' title='bbox 840 990 1032 1018; x_wconf 84' lang='lat' dir='ltr'><strong>Abimclecum.</strong></span> 
     </span>
    </p>
   </div>
   <div class='ocr_carea' id='block_1_20' title="bbox 248 1035 1031 1071">
    <p class='ocr_par' dir='ltr' id='par_1_20' title="bbox 248 1035 1031 1071">
     <span class='ocr_line' id='line_1_20' title="bbox 248 1035 1031 1071; baseline 0.001 -9"><span class='ocrx_word' id='word_1_148' title='bbox 248 1035 295 1062; x_wconf 89' lang='lat' dir='ltr'><strong>llic</strong></span> <span class='ocrx_word' id='word_1_149' title='bbox 313 1036 408 1063; x_wconf 86' lang='lat' dir='ltr'><strong>occisis</strong></span> <span class='ocrx_word' id='word_1_150' title='bbox 427 1036 590 1071; x_wconf 85' lang='lat' dir='ltr'><strong>septuaginta</strong></span> <span class='ocrx_word' id='word_1_151' title='bbox 612 1035 754 1070; x_wconf 82' lang='lat' dir='ltr'><strong>fratribus,</strong></span> <span class='ocrx_word' id='word_1_152' title='bbox 770 1044 880 1071; x_wconf 79' lang='lat' dir='ltr'><strong>regnum</strong></span> <span class='ocrx_word' id='word_1_153' title='bbox 900 1036 1031 1064; x_wconf 88' lang='lat' dir='ltr'><strong>obtinuit:</strong></span> 
     </span>
    </p>
   </div>
   <div class='ocr_carea' id='block_1_21' title="bbox 248 1081 1033 1117">
    <p class='ocr_par' dir='ltr' id='par_1_21' title="bbox 248 1081 1033 1117">
     <span class='ocr_line' id='line_1_21' title="bbox 248 1081 1033 1117; baseline 0.004 -10"><span class='ocrx_word' id='word_1_154' title='bbox 248 1088 296 1108; x_wconf 83' lang='lat' dir='ltr'><strong>nec</strong></span> <span class='ocrx_word' id='word_1_155' title='bbox 306 1081 388 1108; x_wconf 90' lang='lat' dir='ltr'><strong>multo</strong></span> <span class='ocrx_word' id='word_1_156' title='bbox 396 1082 487 1117; x_wconf 87' lang='lat' dir='ltr'><strong>elapso</strong></span> <span class='ocrx_word' id='word_1_157' title='bbox 497 1086 616 1117; x_wconf 87' lang='lat' dir='ltr'><strong>tempore</strong></span> <span class='ocrx_word' id='word_1_158' title='bbox 625 1082 760 1110; x_wconf 84' lang='lat' dir='ltr'><strong>fratricidii</strong></span> <span class='ocrx_word' id='word_1_159' title='bbox 769 1089 861 1117; x_wconf 61' lang='lat' dir='ltr'><strong>poenas</strong></span> <span class='ocrx_word' id='word_1_160' title='bbox 870 1083 952 1110; x_wconf 89' lang='lat' dir='ltr'><strong>dedit.</strong></span> <span class='ocrx_word' id='word_1_161' title='bbox 967 1082 1033 1110; x_wconf 89' lang='lat' dir='ltr'><strong>Cum</strong></span> 
     </span>
    </p>
   </div>
   <div class='ocr_carea' id='block_1_22' title="bbox 247 1126 1033 1164">
    <p class='ocr_par' dir='ltr' id='par_1_22' title="bbox 247 1126 1033 1164">
     <span class='ocr_line' id='line_1_22' title="bbox 247 1126 1033 1164; baseline 0.004 -11"><span class='ocrx_word' id='word_1_162' title='bbox 247 1126 317 1153; x_wconf 83' lang='lat' dir='ltr'><strong>enim</strong></span> <span class='ocrx_word' id='word_1_163' title='bbox 330 1127 355 1154; x_wconf 92' lang='lat' dir='ltr'><strong>in</strong></span> <span class='ocrx_word' id='word_1_164' title='bbox 370 1127 460 1162; x_wconf 64' lang='lat' dir='ltr'><strong>praelia</strong></span> <span class='ocrx_word' id='word_1_165' title='bbox 475 1128 632 1155; x_wconf 87' lang='lat' dir='ltr'><strong>accessisset</strong></span> <span class='ocrx_word' id='word_1_166' title='bbox 643 1127 676 1154; x_wconf 82' lang='lat' dir='ltr'><strong>ad</strong></span> <span class='ocrx_word' id='word_1_167' title='bbox 690 1128 830 1162; x_wconf 83' lang='lat' dir='ltr'><strong>quamdam</strong></span> <span class='ocrx_word' id='word_1_168' title='bbox 843 1128 946 1161; x_wconf 85' lang='lat' dir='ltr'><strong>urbem,</strong></span> <span class='ocrx_word' id='word_1_169' title='bbox 963 1128 1033 1164; x_wconf 81' lang='lat' dir='ltr'><strong>frag-</strong></span> 
     </span>
    </p>
   </div>
   <div class='ocr_carea' id='block_1_23' title="bbox 247 1172 1031 1208">
    <p class='ocr_par' dir='ltr' id='par_1_23' title="bbox 247 1172 1031 1208">
     <span class='ocr_line' id='line_1_23' title="bbox 247 1172 1031 1208; baseline 0.005 -10"><span class='ocrx_word' id='word_1_170' title='bbox 247 1176 337 1199; x_wconf 92' lang='lat' dir='ltr'><strong>mento</strong></span> <span class='ocrx_word' id='word_1_171' title='bbox 355 1172 432 1199; x_wconf 70' lang='lat' dir='ltr'><strong>mola:</strong></span> <span class='ocrx_word' id='word_1_172' title='bbox 454 1177 533 1207; x_wconf 84' lang='lat' dir='ltr'><strong>caput</strong></span> <span class='ocrx_word' id='word_1_173' title='bbox 547 1173 605 1207; x_wconf 87' lang='lat' dir='ltr'><strong>ejus</strong></span> <span class='ocrx_word' id='word_1_174' title='bbox 625 1181 640 1199; x_wconf 73' lang='grc' dir='ltr'><strong>τι</strong></span> <span class='ocrx_word' id='word_1_175' title='bbox 656 1173 766 1203; x_wconf 81' lang='lat' dir='ltr'><strong>muliere</strong></span> <span class='ocrx_word' id='word_1_176' title='bbox 790 1173 954 1202; x_wconf 82' lang='lat' dir='ltr'><strong>confractum</strong></span> <span class='ocrx_word' id='word_1_177' title='bbox 979 1179 1031 1208; x_wconf 90' lang='lat' dir='ltr'><strong>est,</strong></span> 
     </span>
    </p>
   </div>
   <div class='ocr_carea' id='block_1_24' title="bbox 247 1218 1032 1254">
    <p class='ocr_par' dir='ltr' id='par_1_24' title="bbox 247 1218 1032 1254">
     <span class='ocr_line' id='line_1_24' title="bbox 247 1218 1032 1254; baseline 0.005 -10"><span class='ocrx_word' id='word_1_178' title='bbox 247 1218 342 1253; x_wconf 82' lang='lat' dir='ltr'><strong>illeque</strong></span> <span class='ocrx_word' id='word_1_179' title='bbox 352 1219 431 1245; x_wconf 88' lang='lat' dir='ltr'><strong>vitam</strong></span> <span class='ocrx_word' id='word_1_180' title='bbox 442 1219 540 1247; x_wconf 83' lang='lat' dir='ltr'><strong>amisit.</strong></span> <span class='ocrx_word' id='word_1_181' title='bbox 556 1219 618 1247; x_wconf 84' lang='lat' dir='ltr'><strong>Post</strong></span> <span class='ocrx_word' id='word_1_182' title='bbox 638 1219 774 1247; x_wconf 80' lang='lat' dir='ltr'><strong>Abimelec</strong></span> <span class='ocrx_word' id='word_1_183' title='bbox 786 1220 913 1254; x_wconf 81' lang='lat' dir='ltr'><strong>judicavit</strong></span> <span class='ocrx_word' id='word_1_184' title='bbox 931 1220 1013 1248; x_wconf 85' lang='lat' dir='ltr'><strong>Tbola</strong></span> <span class='ocrx_word' id='word_1_185' title='bbox 1024 1241 1032 1254; x_wconf 86' lang='grc'><em>,</em></span> 
     </span>
    </p>
   </div>
   <div class='ocr_carea' id='block_1_25' title="bbox 247 1264 1032 1300">
    <p class='ocr_par' dir='ltr' id='par_1_25' title="bbox 247 1264 1032 1300">
     <span class='ocr_line' id='line_1_25' title="bbox 247 1264 1032 1300; baseline 0.005 -10"><span class='ocrx_word' id='word_1_186' title='bbox 247 1269 306 1299; x_wconf 86' lang='lat' dir='ltr'><strong>post</strong></span> <span class='ocrx_word' id='word_1_187' title='bbox 319 1264 428 1292; x_wconf 86' lang='lat' dir='ltr'><strong>Tbolam</strong></span> <span class='ocrx_word' id='word_1_188' title='bbox 442 1264 508 1292; x_wconf 77' lang='lat' dir='ltr'><strong>Jair.</strong></span> <span class='ocrx_word' id='word_1_189' title='bbox 522 1265 555 1293; x_wconf 82' lang='lat' dir='ltr'><strong>Et</strong></span> <span class='ocrx_word' id='word_1_190' title='bbox 566 1266 733 1293; x_wconf 68' lang='lat' dir='ltr'><strong>irritavernut</strong></span> <span class='ocrx_word' id='word_1_191' title='bbox 746 1266 828 1294; x_wconf 78' lang='lat' dir='ltr'><strong>Deum</strong></span> <span class='ocrx_word' id='word_1_192' title='bbox 843 1266 889 1294; x_wconf 79' lang='lat' dir='ltr'><strong>lilii</strong></span> <span class='ocrx_word' id='word_1_193' title='bbox 905 1267 994 1300; x_wconf 84' lang='lat' dir='ltr'><strong>Israel,</strong></span> <span class='ocrx_word' id='word_1_194' title='bbox 1005 1271 1032 1294; x_wconf 82' lang='lat' dir='ltr'><strong>et</strong></span> 
     </span>
    </p>
   </div>
   <div class='ocr_carea' id='block_1_26' title="bbox 247 1310 1032 1347">
    <p class='ocr_par' dir='ltr' id='par_1_26' title="bbox 247 1310 1032 1347">
     <span class='ocr_line' id='line_1_26' title="bbox 247 1310 1032 1347; baseline 0.005 -11"><span class='ocrx_word' id='word_1_195' title='bbox 247 1310 334 1337; x_wconf 91' lang='lat' dir='ltr'><strong>traditi</strong></span> <span class='ocrx_word' id='word_1_196' title='bbox 349 1315 411 1338; x_wconf 88' lang='lat' dir='ltr'><strong>sunt</strong></span> <span class='ocrx_word' id='word_1_197' title='bbox 425 1311 453 1338; x_wconf 76' lang='lat' dir='ltr'><strong>in</strong></span> <span class='ocrx_word' id='word_1_198' title='bbox 463 1311 695 1339; x_wconf 61' lang='lat' dir='ltr'><strong>mariue-Ammon.</strong></span> <span class='ocrx_word' id='word_1_199' title='bbox 722 1312 797 1339; x_wconf 79' lang='lat' dir='ltr'><strong>Tunc</strong></span> <span class='ocrx_word' id='word_1_200' title='bbox 807 1311 931 1347; x_wconf 62' lang='lat' dir='ltr'><strong>.lephtha&#39;.</strong></span> <span class='ocrx_word' id='word_1_201' title='bbox 945 1319 1032 1340; x_wconf 89' lang='lat' dir='ltr'><strong>mere-</strong></span> 
     </span>
    </p>
   </div>
   <div class='ocr_carea' id='block_1_27' title="bbox 246 1352 1031 1391">
    <p class='ocr_par' dir='ltr' id='par_1_27' title="bbox 246 1352 1031 1391">
     <span class='ocr_line' id='line_1_27' title="bbox 246 1352 1031 1391; baseline 0.005 -10"><span class='ocrx_word' id='word_1_202' title='bbox 246 1352 319 1383; x_wconf 82' lang='lat' dir='ltr'><strong>tricis</strong></span> <span class='ocrx_word' id='word_1_203' title='bbox 333 1355 413 1382; x_wconf 74' lang='lat' dir='ltr'><strong>filium</strong></span> <span class='ocrx_word' id='word_1_204' title='bbox 427 1361 453 1383; x_wconf 81' lang='lat' dir='ltr'><strong>et</strong></span> <span class='ocrx_word' id='word_1_205' title='bbox 468 1363 482 1383; x_wconf 90' lang='lat' dir='ltr'><strong>a</strong></span> <span class='ocrx_word' id='word_1_206' title='bbox 495 1355 576 1384; x_wconf 82' lang='lat' dir='ltr'><strong>domo</strong></span> <span class='ocrx_word' id='word_1_207' title='bbox 589 1360 699 1391; x_wconf 83' lang='lat' dir='ltr'><strong>paterna</strong></span> <span class='ocrx_word' id='word_1_208' title='bbox 713 1364 760 1391; x_wconf 92' lang='lat' dir='ltr'><strong>per</strong></span> <span class='ocrx_word' id='word_1_209' title='bbox 785 1357 881 1385; x_wconf 85' lang='lat' dir='ltr'><strong>fratres</strong></span> <span class='ocrx_word' id='word_1_210' title='bbox 905 1357 1031 1391; x_wconf 87' lang='lat' dir='ltr'><strong>ejectum,</strong></span> 
     </span>
    </p>
   </div>
   <div class='ocr_carea' id='block_1_28' title="bbox 246 1400 1033 1437">
    <p class='ocr_par' dir='ltr' id='par_1_28' title="bbox 246 1400 1033 1437">
     <span class='ocr_line' id='line_1_28' title="bbox 246 1400 1033 1437; baseline 0.005 -11"><span class='ocrx_word' id='word_1_211' title='bbox 246 1400 340 1429; x_wconf 84' lang='lat' dir='ltr'><strong>ducem</strong></span> <span class='ocrx_word' id='word_1_212' title='bbox 356 1400 419 1428; x_wconf 81' lang='lat' dir='ltr'><strong>belli</strong></span> <span class='ocrx_word' id='word_1_213' title='bbox 431 1405 523 1429; x_wconf 89' lang='lat' dir='ltr'><strong>contra</strong></span> <span class='ocrx_word' id='word_1_214' title='bbox 538 1401 605 1428; x_wconf 84' lang='lat' dir='ltr'><strong>filios</strong></span> <span class='ocrx_word' id='word_1_215' title='bbox 621 1402 733 1429; x_wconf 87' lang='lat' dir='ltr'><strong>Ammon</strong></span> <span class='ocrx_word' id='word_1_216' title='bbox 755 1410 814 1430; x_wconf 86' lang='lat' dir='ltr'><strong>esse</strong></span> <span class='ocrx_word' id='word_1_217' title='bbox 827 1407 921 1437; x_wconf 82' lang='lat' dir='ltr'><strong>rogant</strong></span> <span class='ocrx_word' id='word_1_218' title='bbox 936 1403 1033 1437; x_wconf 91' lang='lat' dir='ltr'><strong>princi-</strong></span> 
     </span>
    </p>
   </div>
   <div class='ocr_carea' id='block_1_29' title="bbox 247 1446 1033 1483">
    <p class='ocr_par' dir='ltr' id='par_1_29' title="bbox 247 1446 1033 1483">
     <span class='ocr_line' id='line_1_29' title="bbox 247 1446 1033 1483; baseline 0.004 -11"><span class='ocrx_word' id='word_1_219' title='bbox 247 1451 293 1479; x_wconf 79' lang='lat' dir='ltr'><strong>pes</strong></span> <span class='ocrx_word' id='word_1_220' title='bbox 307 1446 413 1481; x_wconf 88' lang='lat' dir='ltr'><strong>populi,</strong></span> <span class='ocrx_word' id='word_1_221' title='bbox 427 1446 530 1481; x_wconf 71' lang='lat' dir='ltr'><strong>ipsique</strong></span> <span class='ocrx_word' id='word_1_222' title='bbox 543 1447 682 1480; x_wconf 89' lang='lat' dir='ltr'><strong>imperium</strong></span> <span class='ocrx_word' id='word_1_223' title='bbox 699 1447 816 1475; x_wconf 87' lang='lat' dir='ltr'><strong>tradunt.</strong></span> <span class='ocrx_word' id='word_1_224' title='bbox 835 1448 880 1475; x_wconf 89' lang='lat' dir='ltr'><strong>llle</strong></span> <span class='ocrx_word' id='word_1_225' title='bbox 893 1447 1033 1483; x_wconf 85' lang='lat' dir='ltr'><strong>obtempe-</strong></span> 
     </span>
    </p>
   </div>
   <div class='ocr_carea' id='block_1_30' title="bbox 246 1492 1031 1528">
    <p class='ocr_par' dir='ltr' id='par_1_30' title="bbox 246 1492 1031 1528">
     <span class='ocr_line' id='line_1_30' title="bbox 246 1492 1031 1528; baseline 0.003 -9"><span class='ocrx_word' id='word_1_226' title='bbox 246 1492 324 1525; x_wconf 88' lang='lat' dir='ltr'><strong>ravit,</strong></span> <span class='ocrx_word' id='word_1_227' title='bbox 338 1500 368 1519; x_wconf 88' lang='lat' dir='ltr'><strong>ac</strong></span> <span class='ocrx_word' id='word_1_228' title='bbox 390 1492 483 1527; x_wconf 83' lang='lat' dir='ltr'><strong>legatis</strong></span> <span class='ocrx_word' id='word_1_229' title='bbox 498 1492 532 1520; x_wconf 89' lang='lat' dir='ltr'><strong>ad</strong></span> <span class='ocrx_word' id='word_1_230' title='bbox 547 1500 635 1528; x_wconf 88' lang='lat' dir='ltr'><strong>regem</strong></span> <span class='ocrx_word' id='word_1_231' title='bbox 658 1493 772 1520; x_wconf 85' lang='lat' dir='ltr'><strong>liliorum</strong></span> <span class='ocrx_word' id='word_1_232' title='bbox 794 1494 907 1521; x_wconf 79' lang='lat' dir='ltr'><strong>Ammon</strong></span> <span class='ocrx_word' id='word_1_233' title='bbox 933 1494 1031 1527; x_wconf 84' lang='lat' dir='ltr'><strong>missis,</strong></span> 
     </span>
    </p>
   </div>
   <div class='ocr_carea' id='block_1_31' title="bbox 246 1538 1032 1571">
    <p class='ocr_par' dir='ltr' id='par_1_31' title="bbox 246 1538 1032 1571">
     <span class='ocr_line' id='line_1_31' title="bbox 246 1538 1032 1571; baseline 0.004 -8"><span class='ocrx_word' id='word_1_234' title='bbox 246 1543 305 1564; x_wconf 85' lang='lat' dir='ltr'><strong>cum</strong></span> <span class='ocrx_word' id='word_1_235' title='bbox 321 1538 385 1564; x_wconf 88' lang='lat' dir='ltr'><strong>nihil</strong></span> <span class='ocrx_word' id='word_1_236' title='bbox 398 1538 535 1571; x_wconf 72' lang='lat' dir='ltr'><strong>suasisset,</strong></span> <span class='ocrx_word' id='word_1_237' title='bbox 550 1543 629 1566; x_wconf 90' lang='lat' dir='ltr'><strong>vovet</strong></span> <span class='ocrx_word' id='word_1_238' title='bbox 641 1546 670 1566; x_wconf 88' lang='lat' dir='ltr'><strong>se</strong></span> <span class='ocrx_word' id='word_1_239' title='bbox 685 1539 739 1566; x_wconf 86' lang='lat' dir='ltr'><strong>Deo</strong></span> <span class='ocrx_word' id='word_1_240' title='bbox 760 1539 956 1567; x_wconf 90' lang='lat' dir='ltr'><strong>immolaturum</strong></span> <span class='ocrx_word' id='word_1_241' title='bbox 972 1547 1032 1567; x_wconf 90' lang='lat' dir='ltr'><strong>eum</strong></span> 
     </span>
    </p>
   </div>
   <div class='ocr_carea' id='block_1_32' title="bbox 246 1583 1035 1618">
    <p class='ocr_par' dir='ltr' id='par_1_32' title="bbox 246 1583 1035 1618">
     <span class='ocr_line' id='line_1_32' title="bbox 246 1583 1035 1618; baseline 0.005 -10"><span class='ocrx_word' id='word_1_242' title='bbox 246 1583 289 1617; x_wconf 88' lang='lat' dir='ltr'><strong>qui</strong></span> <span class='ocrx_word' id='word_1_243' title='bbox 304 1584 403 1618; x_wconf 87' lang='lat' dir='ltr'><strong>primus</strong></span> <span class='ocrx_word' id='word_1_244' title='bbox 419 1583 468 1618; x_wconf 84' lang='lat' dir='ltr'><strong>ipsi</strong></span> <span class='ocrx_word' id='word_1_245' title='bbox 480 1589 639 1617; x_wconf 80' lang='lat' dir='ltr'><strong>occurreret,</strong></span> <span class='ocrx_word' id='word_1_246' title='bbox 655 1584 677 1611; x_wconf 89' lang='lat' dir='ltr'><strong>si</strong></span> <span class='ocrx_word' id='word_1_247' title='bbox 690 1584 791 1612; x_wconf 89' lang='lat' dir='ltr'><strong>rediret</strong></span> <span class='ocrx_word' id='word_1_248' title='bbox 805 1593 840 1612; x_wconf 80' lang='lat' dir='ltr'><strong>ex</strong></span> <span class='ocrx_word' id='word_1_249' title='bbox 854 1585 926 1612; x_wconf 85' lang='lat' dir='ltr'><strong>bello</strong></span> <span class='ocrx_word' id='word_1_250' title='bbox 938 1594 944 1611; x_wconf 92' lang='lat'>:</span> <span class='ocrx_word' id='word_1_251' title='bbox 957 1592 1035 1612; x_wconf 90' lang='lat' dir='ltr'><strong>eom-</strong></span> 
     </span>
    </p>
   </div>
   <div class='ocr_carea' id='block_1_33' title="bbox 247 1629 1034 1665">
    <p class='ocr_par' dir='ltr' id='par_1_33' title="bbox 247 1629 1034 1665">
     <span class='ocr_line' id='line_1_33' title="bbox 247 1629 1034 1665; baseline 0.003 -10"><span class='ocrx_word' id='word_1_252' title='bbox 247 1630 328 1657; x_wconf 87' lang='lat' dir='ltr'><strong>misso</strong></span> <span class='ocrx_word' id='word_1_253' title='bbox 341 1629 433 1665; x_wconf 73' lang='lat' dir='ltr'><strong>prmlio</strong></span> <span class='ocrx_word' id='word_1_254' title='bbox 447 1636 507 1657; x_wconf 88' lang='lat' dir='ltr'><strong>cum</strong></span> <span class='ocrx_word' id='word_1_255' title='bbox 523 1629 629 1657; x_wconf 76' lang='lat' dir='ltr'><strong>vicisset</strong></span> <span class='ocrx_word' id='word_1_256' title='bbox 640 1629 740 1662; x_wconf 85' lang='lat' dir='ltr'><strong>hostes,</strong></span> <span class='ocrx_word' id='word_1_257' title='bbox 757 1630 835 1656; x_wconf 80' lang='lat' dir='ltr'><strong>filiam</strong></span> <span class='ocrx_word' id='word_1_258' title='bbox 851 1637 925 1657; x_wconf 88' lang='lat' dir='ltr'><strong>suam</strong></span> <span class='ocrx_word' id='word_1_259' title='bbox 940 1630 1034 1657; x_wconf 90' lang='lat' dir='ltr'><strong>immo-</strong></span> 
     </span>
    </p>
   </div>
   <div class='ocr_carea' id='block_1_34' title="bbox 246 1672 1034 1709">
    <p class='ocr_par' dir='ltr' id='par_1_34' title="bbox 246 1672 1034 1709">
     <span class='ocr_line' id='line_1_34' title="bbox 246 1672 1034 1709; baseline 0.003 -8"><span class='ocrx_word' id='word_1_260' title='bbox 246 1672 283 1701; x_wconf 82' lang='lat' dir='ltr'><strong>lat</strong></span> <span class='ocrx_word' id='word_1_261' title='bbox 296 1683 302 1700; x_wconf 92' lang='lat'>:</span> <span class='ocrx_word' id='word_1_262' title='bbox 316 1675 371 1709; x_wconf 83' lang='lat' dir='ltr'><strong>ipsa</strong></span> <span class='ocrx_word' id='word_1_263' title='bbox 385 1675 454 1702; x_wconf 91' lang='lat' dir='ltr'><strong>enim</strong></span> <span class='ocrx_word' id='word_1_264' title='bbox 472 1675 544 1709; x_wconf 88' lang='lat' dir='ltr'><strong>prior</strong></span> <span class='ocrx_word' id='word_1_265' title='bbox 556 1675 672 1702; x_wconf 89' lang='lat' dir='ltr'><strong>occurrit</strong></span> <span class='ocrx_word' id='word_1_266' title='bbox 686 1675 733 1702; x_wconf 91' lang='lat' dir='ltr'><strong>illi.</strong></span> <span class='ocrx_word' id='word_1_267' title='bbox 747 1675 850 1702; x_wconf 81' lang='lat' dir='ltr'><strong>Rursus</strong></span> <span class='ocrx_word' id='word_1_268' title='bbox 863 1676 1034 1703; x_wconf 81' lang='lat' dir='ltr'><strong>irritaverunt</strong></span> 
     </span>
    </p>
   </div>
   <div class='ocr_carea' id='block_1_35' title="bbox 248 1710 1033 1757">
    <p class='ocr_par' dir='ltr' id='par_1_35' title="bbox 248 1710 1033 1757">
     <span class='ocr_line' id='line_1_35' title="bbox 248 1710 1033 1757; baseline 0 -9"><span class='ocrx_word' id='word_1_269' title='bbox 248 1721 328 1748; x_wconf 85' lang='lat' dir='ltr'><strong>DeUm</strong></span> <span class='ocrx_word' id='word_1_270' title='bbox 339 1721 383 1748; x_wconf 82' lang='lat' dir='ltr'><strong>lilii</strong></span> <span class='ocrx_word' id='word_1_271' title='bbox 394 1721 490 1755; x_wconf 84' lang='lat' dir='ltr'><strong>Israel,</strong></span> <span class='ocrx_word' id='word_1_272' title='bbox 506 1726 533 1749; x_wconf 91' lang='lat' dir='ltr'><strong>et</strong></span> <span class='ocrx_word' id='word_1_273' title='bbox 544 1721 632 1748; x_wconf 88' lang='lat' dir='ltr'><strong>traditi</strong></span> <span class='ocrx_word' id='word_1_274' title='bbox 646 1726 708 1749; x_wconf 88' lang='lat' dir='ltr'><strong>sunt</strong></span> <span class='ocrx_word' id='word_1_275' title='bbox 728 1722 753 1748; x_wconf 93' lang='lat' dir='ltr'><strong>in</strong></span> <span class='ocrx_word' id='word_1_276' title='bbox 766 1729 861 1749; x_wconf 85' lang='lat' dir='ltr'><strong>manus</strong></span> <span class='ocrx_word' id='word_1_277' title='bbox 872 1710 1033 1757; x_wconf 63' lang='lat' dir='ltr'><strong>alienigend—</strong></span> 
     </span>
    </p>
   </div>
   <div class='ocr_carea' id='block_1_36' title="bbox 247 1766 1032 1801">
    <p class='ocr_par' dir='ltr' id='par_1_36' title="bbox 247 1766 1032 1801">
     <span class='ocr_line' id='line_1_36' title="bbox 247 1766 1032 1801; baseline 0.001 -8"><span class='ocrx_word' id='word_1_278' title='bbox 247 1774 316 1793; x_wconf 76' lang='lat' dir='ltr'><strong>rum.</strong></span> <span class='ocrx_word' id='word_1_279' title='bbox 330 1766 404 1793; x_wconf 89' lang='lat' dir='ltr'><strong>Tunc</strong></span> <span class='ocrx_word' id='word_1_280' title='bbox 424 1767 541 1793; x_wconf 86' lang='lat' dir='ltr'><strong>nascitur</strong></span> <span class='ocrx_word' id='word_1_281' title='bbox 562 1766 712 1801; x_wconf 85' lang='lat' dir='ltr'><strong>Sampson,</strong></span> <span class='ocrx_word' id='word_1_282' title='bbox 734 1771 761 1794; x_wconf 84' lang='lat' dir='ltr'><strong>ct</strong></span> <span class='ocrx_word' id='word_1_283' title='bbox 783 1767 839 1794; x_wconf 88' lang='lat' dir='ltr'><strong>visa</strong></span> <span class='ocrx_word' id='word_1_284' title='bbox 866 1768 977 1794; x_wconf 85' lang='lat' dir='ltr'><strong>muliere</strong></span> <span class='ocrx_word' id='word_1_285' title='bbox 1006 1768 1032 1794; x_wconf 89' lang='lat' dir='ltr'><strong>in</strong></span> 
     </span>
    </p>
   </div>
   <div class='ocr_carea' id='block_1_37' title="bbox 246 1812 1033 1847">
    <p class='ocr_par' dir='ltr' id='par_1_37' title="bbox 246 1812 1033 1847">
     <span class='ocr_line' id='line_1_37' title="bbox 246 1812 1033 1847; baseline 0.001 -8"><span class='ocrx_word' id='word_1_286' title='bbox 246 1812 424 1844; x_wconf 83' lang='lat' dir='ltr'><strong>&#39;l&#39;bamnatba,</strong></span> <span class='ocrx_word' id='word_1_287' title='bbox 440 1812 497 1847; x_wconf 85' lang='lat' dir='ltr'><strong>ejus</strong></span> <span class='ocrx_word' id='word_1_288' title='bbox 508 1820 599 1840; x_wconf 88' lang='lat' dir='ltr'><strong>amore</strong></span> <span class='ocrx_word' id='word_1_289' title='bbox 611 1818 704 1847; x_wconf 84' lang='lat' dir='ltr'><strong>captus</strong></span> <span class='ocrx_word' id='word_1_290' title='bbox 713 1817 763 1844; x_wconf 90' lang='lat' dir='ltr'><strong>est,</strong></span> <span class='ocrx_word' id='word_1_291' title='bbox 776 1813 912 1847; x_wconf 84' lang='lat' dir='ltr'><strong>ipsamque</strong></span> <span class='ocrx_word' id='word_1_292' title='bbox 923 1820 1033 1840; x_wconf 83' lang='lat' dir='ltr'><strong>uxorem</strong></span> 
     </span>
    </p>
   </div>
   <div class='ocr_carea' id='block_1_38' title="bbox 247 1859 1033 1894">
    <p class='ocr_par' dir='ltr' id='par_1_38' title="bbox 247 1859 1033 1894">
     <span class='ocr_line' id='line_1_38' title="bbox 247 1859 1033 1894; baseline 0.001 -9"><span class='ocrx_word' id='word_1_293' title='bbox 247 1859 345 1886; x_wconf 68' lang='lat' dir='ltr'><strong>clarere</strong></span> <span class='ocrx_word' id='word_1_294' title='bbox 361 1859 477 1885; x_wconf 88' lang='lat' dir='ltr'><strong>volebat.</strong></span> <span class='ocrx_word' id='word_1_295' title='bbox 493 1859 619 1886; x_wconf 73' lang='lat' dir='ltr'><strong>Parentes</strong></span> <span class='ocrx_word' id='word_1_296' title='bbox 635 1864 722 1886; x_wconf 88' lang='lat' dir='ltr'><strong>autetn</strong></span> <span class='ocrx_word' id='word_1_297' title='bbox 737 1860 822 1894; x_wconf 92' lang='lat' dir='ltr'><strong>primo</strong></span> <span class='ocrx_word' id='word_1_298' title='bbox 842 1859 1033 1894; x_wconf 88' lang='lat' dir='ltr'><strong>impediebant,</strong></span> 
     </span>
    </p>
   </div>
   <div class='ocr_carea' id='block_1_39' title="bbox 247 1905 1033 1940">
    <p class='ocr_par' dir='ltr' id='par_1_39' title="bbox 247 1905 1033 1940">
     <span class='ocr_line' id='line_1_39' title="bbox 247 1905 1033 1940; baseline 0.003 -9"><span class='ocrx_word' id='word_1_299' title='bbox 247 1905 317 1939; x_wconf 74' lang='lat' dir='ltr'><strong>quod</strong></span> <span class='ocrx_word' id='word_1_300' title='bbox 334 1905 376 1932; x_wconf 91' lang='lat' dir='ltr'><strong>illa</strong></span> <span class='ocrx_word' id='word_1_301' title='bbox 391 1905 537 1940; x_wconf 81' lang='lat' dir='ltr'><strong>alienigena</strong></span> <span class='ocrx_word' id='word_1_302' title='bbox 551 1910 622 1933; x_wconf 85' lang='lat' dir='ltr'><strong>esset</strong></span> <span class='ocrx_word' id='word_1_303' title='bbox 637 1914 643 1933; x_wconf 89' lang='lat'><strong>:</strong></span> <span class='ocrx_word' id='word_1_304' title='bbox 659 1911 686 1932; x_wconf 94' lang='lat' dir='ltr'><strong>ut</strong></span> <span class='ocrx_word' id='word_1_305' title='bbox 704 1910 792 1933; x_wconf 90' lang='lat' dir='ltr'><strong>autem</strong></span> <span class='ocrx_word' id='word_1_306' title='bbox 806 1906 927 1933; x_wconf 85' lang='lat' dir='ltr'><strong>viderunt</strong></span> <span class='ocrx_word' id='word_1_307' title='bbox 949 1907 1033 1940; x_wconf 82' lang='lat' dir='ltr'><strong>ipsum</strong></span> 
     </span>
    </p>
   </div>
   <div class='ocr_carea' id='block_1_40' title="bbox 248 1951 1032 1988">
    <p class='ocr_par' dir='ltr' id='par_1_40' title="bbox 248 1951 1032 1988">
     <span class='ocr_line' id='line_1_40' title="bbox 248 1951 1032 1988; baseline -0.001 -9"><span class='ocrx_word' id='word_1_308' title='bbox 248 1951 402 1982; x_wconf 67' lang='lat' dir='ltr'><strong>instantem,</strong></span> <span class='ocrx_word' id='word_1_309' title='bbox 416 1959 468 1978; x_wconf 76' lang='lat' dir='ltr'><strong>non</strong></span> <span class='ocrx_word' id='word_1_310' title='bbox 480 1951 548 1978; x_wconf 79' lang='lat' dir='ltr'><strong>ultra</strong></span> <span class='ocrx_word' id='word_1_311' title='bbox 557 1952 838 1988; x_wconf 58' lang='lat' dir='ltr'><strong>pr‘ohibueruntﬁum</strong></span> <span class='ocrx_word' id='word_1_312' title='bbox 851 1951 936 1978; x_wconf 85' lang='lat' dir='ltr'><strong>abiret</strong></span> <span class='ocrx_word' id='word_1_313' title='bbox 945 1957 1032 1979; x_wconf 86' lang='lat' dir='ltr'><strong>autem</strong></span> 
     </span>
    </p>
   </div>
   <div class='ocr_carea' id='block_1_41' title="bbox 247 1996 1034 2032">
    <p class='ocr_par' dir='ltr' id='par_1_41' title="bbox 247 1996 1034 2032">
     <span class='ocr_line' id='line_1_41' title="bbox 247 1996 1034 2032; baseline 0.003 -9"><span class='ocrx_word' id='word_1_314' title='bbox 247 1996 280 2024; x_wconf 83' lang='lat' dir='ltr'><strong>de</strong></span> <span class='ocrx_word' id='word_1_315' title='bbox 294 1996 337 2023; x_wconf 86' lang='lat' dir='ltr'><strong>illa</strong></span> <span class='ocrx_word' id='word_1_316' title='bbox 352 1996 563 2032; x_wconf 86' lang='lat' dir='ltr'><strong>colloqnuturus,</strong></span> <span class='ocrx_word' id='word_1_317' title='bbox 578 1998 694 2024; x_wconf 82' lang='lat' dir='ltr'><strong>occurrit</strong></span> <span class='ocrx_word' id='word_1_318' title='bbox 709 1997 747 2024; x_wconf 95' lang='lat' dir='ltr'><strong>illi</strong></span> <span class='ocrx_word' id='word_1_319' title='bbox 761 1998 802 2024; x_wconf 92' lang='lat' dir='ltr'><strong>leo</strong></span> <span class='ocrx_word' id='word_1_320' title='bbox 816 2005 893 2032; x_wconf 87' lang='lat' dir='ltr'><strong>quem</strong></span> <span class='ocrx_word' id='word_1_321' title='bbox 912 1998 1034 2025; x_wconf 89' lang='lat' dir='ltr'><strong>manibus</strong></span> 
     </span>
    </p>
   </div>
   <div class='ocr_carea' id='block_1_42' title="bbox 248 2041 1034 2076">
    <p class='ocr_par' dir='ltr' id='par_1_42' title="bbox 248 2041 1034 2076">
     <span class='ocr_line' id='line_1_42' title="bbox 248 2041 1034 2076; baseline 0.003 -8"><span class='ocrx_word' id='word_1_322' title='bbox 248 2042 303 2069; x_wconf 82' lang='lat' dir='ltr'><strong>suis</strong></span> <span class='ocrx_word' id='word_1_323' title='bbox 316 2041 421 2070; x_wconf 89' lang='lat' dir='ltr'><strong>occidit.</strong></span> <span class='ocrx_word' id='word_1_324' title='bbox 448 2042 514 2069; x_wconf 92' lang='lat' dir='ltr'><strong>Cnm</strong></span> <span class='ocrx_word' id='word_1_325' title='bbox 536 2047 623 2069; x_wconf 87' lang='lat' dir='ltr'><strong>autem</strong></span> <span class='ocrx_word' id='word_1_326' title='bbox 638 2043 734 2076; x_wconf 72' lang='lat' dir='ltr'><strong>nuptize</strong></span> <span class='ocrx_word' id='word_1_327' title='bbox 752 2042 916 2070; x_wconf 69' lang='lat' dir='ltr'><strong>celebranda:</strong></span> <span class='ocrx_word' id='word_1_328' title='bbox 932 2048 1034 2076; x_wconf 87' lang='lat' dir='ltr'><strong>essent,</strong></span> 
     </span>
    </p>
   </div>
   <div class='ocr_carea' id='block_1_43' title="bbox 247 2087 1032 2123">
    <p class='ocr_par' dir='ltr' id='par_1_43' title="bbox 247 2087 1032 2123">
     <span class='ocr_line' id='line_1_43' title="bbox 247 2087 1032 2123; baseline 0.001 -8"><span class='ocrx_word' id='word_1_329' title='bbox 247 2095 352 2115; x_wconf 82' lang='lat' dir='ltr'><strong>rursum</strong></span> <span class='ocrx_word' id='word_1_330' title='bbox 368 2087 516 2123; x_wconf 76' lang='lat' dir='ltr'><strong>profectus,</strong></span> <span class='ocrx_word' id='word_1_331' title='bbox 532 2087 603 2115; x_wconf 87' lang='lat' dir='ltr'><strong>videt</strong></span> <span class='ocrx_word' id='word_1_332' title='bbox 622 2087 709 2114; x_wconf 77' lang='lat' dir='ltr'><strong>favum</strong></span> <span class='ocrx_word' id='word_1_333' title='bbox 726 2089 811 2116; x_wconf 90' lang='lat' dir='ltr'><strong>mellis</strong></span> <span class='ocrx_word' id='word_1_334' title='bbox 832 2089 857 2115; x_wconf 88' lang='lat' dir='ltr'><strong>in</strong></span> <span class='ocrx_word' id='word_1_335' title='bbox 871 2096 917 2116; x_wconf 88' lang='lat' dir='ltr'><strong>ore</strong></span> <span class='ocrx_word' id='word_1_336' title='bbox 930 2089 1032 2122; x_wconf 85' lang='lat' dir='ltr'><strong>leonis,</strong></span> 
     </span>
    </p>
   </div>
   <div class='ocr_carea' id='block_1_44' title="bbox 247 2133 1034 2170">
    <p class='ocr_par' dir='ltr' id='par_1_44' title="bbox 247 2133 1034 2170">
     <span class='ocr_line' id='line_1_44' title="bbox 247 2133 1034 2170; baseline 0.003 -11"><span class='ocrx_word' id='word_1_337' title='bbox 247 2141 325 2168; x_wconf 82' lang='lat' dir='ltr'><strong>quem</strong></span> <span class='ocrx_word' id='word_1_338' title='bbox 340 2133 491 2164; x_wconf 84' lang='lat' dir='ltr'><strong>occiderat,</strong></span> <span class='ocrx_word' id='word_1_339' title='bbox 507 2139 533 2160; x_wconf 89' lang='lat' dir='ltr'><strong>ct</strong></span> <span class='ocrx_word' id='word_1_340' title='bbox 550 2138 688 2168; x_wconf 84' lang='lat' dir='ltr'><strong>acceptum</strong></span> <span class='ocrx_word' id='word_1_341' title='bbox 703 2134 828 2166; x_wconf 84' lang='lat' dir='ltr'><strong>comedit,</strong></span> <span class='ocrx_word' id='word_1_342' title='bbox 844 2133 968 2169; x_wconf 86' lang='lat' dir='ltr'><strong>deditque</strong></span> <span class='ocrx_word' id='word_1_343' title='bbox 988 2142 1034 2170; x_wconf 91' lang='lat' dir='ltr'><strong>pa-</strong></span> 
     </span>
    </p>
   </div>
   <div class='ocr_carea' id='block_1_45' title="bbox 247 2179 1034 2215">
    <p class='ocr_par' dir='ltr' id='par_1_45' title="bbox 247 2179 1034 2215">
     <span class='ocr_line' id='line_1_45' title="bbox 247 2179 1034 2215; baseline 0.001 -9"><span class='ocrx_word' id='word_1_344' title='bbox 247 2179 366 2207; x_wconf 79' lang='lat' dir='ltr'><strong>rentibus</strong></span> <span class='ocrx_word' id='word_1_345' title='bbox 377 2184 404 2206; x_wconf 88' lang='lat' dir='ltr'><strong>et</strong></span> <span class='ocrx_word' id='word_1_346' title='bbox 416 2179 569 2207; x_wconf 86' lang='lat' dir='ltr'><strong>concivibus</strong></span> <span class='ocrx_word' id='word_1_347' title='bbox 582 2180 658 2207; x_wconf 85' lang='lat' dir='ltr'><strong>suis:</strong></span> <span class='ocrx_word' id='word_1_348' title='bbox 674 2185 752 2214; x_wconf 89' lang='lat' dir='ltr'><strong>atque</strong></span> <span class='ocrx_word' id='word_1_349' title='bbox 771 2180 882 2215; x_wconf 62' lang='lat' dir='ltr'><strong>aenigma</strong></span> <span class='ocrx_word' id='word_1_350' title='bbox 899 2181 1034 2215; x_wconf 80' lang='lat' dir='ltr'><strong>proposuit</strong></span> 
     </span>
    </p>
   </div>
   <div class='ocr_carea' id='block_1_46' title="bbox 248 2225 1033 2260">
    <p class='ocr_par' dir='ltr' id='par_1_46' title="bbox 248 2225 1033 2260">
     <span class='ocr_line' id='line_1_46' title="bbox 248 2225 1033 2260; baseline 0 -7"><span class='ocrx_word' id='word_1_351' title='bbox 248 2226 313 2260; x_wconf 70' lang='lat' dir='ltr'><strong>ipsis</strong></span> <span class='ocrx_word' id='word_1_352' title='bbox 325 2225 415 2253; x_wconf 81' lang='lat' dir='ltr'><strong>dicens</strong></span> <span class='ocrx_word' id='word_1_353' title='bbox 433 2233 440 2252; x_wconf 89' lang='lat'><strong>:</strong></span> <span class='ocrx_word' id='word_1_354' title='bbox 461 2225 501 2252; x_wconf 69' lang='lat' dir='ltr'><strong>Ex</strong></span> <span class='ocrx_word' id='word_1_355' title='bbox 517 2233 560 2252; x_wconf 81' lang='lat' dir='ltr'><strong>ore</strong></span> <span class='ocrx_word' id='word_1_356' title='bbox 574 2225 725 2252; x_wconf 67' lang='lat' dir='ltr'><strong>comedenti;</strong></span> <span class='ocrx_word' id='word_1_357' title='bbox 739 2233 851 2260; x_wconf 66' lang='lat' dir='ltr'><strong>egressus</strong></span> <span class='ocrx_word' id='word_1_358' title='bbox 861 2230 896 2252; x_wconf 77' lang='lat' dir='ltr'><strong>est</strong></span> <span class='ocrx_word' id='word_1_359' title='bbox 909 2225 978 2252; x_wconf 76' lang='lat' dir='ltr'><strong>cibus</strong></span> <span class='ocrx_word' id='word_1_360' title='bbox 988 2247 995 2258; x_wconf 90' lang='lat'><strong>,</strong></span> <span class='ocrx_word' id='word_1_361' title='bbox 1009 2225 1033 2253; x_wconf 89' lang='lat' dir='ltr'><strong>id</strong></span> 
     </span>
    </p>
   </div>
   <div class='ocr_carea' id='block_1_47' title="bbox 247 2270 1049 2305">
    <p class='ocr_par' dir='ltr' id='par_1_47' title="bbox 247 2270 1049 2305">
     <span class='ocr_line' id='line_1_47' title="bbox 247 2270 1049 2305; baseline -0.002 -6"><span class='ocrx_word' id='word_1_362' title='bbox 247 2276 297 2303; x_wconf 77' lang='lat' dir='ltr'><strong>est,</strong></span> <span class='ocrx_word' id='word_1_363' title='bbox 312 2279 345 2299; x_wconf 89' lang='lat' dir='ltr'><strong>ex</strong></span> <span class='ocrx_word' id='word_1_364' title='bbox 361 2279 407 2298; x_wconf 91' lang='lat' dir='ltr'><strong>ore</strong></span> <span class='ocrx_word' id='word_1_365' title='bbox 418 2271 518 2303; x_wconf 77' lang='lat' dir='ltr'><strong>leonis;</strong></span> <span class='ocrx_word' id='word_1_366' title='bbox 535 2276 557 2298; x_wconf 76' lang='lat' dir='ltr'><strong>et</strong></span> <span class='ocrx_word' id='word_1_367' title='bbox 571 2279 603 2298; x_wconf 71' lang='lat' dir='ltr'><strong>ex</strong></span> <span class='ocrx_word' id='word_1_368' title='bbox 614 2275 713 2298; x_wconf 72' lang='lat' dir='ltr'><strong>aituero</strong></span> <span class='ocrx_word' id='word_1_369' title='bbox 727 2279 773 2305; x_wconf 84' lang='lat' dir='ltr'><strong>pro</strong></span> <span class='ocrx_word' id='word_1_370' title='bbox 794 2271 960 2297; x_wconf 78' lang='lat' dir='ltr'><strong>amaritudine</strong></span> <span class='ocrx_word' id='word_1_371' title='bbox 977 2270 1049 2297; x_wconf 52' lang='lat' dir='ltr'><strong>dul-‘</strong></span> 
     </span>
    </p>
   </div>
   <div class='ocr_carea' id='block_1_48' title="bbox 247 2315 1034 2352">
    <p class='ocr_par' dir='ltr' id='par_1_48' title="bbox 247 2315 1034 2352">
     <span class='ocr_line' id='line_1_48' title="bbox 247 2315 1034 2352; baseline 0 -9"><span class='ocrx_word' id='word_1_372' title='bbox 247 2317 308 2344; x_wconf 74' lang='lat' dir='ltr'><strong>crdo</strong></span> <span class='ocrx_word' id='word_1_373' title='bbox 320 2316 394 2352; x_wconf 78' lang='lat' dir='ltr'><strong>(Ind.</strong></span> <span class='ocrx_word' id='word_1_374' title='bbox 410 2317 452 2343; x_wconf 72' lang='grc'><strong>14.</strong></span> <span class='ocrx_word' id='word_1_375' title='bbox 472 2317 527 2351; x_wconf 74' lang='grc'><strong>14).</strong></span> <span class='ocrx_word' id='word_1_376' title='bbox 540 2315 716 2351; x_wconf 64' lang='lat' dir='ltr'><strong>Promisitque</strong></span> <span class='ocrx_word' id='word_1_377' title='bbox 725 2323 754 2343; x_wconf 86' lang='lat' dir='ltr'><strong>se</strong></span> <span class='ocrx_word' id='word_1_378' title='bbox 767 2316 889 2343; x_wconf 88' lang='lat' dir='ltr'><strong>daturum</strong></span> <span class='ocrx_word' id='word_1_379' title='bbox 911 2317 935 2344; x_wconf 93' lang='lat' dir='ltr'><strong>ei</strong></span> <span class='ocrx_word' id='word_1_380' title='bbox 949 2317 992 2351; x_wconf 89' lang='lat' dir='ltr'><strong>qui</strong></span> <span class='ocrx_word' id='word_1_381' title='bbox 1009 2316 1034 2344; x_wconf 91' lang='lat' dir='ltr'><strong>id</strong></span> 
     </span>
    </p>
   </div>
   <div class='ocr_carea' id='block_1_49' title="bbox 248 2362 1033 2398">
    <p class='ocr_par' dir='ltr' id='par_1_49' title="bbox 248 2362 1033 2398">
     <span class='ocr_line' id='line_1_49' title="bbox 248 2362 1033 2398; baseline -0.003 -7"><span class='ocrx_word' id='word_1_382' title='bbox 248 2365 468 2398; x_wconf 81' lang='lat' dir='ltr'><strong>interpretaretur</strong></span> <span class='ocrx_word' id='word_1_383' title='bbox 489 2362 595 2398; x_wconf 79' lang='lat' dir='ltr'><strong>triginta</strong></span> <span class='ocrx_word' id='word_1_384' title='bbox 611 2362 753 2396; x_wconf 81' lang='lat' dir='ltr'><strong>sindonas,</strong></span> <span class='ocrx_word' id='word_1_385' title='bbox 769 2367 795 2389; x_wconf 93' lang='lat' dir='ltr'><strong>et</strong></span> <span class='ocrx_word' id='word_1_386' title='bbox 808 2363 914 2397; x_wconf 77' lang='lat' dir='ltr'><strong>triginta</strong></span> <span class='ocrx_word' id='word_1_387' title='bbox 932 2363 1033 2395; x_wconf 86' lang='lat' dir='ltr'><strong>stolas;</strong></span> 
     </span>
    </p>
   </div>
   <div class='ocr_carea' id='block_1_50' title="bbox 248 2407 1034 2444">
    <p class='ocr_par' dir='ltr' id='par_1_50' title="bbox 248 2407 1034 2444">
     <span class='ocr_line' id='line_1_50' title="bbox 248 2407 1034 2444; baseline -0.003 -8"><span class='ocrx_word' id='word_1_388' title='bbox 248 2410 288 2436; x_wconf 85' lang='lat' dir='ltr'><strong>sin</strong></span> <span class='ocrx_word' id='word_1_389' title='bbox 310 2417 362 2437; x_wconf 93' lang='lat' dir='ltr'><strong>non</strong></span> <span class='ocrx_word' id='word_1_390' title='bbox 383 2413 503 2444; x_wconf 85' lang='lat' dir='ltr'><strong>possent,</strong></span> <span class='ocrx_word' id='word_1_391' title='bbox 520 2408 569 2436; x_wconf 89' lang='lat' dir='ltr'><strong>sibi</strong></span> <span class='ocrx_word' id='word_1_392' title='bbox 584 2408 746 2436; x_wconf 84' lang='lat' dir='ltr'><strong>tantumdem</strong></span> <span class='ocrx_word' id='word_1_393' title='bbox 761 2408 864 2436; x_wconf 85' lang='lat' dir='ltr'><strong>darent.</strong></span> <span class='ocrx_word' id='word_1_394' title='bbox 886 2407 920 2436; x_wconf 90' lang='lat' dir='ltr'><strong>Ut</strong></span> <span class='ocrx_word' id='word_1_395' title='bbox 946 2413 1034 2435; x_wconf 89' lang='lat' dir='ltr'><strong>autem</strong></span> 
     </span>
    </p>
   </div>
   <div class='ocr_carea' id='block_1_51' title="bbox 249 2447 1036 2489">
    <p class='ocr_par' dir='ltr' id='par_1_51' title="bbox 249 2447 1036 2489">
     <span class='ocr_line' id='line_1_51' title="bbox 249 2447 1036 2489; baseline -0.003 -7"><span class='ocrx_word' id='word_1_396' title='bbox 249 2455 286 2482; x_wconf 88' lang='lat' dir='ltr'><strong>illi</strong></span> <span class='ocrx_word' id='word_1_397' title='bbox 298 2454 445 2488; x_wconf 60' lang='lat' dir='ltr'><strong>haerebant,</strong></span> <span class='ocrx_word' id='word_1_398' title='bbox 461 2459 487 2482; x_wconf 88' lang='lat' dir='ltr'><strong>et.</strong></span> <span class='ocrx_word' id='word_1_399' title='bbox 501 2462 534 2482; x_wconf 78' lang='lat' dir='ltr'><strong>ex</strong></span> <span class='ocrx_word' id='word_1_400' title='bbox 541 2454 709 2489; x_wconf 84' lang='lat' dir='ltr'><strong>plicationcm</strong></span> <span class='ocrx_word' id='word_1_401' title='bbox 722 2447 961 2488; x_wconf 58' lang='lat' dir='ltr'><strong>non‘reperiebant,</strong></span> <span class='ocrx_word' id='word_1_402' title='bbox 971 2461 1036 2481; x_wconf 83' lang='lat' dir='ltr'><strong>uxo-</strong></span> 
     </span>
    </p>
   </div>
   <div class='ocr_carea' id='block_1_52' title="bbox 249 2499 1035 2535">
    <p class='ocr_par' dir='ltr' id='par_1_52' title="bbox 249 2499 1035 2535">
     <span class='ocr_line' id='line_1_52' title="bbox 249 2499 1035 2535; baseline -0.003 -7"><span class='ocrx_word' id='word_1_403' title='bbox 249 2501 270 2528; x_wconf 85' lang='lat' dir='ltr'><strong>ri</strong></span> <span class='ocrx_word' id='word_1_404' title='bbox 286 2500 343 2535; x_wconf 86' lang='lat' dir='ltr'><strong>ejus</strong></span> <span class='ocrx_word' id='word_1_405' title='bbox 356 2500 508 2527; x_wconf 86' lang='lat' dir='ltr'><strong>comminati</strong></span> <span class='ocrx_word' id='word_1_406' title='bbox 526 2504 588 2527; x_wconf 88' lang='lat' dir='ltr'><strong>sunt</strong></span> <span class='ocrx_word' id='word_1_407' title='bbox 602 2503 725 2532; x_wconf 86' lang='lat' dir='ltr'><strong>mortem,</strong></span> <span class='ocrx_word' id='word_1_408' title='bbox 741 2499 790 2526; x_wconf 90' lang='lat' dir='ltr'><strong>nisi</strong></span> <span class='ocrx_word' id='word_1_409' title='bbox 811 2499 844 2526; x_wconf 86' lang='lat' dir='ltr'><strong>ab</strong></span> <span class='ocrx_word' id='word_1_410' title='bbox 859 2499 904 2526; x_wconf 94' lang='lat' dir='ltr'><strong>illo</strong></span> <span class='ocrx_word' id='word_1_411' title='bbox 918 2500 1035 2534; x_wconf 80' lang='lat' dir='ltr'><strong>explica-</strong></span> 
     </span>
    </p>
   </div>
   <div class='ocr_carea' id='block_1_53' title="bbox 249 2544 1034 2580">
    <p class='ocr_par' dir='ltr' id='par_1_53' title="bbox 249 2544 1034 2580">
     <span class='ocr_line' id='line_1_53' title="bbox 249 2544 1034 2580; baseline -0.001 -7"><span class='ocrx_word' id='word_1_412' title='bbox 249 2546 348 2573; x_wconf 86' lang='lat' dir='ltr'><strong>tionem</strong></span> <span class='ocrx_word' id='word_1_413' title='bbox 359 2545 505 2580; x_wconf 65' lang='lat' dir='ltr'><strong>mnigmatis</strong></span> <span class='ocrx_word' id='word_1_414' title='bbox 516 2545 661 2576; x_wconf 82' lang='lat' dir='ltr'><strong>edisceret;</strong></span> <span class='ocrx_word' id='word_1_415' title='bbox 677 2552 736 2572; x_wconf 82' lang='lat' dir='ltr'><strong>eum</strong></span> <span class='ocrx_word' id='word_1_416' title='bbox 748 2544 884 2572; x_wconf 85' lang='lat' dir='ltr'><strong>didicisset</strong></span> <span class='ocrx_word' id='word_1_417' title='bbox 898 2545 952 2577; x_wconf 91' lang='lat' dir='ltr'><strong>illa,</strong></span> <span class='ocrx_word' id='word_1_418' title='bbox 969 2544 1034 2579; x_wconf 85' lang='lat' dir='ltr'><strong>ipsis</strong></span> 
     </span>
    </p>
   </div>
   <div class='ocr_carea' id='block_1_54' title="bbox 248 2590 1030 2624">
    <p class='ocr_par' dir='ltr' id='par_1_54' title="bbox 248 2590 1030 2624">
     <span class='ocr_line' id='line_1_54' title="bbox 248 2590 1030 2624; baseline -0.004 -5"><span class='ocrx_word' id='word_1_419' title='bbox 248 2591 414 2619; x_wconf 78' lang='lat' dir='ltr'><strong>annuntiavit</strong></span> <span class='ocrx_word' id='word_1_420' title='bbox 430 2598 436 2617; x_wconf 90' lang='lat'><strong>:</strong></span> <span class='ocrx_word' id='word_1_421' title='bbox 451 2594 478 2617; x_wconf 92' lang='lat' dir='ltr'><strong>et</strong></span> <span class='ocrx_word' id='word_1_422' title='bbox 492 2598 552 2617; x_wconf 89' lang='lat' dir='ltr'><strong>cum</strong></span> <span class='ocrx_word' id='word_1_423' title='bbox 578 2590 649 2617; x_wconf 90' lang='lat' dir='ltr'><strong>illam</strong></span> <span class='ocrx_word' id='word_1_424' title='bbox 673 2590 876 2624; x_wconf 82' lang='lat' dir='ltr'><strong>explicationem</strong></span> <span class='ocrx_word' id='word_1_425' title='bbox 891 2590 1030 2622; x_wconf 76' lang='lat' dir='ltr'><strong>dixissent,</strong></span> 
     </span>
    </p>
   </div>
   <div class='ocr_carea' id='block_1_55' title="bbox 248 2635 1037 2674">
    <p class='ocr_par' dir='ltr' id='par_1_55' title="bbox 248 2635 1037 2674">
     <span class='ocr_line' id='line_1_55' title="bbox 248 2635 1037 2674; baseline -0.004 -9"><span class='ocrx_word' id='word_1_426' title='bbox 248 2639 359 2674; x_wconf 77' lang='lat' dir='ltr'><strong>pignora</strong></span> <span class='ocrx_word' id='word_1_427' title='bbox 372 2641 542 2672; x_wconf 88' lang='lat' dir='ltr'><strong>acceperunt.</strong></span> <span class='ocrx_word' id='word_1_428' title='bbox 566 2635 718 2671; x_wconf 81' lang='lat' dir='ltr'><strong>indignatus</strong></span> <span class='ocrx_word' id='word_1_429' title='bbox 739 2640 779 2663; x_wconf 88' lang='lat' dir='ltr'><strong>est</strong></span> <span class='ocrx_word' id='word_1_430' title='bbox 796 2636 936 2670; x_wconf 77' lang='lat' dir='ltr'><strong>Sampson.</strong></span> <span class='ocrx_word' id='word_1_431' title='bbox 959 2635 1037 2662; x_wconf 85' lang='lat' dir='ltr'><strong>Pater</strong></span> 
     </span>
    </p>
   </div>
   <div class='ocr_carea' id='block_1_56' title="bbox 248 2682 1037 2719">
    <p class='ocr_par' dir='ltr' id='par_1_56' title="bbox 248 2682 1037 2719">
     <span class='ocr_line' id='line_1_56' title="bbox 248 2682 1037 2719; baseline -0.004 -7"><span class='ocrx_word' id='word_1_432' title='bbox 248 2690 336 2712; x_wconf 88' lang='lat' dir='ltr'><strong>autem</strong></span> <span class='ocrx_word' id='word_1_433' title='bbox 363 2691 468 2719; x_wconf 68' lang='lat' dir='ltr'><strong>sponsae</strong></span> <span class='ocrx_word' id='word_1_434' title='bbox 494 2687 634 2715; x_wconf 84' lang='lat' dir='ltr'><strong>metuens,</strong></span> <span class='ocrx_word' id='word_1_435' title='bbox 661 2683 730 2710; x_wconf 81' lang='lat' dir='ltr'><strong>illam</strong></span> <span class='ocrx_word' id='word_1_436' title='bbox 757 2682 878 2718; x_wconf 87' lang='lat' dir='ltr'><strong>pronubo</strong></span> <span class='ocrx_word' id='word_1_437' title='bbox 908 2690 956 2709; x_wconf 91' lang='lat' dir='ltr'><strong>suo</strong></span> <span class='ocrx_word' id='word_1_438' title='bbox 990 2682 1037 2709; x_wconf 85' lang='lat' dir='ltr'><strong>de-</strong></span> 
     </span>
    </p>
   </div>
   <div class='ocr_carea' id='block_1_57' title="bbox 247 2728 1037 2765">
    <p class='ocr_par' dir='ltr' id='par_1_57' title="bbox 247 2728 1037 2765">
     <span class='ocr_line' id='line_1_57' title="bbox 247 2728 1037 2765; baseline -0.005 -6"><span class='ocrx_word' id='word_1_439' title='bbox 247 2731 318 2759; x_wconf 81' lang='lat' dir='ltr'><strong>dit&#39;:</strong></span> <span class='ocrx_word' id='word_1_440' title='bbox 332 2730 360 2757; x_wconf 89' lang='lat' dir='ltr'><strong>id</strong></span> <span class='ocrx_word' id='word_1_441' title='bbox 373 2729 444 2765; x_wconf 87' lang='lat' dir='ltr'><strong>quod</strong></span> <span class='ocrx_word' id='word_1_442' title='bbox 458 2730 541 2764; x_wconf 77' lang='lat' dir='ltr'><strong>magis</strong></span> <span class='ocrx_word' id='word_1_443' title='bbox 554 2728 727 2763; x_wconf 83' lang='lat' dir='ltr'><strong>Sampsonem</strong></span> <span class='ocrx_word' id='word_1_444' title='bbox 741 2728 919 2762; x_wconf 81' lang='lat' dir='ltr'><strong>eontristavit,</strong></span> <span class='ocrx_word' id='word_1_445' title='bbox 927 2733 953 2755; x_wconf 89' lang='lat' dir='ltr'><strong>et</strong></span> <span class='ocrx_word' id='word_1_446' title='bbox 963 2735 1037 2755; x_wconf 89' lang='lat' dir='ltr'><strong>arre-</strong></span> 
     </span>
    </p>
   </div>
   <div class='ocr_carea' id='block_1_58' title="bbox 278 2786 1037 2824">
    <p class='ocr_par' dir='ltr' id='par_1_58' title="bbox 278 2786 1037 2824">
     <span class='ocr_line' id='line_1_58' title="bbox 278 2786 1037 2824; baseline -0.003 -11"><span class='ocrx_word' id='word_1_447' title='bbox 278 2790 285 2805; x_wconf 86' lang='grc'>¹</span> <span class='ocrx_word' id='word_1_448' title='bbox 304 2788 525 2824; x_wconf 61' lang='lat' dir='ltr'><strong>Septtt:tginta._evi</strong></span> <span class='ocrx_word' id='word_1_449' title='bbox 534 2789 582 2824; x_wconf 67' lang='grc' dir='ltr'><strong>τῶγ</strong></span> <span class='ocrx_word' id='word_1_450' title='bbox 592 2788 665 2824; x_wconf 44' lang='lat' dir='ltr'><strong>equm</strong></span> <span class='ocrx_word' id='word_1_451' title='bbox 672 2786 853 2824; x_wconf 41' lang='lat' dir='ltr'><strong>foreiﬁlius,</strong></span> <span class='ocrx_word' id='word_1_452' title='bbox 866 2787 935 2824; x_wconf 75' lang='lat' dir='ltr'><strong>cujus</strong></span> <span class='ocrx_word' id='word_1_453' title='bbox 945 2793 1037 2824; x_wconf 57' lang='lat' dir='ltr'><strong>nomen</strong></span> 
     </span>
    </p>
   </div>
   <div class='ocr_carea' id='block_1_59' title="bbox 247 2817 1036 2850">
    <p class='ocr_par' dir='ltr' id='par_1_59' title="bbox 247 2817 1036 2850">
     <span class='ocr_line' id='line_1_59' title="bbox 247 2817 1036 2850; baseline -0.001 -7"><span class='ocrx_word' id='word_1_454' title='bbox 247 2817 346 2844; x_wconf 74' lang='lat' dir='ltr'><strong>tacetur</strong></span> <span class='ocrx_word' id='word_1_455' title='bbox 356 2819 381 2844; x_wconf 89' lang='lat' dir='ltr'><strong>in</strong></span> <span class='ocrx_word' id='word_1_456' title='bbox 395 2817 515 2850; x_wconf 81' lang='lat' dir='ltr'><strong>Hexaplis</strong></span> <span class='ocrx_word' id='word_1_457' title='bbox 527 2817 616 2844; x_wconf 69' lang='lat' dir='ltr'><strong>uestris</strong></span> <span class='ocrx_word' id='word_1_458' title='bbox 626 2819 661 2846; x_wconf 77' lang='lat' dir='ltr'><strong>l5,</strong></span> <span class='ocrx_word' id='word_1_459' title='bbox 672 2819 696 2848; x_wconf 77' lang='lat'><strong>2,</strong></span> <span class='ocrx_word' id='word_1_460' title='bbox 707 2820 792 2850; x_wconf 77' lang='grc' dir='ltr'>ἑνὶτῷν</span> <span class='ocrx_word' id='word_1_461' title='bbox 802 2817 944 2849; x_wconf 61' lang='grc' dir='ltr'><strong>πνεταίρων</strong></span> <span class='ocrx_word' id='word_1_462' title='bbox 953 2817 1036 2850; x_wconf 59' lang='grc' dir='ltr'><strong>αὐτοῦ.</strong></span> 
     </span>
    </p>
   </div>
   <div class='ocr_carea' id='block_1_60' title="bbox 249 2848 1040 2880">
    <p class='ocr_par' dir='ltr' id='par_1_60' title="bbox 249 2848 1040 2880">
     <span class='ocr_line' id='line_1_60' title="bbox 249 2848 1040 2880; baseline -0.005 -4"><span class='ocrx_word' id='word_1_463' title='bbox 249 2851 371 2876; x_wconf 85' lang='lat' dir='ltr'><strong>Incertum</strong></span> <span class='ocrx_word' id='word_1_464' title='bbox 387 2858 417 2876; x_wconf 85' lang='lat' dir='ltr'><strong>an</strong></span> <span class='ocrx_word' id='word_1_465' title='bbox 432 2848 620 2879; x_wconf 54' lang='lat' dir='ltr'><strong>Chrysostvimus</strong></span> <span class='ocrx_word' id='word_1_466' title='bbox 635 2850 659 2874; x_wconf 89' lang='lat' dir='ltr'><strong>in</strong></span> <span class='ocrx_word' id='word_1_467' title='bbox 678 2849 814 2880; x_wconf 78' lang='lat' dir='ltr'><strong>exemplari</strong></span> <span class='ocrx_word' id='word_1_468' title='bbox 827 2856 871 2874; x_wconf 82' lang='lat' dir='ltr'><strong>suo</strong></span> <span class='ocrx_word' id='word_1_469' title='bbox 883 2848 1040 2880; x_wconf 65' lang='grc' dir='ltr'><strong>νὺμφαγωγὸι</strong></span> 
     </span>
    </p>
   </div>
   <div class='ocr_carea' id='block_1_61' title="bbox 248 2880 1040 2913">
    <p class='ocr_par' dir='ltr' id='par_1_61' title="bbox 248 2880 1040 2913">
     <span class='ocr_line' id='line_1_61' title="bbox 248 2880 1040 2913; baseline -0.004 -6"><span class='ocrx_word' id='word_1_470' title='bbox 248 2882 372 2912; x_wconf 82' lang='lat' dir='ltr'><strong>habuerit,</strong></span> <span class='ocrx_word' id='word_1_471' title='bbox 394 2888 426 2907; x_wconf 84' lang='lat' dir='ltr'><strong>ex</strong></span> <span class='ocrx_word' id='word_1_472' title='bbox 446 2882 529 2913; x_wconf 83' lang='lat' dir='ltr'><strong>aliquo</strong></span> <span class='ocrx_word' id='word_1_473' title='bbox 552 2882 689 2913; x_wconf 78' lang='lat' dir='ltr'><strong>interprete</strong></span> <span class='ocrx_word' id='word_1_474' title='bbox 708 2880 878 2912; x_wconf 77' lang='lat' dir='ltr'><strong>desumptum,</strong></span> <span class='ocrx_word' id='word_1_475' title='bbox 899 2887 959 2905; x_wconf 86' lang='lat' dir='ltr'><strong>nam</strong></span> <span class='ocrx_word' id='word_1_476' title='bbox 978 2885 1040 2904; x_wconf 81' lang='lat' dir='ltr'><strong>vero</strong></span> 
     </span>
    </p>
   </div>
   <div class='ocr_carea' id='block_1_62' title="bbox 1828 151 1879 178">
    <p class='ocr_par' dir='ltr' id='par_1_62' title="bbox 1828 151 1879 178">
     <span class='ocr_line' id='line_1_62' title="bbox 1828 151 1879 178; baseline 0 0"><span class='ocrx_word' id='word_1_477' title='bbox 1828 151 1879 178; x_wconf 75' lang='grc'><strong>510</strong></span> 
     </span>
    </p>
   </div>
   <div class='ocr_carea' id='block_1_63' title="bbox 1090 206 1878 242">
    <p class='ocr_par' dir='ltr' id='par_1_63' title="bbox 1090 206 1878 242">
     <span class='ocr_line' id='line_1_63' title="bbox 1090 206 1878 242; baseline 0.003 -8"><span class='ocrx_word' id='word_1_478' title='bbox 1090 207 1141 241; x_wconf 81' lang='lat' dir='ltr'><strong>ptis</strong></span> <span class='ocrx_word' id='word_1_479' title='bbox 1154 206 1278 242; x_wconf 81' lang='lat' dir='ltr'><strong>vulpibus</strong></span> <span class='ocrx_word' id='word_1_480' title='bbox 1292 207 1427 240; x_wconf 84' lang='lat' dir='ltr'><strong>trecentis,</strong></span> <span class='ocrx_word' id='word_1_481' title='bbox 1440 206 1659 242; x_wconf 86' lang='lat' dir='ltr'><strong>lampadibusque</strong></span> <span class='ocrx_word' id='word_1_482' title='bbox 1670 214 1683 234; x_wconf 89' lang='lat' dir='ltr'><strong>a</strong></span> <span class='ocrx_word' id='word_1_483' title='bbox 1696 211 1770 242; x_wconf 79' lang='lat' dir='ltr'><strong>tergo</strong></span> <span class='ocrx_word' id='word_1_484' title='bbox 1784 215 1878 236; x_wconf 90' lang='lat' dir='ltr'><strong>eorum</strong></span> 
     </span>
    </p>
   </div>
   <div class='ocr_carea' id='block_1_64' title="bbox 1089 253 1878 289">
    <p class='ocr_par' dir='ltr' id='par_1_64' title="bbox 1089 253 1878 289">
     <span class='ocr_line' id='line_1_64' title="bbox 1089 253 1878 289; baseline 0.001 -9"><span class='ocrx_word' id='word_1_485' title='bbox 1089 253 1217 286; x_wconf 86' lang='lat' dir='ltr'><strong>accensis,</strong></span> <span class='ocrx_word' id='word_1_486' title='bbox 1227 254 1316 281; x_wconf 90' lang='lat' dir='ltr'><strong>emisit</strong></span> <span class='ocrx_word' id='word_1_487' title='bbox 1329 254 1354 281; x_wconf 93' lang='lat' dir='ltr'><strong>in</strong></span> <span class='ocrx_word' id='word_1_488' title='bbox 1369 260 1479 288; x_wconf 78' lang='lat' dir='ltr'><strong>campos</strong></span> <span class='ocrx_word' id='word_1_489' title='bbox 1501 253 1710 289; x_wconf 79' lang='lat' dir='ltr'><strong>alienigenarum</strong></span> <span class='ocrx_word' id='word_1_490' title='bbox 1723 261 1730 279; x_wconf 89' lang='lat'><strong>:</strong></span> <span class='ocrx_word' id='word_1_491' title='bbox 1746 259 1774 280; x_wconf 87' lang='lat' dir='ltr'><strong>ut</strong></span> <span class='ocrx_word' id='word_1_492' title='bbox 1790 259 1878 281; x_wconf 74' lang='lat' dir='ltr'><strong>autem</strong></span> 
     </span>
    </p>
   </div>
   <div class='ocr_carea' id='block_1_65' title="bbox 1088 299 1880 335">
    <p class='ocr_par' dir='ltr' id='par_1_65' title="bbox 1088 299 1880 335">
     <span class='ocr_line' id='line_1_65' title="bbox 1088 299 1880 335; baseline 0 -8"><span class='ocrx_word' id='word_1_493' title='bbox 1088 304 1252 335; x_wconf 79' lang='lat' dir='ltr'><strong>campestres</strong></span> <span class='ocrx_word' id='word_1_494' title='bbox 1270 307 1364 327; x_wconf 84' lang='lat' dir='ltr'><strong>eorum</strong></span> <span class='ocrx_word' id='word_1_495' title='bbox 1382 307 1484 327; x_wconf 84' lang='lat' dir='ltr'><strong>messes</strong></span> <span class='ocrx_word' id='word_1_496' title='bbox 1504 299 1630 332; x_wconf 86' lang='lat' dir='ltr'><strong>incendit,</strong></span> <span class='ocrx_word' id='word_1_497' title='bbox 1650 299 1686 326; x_wconf 92' lang='lat' dir='ltr'><strong>illi</strong></span> <span class='ocrx_word' id='word_1_498' title='bbox 1711 306 1816 334; x_wconf 56' lang='lat' dir='ltr'><strong>sponsa</strong></span> <span class='ocrx_word' id='word_1_499' title='bbox 1832 299 1880 327; x_wconf 91' lang='lat' dir='ltr'><strong>do-</strong></span> 
     </span>
    </p>
   </div>
   <div class='ocr_carea' id='block_1_66' title="bbox 1089 346 1876 382">
    <p class='ocr_par' dir='ltr' id='par_1_66' title="bbox 1089 346 1876 382">
     <span class='ocr_line' id='line_1_66' title="bbox 1089 346 1876 382; baseline 0 -9"><span class='ocrx_word' id='word_1_500' title='bbox 1089 354 1161 374; x_wconf 81' lang='lat' dir='ltr'><strong>mum</strong></span> <span class='ocrx_word' id='word_1_501' title='bbox 1183 354 1243 374; x_wconf 92' lang='lat' dir='ltr'><strong>cum</strong></span> <span class='ocrx_word' id='word_1_502' title='bbox 1263 346 1318 382; x_wconf 86' lang='lat' dir='ltr'><strong>ipsa</strong></span> <span class='ocrx_word' id='word_1_503' title='bbox 1332 354 1428 381; x_wconf 89' lang='lat' dir='ltr'><strong>sponsa</strong></span> <span class='ocrx_word' id='word_1_504' title='bbox 1439 349 1470 375; x_wconf 72' lang='lat' dir='ltr'><strong>&#39;et</strong></span> <span class='ocrx_word' id='word_1_505' title='bbox 1483 351 1558 382; x_wconf 88' lang='lat' dir='ltr'><strong>patre</strong></span> <span class='ocrx_word' id='word_1_506' title='bbox 1582 346 1640 381; x_wconf 82' lang='lat' dir='ltr'><strong>ejus</strong></span> <span class='ocrx_word' id='word_1_507' title='bbox 1662 346 1876 374; x_wconf 86' lang='lat' dir='ltr'><strong>combussernnt.</strong></span> 
     </span>
    </p>
   </div>
   <div class='ocr_carea' id='block_1_67' title="bbox 1089 392 1879 428">
    <p class='ocr_par' dir='ltr' id='par_1_67' title="bbox 1089 392 1879 428">
     <span class='ocr_line' id='line_1_67' title="bbox 1089 392 1879 428; baseline 0.001 -8"><span class='ocrx_word' id='word_1_508' title='bbox 1089 393 1180 428; x_wconf 79' lang='lat' dir='ltr'><strong>Neque</strong></span> <span class='ocrx_word' id='word_1_509' title='bbox 1194 393 1245 420; x_wconf 89' lang='lat' dir='ltr'><strong>hoc</strong></span> <span class='ocrx_word' id='word_1_510' title='bbox 1267 393 1337 421; x_wconf 77' lang='lat' dir='ltr'><strong>farto</strong></span> <span class='ocrx_word' id='word_1_511' title='bbox 1352 393 1453 420; x_wconf 89' lang='lat' dir='ltr'><strong>sedavit</strong></span> <span class='ocrx_word' id='word_1_512' title='bbox 1473 394 1540 420; x_wconf 87' lang='lat' dir='ltr'><strong>iram</strong></span> <span class='ocrx_word' id='word_1_513' title='bbox 1553 392 1697 427; x_wconf 81' lang='lat' dir='ltr'><strong>Sampson,</strong></span> <span class='ocrx_word' id='word_1_514' title='bbox 1722 393 1771 420; x_wconf 81' lang='lat' dir='ltr'><strong>sed</strong></span> <span class='ocrx_word' id='word_1_515' title='bbox 1791 393 1879 421; x_wconf 72' lang='lat' dir='ltr'><strong>adhuc</strong></span> 
     </span>
    </p>
   </div>
   <div class='ocr_carea' id='block_1_68' title="bbox 1088 440 1877 475">
    <p class='ocr_par' dir='ltr' id='par_1_68' title="bbox 1088 440 1877 475">
     <span class='ocr_line' id='line_1_68' title="bbox 1088 440 1877 475; baseline 0.001 -8"><span class='ocrx_word' id='word_1_516' title='bbox 1088 440 1256 475; x_wconf 78' lang='lat' dir='ltr'><strong>oppugnabat</strong></span> <span class='ocrx_word' id='word_1_517' title='bbox 1280 448 1335 468; x_wconf 83' lang='lat' dir='ltr'><strong>eos.</strong></span> <span class='ocrx_word' id='word_1_518' title='bbox 1360 440 1399 467; x_wconf 86' lang='lat' dir='ltr'><strong>illi</strong></span> <span class='ocrx_word' id='word_1_519' title='bbox 1413 448 1476 468; x_wconf 91' lang='lat' dir='ltr'><strong>vero</strong></span> <span class='ocrx_word' id='word_1_520' title='bbox 1501 441 1629 467; x_wconf 84' lang='lat' dir='ltr'><strong>instructa</strong></span> <span class='ocrx_word' id='word_1_521' title='bbox 1643 445 1736 468; x_wconf 83' lang='lat' dir='ltr'><strong>contra</strong></span> <span class='ocrx_word' id='word_1_522' title='bbox 1752 441 1877 469; x_wconf 86' lang='lat' dir='ltr'><strong>lsraelem</strong></span> 
     </span>
    </p>
   </div>
   <div class='ocr_carea' id='block_1_69' title="bbox 1088 486 1879 521">
    <p class='ocr_par' dir='ltr' id='par_1_69' title="bbox 1088 486 1879 521">
     <span class='ocr_line' id='line_1_69' title="bbox 1088 486 1879 521; baseline 0.001 -7"><span class='ocrx_word' id='word_1_523' title='bbox 1088 487 1155 521; x_wconf 84' lang='lat' dir='ltr'><strong>acie,</strong></span> <span class='ocrx_word' id='word_1_524' title='bbox 1167 487 1341 521; x_wconf 82' lang='lat' dir='ltr'><strong>Sampsonem</strong></span> <span class='ocrx_word' id='word_1_525' title='bbox 1356 487 1489 521; x_wconf 80' lang='lat' dir='ltr'><strong>petebant;</strong></span> <span class='ocrx_word' id='word_1_526' title='bbox 1504 487 1577 514; x_wconf 87' lang='lat' dir='ltr'><strong>illum</strong></span> <span class='ocrx_word' id='word_1_527' title='bbox 1589 494 1655 514; x_wconf 89' lang='lat' dir='ltr'><strong>vero</strong></span> <span class='ocrx_word' id='word_1_528' title='bbox 1663 486 1778 515; x_wconf 82' lang='lat' dir='ltr'><strong>vinctum</strong></span> <span class='ocrx_word' id='word_1_529' title='bbox 1795 488 1879 515; x_wconf 82' lang='lat' dir='ltr'><strong>hosti-</strong></span> 
     </span>
    </p>
   </div>
   <div class='ocr_carea' id='block_1_70' title="bbox 1088 533 1872 567">
    <p class='ocr_par' dir='ltr' id='par_1_70' title="bbox 1088 533 1872 567">
     <span class='ocr_line' id='line_1_70' title="bbox 1088 533 1872 567; baseline 0.001 -7"><span class='ocrx_word' id='word_1_530' title='bbox 1088 533 1137 560; x_wconf 84' lang='lat' dir='ltr'><strong>bus</strong></span> <span class='ocrx_word' id='word_1_531' title='bbox 1153 533 1317 560; x_wconf 88' lang='lat' dir='ltr'><strong>tradiderunt</strong></span> <span class='ocrx_word' id='word_1_532' title='bbox 1331 533 1464 560; x_wconf 76' lang='lat' dir='ltr'><strong>Ismclitte.</strong></span> <span class='ocrx_word' id='word_1_533' title='bbox 1494 533 1596 560; x_wconf 82' lang='lat' dir='ltr'><strong>Fractis</strong></span> <span class='ocrx_word' id='word_1_534' title='bbox 1609 533 1654 560; x_wconf 85' lang='lat' dir='ltr'><strong>ille</strong></span> <span class='ocrx_word' id='word_1_535' title='bbox 1676 534 1796 567; x_wconf 85' lang='lat' dir='ltr'><strong>vinculis,</strong></span> <span class='ocrx_word' id='word_1_536' title='bbox 1811 542 1872 562; x_wconf 87' lang='lat' dir='ltr'><strong>cum</strong></span> 
     </span>
    </p>
   </div>
   <div class='ocr_carea' id='block_1_71' title="bbox 1088 575 1876 607">
    <p class='ocr_par' dir='ltr' id='par_1_71' title="bbox 1088 575 1876 607">
     <span class='ocr_line' id='line_1_71' title="bbox 1088 575 1876 607; baseline 0.003 -5"><span class='ocrx_word' id='word_1_537' title='bbox 1088 575 1236 602; x_wconf 86' lang='lat' dir='ltr'><strong>invenisset</strong></span> <span class='ocrx_word' id='word_1_538' title='bbox 1249 575 1384 602; x_wconf 78' lang='lat' dir='ltr'><strong>maxillam</strong></span> <span class='ocrx_word' id='word_1_539' title='bbox 1399 575 1477 607; x_wconf 88' lang='lat' dir='ltr'><strong>asini,</strong></span> <span class='ocrx_word' id='word_1_540' title='bbox 1492 575 1563 602; x_wconf 91' lang='lat' dir='ltr'><strong>mille</strong></span> <span class='ocrx_word' id='word_1_541' title='bbox 1581 583 1641 603; x_wconf 83' lang='lat' dir='ltr'><strong>eum</strong></span> <span class='ocrx_word' id='word_1_542' title='bbox 1656 575 1699 603; x_wconf 79' lang='lat' dir='ltr'><strong>illa</strong></span> <span class='ocrx_word' id='word_1_543' title='bbox 1716 577 1788 604; x_wconf 87' lang='lat' dir='ltr'><strong>viros</strong></span> <span class='ocrx_word' id='word_1_544' title='bbox 1800 578 1876 605; x_wconf 77' lang='lat' dir='ltr'><strong>occi-</strong></span> 
     </span>
    </p>
   </div>
   <div class='ocr_carea' id='block_1_72' title="bbox 1088 620 1877 657">
    <p class='ocr_par' dir='ltr' id='par_1_72' title="bbox 1088 620 1877 657">
     <span class='ocr_line' id='line_1_72' title="bbox 1088 620 1877 657; baseline 0.004 -9"><span class='ocrx_word' id='word_1_545' title='bbox 1088 621 1135 648; x_wconf 93' lang='lat' dir='ltr'><strong>dit.</strong></span> <span class='ocrx_word' id='word_1_546' title='bbox 1147 620 1266 655; x_wconf 86' lang='lat' dir='ltr'><strong>Cumque</strong></span> <span class='ocrx_word' id='word_1_547' title='bbox 1280 621 1323 648; x_wconf 84' lang='lat' dir='ltr'><strong>siti</strong></span> <span class='ocrx_word' id='word_1_548' title='bbox 1341 621 1513 656; x_wconf 77' lang='lat' dir='ltr'><strong>aliiigeretur,</strong></span> <span class='ocrx_word' id='word_1_549' title='bbox 1532 626 1656 656; x_wconf 87' lang='lat' dir='ltr'><strong>precatus</strong></span> <span class='ocrx_word' id='word_1_550' title='bbox 1670 627 1711 649; x_wconf 87' lang='lat' dir='ltr'><strong>est</strong></span> <span class='ocrx_word' id='word_1_551' title='bbox 1734 623 1828 657; x_wconf 83' lang='lat' dir='ltr'><strong>Deum,</strong></span> <span class='ocrx_word' id='word_1_552' title='bbox 1848 628 1877 651; x_wconf 92' lang='lat' dir='ltr'><strong>et</strong></span> 
     </span>
    </p>
   </div>
   <div class='ocr_carea' id='block_1_73' title="bbox 1087 666 1875 701">
    <p class='ocr_par' dir='ltr' id='par_1_73' title="bbox 1087 666 1875 701">
     <span class='ocr_line' id='line_1_73' title="bbox 1087 666 1875 701; baseline 0.004 -7"><span class='ocrx_word' id='word_1_553' title='bbox 1087 666 1167 694; x_wconf 75' lang='lat' dir='ltr'><strong>exivit</strong></span> <span class='ocrx_word' id='word_1_554' title='bbox 1180 673 1246 701; x_wconf 88' lang='lat' dir='ltr'><strong>aqua</strong></span> <span class='ocrx_word' id='word_1_555' title='bbox 1262 674 1295 695; x_wconf 82' lang='lat' dir='ltr'><strong>ex</strong></span> <span class='ocrx_word' id='word_1_556' title='bbox 1309 667 1455 698; x_wconf 83' lang='lat' dir='ltr'><strong>maxilla,et</strong></span> <span class='ocrx_word' id='word_1_557' title='bbox 1477 666 1552 694; x_wconf 91' lang='lat' dir='ltr'><strong>bibit.</strong></span> <span class='ocrx_word' id='word_1_558' title='bbox 1574 667 1635 694; x_wconf 89' lang='lat' dir='ltr'><strong>Inde</strong></span> <span class='ocrx_word' id='word_1_559' title='bbox 1655 669 1727 694; x_wconf 91' lang='lat' dir='ltr'><strong>venit</strong></span> <span class='ocrx_word' id='word_1_560' title='bbox 1740 668 1774 695; x_wconf 80' lang='lat' dir='ltr'><strong>ad</strong></span> <span class='ocrx_word' id='word_1_561' title='bbox 1786 677 1875 697; x_wconf 88' lang='lat' dir='ltr'><strong>mere-</strong></span> 
     </span>
    </p>
   </div>
   <div class='ocr_carea' id='block_1_74' title="bbox 1087 710 1877 748">
    <p class='ocr_par' dir='ltr' id='par_1_74' title="bbox 1087 710 1877 748">
     <span class='ocr_line' id='line_1_74' title="bbox 1087 710 1877 748; baseline 0.004 -9"><span class='ocrx_word' id='word_1_562' title='bbox 1087 710 1180 739; x_wconf 75' lang='lat' dir='ltr'><strong>tricem</strong></span> <span class='ocrx_word' id='word_1_563' title='bbox 1195 712 1331 739; x_wconf 88' lang='lat' dir='ltr'><strong>mulierem</strong></span> <span class='ocrx_word' id='word_1_564' title='bbox 1347 712 1372 739; x_wconf 93' lang='lat' dir='ltr'><strong>in</strong></span> <span class='ocrx_word' id='word_1_565' title='bbox 1384 712 1492 745; x_wconf 86' lang='lat' dir='ltr'><strong>Gazam,</strong></span> <span class='ocrx_word' id='word_1_566' title='bbox 1505 712 1643 748; x_wconf 88' lang='lat' dir='ltr'><strong>ipsumque</strong></span> <span class='ocrx_word' id='word_1_567' title='bbox 1657 713 1746 741; x_wconf 81' lang='lat' dir='ltr'><strong>hostes</strong></span> <span class='ocrx_word' id='word_1_568' title='bbox 1759 714 1877 742; x_wconf 55' lang='lat' dir='ltr'><strong>circnma</strong></span> 
     </span>
    </p>
   </div>
   <div class='ocr_carea' id='block_1_75' title="bbox 1086 754 1877 796">
    <p class='ocr_par' dir='ltr' id='par_1_75' title="bbox 1086 754 1877 796">
     <span class='ocr_line' id='line_1_75' title="bbox 1086 754 1877 796; baseline 0.005 -12"><span class='ocrx_word' id='word_1_569' title='bbox 1086 758 1216 785; x_wconf 82' lang='lat' dir='ltr'><strong>dederunt</strong></span> <span class='ocrx_word' id='word_1_570' title='bbox 1234 767 1241 784; x_wconf 89' lang='lat'>:</span> <span class='ocrx_word' id='word_1_571' title='bbox 1256 757 1299 785; x_wconf 83' lang='lat' dir='ltr'><strong>ille</strong></span> <span class='ocrx_word' id='word_1_572' title='bbox 1312 765 1374 785; x_wconf 88' lang='lat' dir='ltr'><strong>vero</strong></span> <span class='ocrx_word' id='word_1_573' title='bbox 1387 758 1472 785; x_wconf 85' lang='lat' dir='ltr'><strong>media</strong></span> <span class='ocrx_word' id='word_1_574' title='bbox 1483 754 1559 786; x_wconf 75' lang='lat' dir='ltr'><strong>nocte</strong></span> <span class='ocrx_word' id='word_1_575' title='bbox 1570 758 1679 786; x_wconf 88' lang='lat' dir='ltr'><strong>eductas</strong></span> <span class='ocrx_word' id='word_1_576' title='bbox 1693 759 1766 787; x_wconf 88' lang='lat' dir='ltr'><strong>urbis</strong></span> <span class='ocrx_word' id='word_1_577' title='bbox 1785 765 1877 796; x_wconf 83' lang='lat' dir='ltr'><strong>portas</strong></span> 
     </span>
    </p>
   </div>
   <div class='ocr_carea' id='block_1_76' title="bbox 1087 803 1876 840">
    <p class='ocr_par' dir='ltr' id='par_1_76' title="bbox 1087 803 1876 840">
     <span class='ocr_line' id='line_1_76' title="bbox 1087 803 1876 840; baseline 0.004 -9"><span class='ocrx_word' id='word_1_578' title='bbox 1087 804 1226 838; x_wconf 81' lang='lat' dir='ltr'><strong>imponens</strong></span> <span class='ocrx_word' id='word_1_579' title='bbox 1251 803 1368 831; x_wconf 82' lang='lat' dir='ltr'><strong>humeris</strong></span> <span class='ocrx_word' id='word_1_580' title='bbox 1382 804 1450 836; x_wconf 79' lang='lat' dir='ltr'><strong>suis,</strong></span> <span class='ocrx_word' id='word_1_581' title='bbox 1466 804 1541 831; x_wconf 86' lang='lat' dir='ltr'><strong>abiit.</strong></span> <span class='ocrx_word' id='word_1_582' title='bbox 1571 804 1712 832; x_wconf 85' lang='lat' dir='ltr'><strong>Adamavit</strong></span> <span class='ocrx_word' id='word_1_583' title='bbox 1739 810 1798 840; x_wconf 90' lang='lat' dir='ltr'><strong>post</strong></span> <span class='ocrx_word' id='word_1_584' title='bbox 1819 807 1876 834; x_wconf 44' lang='lat' dir='ltr'><strong>haec</strong></span> 
     </span>
    </p>
   </div>
   <div class='ocr_carea' id='block_1_77' title="bbox 1086 849 1875 887">
    <p class='ocr_par' dir='ltr' id='par_1_77' title="bbox 1086 849 1875 887">
     <span class='ocr_line' id='line_1_77' title="bbox 1086 849 1875 887; baseline 0.003 -10"><span class='ocrx_word' id='word_1_585' title='bbox 1086 850 1224 877; x_wconf 90' lang='lat' dir='ltr'><strong>mulierem</strong></span> <span class='ocrx_word' id='word_1_586' title='bbox 1237 849 1378 885; x_wconf 87' lang='lat' dir='ltr'><strong>quamdam</strong></span> <span class='ocrx_word' id='word_1_587' title='bbox 1400 849 1513 876; x_wconf 88' lang='lat' dir='ltr'><strong>Samson</strong></span> <span class='ocrx_word' id='word_1_588' title='bbox 1529 850 1644 877; x_wconf 81' lang='lat' dir='ltr'><strong>Dalidam</strong></span> <span class='ocrx_word' id='word_1_589' title='bbox 1662 851 1768 878; x_wconf 89' lang='lat' dir='ltr'><strong>nomine</strong></span> <span class='ocrx_word' id='word_1_590' title='bbox 1788 851 1836 887; x_wconf 80' lang='grc' dir='ltr'><strong>(ιι),</strong></span> <span class='ocrx_word' id='word_1_591' title='bbox 1847 857 1875 879; x_wconf 81' lang='lat' dir='ltr'><strong>et</strong></span> 
     </span>
    </p>
   </div>
   <div class='ocr_carea' id='block_1_78' title="bbox 1086 895 1875 931">
    <p class='ocr_par' dir='ltr' id='par_1_78' title="bbox 1086 895 1875 931">
     <span class='ocr_line' id='line_1_78' title="bbox 1086 895 1875 931; baseline 0.003 -9"><span class='ocrx_word' id='word_1_592' title='bbox 1086 897 1188 930; x_wconf 86' lang='lat' dir='ltr'><strong>accepit</strong></span> <span class='ocrx_word' id='word_1_593' title='bbox 1208 903 1266 922; x_wconf 81' lang='lat' dir='ltr'><strong>eam</strong></span> <span class='ocrx_word' id='word_1_594' title='bbox 1281 895 1310 922; x_wconf 83' lang='lat' dir='ltr'><strong>in</strong></span> <span class='ocrx_word' id='word_1_595' title='bbox 1323 903 1443 922; x_wconf 84' lang='lat' dir='ltr'><strong>uxorem.</strong></span> <span class='ocrx_word' id='word_1_596' title='bbox 1467 895 1533 922; x_wconf 86' lang='lat' dir='ltr'><strong>Huic</strong></span> <span class='ocrx_word' id='word_1_597' title='bbox 1557 896 1740 930; x_wconf 72' lang='lat' dir='ltr'><strong>promiserunt</strong></span> <span class='ocrx_word' id='word_1_598' title='bbox 1761 901 1875 931; x_wconf 63' lang='lat' dir='ltr'><strong>satrapa</strong></span> 
     </span>
    </p>
   </div>
   <div class='ocr_carea' id='block_1_79' title="bbox 1086 941 1875 977">
    <p class='ocr_par' dir='ltr' id='par_1_79' title="bbox 1086 941 1875 977">
     <span class='ocr_line' id='line_1_79' title="bbox 1086 941 1875 977; baseline 0.003 -10"><span class='ocrx_word' id='word_1_599' title='bbox 1086 941 1292 976; x_wconf 71' lang='lat' dir='ltr'><strong>alienigenarum</strong></span> <span class='ocrx_word' id='word_1_600' title='bbox 1312 941 1384 968; x_wconf 89' lang='lat' dir='ltr'><strong>mille</strong></span> <span class='ocrx_word' id='word_1_601' title='bbox 1398 944 1425 967; x_wconf 84' lang='lat' dir='ltr'><strong>et</strong></span> <span class='ocrx_word' id='word_1_602' title='bbox 1438 944 1544 968; x_wconf 84' lang='lat' dir='ltr'><strong>centum</strong></span> <span class='ocrx_word' id='word_1_603' title='bbox 1557 945 1698 975; x_wconf 81' lang='lat' dir='ltr'><strong>argenteos</strong></span> <span class='ocrx_word' id='word_1_604' title='bbox 1708 962 1715 974; x_wconf 88' lang='lat'><strong>,</strong></span> <span class='ocrx_word' id='word_1_605' title='bbox 1732 941 1754 968; x_wconf 86' lang='lat' dir='ltr'><strong>si</strong></span> <span class='ocrx_word' id='word_1_606' title='bbox 1769 942 1803 969; x_wconf 92' lang='lat' dir='ltr'><strong>ab</strong></span> <span class='ocrx_word' id='word_1_607' title='bbox 1817 943 1875 977; x_wconf 86' lang='lat' dir='ltr'><strong>ipso</strong></span> 
     </span>
    </p>
   </div>
   <div class='ocr_carea' id='block_1_80' title="bbox 1085 986 1877 1022">
    <p class='ocr_par' dir='ltr' id='par_1_80' title="bbox 1085 986 1877 1022">
     <span class='ocr_line' id='line_1_80' title="bbox 1085 986 1877 1022; baseline -0.001 -7"><span class='ocrx_word' id='word_1_608' title='bbox 1085 987 1226 1019; x_wconf 85' lang='lat' dir='ltr'><strong>edisceret,</strong></span> <span class='ocrx_word' id='word_1_609' title='bbox 1243 994 1295 1022; x_wconf 89' lang='lat' dir='ltr'><strong>quo</strong></span> <span class='ocrx_word' id='word_1_610' title='bbox 1319 991 1396 1021; x_wconf 70' lang='lat' dir='ltr'><strong>pacto</strong></span> <span class='ocrx_word' id='word_1_611' title='bbox 1419 991 1568 1022; x_wconf 74' lang='lat' dir='ltr'><strong>expugnat&quot;</strong></span> <span class='ocrx_word' id='word_1_612' title='bbox 1592 986 1676 1014; x_wconf 75' lang='lat' dir='ltr'><strong>facilis</strong></span> <span class='ocrx_word' id='word_1_613' title='bbox 1707 986 1783 1015; x_wconf 90' lang='lat' dir='ltr'><strong>foret.</strong></span> <span class='ocrx_word' id='word_1_614' title='bbox 1806 988 1877 1015; x_wconf 74' lang='lat' dir='ltr'><strong>Cum</strong></span> 
     </span>
    </p>
   </div>
   <div class='ocr_carea' id='block_1_81' title="bbox 1085 1033 1873 1067">
    <p class='ocr_par' dir='ltr' id='par_1_81' title="bbox 1085 1033 1873 1067">
     <span class='ocr_line' id='line_1_81' title="bbox 1085 1033 1873 1067; baseline 0 -7"><span class='ocrx_word' id='word_1_615' title='bbox 1085 1037 1173 1060; x_wconf 88' lang='lat' dir='ltr'><strong>autem</strong></span> <span class='ocrx_word' id='word_1_616' title='bbox 1186 1033 1228 1060; x_wconf 87' lang='lat' dir='ltr'><strong>illa</strong></span> <span class='ocrx_word' id='word_1_617' title='bbox 1245 1033 1270 1060; x_wconf 94' lang='lat' dir='ltr'><strong>id</strong></span> <span class='ocrx_word' id='word_1_618' title='bbox 1285 1033 1404 1060; x_wconf 87' lang='lat' dir='ltr'><strong>ediscere</strong></span> <span class='ocrx_word' id='word_1_619' title='bbox 1419 1036 1570 1064; x_wconf 85' lang='lat' dir='ltr'><strong>conaretur,</strong></span> <span class='ocrx_word' id='word_1_620' title='bbox 1584 1033 1669 1067; x_wconf 90' lang='lat' dir='ltr'><strong>primo</strong></span> <span class='ocrx_word' id='word_1_621' title='bbox 1681 1033 1786 1067; x_wconf 84' lang='lat' dir='ltr'><strong>quidem</strong></span> <span class='ocrx_word' id='word_1_622' title='bbox 1802 1034 1873 1061; x_wconf 81' lang='lat' dir='ltr'><strong>illam</strong></span> 
     </span>
    </p>
   </div>
   <div class='ocr_carea' id='block_1_82' title="bbox 1085 1077 1873 1113">
    <p class='ocr_par' dir='ltr' id='par_1_82' title="bbox 1085 1077 1873 1113">
     <span class='ocr_line' id='line_1_82' title="bbox 1085 1077 1873 1113; baseline -0.001 -7"><span class='ocrx_word' id='word_1_623' title='bbox 1085 1078 1234 1113; x_wconf 85' lang='lat' dir='ltr'><strong>decipiebat</strong></span> <span class='ocrx_word' id='word_1_624' title='bbox 1249 1086 1255 1104; x_wconf 92' lang='lat'>:</span> <span class='ocrx_word' id='word_1_625' title='bbox 1269 1077 1385 1108; x_wconf 83' lang='lat' dir='ltr'><strong>demum,</strong></span> <span class='ocrx_word' id='word_1_626' title='bbox 1399 1084 1460 1104; x_wconf 90' lang='lat' dir='ltr'><strong>cum</strong></span> <span class='ocrx_word' id='word_1_627' title='bbox 1487 1077 1638 1112; x_wconf 87' lang='lat' dir='ltr'><strong>importune</strong></span> <span class='ocrx_word' id='word_1_628' title='bbox 1661 1078 1703 1104; x_wconf 88' lang='lat' dir='ltr'><strong>illa</strong></span> <span class='ocrx_word' id='word_1_629' title='bbox 1728 1078 1873 1111; x_wconf 86' lang='lat' dir='ltr'><strong>insisteret,</strong></span> 
     </span>
    </p>
   </div>
   <div class='ocr_carea' id='block_1_83' title="bbox 1085 1123 1873 1158">
    <p class='ocr_par' dir='ltr' id='par_1_83' title="bbox 1085 1123 1873 1158">
     <span class='ocr_line' id='line_1_83' title="bbox 1085 1123 1873 1158; baseline 0 -6"><span class='ocrx_word' id='word_1_630' title='bbox 1085 1125 1223 1152; x_wconf 89' lang='lat' dir='ltr'><strong>veritatem</strong></span> <span class='ocrx_word' id='word_1_631' title='bbox 1239 1123 1288 1158; x_wconf 91' lang='lat' dir='ltr'><strong>ipsi</strong></span> <span class='ocrx_word' id='word_1_632' title='bbox 1303 1123 1459 1156; x_wconf 87' lang='lat' dir='ltr'><strong>enuntiavit,</strong></span> <span class='ocrx_word' id='word_1_633' title='bbox 1477 1130 1572 1158; x_wconf 88' lang='lat' dir='ltr'><strong>nempe</strong></span> <span class='ocrx_word' id='word_1_634' title='bbox 1585 1131 1615 1150; x_wconf 89' lang='lat' dir='ltr'><strong>se</strong></span> <span class='ocrx_word' id='word_1_635' title='bbox 1627 1143 1634 1155; x_wconf 92' lang='lat'><strong>,</strong></span> <span class='ocrx_word' id='word_1_636' title='bbox 1651 1124 1673 1150; x_wconf 88' lang='lat' dir='ltr'><strong>si</strong></span> <span class='ocrx_word' id='word_1_637' title='bbox 1691 1124 1750 1158; x_wconf 87' lang='lat' dir='ltr'><strong>quis</strong></span> <span class='ocrx_word' id='word_1_638' title='bbox 1763 1124 1812 1151; x_wconf 89' lang='lat' dir='ltr'><strong>sibi</strong></span> <span class='ocrx_word' id='word_1_639' title='bbox 1825 1132 1873 1152; x_wconf 80' lang='lat' dir='ltr'><strong>ca-</strong></span> 
     </span>
    </p>
   </div>
   <div class='ocr_carea' id='block_1_84' title="bbox 1085 1168 1874 1207">
    <p class='ocr_par' dir='ltr' id='par_1_84' title="bbox 1085 1168 1874 1207">
     <span class='ocr_line' id='line_1_84' title="bbox 1085 1168 1874 1207; baseline -0.003 -9"><span class='ocrx_word' id='word_1_640' title='bbox 1085 1171 1163 1207; x_wconf 87' lang='lat' dir='ltr'><strong>pillos</strong></span> <span class='ocrx_word' id='word_1_641' title='bbox 1173 1171 1299 1202; x_wconf 80' lang='lat' dir='ltr'><strong>auferret,</strong></span> <span class='ocrx_word' id='word_1_642' title='bbox 1312 1169 1445 1196; x_wconf 79' lang='lat' dir='ltr'><strong>infirmum</strong></span> <span class='ocrx_word' id='word_1_643' title='bbox 1460 1176 1612 1196; x_wconf 86' lang='lat' dir='ltr'><strong>evasurum.</strong></span> <span class='ocrx_word' id='word_1_644' title='bbox 1630 1168 1675 1195; x_wconf 84' lang='lat' dir='ltr'><strong>illa</strong></span> <span class='ocrx_word' id='word_1_645' title='bbox 1691 1169 1808 1196; x_wconf 86' lang='lat' dir='ltr'><strong>evocatis</strong></span> <span class='ocrx_word' id='word_1_646' title='bbox 1827 1176 1874 1196; x_wconf 86' lang='lat' dir='ltr'><strong>sa-</strong></span> 
     </span>
    </p>
   </div>
   <div class='ocr_carea' id='block_1_85' title="bbox 1087 1214 1874 1252">
    <p class='ocr_par' dir='ltr' id='par_1_85' title="bbox 1087 1214 1874 1252">
     <span class='ocr_line' id='line_1_85' title="bbox 1087 1214 1874 1252; baseline -0.005 -7"><span class='ocrx_word' id='word_1_647' title='bbox 1087 1218 1177 1252; x_wconf 89' lang='lat' dir='ltr'><strong>trapis,</strong></span> <span class='ocrx_word' id='word_1_648' title='bbox 1192 1225 1251 1245; x_wconf 90' lang='lat' dir='ltr'><strong>cutn</strong></span> <span class='ocrx_word' id='word_1_649' title='bbox 1265 1217 1338 1244; x_wconf 92' lang='lat' dir='ltr'><strong>illum</strong></span> <span class='ocrx_word' id='word_1_650' title='bbox 1352 1216 1385 1243; x_wconf 87' lang='lat' dir='ltr'><strong>ad</strong></span> <span class='ocrx_word' id='word_1_651' title='bbox 1402 1223 1525 1242; x_wconf 89' lang='lat' dir='ltr'><strong>somnum</strong></span> <span class='ocrx_word' id='word_1_652' title='bbox 1549 1215 1685 1242; x_wconf 90' lang='lat' dir='ltr'><strong>inductum</strong></span> <span class='ocrx_word' id='word_1_653' title='bbox 1704 1214 1806 1242; x_wconf 85' lang='lat' dir='ltr'><strong>tonderi</strong></span> <span class='ocrx_word' id='word_1_654' title='bbox 1827 1222 1874 1242; x_wconf 91' lang='lat' dir='ltr'><strong>cu-</strong></span> 
     </span>
    </p>
   </div>
   <div class='ocr_carea' id='block_1_86' title="bbox 1084 1260 1872 1297">
    <p class='ocr_par' dir='ltr' id='par_1_86' title="bbox 1084 1260 1872 1297">
     <span class='ocr_line' id='line_1_86' title="bbox 1084 1260 1872 1297; baseline -0.006 -5"><span class='ocrx_word' id='word_1_655' title='bbox 1084 1268 1187 1297; x_wconf 83' lang='lat' dir='ltr'><strong>rasset,</strong></span> <span class='ocrx_word' id='word_1_656' title='bbox 1217 1263 1349 1291; x_wconf 82' lang='lat' dir='ltr'><strong>infirmum</strong></span> <span class='ocrx_word' id='word_1_657' title='bbox 1382 1262 1507 1290; x_wconf 89' lang='lat' dir='ltr'><strong>reddidit.</strong></span> <span class='ocrx_word' id='word_1_658' title='bbox 1540 1260 1629 1296; x_wconf 88' lang='lat' dir='ltr'><strong>Ipsum</strong></span> <span class='ocrx_word' id='word_1_659' title='bbox 1663 1268 1726 1288; x_wconf 85' lang='lat' dir='ltr'><strong>vero</strong></span> <span class='ocrx_word' id='word_1_660' title='bbox 1765 1266 1872 1295; x_wconf 85' lang='lat' dir='ltr'><strong>captum</strong></span> 
     </span>
    </p>
   </div>
   <div class='ocr_carea' id='block_1_87' title="bbox 1085 1307 1872 1345">
    <p class='ocr_par' dir='ltr' id='par_1_87' title="bbox 1085 1307 1872 1345">
     <span class='ocr_line' id='line_1_87' title="bbox 1085 1307 1872 1345; baseline -0.008 -7"><span class='ocrx_word' id='word_1_661' title='bbox 1085 1311 1242 1345; x_wconf 63' lang='lat' dir='ltr'><strong>alienigenae</strong></span> <span class='ocrx_word' id='word_1_662' title='bbox 1266 1313 1449 1340; x_wconf 73' lang='lat' dir='ltr'><strong>excmcarunt,</strong></span> <span class='ocrx_word' id='word_1_663' title='bbox 1464 1313 1491 1336; x_wconf 92' lang='lat' dir='ltr'><strong>et</strong></span> <span class='ocrx_word' id='word_1_664' title='bbox 1504 1307 1653 1342; x_wconf 88' lang='lat' dir='ltr'><strong>injecerunt</strong></span> <span class='ocrx_word' id='word_1_665' title='bbox 1674 1307 1700 1333; x_wconf 91' lang='lat' dir='ltr'><strong>in</strong></span> <span class='ocrx_word' id='word_1_666' title='bbox 1725 1313 1872 1334; x_wconf 85' lang='lat' dir='ltr'><strong>carcerem.</strong></span> 
     </span>
    </p>
   </div>
   <div class='ocr_carea' id='block_1_88' title="bbox 1085 1351 1874 1387">
    <p class='ocr_par' dir='ltr' id='par_1_88' title="bbox 1085 1351 1874 1387">
     <span class='ocr_line' id='line_1_88' title="bbox 1085 1351 1874 1387; baseline -0.006 -4"><span class='ocrx_word' id='word_1_667' title='bbox 1085 1356 1125 1384; x_wconf 91' lang='lat' dir='ltr'><strong>Illi</strong></span> <span class='ocrx_word' id='word_1_668' title='bbox 1138 1363 1200 1383; x_wconf 86' lang='lat' dir='ltr'><strong>vero</strong></span> <span class='ocrx_word' id='word_1_669' title='bbox 1214 1355 1384 1387; x_wconf 73' lang='lat' dir='ltr'><strong>lmtabantur,</strong></span> <span class='ocrx_word' id='word_1_670' title='bbox 1396 1357 1424 1381; x_wconf 90' lang='lat' dir='ltr'><strong>et</strong></span> <span class='ocrx_word' id='word_1_671' title='bbox 1437 1351 1584 1380; x_wconf 69' lang='lat' dir='ltr'><strong>eduxerunt</strong></span> <span class='ocrx_word' id='word_1_672' title='bbox 1594 1360 1656 1380; x_wconf 89' lang='lat' dir='ltr'><strong>eum</strong></span> <span class='ocrx_word' id='word_1_673' title='bbox 1665 1360 1699 1379; x_wconf 76' lang='lat' dir='ltr'><strong>ex</strong></span> <span class='ocrx_word' id='word_1_674' title='bbox 1713 1359 1829 1384; x_wconf 84' lang='lat' dir='ltr'><strong>carcere,</strong></span> <span class='ocrx_word' id='word_1_675' title='bbox 1845 1356 1874 1378; x_wconf 92' lang='lat' dir='ltr'><strong>ut</strong></span> 
     </span>
    </p>
   </div>
   <div class='ocr_carea' id='block_1_89' title="bbox 1084 1398 1871 1438">
    <p class='ocr_par' dir='ltr' id='par_1_89' title="bbox 1084 1398 1871 1438">
     <span class='ocr_line' id='line_1_89' title="bbox 1084 1398 1871 1438; baseline -0.008 -8"><span class='ocrx_word' id='word_1_676' title='bbox 1084 1403 1134 1438; x_wconf 82' lang='lat' dir='ltr'><strong>ipsi</strong></span> <span class='ocrx_word' id='word_1_677' title='bbox 1148 1402 1300 1429; x_wconf 85' lang='lat' dir='ltr'><strong>illuderent.</strong></span> <span class='ocrx_word' id='word_1_678' title='bbox 1315 1401 1452 1435; x_wconf 70' lang='lat' dir='ltr'><strong>Sampson.</strong></span> <span class='ocrx_word' id='word_1_679' title='bbox 1461 1405 1549 1426; x_wconf 84' lang='lat' dir='ltr'><strong>autem</strong></span> <span class='ocrx_word' id='word_1_680' title='bbox 1565 1398 1660 1426; x_wconf 83' lang='lat' dir='ltr'><strong>acerbe</strong></span> <span class='ocrx_word' id='word_1_681' title='bbox 1679 1398 1871 1433; x_wconf 82' lang='lat' dir='ltr'><strong>ingemiscens,</strong></span> 
     </span>
    </p>
   </div>
   <div class='ocr_carea' id='block_1_90' title="bbox 1084 1443 1875 1481">
    <p class='ocr_par' dir='ltr' id='par_1_90' title="bbox 1084 1443 1875 1481">
     <span class='ocr_line' id='line_1_90' title="bbox 1084 1443 1875 1481; baseline -0.01 -4"><span class='ocrx_word' id='word_1_682' title='bbox 1084 1457 1144 1477; x_wconf 78' lang='lat' dir='ltr'><strong>etim</strong></span> <span class='ocrx_word' id='word_1_683' title='bbox 1160 1448 1300 1476; x_wconf 89' lang='lat' dir='ltr'><strong>Dominum</strong></span> <span class='ocrx_word' id='word_1_684' title='bbox 1314 1451 1433 1481; x_wconf 83' lang='lat' dir='ltr'><strong>rogasset</strong></span> <span class='ocrx_word' id='word_1_685' title='bbox 1444 1450 1472 1472; x_wconf 93' lang='lat' dir='ltr'><strong>ut</strong></span> <span class='ocrx_word' id='word_1_686' title='bbox 1485 1445 1535 1472; x_wconf 86' lang='lat' dir='ltr'><strong>sibi</strong></span> <span class='ocrx_word' id='word_1_687' title='bbox 1549 1444 1617 1471; x_wconf 86' lang='lat' dir='ltr'><strong>vires</strong></span> <span class='ocrx_word' id='word_1_688' title='bbox 1630 1443 1733 1471; x_wconf 82' lang='lat' dir='ltr'><strong>luderet</strong></span> <span class='ocrx_word' id='word_1_689' title='bbox 1742 1465 1748 1476; x_wconf 92' lang='lat'><strong>,</strong></span> <span class='ocrx_word' id='word_1_690' title='bbox 1758 1444 1875 1477; x_wconf 82' lang='lat' dir='ltr'><strong>arreptis</strong></span> 
     </span>
    </p>
   </div>
   <div class='ocr_carea' id='block_1_91' title="bbox 1084 1490 1875 1527">
    <p class='ocr_par' dir='ltr' id='par_1_91' title="bbox 1084 1490 1875 1527">
     <span class='ocr_line' id='line_1_91' title="bbox 1084 1490 1875 1527; baseline -0.009 -4"><span class='ocrx_word' id='word_1_691' title='bbox 1084 1496 1216 1523; x_wconf 87' lang='lat' dir='ltr'><strong>columnis</strong></span> <span class='ocrx_word' id='word_1_692' title='bbox 1229 1494 1325 1521; x_wconf 90' lang='lat' dir='ltr'><strong>domus</strong></span> <span class='ocrx_word' id='word_1_693' title='bbox 1340 1493 1424 1527; x_wconf 89' lang='lat' dir='ltr'><strong>iisque</strong></span> <span class='ocrx_word' id='word_1_694' title='bbox 1436 1493 1584 1522; x_wconf 86' lang='lat' dir='ltr'><strong>concussis,</strong></span> <span class='ocrx_word' id='word_1_695' title='bbox 1596 1491 1703 1518; x_wconf 90' lang='lat' dir='ltr'><strong>domum</strong></span> <span class='ocrx_word' id='word_1_696' title='bbox 1717 1490 1833 1517; x_wconf 82' lang='lat' dir='ltr'><strong>decussit</strong></span> <span class='ocrx_word' id='word_1_697' title='bbox 1845 1490 1875 1516; x_wconf 76' lang='lat' dir='ltr'><strong>in</strong></span> 
     </span>
    </p>
   </div>
   <div class='ocr_carea' id='block_1_92' title="bbox 1084 1536 1872 1576">
    <p class='ocr_par' dir='ltr' id='par_1_92' title="bbox 1084 1536 1872 1576">
     <span class='ocr_line' id='line_1_92' title="bbox 1084 1536 1872 1576; baseline -0.009 -7"><span class='ocrx_word' id='word_1_698' title='bbox 1084 1547 1204 1576; x_wconf 74' lang='lat' dir='ltr'><strong>satrapas</strong></span> <span class='ocrx_word' id='word_1_699' title='bbox 1215 1561 1225 1574; x_wconf 90' lang='lat'><strong>,</strong></span> <span class='ocrx_word' id='word_1_700' title='bbox 1239 1541 1265 1568; x_wconf 93' lang='lat' dir='ltr'><strong>in</strong></span> <span class='ocrx_word' id='word_1_701' title='bbox 1278 1540 1394 1574; x_wconf 88' lang='lat' dir='ltr'><strong>seipsum</strong></span> <span class='ocrx_word' id='word_1_702' title='bbox 1407 1542 1435 1565; x_wconf 93' lang='lat' dir='ltr'><strong>et</strong></span> <span class='ocrx_word' id='word_1_703' title='bbox 1454 1538 1480 1565; x_wconf 93' lang='lat' dir='ltr'><strong>in</strong></span> <span class='ocrx_word' id='word_1_704' title='bbox 1494 1537 1574 1564; x_wconf 89' lang='lat' dir='ltr'><strong>alium</strong></span> <span class='ocrx_word' id='word_1_705' title='bbox 1593 1537 1716 1571; x_wconf 85' lang='lat' dir='ltr'><strong>populum</strong></span> <span class='ocrx_word' id='word_1_706' title='bbox 1739 1536 1852 1562; x_wconf 91' lang='lat' dir='ltr'><strong>multum</strong></span> <span class='ocrx_word' id='word_1_707' title='bbox 1863 1556 1872 1569; x_wconf 83' lang='lat'><strong>,</strong></span> 
     </span>
    </p>
   </div>
   <div class='ocr_carea' id='block_1_93' title="bbox 1085 1581 1873 1624">
    <p class='ocr_par' dir='ltr' id='par_1_93' title="bbox 1085 1581 1873 1624">
     <span class='ocr_line' id='line_1_93' title="bbox 1085 1581 1873 1624; baseline -0.01 -9"><span class='ocrx_word' id='word_1_708' title='bbox 1085 1588 1228 1624; x_wconf 83' lang='lat' dir='ltr'><strong>pluresque</strong></span> <span class='ocrx_word' id='word_1_709' title='bbox 1239 1591 1301 1613; x_wconf 84' lang='lat' dir='ltr'><strong>tunc</strong></span> <span class='ocrx_word' id='word_1_710' title='bbox 1313 1585 1408 1612; x_wconf 83' lang='lat' dir='ltr'><strong>mortui</strong></span> <span class='ocrx_word' id='word_1_711' title='bbox 1422 1588 1484 1611; x_wconf 83' lang='lat' dir='ltr'><strong>sunt</strong></span> <span class='ocrx_word' id='word_1_712' title='bbox 1497 1590 1574 1618; x_wconf 85' lang='lat' dir='ltr'><strong>quam</strong></span> <span class='ocrx_word' id='word_1_713' title='bbox 1586 1583 1644 1617; x_wconf 88' lang='lat' dir='ltr'><strong>ipse</strong></span> <span class='ocrx_word' id='word_1_714' title='bbox 1658 1582 1749 1609; x_wconf 85' lang='lat' dir='ltr'><strong>vivens</strong></span> <span class='ocrx_word' id='word_1_715' title='bbox 1764 1581 1873 1608; x_wconf 87' lang='lat' dir='ltr'><strong>occide-</strong></span> 
     </span>
    </p>
   </div>
   <div class='ocr_carea' id='block_1_94' title="bbox 1086 1628 1873 1664">
    <p class='ocr_par' dir='ltr' id='par_1_94' title="bbox 1086 1628 1873 1664">
     <span class='ocr_line' id='line_1_94' title="bbox 1086 1628 1873 1664; baseline -0.01 -3"><span class='ocrx_word' id='word_1_716' title='bbox 1086 1639 1135 1661; x_wconf 91' lang='lat' dir='ltr'><strong>rat.</strong></span> <span class='ocrx_word' id='word_1_717' title='bbox 1151 1632 1251 1661; x_wconf 89' lang='lat' dir='ltr'><strong>Deinde</strong></span> <span class='ocrx_word' id='word_1_718' title='bbox 1273 1631 1371 1659; x_wconf 86' lang='lat' dir='ltr'><strong>bellnm</strong></span> <span class='ocrx_word' id='word_1_719' title='bbox 1392 1634 1499 1658; x_wconf 61' lang='lat' dir='ltr'><strong>mearent</strong></span> <span class='ocrx_word' id='word_1_720' title='bbox 1518 1629 1562 1664; x_wconf 76' lang='lat' dir='ltr'><strong>qui</strong></span> <span class='ocrx_word' id='word_1_721' title='bbox 1577 1636 1610 1656; x_wconf 77' lang='lat' dir='ltr'><strong>ex</strong></span> <span class='ocrx_word' id='word_1_722' title='bbox 1627 1628 1695 1655; x_wconf 85' lang='lat' dir='ltr'><strong>trith</strong></span> <span class='ocrx_word' id='word_1_723' title='bbox 1715 1628 1769 1654; x_wconf 80' lang='lat' dir='ltr'><strong>Dan</strong></span> <span class='ocrx_word' id='word_1_724' title='bbox 1783 1631 1873 1659; x_wconf 78' lang='lat' dir='ltr'><strong>erant,</strong></span> 
     </span>
    </p>
   </div>
   <div class='ocr_carea' id='block_1_95' title="bbox 1085 1672 1874 1714">
    <p class='ocr_par' dir='ltr' id='par_1_95' title="bbox 1085 1672 1874 1714">
     <span class='ocr_line' id='line_1_95' title="bbox 1085 1672 1874 1714; baseline -0.01 -6"><span class='ocrx_word' id='word_1_725' title='bbox 1085 1680 1241 1714; x_wconf 84' lang='lat' dir='ltr'><strong>Laisamque</strong></span> <span class='ocrx_word' id='word_1_726' title='bbox 1252 1676 1467 1712; x_wconf 82' lang='lat' dir='ltr'><strong>capiunt,etipsi</strong></span> <span class='ocrx_word' id='word_1_727' title='bbox 1477 1683 1572 1704; x_wconf 90' lang='lat' dir='ltr'><strong>nomen</strong></span> <span class='ocrx_word' id='word_1_728' title='bbox 1582 1672 1734 1702; x_wconf 79' lang='lat' dir='ltr'><strong>indiderunt</strong></span> <span class='ocrx_word' id='word_1_729' title='bbox 1748 1683 1755 1701; x_wconf 89' lang='lat'>:</span> <span class='ocrx_word' id='word_1_730' title='bbox 1770 1678 1874 1701; x_wconf 86' lang='lat' dir='ltr'><strong>statue--</strong></span> 
     </span>
    </p>
   </div>
   <div class='ocr_carea' id='block_1_96' title="bbox 1084 1720 1874 1761">
    <p class='ocr_par' dir='ltr' id='par_1_96' title="bbox 1084 1720 1874 1761">
     <span class='ocr_line' id='line_1_96' title="bbox 1084 1720 1874 1761; baseline -0.01 -8"><span class='ocrx_word' id='word_1_731' title='bbox 1084 1731 1201 1761; x_wconf 87' lang='lat' dir='ltr'><strong>runtqne</strong></span> <span class='ocrx_word' id='word_1_732' title='bbox 1212 1725 1247 1752; x_wconf 88' lang='lat' dir='ltr'><strong>ibi</strong></span> <span class='ocrx_word' id='word_1_733' title='bbox 1261 1723 1381 1758; x_wconf 82' lang='lat' dir='ltr'><strong>sculptile</strong></span> <span class='ocrx_word' id='word_1_734' title='bbox 1396 1721 1546 1749; x_wconf 88' lang='lat' dir='ltr'><strong>colendum.</strong></span> <span class='ocrx_word' id='word_1_735' title='bbox 1562 1721 1609 1748; x_wconf 72' lang='lat' dir='ltr'><strong>Vir</strong></span> <span class='ocrx_word' id='word_1_736' title='bbox 1624 1720 1724 1752; x_wconf 83' lang='lat' dir='ltr'><strong>Levita,</strong></span> <span class='ocrx_word' id='word_1_737' title='bbox 1735 1727 1793 1746; x_wconf 90' lang='lat' dir='ltr'><strong>eum</strong></span> <span class='ocrx_word' id='word_1_738' title='bbox 1807 1726 1874 1746; x_wconf 78' lang='lat' dir='ltr'><strong>con-</strong></span> 
     </span>
    </p>
   </div>
   <div class='ocr_carea' id='block_1_97' title="bbox 1085 1765 1874 1806">
    <p class='ocr_par' dir='ltr' id='par_1_97' title="bbox 1085 1765 1874 1806">
     <span class='ocr_line' id='line_1_97' title="bbox 1085 1765 1874 1806; baseline -0.011 -7"><span class='ocrx_word' id='word_1_739' title='bbox 1085 1772 1181 1799; x_wconf 82' lang='lat' dir='ltr'><strong>cubina</strong></span> <span class='ocrx_word' id='word_1_740' title='bbox 1201 1771 1258 1806; x_wconf 82' lang='lat' dir='ltr'><strong>ejus</strong></span> <span class='ocrx_word' id='word_1_741' title='bbox 1274 1770 1339 1797; x_wconf 87' lang='lat' dir='ltr'><strong>irata</strong></span> <span class='ocrx_word' id='word_1_742' title='bbox 1353 1768 1528 1796; x_wconf 86' lang='lat' dir='ltr'><strong>abscessisset</strong></span> <span class='ocrx_word' id='word_1_743' title='bbox 1551 1767 1576 1794; x_wconf 91' lang='lat' dir='ltr'><strong>in</strong></span> <span class='ocrx_word' id='word_1_744' title='bbox 1592 1766 1700 1794; x_wconf 85' lang='lat' dir='ltr'><strong>domum</strong></span> <span class='ocrx_word' id='word_1_745' title='bbox 1714 1765 1797 1800; x_wconf 83' lang='lat' dir='ltr'><strong>patris</strong></span> <span class='ocrx_word' id='word_1_746' title='bbox 1812 1765 1874 1796; x_wconf 86' lang='lat' dir='ltr'><strong>sui,</strong></span> 
     </span>
    </p>
   </div>
   <div class='ocr_carea' id='block_1_98' title="bbox 1085 1812 1874 1854">
    <p class='ocr_par' dir='ltr' id='par_1_98' title="bbox 1085 1812 1874 1854">
     <span class='ocr_line' id='line_1_98' title="bbox 1085 1812 1874 1854; baseline -0.011 -9"><span class='ocrx_word' id='word_1_747' title='bbox 1085 1818 1220 1854; x_wconf 86' lang='lat' dir='ltr'><strong>profectus</strong></span> <span class='ocrx_word' id='word_1_748' title='bbox 1234 1820 1275 1843; x_wconf 91' lang='lat' dir='ltr'><strong>est</strong></span> <span class='ocrx_word' id='word_1_749' title='bbox 1286 1813 1315 1842; x_wconf 73' lang='lat' dir='ltr'><strong>ut</strong></span> <span class='ocrx_word' id='word_1_750' title='bbox 1329 1815 1400 1842; x_wconf 86' lang='lat' dir='ltr'><strong>illam</strong></span> <span class='ocrx_word' id='word_1_751' title='bbox 1416 1820 1505 1840; x_wconf 81' lang='lat' dir='ltr'><strong>secum</strong></span> <span class='ocrx_word' id='word_1_752' title='bbox 1519 1812 1675 1843; x_wconf 84' lang='lat' dir='ltr'><strong>reduceret;</strong></span> <span class='ocrx_word' id='word_1_753' title='bbox 1691 1818 1750 1838; x_wconf 88' lang='lat' dir='ltr'><strong>eum</strong></span> <span class='ocrx_word' id='word_1_754' title='bbox 1764 1814 1874 1844; x_wconf 80' lang='lat' dir='ltr'><strong>accepta</strong></span> 
     </span>
    </p>
   </div>
   <div class='ocr_carea' id='block_1_99' title="bbox 1086 1855 1874 1894">
    <p class='ocr_par' dir='ltr' id='par_1_99' title="bbox 1086 1855 1874 1894">
     <span class='ocr_line' id='line_1_99' title="bbox 1086 1855 1874 1894; baseline -0.013 -3"><span class='ocrx_word' id='word_1_755' title='bbox 1086 1864 1129 1891; x_wconf 82' lang='lat' dir='ltr'><strong>illa</strong></span> <span class='ocrx_word' id='word_1_756' title='bbox 1143 1862 1261 1894; x_wconf 82' lang='lat' dir='ltr'><strong>rediret,</strong></span> <span class='ocrx_word' id='word_1_757' title='bbox 1272 1861 1373 1894; x_wconf 84' lang='lat' dir='ltr'><strong>iterque</strong></span> <span class='ocrx_word' id='word_1_758' title='bbox 1384 1863 1489 1894; x_wconf 83' lang='lat' dir='ltr'><strong>ageret,</strong></span> <span class='ocrx_word' id='word_1_759' title='bbox 1505 1857 1612 1885; x_wconf 82' lang='lat' dir='ltr'><strong>divertit</strong></span> <span class='ocrx_word' id='word_1_760' title='bbox 1626 1857 1651 1883; x_wconf 90' lang='lat' dir='ltr'><strong>in</strong></span> <span class='ocrx_word' id='word_1_761' title='bbox 1672 1856 1761 1884; x_wconf 77' lang='lat' dir='ltr'><strong>Gabaa</strong></span> <span class='ocrx_word' id='word_1_762' title='bbox 1775 1855 1874 1889; x_wconf 76' lang='lat' dir='ltr'><strong>Benja-</strong></span> 
     </span>
    </p>
   </div>
   <div class='ocr_carea' id='block_1_100' title="bbox 1086 1901 1875 1943">
    <p class='ocr_par' dir='ltr' id='par_1_100' title="bbox 1086 1901 1875 1943">
     <span class='ocr_line' id='line_1_100' title="bbox 1086 1901 1875 1943; baseline -0.011 -7"><span class='ocrx_word' id='word_1_763' title='bbox 1086 1909 1150 1942; x_wconf 91' lang='lat' dir='ltr'><strong>min,</strong></span> <span class='ocrx_word' id='word_1_764' title='bbox 1162 1907 1230 1943; x_wconf 82' lang='lat' dir='ltr'><strong>apud</strong></span> <span class='ocrx_word' id='word_1_765' title='bbox 1242 1913 1333 1934; x_wconf 84' lang='lat' dir='ltr'><strong>senem</strong></span> <span class='ocrx_word' id='word_1_766' title='bbox 1347 1905 1500 1940; x_wconf 90' lang='lat' dir='ltr'><strong>quemdam.</strong></span> <span class='ocrx_word' id='word_1_767' title='bbox 1510 1903 1559 1937; x_wconf 84' lang='lat' dir='ltr'><strong>Qui</strong></span> <span class='ocrx_word' id='word_1_768' title='bbox 1571 1905 1598 1930; x_wconf 94' lang='lat' dir='ltr'><strong>in</strong></span> <span class='ocrx_word' id='word_1_769' title='bbox 1612 1902 1700 1930; x_wconf 87' lang='lat' dir='ltr'><strong>Gabaa</strong></span> <span class='ocrx_word' id='word_1_770' title='bbox 1724 1905 1800 1928; x_wconf 80' lang='lat' dir='ltr'><strong>erant</strong></span> <span class='ocrx_word' id='word_1_771' title='bbox 1821 1901 1875 1928; x_wconf 87' lang='lat' dir='ltr'><strong>cir-</strong></span> 
     </span>
    </p>
   </div>
   <div class='ocr_carea' id='block_1_101' title="bbox 1085 1948 1877 1985">
    <p class='ocr_par' dir='ltr' id='par_1_101' title="bbox 1085 1948 1877 1985">
     <span class='ocr_line' id='line_1_101' title="bbox 1085 1948 1877 1985; baseline -0.014 -3"><span class='ocrx_word' id='word_1_772' title='bbox 1085 1954 1242 1982; x_wconf 87' lang='lat' dir='ltr'><strong>cumdantcs</strong></span> <span class='ocrx_word' id='word_1_773' title='bbox 1258 1952 1367 1979; x_wconf 91' lang='lat' dir='ltr'><strong>domum</strong></span> <span class='ocrx_word' id='word_1_774' title='bbox 1378 1972 1384 1982; x_wconf 87' lang='lat'><strong>,</strong></span> <span class='ocrx_word' id='word_1_775' title='bbox 1400 1950 1525 1985; x_wconf 86' lang='lat' dir='ltr'><strong>petebant</strong></span> <span class='ocrx_word' id='word_1_776' title='bbox 1537 1948 1682 1982; x_wconf 87' lang='lat' dir='ltr'><strong>hospitem,</strong></span> <span class='ocrx_word' id='word_1_777' title='bbox 1698 1951 1727 1973; x_wconf 88' lang='lat' dir='ltr'><strong>ut</strong></span> <span class='ocrx_word' id='word_1_778' title='bbox 1739 1951 1877 1973; x_wconf 85' lang='lat' dir='ltr'><strong>contume-</strong></span> 
     </span>
    </p>
   </div>
   <div class='ocr_carea' id='block_1_102' title="bbox 1087 1991 1876 2035">
    <p class='ocr_par' dir='ltr' id='par_1_102' title="bbox 1087 1991 1876 2035">
     <span class='ocr_line' id='line_1_102' title="bbox 1087 1991 1876 2035; baseline -0.011 -7"><span class='ocrx_word' id='word_1_779' title='bbox 1087 2001 1148 2028; x_wconf 90' lang='lat' dir='ltr'><strong>liam</strong></span> <span class='ocrx_word' id='word_1_780' title='bbox 1163 2000 1211 2035; x_wconf 82' lang='lat' dir='ltr'><strong>ipsi</strong></span> <span class='ocrx_word' id='word_1_781' title='bbox 1227 1998 1365 2026; x_wconf 82' lang='lat' dir='ltr'><strong>inferrent.</strong></span> <span class='ocrx_word' id='word_1_782' title='bbox 1388 1997 1474 2024; x_wconf 82' lang='lat' dir='ltr'><strong>Senex</strong></span> <span class='ocrx_word' id='word_1_783' title='bbox 1490 2000 1600 2030; x_wconf 81' lang='lat' dir='ltr'><strong>paratus</strong></span> <span class='ocrx_word' id='word_1_784' title='bbox 1618 1998 1677 2021; x_wconf 87' lang='lat' dir='ltr'><strong>erat</strong></span> <span class='ocrx_word' id='word_1_785' title='bbox 1690 1993 1754 2028; x_wconf 77' lang='lat' dir='ltr'><strong>ipsis</strong></span> <span class='ocrx_word' id='word_1_786' title='bbox 1769 1991 1876 2020; x_wconf 85' lang='lat' dir='ltr'><strong>tradere</strong></span> 
     </span>
    </p>
   </div>
   <div class='ocr_carea' id='block_1_103' title="bbox 1087 2039 1878 2079">
    <p class='ocr_par' dir='ltr' id='par_1_103' title="bbox 1087 2039 1878 2079">
     <span class='ocr_line' id='line_1_103' title="bbox 1087 2039 1878 2079; baseline -0.013 -4"><span class='ocrx_word' id='word_1_787' title='bbox 1087 2048 1166 2075; x_wconf 70' lang='lat' dir='ltr'><strong>tiliam</strong></span> <span class='ocrx_word' id='word_1_788' title='bbox 1184 2053 1259 2073; x_wconf 75' lang='lat' dir='ltr'><strong>suam</strong></span> <span class='ocrx_word' id='word_1_789' title='bbox 1275 2044 1416 2079; x_wconf 81' lang='lat' dir='ltr'><strong>virginem.</strong></span> <span class='ocrx_word' id='word_1_790' title='bbox 1433 2043 1472 2070; x_wconf 78' lang='lat' dir='ltr'><strong>liii</strong></span> <span class='ocrx_word' id='word_1_791' title='bbox 1485 2046 1596 2077; x_wconf 87' lang='lat' dir='ltr'><strong>accepta</strong></span> <span class='ocrx_word' id='word_1_792' title='bbox 1610 2040 1768 2073; x_wconf 82' lang='lat' dir='ltr'><strong>concubina,</strong></span> <span class='ocrx_word' id='word_1_793' title='bbox 1785 2039 1878 2066; x_wconf 85' lang='lat' dir='ltr'><strong>illuse-</strong></span> 
     </span>
    </p>
   </div>
   <div class='ocr_carea' id='block_1_104' title="bbox 1086 2086 1875 2126">
    <p class='ocr_par' dir='ltr' id='par_1_104' title="bbox 1086 2086 1875 2126">
     <span class='ocr_line' id='line_1_104' title="bbox 1086 2086 1875 2126; baseline -0.013 -5"><span class='ocrx_word' id='word_1_794' title='bbox 1086 2097 1148 2121; x_wconf 86' lang='lat' dir='ltr'><strong>runt</strong></span> <span class='ocrx_word' id='word_1_795' title='bbox 1161 2092 1184 2120; x_wconf 91' lang='lat' dir='ltr'><strong>ci</strong></span> <span class='ocrx_word' id='word_1_796' title='bbox 1194 2099 1241 2126; x_wconf 90' lang='lat' dir='ltr'><strong>per</strong></span> <span class='ocrx_word' id='word_1_797' title='bbox 1255 2096 1335 2118; x_wconf 87' lang='lat' dir='ltr'><strong>totam</strong></span> <span class='ocrx_word' id='word_1_798' title='bbox 1347 2094 1462 2117; x_wconf 80' lang='lat' dir='ltr'><strong>noctem.</strong></span> <span class='ocrx_word' id='word_1_799' title='bbox 1475 2088 1698 2123; x_wconf 85' lang='lat' dir='ltr'><strong>Appetenteluce,</strong></span> <span class='ocrx_word' id='word_1_800' title='bbox 1709 2086 1751 2113; x_wconf 80' lang='lat' dir='ltr'><strong>illa</strong></span> <span class='ocrx_word' id='word_1_801' title='bbox 1766 2086 1875 2114; x_wconf 57' lang='lat' dir='ltr'><strong>dimiSsa</strong></span> 
     </span>
    </p>
   </div>
   <div class='ocr_carea' id='block_1_105' title="bbox 1085 2132 1875 2167">
    <p class='ocr_par' dir='ltr' id='par_1_105' title="bbox 1085 2132 1875 2167">
     <span class='ocr_line' id='line_1_105' title="bbox 1085 2132 1875 2167; baseline -0.011 0"><span class='ocrx_word' id='word_1_802' title='bbox 1085 2139 1217 2167; x_wconf 87' lang='lat' dir='ltr'><strong>abierunt.</strong></span> <span class='ocrx_word' id='word_1_803' title='bbox 1246 2137 1290 2164; x_wconf 90' lang='lat' dir='ltr'><strong>illa</strong></span> <span class='ocrx_word' id='word_1_804' title='bbox 1305 2143 1370 2163; x_wconf 84' lang='lat' dir='ltr'><strong>vero</strong></span> <span class='ocrx_word' id='word_1_805' title='bbox 1382 2143 1413 2162; x_wconf 81' lang='lat' dir='ltr'><strong>ex</strong></span> <span class='ocrx_word' id='word_1_806' title='bbox 1430 2134 1536 2162; x_wconf 84' lang='lat' dir='ltr'><strong>inducta</strong></span> <span class='ocrx_word' id='word_1_807' title='bbox 1556 2133 1606 2160; x_wconf 84' lang='lat' dir='ltr'><strong>sibi</strong></span> <span class='ocrx_word' id='word_1_808' title='bbox 1623 2132 1752 2164; x_wconf 83' lang='lat' dir='ltr'><strong>molestia,</strong></span> <span class='ocrx_word' id='word_1_809' title='bbox 1770 2139 1829 2159; x_wconf 89' lang='lat' dir='ltr'><strong>cum</strong></span> <span class='ocrx_word' id='word_1_810' title='bbox 1842 2132 1875 2158; x_wconf 85' lang='lat' dir='ltr'><strong>ad</strong></span> 
     </span>
    </p>
   </div>
   <div class='ocr_carea' id='block_1_106' title="bbox 1086 2178 1876 2218">
    <p class='ocr_par' dir='ltr' id='par_1_106' title="bbox 1086 2178 1876 2218">
     <span class='ocr_line' id='line_1_106' title="bbox 1086 2178 1876 2218; baseline -0.01 -6"><span class='ocrx_word' id='word_1_811' title='bbox 1086 2185 1205 2217; x_wconf 89' lang='lat' dir='ltr'><strong>domum,</strong></span> <span class='ocrx_word' id='word_1_812' title='bbox 1217 2191 1270 2218; x_wconf 88' lang='lat' dir='ltr'><strong>quo</strong></span> <span class='ocrx_word' id='word_1_813' title='bbox 1280 2182 1348 2210; x_wconf 75' lang='lat' dir='ltr'><strong>dive:</strong></span> <span class='ocrx_word' id='word_1_814' title='bbox 1356 2186 1425 2208; x_wconf 87' lang='lat' dir='ltr'><strong>terat</strong></span> <span class='ocrx_word' id='word_1_815' title='bbox 1434 2181 1473 2207; x_wconf 90' lang='lat' dir='ltr'><strong>vir</strong></span> <span class='ocrx_word' id='word_1_816' title='bbox 1488 2180 1555 2214; x_wconf 86' lang='lat' dir='ltr'><strong>ejus,</strong></span> <span class='ocrx_word' id='word_1_817' title='bbox 1565 2179 1738 2214; x_wconf 82' lang='lat' dir='ltr'><strong>pervenisset,</strong></span> <span class='ocrx_word' id='word_1_818' title='bbox 1753 2178 1876 2212; x_wconf 82' lang='lat' dir='ltr'><strong>exspira-</strong></span> 
     </span>
    </p>
   </div>
   <div class='ocr_carea' id='block_1_107' title="bbox 1086 2223 1880 2264">
    <p class='ocr_par' dir='ltr' id='par_1_107' title="bbox 1086 2223 1880 2264">
     <span class='ocr_line' id='line_1_107' title="bbox 1086 2223 1880 2264; baseline -0.01 -6"><span class='ocrx_word' id='word_1_819' title='bbox 1086 2232 1135 2258; x_wconf 87' lang='lat' dir='ltr'><strong>vit.</strong></span> <span class='ocrx_word' id='word_1_820' title='bbox 1148 2230 1194 2257; x_wconf 81' lang='lat' dir='ltr'><strong>llle</strong></span> <span class='ocrx_word' id='word_1_821' title='bbox 1210 2235 1334 2264; x_wconf 78' lang='lat' dir='ltr'><strong>egressus</strong></span> <span class='ocrx_word' id='word_1_822' title='bbox 1345 2247 1353 2259; x_wconf 92' lang='lat'><strong>,</strong></span> <span class='ocrx_word' id='word_1_823' title='bbox 1367 2234 1427 2254; x_wconf 91' lang='lat' dir='ltr'><strong>cum</strong></span> <span class='ocrx_word' id='word_1_824' title='bbox 1450 2230 1581 2253; x_wconf 84' lang='lat' dir='ltr'><strong>mortuam</strong></span> <span class='ocrx_word' id='word_1_825' title='bbox 1594 2224 1753 2257; x_wconf 80' lang='lat' dir='ltr'><strong>invenisset,</strong></span> <span class='ocrx_word' id='word_1_826' title='bbox 1762 2223 1880 2250; x_wconf 85' lang='lat' dir='ltr'><strong>cadaver</strong></span> 
     </span>
    </p>
   </div>
   <div class='ocr_carea' id='block_1_108' title="bbox 1087 2269 1878 2310">
    <p class='ocr_par' dir='ltr' id='par_1_108' title="bbox 1087 2269 1878 2310">
     <span class='ocr_line' id='line_1_108' title="bbox 1087 2269 1878 2310; baseline -0.011 -5"><span class='ocrx_word' id='word_1_827' title='bbox 1087 2277 1113 2304; x_wconf 90' lang='lat' dir='ltr'><strong>in</strong></span> <span class='ocrx_word' id='word_1_828' title='bbox 1128 2275 1268 2304; x_wconf 88' lang='lat' dir='ltr'><strong>duodecim</strong></span> <span class='ocrx_word' id='word_1_829' title='bbox 1285 2278 1373 2310; x_wconf 86' lang='lat' dir='ltr'><strong>partes</strong></span> <span class='ocrx_word' id='word_1_830' title='bbox 1385 2273 1483 2306; x_wconf 87' lang='lat' dir='ltr'><strong>divisit,</strong></span> <span class='ocrx_word' id='word_1_831' title='bbox 1500 2272 1623 2306; x_wconf 84' lang='lat' dir='ltr'><strong>misitque</strong></span> <span class='ocrx_word' id='word_1_832' title='bbox 1639 2271 1780 2298; x_wconf 91' lang='lat' dir='ltr'><strong>duodecim</strong></span> <span class='ocrx_word' id='word_1_833' title='bbox 1793 2269 1878 2297; x_wconf 87' lang='lat' dir='ltr'><strong>tribu-</strong></span> 
     </span>
    </p>
   </div>
   <div class='ocr_carea' id='block_1_109' title="bbox 1086 2316 1878 2355">
    <p class='ocr_par' dir='ltr' id='par_1_109' title="bbox 1086 2316 1878 2355">
     <span class='ocr_line' id='line_1_109' title="bbox 1086 2316 1878 2355; baseline -0.011 -4"><span class='ocrx_word' id='word_1_834' title='bbox 1086 2324 1145 2352; x_wconf 85' lang='lat' dir='ltr'><strong>bus.</strong></span> <span class='ocrx_word' id='word_1_835' title='bbox 1161 2323 1270 2350; x_wconf 85' lang='lat' dir='ltr'><strong>Factum</strong></span> <span class='ocrx_word' id='word_1_836' title='bbox 1286 2320 1393 2355; x_wconf 80' lang='lat' dir='ltr'><strong>indigne</strong></span> <span class='ocrx_word' id='word_1_837' title='bbox 1406 2319 1523 2346; x_wconf 85' lang='lat' dir='ltr'><strong>tulerunt</strong></span> <span class='ocrx_word' id='word_1_838' title='bbox 1538 2317 1674 2350; x_wconf 71' lang='lat' dir='ltr'><strong>lsraelitre,</strong></span> <span class='ocrx_word' id='word_1_839' title='bbox 1687 2321 1714 2344; x_wconf 89' lang='lat' dir='ltr'><strong>et</strong></span> <span class='ocrx_word' id='word_1_840' title='bbox 1723 2316 1818 2344; x_wconf 80' lang='lat' dir='ltr'><strong>armati</strong></span> <span class='ocrx_word' id='word_1_841' title='bbox 1832 2322 1878 2350; x_wconf 91' lang='lat' dir='ltr'><strong>pe-</strong></span> 
     </span>
    </p>
   </div>
   <div class='ocr_carea' id='block_1_110' title="bbox 1088 2362 1877 2403">
    <p class='ocr_par' dir='ltr' id='par_1_110' title="bbox 1088 2362 1877 2403">
     <span class='ocr_line' id='line_1_110' title="bbox 1088 2362 1877 2403; baseline -0.01 -6"><span class='ocrx_word' id='word_1_842' title='bbox 1088 2370 1178 2397; x_wconf 86' lang='lat' dir='ltr'><strong>tebant</strong></span> <span class='ocrx_word' id='word_1_843' title='bbox 1190 2376 1238 2396; x_wconf 88' lang='lat' dir='ltr'><strong>eos</strong></span> <span class='ocrx_word' id='word_1_844' title='bbox 1250 2367 1294 2403; x_wconf 84' lang='lat' dir='ltr'><strong>qui</strong></span> <span class='ocrx_word' id='word_1_845' title='bbox 1310 2367 1414 2394; x_wconf 89' lang='lat' dir='ltr'><strong>mulieri</strong></span> <span class='ocrx_word' id='word_1_846' title='bbox 1432 2365 1620 2393; x_wconf 86' lang='lat' dir='ltr'><strong>contumeliam</strong></span> <span class='ocrx_word' id='word_1_847' title='bbox 1637 2363 1765 2391; x_wconf 77' lang='lat' dir='ltr'><strong>fecerant.</strong></span> <span class='ocrx_word' id='word_1_848' title='bbox 1781 2362 1816 2391; x_wconf 82' lang='lat' dir='ltr'><strong>Ut</strong></span> <span class='ocrx_word' id='word_1_849' title='bbox 1828 2370 1877 2389; x_wconf 76' lang='lat' dir='ltr'><strong>an-</strong></span> 
     </span>
    </p>
   </div>
   <div class='ocr_carea' id='block_1_111' title="bbox 1088 2408 1877 2449">
    <p class='ocr_par' dir='ltr' id='par_1_111' title="bbox 1088 2408 1877 2449">
     <span class='ocr_line' id='line_1_111' title="bbox 1088 2408 1877 2449; baseline -0.013 -5"><span class='ocrx_word' id='word_1_850' title='bbox 1088 2421 1142 2444; x_wconf 89' lang='lat' dir='ltr'><strong>tem</strong></span> <span class='ocrx_word' id='word_1_851' title='bbox 1171 2414 1327 2449; x_wconf 71' lang='lat' dir='ltr'><strong>Bcnjamitze</strong></span> <span class='ocrx_word' id='word_1_852' title='bbox 1359 2413 1418 2440; x_wconf 85' lang='lat' dir='ltr'><strong>illos</strong></span> <span class='ocrx_word' id='word_1_853' title='bbox 1442 2411 1547 2439; x_wconf 88' lang='lat' dir='ltr'><strong>tradere</strong></span> <span class='ocrx_word' id='word_1_854' title='bbox 1579 2414 1747 2442; x_wconf 87' lang='lat' dir='ltr'><strong>renuerunt,</strong></span> <span class='ocrx_word' id='word_1_855' title='bbox 1778 2408 1877 2436; x_wconf 89' lang='lat' dir='ltr'><strong>bellum</strong></span> 
     </span>
    </p>
   </div>
   <div class='ocr_carea' id='block_1_112' title="bbox 1087 2454 1878 2494">
    <p class='ocr_par' dir='ltr' id='par_1_112' title="bbox 1087 2454 1878 2494">
     <span class='ocr_line' id='line_1_112' title="bbox 1087 2454 1878 2494; baseline -0.01 -6"><span class='ocrx_word' id='word_1_856' title='bbox 1087 2464 1238 2489; x_wconf 85' lang='lat' dir='ltr'><strong>moverunt.</strong></span> <span class='ocrx_word' id='word_1_857' title='bbox 1254 2460 1287 2486; x_wconf 84' lang='lat' dir='ltr'><strong>Et</strong></span> <span class='ocrx_word' id='word_1_858' title='bbox 1300 2459 1386 2494; x_wconf 85' lang='lat' dir='ltr'><strong>primo</strong></span> <span class='ocrx_word' id='word_1_859' title='bbox 1400 2457 1461 2484; x_wconf 78' lang='lat' dir='ltr'><strong>victi</strong></span> <span class='ocrx_word' id='word_1_860' title='bbox 1474 2460 1551 2488; x_wconf 75' lang='lat' dir='ltr'><strong>sunt,</strong></span> <span class='ocrx_word' id='word_1_861' title='bbox 1564 2455 1682 2483; x_wconf 85' lang='lat' dir='ltr'><strong>secundo</strong></span> <span class='ocrx_word' id='word_1_862' title='bbox 1695 2454 1818 2482; x_wconf 79' lang='lat' dir='ltr'><strong>similiter</strong></span> <span class='ocrx_word' id='word_1_863' title='bbox 1831 2462 1838 2480; x_wconf 75' lang='grc' dir='ltr'><strong>ε</strong></span> <span class='ocrx_word' id='word_1_864' title='bbox 1852 2454 1878 2480; x_wconf 90' lang='lat' dir='ltr'><strong>in</strong></span> 
     </span>
    </p>
   </div>
   <div class='ocr_carea' id='block_1_113' title="bbox 1088 2500 1879 2540">
    <p class='ocr_par' dir='ltr' id='par_1_113' title="bbox 1088 2500 1879 2540">
     <span class='ocr_line' id='line_1_113' title="bbox 1088 2500 1879 2540; baseline -0.011 -5"><span class='ocrx_word' id='word_1_865' title='bbox 1088 2508 1166 2536; x_wconf 87' lang='lat' dir='ltr'><strong>tertio</strong></span> <span class='ocrx_word' id='word_1_866' title='bbox 1180 2511 1269 2534; x_wconf 85' lang='lat' dir='ltr'><strong>autem</strong></span> <span class='ocrx_word' id='word_1_867' title='bbox 1282 2511 1426 2540; x_wconf 76' lang='lat' dir='ltr'><strong>congressu</strong></span> <span class='ocrx_word' id='word_1_868' title='bbox 1439 2507 1522 2530; x_wconf 88' lang='lat' dir='ltr'><strong>totam</strong></span> <span class='ocrx_word' id='word_1_869' title='bbox 1543 2501 1644 2529; x_wconf 83' lang='lat' dir='ltr'><strong>tribum</strong></span> <span class='ocrx_word' id='word_1_870' title='bbox 1654 2500 1796 2535; x_wconf 80' lang='lat' dir='ltr'><strong>Beujamin.</strong></span> <span class='ocrx_word' id='word_1_871' title='bbox 1817 2507 1879 2534; x_wconf 80' lang='lat' dir='ltr'><strong>per-</strong></span> 
     </span>
    </p>
   </div>
   <div class='ocr_carea' id='block_1_114' title="bbox 1089 2545 1879 2586">
    <p class='ocr_par' dir='ltr' id='par_1_114' title="bbox 1089 2545 1879 2586">
     <span class='ocr_line' id='line_1_114' title="bbox 1089 2545 1879 2586; baseline -0.011 -5"><span class='ocrx_word' id='word_1_872' title='bbox 1089 2556 1239 2585; x_wconf 83' lang='lat' dir='ltr'><strong>cusserunt,</strong></span> <span class='ocrx_word' id='word_1_873' title='bbox 1264 2555 1360 2586; x_wconf 75' lang='lat' dir='ltr'><strong>prrctcr</strong></span> <span class='ocrx_word' id='word_1_874' title='bbox 1387 2547 1604 2583; x_wconf 83' lang='lat' dir='ltr'><strong>sexcentos,qui</strong></span> <span class='ocrx_word' id='word_1_875' title='bbox 1620 2546 1789 2581; x_wconf 86' lang='lat' dir='ltr'><strong>aufugerant.</strong></span> <span class='ocrx_word' id='word_1_876' title='bbox 1812 2545 1879 2573; x_wconf 90' lang='lat' dir='ltr'><strong>Cum</strong></span> 
     </span>
    </p>
   </div>
   <div class='ocr_carea' id='block_1_115' title="bbox 1089 2591 1880 2635">
    <p class='ocr_par' dir='ltr' id='par_1_115' title="bbox 1089 2591 1880 2635">
     <span class='ocr_line' id='line_1_115' title="bbox 1089 2591 1880 2635; baseline -0.014 -7"><span class='ocrx_word' id='word_1_877' title='bbox 1089 2605 1177 2628; x_wconf 91' lang='lat' dir='ltr'><strong>autem</strong></span> <span class='ocrx_word' id='word_1_878' title='bbox 1191 2597 1336 2635; x_wconf 88' lang='lat' dir='ltr'><strong>perieulum</strong></span> <span class='ocrx_word' id='word_1_879' title='bbox 1356 2599 1427 2624; x_wconf 82' lang='lat' dir='ltr'><strong>esset</strong></span> <span class='ocrx_word' id='word_1_880' title='bbox 1441 2602 1475 2622; x_wconf 86' lang='lat' dir='ltr'><strong>nc</strong></span> <span class='ocrx_word' id='word_1_881' title='bbox 1495 2598 1547 2621; x_wconf 87' lang='lat' dir='ltr'><strong>tota</strong></span> <span class='ocrx_word' id='word_1_882' title='bbox 1559 2593 1643 2621; x_wconf 76' lang='lat' dir='ltr'><strong>tribus</strong></span> <span class='ocrx_word' id='word_1_883' title='bbox 1662 2592 1764 2628; x_wconf 90' lang='lat' dir='ltr'><strong>periret</strong></span> <span class='ocrx_word' id='word_1_884' title='bbox 1779 2591 1880 2626; x_wconf 89' lang='lat' dir='ltr'><strong>(neque</strong></span> 
     </span>
    </p>
   </div>
   <div class='ocr_carea' id='block_1_116' title="bbox 1090 2679 1850 2735">
    <p class='ocr_par' dir='ltr' id='par_1_116' title="bbox 1090 2679 1850 2735">
     <span class='ocr_line' id='line_1_116' title="bbox 1090 2679 1850 2735; baseline -0.004 -24"><span class='ocrx_word' id='word_1_885' title='bbox 1090 2679 1131 2719; x_wconf 61' lang='grc' dir='ltr'><strong>ξίιῆ</strong></span> <span class='ocrx_word' id='word_1_886' title='bbox 1143 2679 1297 2715; x_wconf 73' lang='lat' dir='ltr'><strong>sponsalibus</strong></span> <span class='ocrx_word' id='word_1_887' title='bbox 1310 2679 1485 2724; x_wconf 60' lang='lat' dir='ltr'><strong>interfuerant,</strong></span> <span class='ocrx_word' id='word_1_888' title='bbox 1499 2679 1655 2735; x_wconf 50' lang='grc' dir='ltr'><strong>-ιιξμφοιγωγέν</strong></span> <span class='ocrx_word' id='word_1_889' title='bbox 1666 2679 1850 2715; x_wconf 48' lang='lat' dir='ltr'><strong>appellaverit.</strong></span> 
     </span>
     <span class='ocr_line' id='line_1_117' title="bbox 1120 2711 1850 2735; baseline 0 0"><span class='ocrx_word' id='word_1_890' title='bbox 1120 2719 1155 2735; x_wconf 72' lang='lat' dir='ltr'><strong>(nt</strong></span> <span class='ocrx_word' id='word_1_891' title='bbox 1169 2717 1195 2735; x_wconf 76' lang='lat' dir='ltr'><strong>In</strong></span> <span class='ocrx_word' id='word_1_892' title='bbox 1209 2720 1276 2735; x_wconf 73' lang='lat' dir='ltr'><strong>lrwln</strong></span> <span class='ocrx_word' id='word_1_893' title='bbox 1293 2718 1373 2735; x_wconf 69' lang='lat' dir='ltr'><strong>nrmm</strong></span> <span class='ocrx_word' id='word_1_894' title='bbox 1391 2713 1526 2735; x_wconf 68' lang='lat' dir='ltr'><strong>(‘mslintam</strong></span> <span class='ocrx_word' id='word_1_895' title='bbox 1546 2711 1605 2735; x_wconf 70' lang='lat' dir='ltr'><strong>ﬁed.</strong></span> <span class='ocrx_word' id='word_1_896' title='bbox 1648 2715 1815 2735; x_wconf 70' lang='grc' dir='ltr'><strong>εζιωΐ.τνηιιός</strong></span> <span class='ocrx_word' id='word_1_897' title='bbox 1834 2722 1850 2734; x_wconf 75' lang='grc' dir='ltr'><strong>τι</strong></span> 
     </span>
    </p>
   </div>
   <div class='ocr_carea' id='block_1_117' title="bbox 1120 2711 1882 2750">
    <p class='ocr_par' dir='ltr' id='par_1_117' title="bbox 1120 2711 1882 2750">
     <span class='ocr_line' id='line_1_118' title="bbox 1120 2711 1882 2750; baseline -0.016 -6"><span class='ocrx_word' id='word_1_898' title='bbox 1120 2711 1161 2750; x_wconf 61' lang='grc' dir='ltr'><strong>(α)’</strong></span> <span class='ocrx_word' id='word_1_899' title='bbox 1169 2717 1196 2742; x_wconf 94' lang='lat' dir='ltr'><strong>In</strong></span> <span class='ocrx_word' id='word_1_900' title='bbox 1209 2720 1278 2742; x_wconf 86' lang='lat' dir='ltr'><strong>textu</strong></span> <span class='ocrx_word' id='word_1_901' title='bbox 1293 2718 1373 2739; x_wconf 78' lang='lat' dir='ltr'><strong>Grzeoo</strong></span> <span class='ocrx_word' id='word_1_902' title='bbox 1391 2713 1527 2750; x_wconf 56' lang='lat' dir='ltr'><strong>goislittiani</strong></span> <span class='ocrx_word' id='word_1_903' title='bbox 1731 2716 1823 2750; x_wconf 49' lang='lat' dir='ltr'><strong>Ira—6:2</strong></span> 
     </span>
    </p>
   </div>
   <div class='ocr_carea' id='block_1_118' title="bbox 1089 2739 1882 2778">
    <p class='ocr_par' dir='ltr' id='par_1_118' title="bbox 1089 2739 1882 2778">
     <span class='ocr_line' id='line_1_119' title="bbox 1089 2739 1882 2778; baseline -0.015 -2"><span class='ocrx_word' id='word_1_904' title='bbox 1089 2739 1290 2778; x_wconf 46' lang='grc' dir='ltr'><strong>Δαέξλίνᾷξόῖσξιλῴων</strong></span> <span class='ocrx_word' id='word_1_905' title='bbox 1303 2750 1384 2773; x_wconf 71' lang='grc' dir='ltr'><strong>Διλεδᾶς.</strong></span> <span class='ocrx_word' id='word_1_906' title='bbox 1397 2744 1480 2778; x_wconf 67' lang='lat' dir='ltr'><strong>Nescio</strong></span> <span class='ocrx_word' id='word_1_907' title='bbox 1488 2743 1544 2774; x_wconf 86' lang='lat' dir='ltr'><strong>quid</strong></span> <span class='ocrx_word' id='word_1_908' title='bbox 1553 2743 1598 2765; x_wconf 79' lang='lat' dir='ltr'><strong>hoc</strong></span> <span class='ocrx_word' id='word_1_909' title='bbox 1608 2739 1719 2778; x_wconf 48' lang='lat' dir='ltr'><strong>vati-anuli</strong></span> <span class='ocrx_word' id='word_1_910' title='bbox 1729 2739 1773 2770; x_wconf 84' lang='lat' dir='ltr'><strong>sit;</strong></span> <span class='ocrx_word' id='word_1_911' title='bbox 1786 2739 1882 2778; x_wconf 64' lang='lat' dir='ltr'><strong>yidetur</strong></span> 
     </span>
    </p>
   </div>
   <div class='ocr_carea' id='block_1_119' title="bbox 1090 2771 1884 2812">
    <p class='ocr_par' dir='ltr' id='par_1_119' title="bbox 1090 2771 1884 2812">
     <span class='ocr_line' id='line_1_120' title="bbox 1090 2771 1884 2812; baseline -0.015 -7"><span class='ocrx_word' id='word_1_912' title='bbox 1090 2771 1319 2812; x_wconf 21' lang='lat' dir='ltr'><strong>hicqi-at‘riiernomen</strong></span> <span class='ocrx_word' id='word_1_913' title='bbox 1331 2771 1430 2812; x_wconf 45' lang='lat' dir='ltr'><strong>apponi;</strong></span> <span class='ocrx_word' id='word_1_914' title='bbox 1438 2771 1530 2812; x_wconf 47' lang='grc' dir='ltr'><strong>νεώ-ιι)</strong></span> <span class='ocrx_word' id='word_1_915' title='bbox 1537 2771 1884 2812; x_wconf 38' lang='lat' dir='ltr'><strong>Samson‘mlittemisve-Da-</strong></span> 
     </span>
    </p>
   </div>
   <div class='ocr_carea' id='block_1_120' title="bbox 1090 2802 1883 2839">
    <p class='ocr_par' dir='ltr' id='par_1_120' title="bbox 1090 2802 1883 2839">
     <span class='ocr_line' id='line_1_121' title="bbox 1090 2802 1883 2839; baseline -0.015 -2"><span class='ocrx_word' id='word_1_916' title='bbox 1090 2802 1275 2837; x_wconf 25' lang='lat' dir='ltr'><strong>illurn-Variiabat.</strong></span> <span class='ocrx_word' id='word_1_917' title='bbox 1286 2802 1352 2839; x_wconf 47' lang='lat' dir='ltr'><strong>(tutel</strong></span> <span class='ocrx_word' id='word_1_918' title='bbox 1360 2802 1383 2830; x_wconf 82' lang='lat' dir='ltr'><strong>in</strong></span> <span class='ocrx_word' id='word_1_919' title='bbox 1402 2805 1528 2839; x_wconf 69' lang='lat' dir='ltr'><strong>Alsorcch,</strong></span> <span class='ocrx_word' id='word_1_920' title='bbox 1541 2804 1590 2839; x_wconf 72' lang='lat' dir='ltr'><strong>vel,</strong></span> <span class='ocrx_word' id='word_1_921' title='bbox 1600 2808 1628 2839; x_wconf 78' lang='lat' dir='ltr'><strong>ut</strong></span> <span class='ocrx_word' id='word_1_922' title='bbox 1638 2803 1744 2839; x_wconf 66' lang='lat' dir='ltr'><strong>Vulgata</strong></span> <span class='ocrx_word' id='word_1_923' title='bbox 1760 2802 1847 2837; x_wconf 75' lang='lat' dir='ltr'><strong>habet,</strong></span> <span class='ocrx_word' id='word_1_924' title='bbox 1859 2802 1883 2839; x_wconf 84' lang='lat' dir='ltr'><strong>iu</strong></span> 
     </span>
    </p>
   </div>
   <div class='ocr_carea' id='block_1_121' title="bbox 1089 2835 1884 2869">
    <p class='ocr_par' dir='ltr' id='par_1_121' title="bbox 1089 2835 1884 2869">
     <span class='ocr_line' id='line_1_122' title="bbox 1089 2835 1884 2869; baseline -0.014 -2"><span class='ocrx_word' id='word_1_925' title='bbox 1089 2835 1153 2868; x_wconf 71' lang='lat' dir='ltr'><strong>valle</strong></span> <span class='ocrx_word' id='word_1_926' title='bbox 1164 2840 1254 2866; x_wconf 80' lang='lat' dir='ltr'><strong>Sorecb</strong></span> <span class='ocrx_word' id='word_1_927' title='bbox 1266 2835 1401 2869; x_wconf 76' lang='lat' dir='ltr'><strong>habitabat;</strong></span> <span class='ocrx_word' id='word_1_928' title='bbox 1415 2836 1530 2868; x_wconf 85' lang='lat' dir='ltr'><strong>nullaque</strong></span> <span class='ocrx_word' id='word_1_929' title='bbox 1547 2836 1586 2860; x_wconf 85' lang='lat' dir='ltr'><strong>hic</strong></span> <span class='ocrx_word' id='word_1_930' title='bbox 1603 2835 1746 2860; x_wconf 81' lang='lat' dir='ltr'><strong>obsertatur</strong></span> <span class='ocrx_word' id='word_1_931' title='bbox 1758 2835 1884 2858; x_wconf 82' lang='lat' dir='ltr'><strong>nominum</strong></span> 
     </span>
    </p>
   </div>
   <div class='ocr_carea' id='block_1_122' title="bbox 1092 2874 1201 2898">
    <p class='ocr_par' dir='ltr' id='par_1_122' title="bbox 1092 2874 1201 2898">
     <span class='ocr_line' id='line_1_123' title="bbox 1092 2874 1201 2898; baseline -0.018 0"><span class='ocrx_word' id='word_1_932' title='bbox 1092 2874 1201 2898; x_wconf 80' lang='lat' dir='ltr'><strong>afﬁnitas.</strong></span> 
     </span>
    </p>
   </div>
   <div class='ocr_carea' id='block_1_123' title="bbox 1090 2647 1882 2690">
    <p class='ocr_par' dir='ltr' id='par_1_123' title="bbox 1090 2647 1882 2690">
     <span class='ocr_line' id='line_1_124' title="bbox 1090 2647 1882 2690; baseline -0.009 -10"><span class='ocrx_word' id='word_1_933' title='bbox 1090 2658 1143 2688; x_wconf 83' lang='lat' dir='ltr'><strong>ipse</strong></span> <span class='ocrx_word' id='word_1_934' title='bbox 1157 2662 1201 2686; x_wconf 88' lang='lat' dir='ltr'><strong>pro</strong></span> <span class='ocrx_word' id='word_1_935' title='bbox 1213 2653 1357 2690; x_wconf 56' lang='grc' dir='ltr'><strong>σξιςίεταῐρῳ,</strong></span> <span class='ocrx_word' id='word_1_936' title='bbox 1374 2650 1474 2690; x_wconf 56' lang='lat' dir='ltr'><strong>scilicet</strong></span> <span class='ocrx_word' id='word_1_937' title='bbox 1489 2655 1520 2673; x_wconf 79' lang='lat' dir='ltr'><strong>ex</strong></span> <span class='ocrx_word' id='word_1_938' title='bbox 1541 2653 1644 2684; x_wconf 73' lang='lat' dir='ltr'><strong>numero</strong></span> <span class='ocrx_word' id='word_1_939' title='bbox 1661 2647 1761 2690; x_wconf 57' lang='lat' dir='ltr'><strong>triginta</strong></span> <span class='ocrx_word' id='word_1_940' title='bbox 1773 2648 1882 2690; x_wconf 57' lang='lat' dir='ltr'><strong>ilict-1m),</strong></span> 
     </span>
    </p>
   </div>
  </div>
