2074 3126
233 183 281 209 511
776 179 938 207 SYNOPSIS
956 179 1160 208 SCRIPTURIE
1179 180 1315 208 S.\CRA'J.
1811 179 1865 206 fit:

232 239 304 265 enim
320 237 355 264 illi
370 237 492 264 mulieres
508 236 651 270 habebant,
669 236 767 270 filiique
779 235 1020 270 lsraeljuravcraut

233 291 262 310 se
277 283 344 310 tilias
363 290 424 309 snas
438 290 490 308 non
505 282 568 316 ipsis
584 282 609 308 in
621 290 718 309 uxores
730 281 839 308 daturos
858 282 941 316 esse),
954 282 1019 309 oeci-

233 330 269 356 sis
283 329 335 356 illis
348 329 462 363 quicum
476 329 541 363 ipsis
565 329 664 356 bellum
686 335 740 355 non
766 333 906 363 gesserant
928 333 1020 355 centra

235 375 406 409 Benjamitas,
418 375 522 401 illorum
533 374 602 401 ﬁlias
614 374 729 408 virgines
741 374 946 409 quadringentae
958 374 1022 408 ipsis

235 421 386 448 dederunt:
400 428 458 447 eum
474 425 563 447 autem
578 419 677 446 residui
703 424 792 447 essent
811 419 856 454 qui
872 427 923 446 non
942 419 1023 446 habe-

235 472 295 494 rent
318 473 414 493 uxores
427 486 433 494 .
449 465 511 492 dum
526 465 620 491 festum
638 464 829 497 celebraretur,
845 466 1022 498 permiserunt

235 514 273 540 eis
289 519 316 540 ut
331 513 445 547 virgines
456 515 589 546 raperent,
604 510 693 538 insciis
708 511 870 545 parentibus.

481 574 597 594 SVNOPSIS
611 574 678 593 LIBRI
694 574 774 594 RUTH.

269 624 408 652 Noemmin
419 644 426 656 ,
440 623 499 650 viro
512 629 563 650 suo
574 622 688 656 ﬁliisque
703 622 814 650 mortuis
824 643 831 654 ,
847 626 967 649 cessante
982 621 1022 648 fa-

237 677 278 696 me
289 690 295 702 ,
312 669 346 696 ob
360 676 437 704 quam
453 669 479 695 in
495 667 661 695 Moabitidem
683 667 917 702 transmigraverat
928 688 935 700 ,
951 667 1023 694 venit

237 716 261 741 in
272 715 400 746 Iudaeam,
413 714 522 749 ejusque
532 714 614 741 altera
630 721 722 746 nurus,
734 714 789 748 ipsa
799 713 938 745 suadente,
950 721 1024 740 man-

236 761 270 787 sit
283 761 308 787 in
323 760 481 791 Moabitide;
495 759 578 786 altera
592 766 656 786 vero
666 779 673 793 ,
688 758 730 785 cui
750 766 847 786 nomen
866 758 936 785 Ruth
949 779 956 791 ,
974 758 1022 793 ipsi

237 807 325 833 multis
345 805 459 833 hortanti
479 809 507 832 ut
528 809 663 836 maneret,
683 812 735 831 non
754 804 961 839 obtemperavit,
975 803 1023 831 sed

237 857 347 886 sequuta
368 855 409 878 est
429 851 512 878 illam.
533 850 676 885 Nupsitque
691 850 794 882 Boozo,
809 851 854 885 qui
868 849 955 877 afliuis
968 854 1024 877 erat

236 898 383 929 Noennnin,
397 901 424 925 et
437 897 539 932 peperit
550 896 635 930 Obed,
647 895 721 924 Obed
735 900 824 924 autem
836 895 929 929 Jessae,
941 895 1023 924 Jcssa:

240 944 320 970 David
334 950 434 978 regem.

349 1007 466 1027 SYNOPSIS
481 1007 604 1032 QUATUOB
617 1006 746 1027 ιιιιιιοιιωι
761 1006 909 1026 REGNORUI.

273 1056 369 1082 Eleana
389 1062 484 1082 uxores
504 1054 604 1082 habens
619 1055 749 1086 duas,-ex
765 1054 847 1081 altera
862 1061 913 1081 non
931 1060 1023 1080 susce-

237 1106 311 1135 perat
329 1101 434 1127 liberos.
452 1099 485 1128 Ut
503 1105 590 1127 autem
612 1100 730 1127 ascendit
748 1099 922 1127 sacriﬁcatum
938 1099 963 1126 in
976 1098 1024 1127 Se-

237 1147 300 1179 lum,
317 1152 439 1181 precatur
453 1146 496 1173 illa
511 1146 615 1178 mulier,
629 1150 655 1173 et
670 1145 738 1180 parit
751 1145 911 1178 Samuelem,
926 1145 1024 1180 ipsum-

235 1192 287 1228 que
310 1192 383 1219 dedit
400 1192 433 1219 ad
457 1192 564 1219 domum
586 1191 690 1219 Domini
714 1196 841 1226 perpetuo
853 1213 860 1224 ,
875 1196 904 1218 ut
918 1195 1025 1218 voverat

236 1241 377 1272 antequam
392 1237 463 1264 illum
475 1237 635 1271 conciperet.
648 1236 721 1263 Tunc
732 1241 818 1263 autem
830 1236 954 1263 sacerdos
968 1240 1024 1263 erat

238 1284 285 1310 Eli.
303 1283 359 1310 Filii
379 1287 466 1310 autem
487 1283 543 1315 Eli,
564 1281 651 1317 Ophni
671 1286 698 1310 et
716 1282 846 1315 Phinees,
863 1282 983 1309 scelerati
998 1286 1024 1309 et

237 1329 350 1364 improbi
370 1329 481 1364 juvenes
494 1333 585 1362 erant,
599 1329 644 1364 qui
659 1328 691 1355 de
705 1328 817 1356 victimis
833 1332 922 1363 partes
934 1335 1023 1355 sume-

237 1376 300 1402 bant
319 1380 459 1410 antequam
479 1374 637 1402 oﬂerrentur
651 1375 713 1402 Deo.
730 1374 769 1401 Eli
784 1378 869 1401 autem
891 1374 1025 1401 benedixit

237 1421 339 1448 Annam
350 1441 358 1454 ,
373 1428 431 1455 qua:
446 1425 500 1448 tres
513 1419 599 1447 adhuc
616 1420 681 1447 ﬁlios
697 1419 805 1452 habuit,
819 1423 846 1447 et
858 1419 924 1446 duas
939 1419 1023 1451 ﬁlias,

237 1466 396 1501 Samuelque
417 1467 442 1493 iu
461 1466 557 1493 virtute
581 1465 745 1500 proﬁt-iebat.
767 1464 808 1492 Eli
830 1471 909 1499 porro
928 1464 1024 1491 auditis

238 1511 351 1538 ﬁliorum
365 1511 524 1539 facinoribus
535 1510 544 1546 (
555 1510 754 1537 mtecbabantur
765 1509 835 1537 enim
845 1509 866 1544 ),
881 1509 1025 1544 increpavit

237 1565 283 1584 eos
295 1556 396 1590 verbo;
412 1557 449 1584 illi
464 1564 527 1584 vero
549 1563 601 1583 non
622 1556 849 1590 obleniperarunt.
870 1555 1025 1582 Prtedicitur

239 1602 278 1629 Eli
293 1602 422 1636 pernicies
434 1602 528 1629 domus
541 1609 595 1629 sua:
608 1606 635 1629 et
649 1601 763 1628 ﬁliorum
780 1601 813 1628 ob
833 1605 968 1635 peccatqu
979 1601 1023 1635 ju-

237 1655 345 1675 venum.
360 1647 475 1675 Samueli
493 1655 597 1682 quoque
616 1647 787 1674 denuntiatur
805 1646 970 1680 inexpiabilis
987 1646 1024 1673 ira

239 1694 306 1726 Dei;
324 1693 348 1720 id
370 1694 420 1728 ipsi
441 1693 547 1721 Samuel
568 1693 713 1720 denuntiat.
737 1692 856 1727 Pugnant
871 1692 1025 1726 alienigena:

237 1747 296 1765 etim
311 1739 416 1771 lsraele,
428 1747 504 1773 quem
518 1746 614 1765 e:esum
627 1739 651 1765 in
664 1738 751 1773 fugam
763 1742 877 1765 vertunt.
892 1737 924 1765 Ut
937 1742 1024 1764 autem

237 1792 325 1811 arcam
337 1784 486 1811 eduxerunt
505 1785 550 1811 lilii
571 1784 627 1817 Eli,
643 1784 691 1818 ipsi
707 1783 805 1811 cadunt
825 1784 851 1810 in
874 1783 944 1810 bello
965 1790 1024 1810 cum

237 1831 296 1856 aliis
310 1830 399 1857 multis
409 1851 416 1862 ,
430 1837 518 1857 aream
537 1837 601 1856 vero
623 1830 730 1864 capiunt
749 1829 849 1856 hostes.
863 1829 939 1857 Venit
954 1829 1026 1864 quis-

239 1878 306 1911 piam
322 1877 365 1911 qni
385 1875 442 1903 haec
459 1877 622 1903 renuntiaret
642 1875 699 1907 Eli;
715 1875 759 1901 ille
774 1882 838 1902 vero
852 1882 885 1902 ex
901 1875 964 1902 sella
978 1875 1026 1902 de-

239 1923 328 1956 lapsus
342 1924 446 1948 attritus
463 1925 503 1949 est
523 1925 550 1948 et
562 1921 627 1948 obiit
641 1930 648 1947 :
664 1925 765 1947 mortua
787 1927 890 1954 quoque
909 1924 950 1947 est
969 1919 1025 1954 ejus

239 1975 320 1994 IIIII‘US
334 1975 393 1995 cum
410 1967 466 1994 hate
481 1967 588 1994 audivit.
606 1966 751 1993 lntulerunt
765 1965 920 2002 alienigena:
935 1973 1024 1993 aream

238 2013 264 2040 in
278 2013 384 2039 domum
399 2012 521 2047 Dagonis,
535 2012 580 2047 qui
594 2011 717 2046 delapsus
730 2015 770 2038 est
783 2011 822 2038 bis
837 2016 863 2037 ct
875 2011 1025 2038 confractus

238 2059 294 2085 fuit.
314 2058 432 2085 Percussi
453 2063 513 2084 sunt
529 2057 606 2085 etiam
623 2057 670 2083 viri
691 2057 716 2083 in
738 2056 883 2092 podicibus.
900 2057 929 2083 lli
947 2065 1025 2091 porro

238 2109 314 2132 erant
327 2104 410 2131 Azotii
421 2124 427 2136 ,
444 2109 470 2131 et
485 2111 573 2130 mures
587 2103 695 2138 protulit
712 2103 815 2129 illorum
834 2110 904 2137 ager.
921 2103 1026 2130 Mittunt

237 2158 325 2178 arcam
341 2151 366 2177 in
380 2150 468 2182 Geth;
484 2150 509 2176 hi
522 2157 625 2184 quoque
641 2149 722 2184 plagis
737 2148 822 2175 aﬂ'ecti
835 2153 905 2175 sunt.
921 2149 1026 2177 Mittunt

237 2203 342 2230 quoque
358 2195 428 2222 illam
444 2195 601 2222 Ascalonem
614 2204 620 2222 :
635 2199 661 2221 et
675 2194 728 2221 illic
741 2202 844 2229 quoque
862 2202 933 2221 tuors
949 2202 1024 2230 gras-

237 2246 322 2268 satur.
337 2241 539 2268 Cousulentibus
557 2246 644 2268 autem
665 2241 770 2267 illorum
785 2241 903 2272 vatibus,
919 2241 1026 2275 podices

237 2295 346 2319 aureos,
363 2295 503 2322 muresque
519 2294 613 2313 aureos
628 2286 752 2318 conﬂant,
769 2290 795 2312 et
808 2287 925 2320 plaustro
938 2286 1024 2321 impo-

237 2334 302 2360 sitos
315 2341 374 2360 cum
389 2341 460 2366 arca,
475 2341 568 2360 vaccas
585 2333 687 2367 juganl,
702 2339 811 2367 quarum
827 2332 921 2359 vitulos
935 2332 960 2359 in
975 2332 1025 2359 do-

238 2380 359 2406 muncula
374 2379 542 2407 concludunt.
557 2379 609 2406 Illa:
623 2386 686 2405 vero
700 2383 769 2405 recta
784 2379 824 2404 via
841 2382 1026 2412 processerunt

238 2427 263 2454 in
279 2427 443 2462 Betltsamys.
458 2426 598 2461 Excipiunt
614 2425 684 2452 illam
700 2425 747 2451 viri
763 2424 832 2451 illius
847 2424 913 2456 loci,
929 2429 956 2451 et
972 2424 1025 2451 Deo

237 2473 402 2504 sacriﬁcant,
423 2471 571 2498 videntibus
591 2471 796 2504 alienigenarum
819 2469 939 2503 satrapis.
959 2468 1024 2496 Cum

237 2526 301 2545 vero
314 2526 366 2545 non
383 2517 483 2552 placide
497 2517 658 2551 exciperent,
671 2516 695 2542 id
708 2520 757 2548 est,
771 2523 822 2542 non
839 2522 890 2541 una
905 2515 1026 2541 laetaren-

238 2570 280 2591 tur
293 2565 337 2591 lilii
351 2563 495 2595 Jechortiie,
513 2564 585 2598 plaga
601 2570 696 2596 magna
713 2561 836 2596 pupulum
853 2560 952 2588 invadit
966 2559 1002 2595 (ιι)
1018 2569 1023 2587 :

236 2619 268 2638 ac
281 2615 430 2638 metuentes
443 2609 479 2642 ii,
496 2609 540 2644 qui
561 2608 719 2642 Bethsainyn
738 2606 902 2638 inco'ebant,
918 2606 1026 2631 mittunt

236 2665 324 2684 arcam
341 2657 366 2683 in
382 2656 489 2683 domum
504 2654 660 2681 Aminadab.
677 2653 751 2680 Tunc
772 2652 894 2679 conversi
915 2655 976 2677 sunt
992 2651 1024 2677 ad

238 2703 319 2730 Deum
335 2701 458 2729 lsraelittr.
468 2722 475 2733 ,
490 2705 515 2727 et
531 2699 693 2734 alienigenas
708 2698 756 2725 sibi
771 2697 868 2724 bellum
882 2696 1025 2723 inferentes

235 2749 386 2785 proﬂigant,
401 2747 525 2774 Samuele
539 2754 585 2780 pro
604 2745 667 2780 ipsis
681 2748 787 2777 orante,
799 2747 826 2770 ct
837 2747 964 2777 ceperunt
979 2750 1023 2769 ur-

268 2804 304 2834 (a)
317 2807 372 2832 Quae
382 2802 494 2834 dicuntur
506 2800 537 2824 de
545 2799 740 2834 ﬁliis_Jechonite,
750 2805 797 2822 non
809 2801 865 2822 sunt
873 2797 897 2833 in
909 2796 1026 2834 Hebraieo

236 2828 379 2863 tritufsed
397 2833 450 2856 iure
469 2831 538 2862 plaga
560 2831 717 2863 ΙξιιιὶιδίιιιιιιμιιδΔ
733 2833 836 2863 spectat.
856 2828 896 2859 qui
913 2828 1025 2863 sacriﬁcia

235 2860 340 2897 ιίιιιιᾹιιιιι
353 2867 378 2897 et
388 2860 497 2897 vit-tinnis
509 2860 664 2896 obtulerunt;
675 2861 718 2885 sed
732 2860 837 2891 percussi
858 2863 938 2883 tamen
958 2861 1023 2887 suat,

236 2891 265 2922 έν
277 2895 340 2927 quod
353 2893 463 2921 t'in’isuenl
475 2899 556 2917 utram
572 2891 672 2917 nonum".

1072 237 1135 269 bes,
1153 245 1219 272 quas
1243 237 1292 264 sibi
1314 236 1486 264 abstulerant.
1507 236 1573 263 Cum
1597 244 1659 263 vero
1680 236 1862 264 consenuisset

1072 282 1195 315 Samuel,
1212 282 1310 317 ﬁliique
1329 282 1386 316 ejus
1407 290 1459 308 non
1481 281 1647 310 ambularent
1662 281 1688 308 in
1703 281 1742 308 via
1759 282 1858 316 ipsius.

1072 329 1222 363 congregati
1235 328 1319 356 Judzei
1334 336 1421 363 regem
1436 332 1537 362 petunt.
1549 327 1644 355 Dolore
1656 327 1704 355 hac
1713 327 1747 355 de
1757 335 1786 355 re
1797 327 1861 355 alie-

1073 378 1130 401 ctus
1143 379 1184 401 est
1195 374 1311 406 Samuel,
1325 374 1415 409 aitque
1430 374 1468 401 illi
1488 374 1558 402 Deus
1574 383 1581 401 :
1597 373 1656 401 Non
1672 378 1695 400 te
1708 378 1865 409 contempse-

1073 425 1148 452 runt,
1163 420 1205 446 sed
1218 428 1264 447 ine.
1281 419 1337 446 Hoc
1355 420 1436 454 itaque
1450 420 1568 454 testiﬁcor
1586 419 1665 453 ipsis,
1679 420 1725 454 jus
1744 420 1808 454 regis
1823 419 1863 454 (1.

1074 465 1137 500 Reg.
1153 466 1179 492 8.
1191 465 1220 499 77.
1235 465 1263 499 9)
1278 475 1284 491 :
1301 465 1325 492 id
1338 470 1395 498 est,
1411 469 1537 500 quantum
1557 465 1590 492 ab
1606 465 1670 499 ipsis
1684 465 1860 492 ministerium

1074 511 1194 544 accipere
1207 519 1253 537 rex
1265 511 1368 538 debeat.
1384 510 1490 538 Samuel
1504 510 1712 538 testiﬁcatusest
1727 519 1732 536 :
1749 509 1787 537 illi
1799 517 1862 537 vero

1075 561 1194 590 petentes
1209 556 1352 583 instabant.
1369 556 1516 590 Deperditaa
1531 559 1606 582 erant
1624 555 1706 582 asina:
1723 555 1768 582 liis
1781 557 1863 589 patris

1075 601 1137 630 Saul
1153 611 1159 629 :
1175 602 1246 630 misit
1266 602 1336 629 illum
1358 606 1448 637 pater.
1467 602 1510 637 qui
1530 602 1587 629 illas
1607 602 1781 636 perquireret.
1794 600 1860 628 Cum

1075 653 1162 675 autem
1177 656 1228 676 non
1243 648 1391 680 inveniret,
1405 648 1559 675 consulente
1573 648 1670 675 famulo
1683 654 1731 674 suo
1746 646 1800 673 adit
1811 646 1862 674 Sa-

1075 694 1203 726 muelem,
1218 694 1398 721 sciscitaturus
1411 693 1445 721 de
1460 701 1490 721 re
1507 693 1559 720 illa.
1575 692 1662 728 Ipsum
1681 693 1779 720 iudicat
1793 693 1862 720 Deus

1074 738 1189 766 Samueli
1207 739 1298 766 dicens
1312 747 1318 764 :
1335 738 1410 765 Hunc
1427 739 1525 774 inunge
1545 746 1644 774 regem.
1664 739 1782 766 Accessit
1797 738 1859 766 Saiil

1075 783 1224 812 Samuelem
1246 784 1411 819 interrogans
1423 805 1430 816 ,
1449 783 1494 811 ubi
1513 787 1583 811 esset
1604 783 1714 816 videns;
1733 785 1771 811 sic
1790 784 1868 812 enim.

1075 829 1218 873 prophetas
1242 829 1379 856 vocabant.
1400 829 1446 856 Ille
1467 837 1530 856 vero
1553 829 1706 863 respondit,
1726 837 1755 856 se
1776 829 1861 864 ipsum

1075 882 1144 907 esse,
1157 880 1183 902 et
1192 874 1332 902 adductum
1344 874 1416 901 illum
1427 875 1453 901 in
1467 874 1555 907 Bama,
1569 874 1612 902 ubi
1623 874 1780 901 sacriﬁcium
1791 874 1862 909 apud

1075 920 1200 956 populum
1218 925 1290 953 erat,
1305 920 1426 947 convivio
1445 920 1562 954 excepit,
1580 923 1608 947 et
1625 919 1793 947 illucescente
1812 927 1862 946 au-

1076 974 1135 993 rora
1147 986 1154 998 ,
1171 966 1276 1001 quando
1290 973 1348 993 cum
1368 965 1413 992 illo
1431 964 1628 999 descendebat,
1643 964 1734 992 eﬂ‘ndit
1749 965 1774 991 in
1789 965 1862 992 illum

1075 1011 1225 1038 lenticulam
1245 1011 1314 1044 olei,
1336 1011 1474 1046 ipsumque
1494 1010 1614 1038 osculans
1633 1010 1671 1038 sic
1689 1009 1783 1038 eﬁ'atus
1798 1015 1838 1037 est
1855 1019 1861 1037 :

1077 1056 1220 1092 lmperabis
1236 1056 1331 1092 populo
1342 1078 1348 1089 ,
1362 1061 1388 1084 et
1407 1056 1490 1091 signis
1508 1055 1663 1090 quibusdam
1679 1055 1761 1088 datis,
1776 1056 1864 1083 emisit

1076 1103 1167 1136 illum,
1183 1107 1209 1130 ct
1229 1102 1395 1137 prophetavit
1413 1102 1486 1129 Saul.
1512 1101 1658 1136 lnterrogat
1680 1100 1785 1128 Saulem
1805 1100 1862 1135 ejus

1077 1148 1275 1184 propinquus‘,
1299 1155 1413 1183 quonatn
1435 1148 1562 1180 abiisset;
1582 1147 1627 1182 qui
1647 1147 1801 1182 respondit,
1821 1146 1863 1173 Ad

1077 1193 1295 1228 perquisitionem
1320 1194 1466 1220 asinarum.
1492 1193 1674 1228 Congregatur
1700 1193 1811 1227 populus
1838 1193 1863 1218 in

1077 1239 1212 1274 Massepha
1230 1248 1237 1266 :
1252 1247 1297 1267 rex
1313 1239 1483 1267 constituitur
1500 1239 1574 1267 Saul.
1595 1239 1696 1266 Bellum
1714 1243 1804 1266 movet
1819 1247 1866 1267 rex

1076 1286 1284 1313 Ammanilarum
1298 1290 1389 1313 contra
1403 1285 1554 1313 Galaadilas
1569 1294 1574 1311 :
1590 1285 1627 1312 illi
1642 1285 1742 1320 legatos
1760 1285 1867 1312 mittunt

1076 1332 1108 1359 ad
1119 1332 1181 1359 Sabl
1193 1340 1199 1358 :
1209 1332 1254 1366 qui
1266 1331 1344 1359 motis
1352 1331 1446 1358 castris
1459 1330 1576 1366 pra-lium
1587 1338 1648 1358 eum
1659 1330 1710 1358 illis
1721 1330 1864 1362 commisit,

1077 1382 1104 1404 et
1118 1377 1208 1405 hostes
1226 1377 1334 1404 omnino
1353 1376 1511 1412 proﬂigavit.
1523 1376 1678 1404 Convivium
1691 1375 1825 1403 celebrant
1839 1376 1865 1402 in

1076 1423 1202 1458 Galgalis.
1213 1423 1391 1450 Conciouatur
1403 1422 1501 1457 populo
1514 1421 1628 1449 Samuel.
1641 1421 1715 1448 Tunc
1729 1421 1794 1448 dixit
1807 1430 1813 1447 :
1826 1421 1865 1447 Au

1076 1469 1182 1495 vitulum
1204 1469 1364 1503 cuiuspiam,
1384 1475 1418 1495 an
1439 1468 1536 1495 asinum
1559 1467 1700 1502 cujuspiam
1722 1467 1806 1500 accepi
1827 1466 1864 1500 (l.

1077 1515 1140 1550 Reg.
1161 1515 1204 1542 12.
1222 1515 1270 1550 5)?
1291 1514 1414 1542 llortatus
1438 1514 1496 1541 illos
1517 1518 1544 1540 ut
1563 1513 1618 1540 Deo
1637 1513 1862 1547 obsequerentur.

1076 1566 1216 1597 precatur,
1236 1566 1262 1589 et
1281 1561 1367 1596 pluvia
1385 1561 1411 1587 in
1432 1560 1475 1587 die
1497 1559 1592 1587 messis
1610 1559 1748 1586 delabitur.
1767 1557 1866 1584 Timuit

1077 1608 1199 1643 populus,
1211 1606 1400 1640 confessusque
1411 1609 1451 1632 est
1463 1612 1491 1631 se
1502 1611 1626 1639 peccasse
1638 1603 1752 1637 petendo
1763 1609 1866 1636 regem.

1077 1655 1183 1683 Samuel
1203 1657 1290 1681 autem
1308 1659 1399 1680 rursus
1419 1651 1548 1682 hortatur,
1563 1654 1590 1676 ut
1612 1649 1658 1675 Dei
1675 1652 1804 1683 prtecepta
1820 1655 1864 1673 se-

1077 1704 1200 1736 quantur.
1216 1698 1384 1733 Alienigenas
1395 1696 1472 1724 ca‘dit
1484 1695 1558 1723 Saftl.
1571 1694 1610 1721 llli
1624 1698 1710 1721 autem
1725 1693 1864 1727 indignati,

1077 1747 1174 1774 bellum
1196 1745 1375 1780 redintegrant
1394 1750 1454 1770 cum
1475 1741 1618 1775 majoribus
1636 1739 1728 1774 copiis.
1752 1738 1866 1773 Fugiunt

1078 1792 1201 1820 lsraelita:
1211 1811 1219 1824 ,
1237 1790 1309 1818 solus
1324 1789 1481 1823 relinquitur
1495 1786 1569 1814 Saﬁl.
1584 1785 1667 1812 Olfcrt
1682 1784 1864 1812 holocaustum

1079 1839 1133 1866 Deo
1154 1846 1206 1865 non
1226 1840 1378 1871 exspectato
1397 1834 1519 1862 Samuele
1530 1854 1536 1866 ,
1553 1832 1597 1868 qui
1612 1837 1639 1858 ut
1654 1839 1683 1858 se
1701 1834 1867 1864 exspectaret

1078 1887 1249 1920 praeceperat.
1265 1881 1342 1909 Venit
1355 1880 1461 1908 Satnnel
1474 1900 1480 1912 ,
1497 1878 1603 1913 indigne
1624 1877 1675 1904 fert
1694 1876 1719 1903 id
1735 1875 1804 1910 quod
1817 1881 1865 1909 ge-

1077 1935 1147 1958 stum
1162 1934 1228 1962 erat,
1245 1927 1360 1955 minatur
1375 1925 1423 1961 ipsi
1443 1925 1515 1959 regni
1530 1923 1731 1950 dissolutionem
1744 1930 1751 1953 ;
1766 1922 1792 1948 in
1806 1921 1868 1946 alte-

1078 1984 1135 2004 rutu
1157 1975 1254 2011 quippe
1277 1971 1486 2000 transferendum
1507 1977 1583 2002 esse;
1604 1968 1730 1995 Davidem
1750 1967 1864 1996 dicebat.

1077 2022 1142 2049 Cum
1156 2021 1261 2049 sederet
1276 2019 1337 2047 Saﬁl
1353 2019 1379 2045 in
1394 2017 1460 2044 colle
1475 2024 1535 2043 cum
1554 2014 1685 2042 sexcentis
1701 2014 1765 2040 viris
1775 2034 1782 2046 ,
1798 2013 1865 2046 clam

1077 2067 1208 2096 Jonathan
1223 2067 1292 2093 lilius
1302 2065 1359 2100 ejus
1369 2072 1428 2092 cum
1440 2063 1536 2090 famulo
1546 2069 1595 2089 suo
1609 2061 1711 2088 irruens
1724 2060 1750 2086 iu
1763 2059 1863 2091 hostes,

1077 2113 1204 2148 quosdam
1220 2111 1324 2140 occidit.
1342 2109 1369 2137 1ι1
1384 2116 1443 2137 cum
1458 2107 1560 2135 videret
1578 2106 1639 2133 Saul
1651 2127 1658 2139 ,
1675 2105 1729 2140 jam
1746 2105 1866 2131 turbatus

1078 2160 1185 2188 adortus
1199 2158 1293 2188 vincit,
1308 2161 1406 2184 etcum
1419 2154 1570 2189 juramentu
1584 2152 1666 2180 edixit
1685 2160 1717 2179 ne
1734 2150 1866 2186 quispiam

1078 2213 1161 2240 usque
1173 2204 1206 2232 ad
1219 2209 1355 2237 vesperam
1368 2200 1464 2235 aliquid
1482 2203 1608 2234 gustaret.
1624 2197 1754 2225 J-mathau
1767 2205 1825 2223 eunt
1838 2196 1864 2224 id

1079 2260 1130 2279 non
1149 2250 1284 2281 audisset,
1304 2248 1337 2275 de
1354 2247 1432 2274 melle
1448 2244 1572 2281 gustavit.
1590 2242 1698 2271 Accedit
1710 2241 1772 2269 Sai'tl
1785 2241 1866 2267 inter-

1079 2303 1217 2332 rogaturus
1235 2295 1316 2322 Deum
1335 2301 1396 2321 num
1413 2295 1548 2326 oporteret
1567 2289 1656 2317 hostes
1675 2288 1787 2322 insequi.
1808 2287 1865 2314 Non

1078 2342 1221 2377 respondet
1232 2341 1280 2375 ipsi
1293 2340 1371 2367 Deus.
1385 2337 1567 2371 lntellexitque
1578 2335 1621 2362 ille
1634 2338 1768 2369 peceatum
1779 2333 1804 2359 in
1817 2341 1865 2367 po-

1080 2390 1141 2424 pulo
1156 2389 1251 2415 factum
1267 2394 1337 2414 esse.
1357 2385 1392 2411 Ut
1413 2389 1500 2411 autem
1522 2381 1703 2416 deprehensus
1724 2384 1765 2406 est
1783 2378 1865 2406 Jona-

1079 2437 1153 2468 than,
1169 2441 1274 2470 paratus
1289 2437 1346 2460 erat
1359 2432 1391 2459 ad
1405 2429 1577 2458 occidendum
1592 2428 1675 2456 illum.
1687 2427 1738 2454 Sed
1755 2426 1866 2463 populus

1078 2483 1176 2511 exc-init
1188 2488 1247 2508 cum
1263 2480 1295 2506 de
1314 2478 1433 2505 inanibus
1446 2477 1512 2511 ejus.
1529 2475 1650 2509 Prmcipit
1662 2473 1769 2501 Samuel
1781 2473 1865 2505 Sauli,

1079 2534 1108 2557 ut
1121 2527 1234 2556 debellet
1250 2524 1418 2554 Amaleeitas,
1431 2522 1519 2550 omnia
1534 2521 1636 2556 perdat,
1651 2524 1677 2547 et
1693 2519 1791 2546 nemini
1807 2526 1868 2553 par-

1078 2580 1130 2603 cat.
1147 2574 1194 2602 llle
1213 2579 1275 2600 vero
1294 2579 1347 2598 non
1370 2569 1474 2604 paruit,
1498 2567 1663 2601 servavitque
1685 2567 1757 2600 Agag
1778 2572 1867 2599 regem

1078 2628 1181 2653 eorum,
1194 2624 1220 2646 et
1234 2624 1337 2653 greges,
1352 2620 1379 2643 et
1395 2620 1522 2642 armenta.
1540 2613 1660 2648 \’euiens_
1669 2611 1775 2639 Samuel
1791 2610 1867 2642 vidit,

1079 2668 1161 2694 iratus
1179 2669 1237 2697 est,
1252 2667 1278 2690 et
1294 2662 1330 2688 ait
1345 2670 1351 2687 :
1368 2661 1426 2687 Non
1446 2665 1496 2686 tant
1515 2659 1568 2685 vult
1587 2657 1657 2684 Deus
1677 2655 1823 2683 holocausta
1845 2660 1869 2682 et

1078 2711 1217 2746 sacriﬁcia,
1232 2715 1306 2743 quant
1321 2711 1347 2733 ut
1365 2705 1482 2732 audiatur
1499 2711 1547 2730 vox
1566 2703 1620 2738 ejus
1633 2711 1642 2729 :
1656 2710 1711 2729 ecce
1726 2702 1791 2728 enim
1809 2700 1868 2727 obc-

1079 2759 1173 2786 dienlia
1195 2756 1283 2783 melior
1302 2758 1338 2781 est
1379 2760 1454 2788 quant
1473 2751 1572 2778 victima
1585 2751 1629 2784 (1.
1652 2749 1716 2785 licq.
1739 2748 1781 2776 15.
1803 2748 1867 2781 ⁸29).

1111 2827 1117 2841 ι
1132 2825 1185 2848 Vox
1198 2822 1313 2847 ttebraica
1326 2823 1364 2844 est
1373 2822 1426 2847 'n't,
1435 2824 1506 2849 quam
1518 2815 1603 2848 Aquila
1613 2819 1736 2846 πετράωγις
1749 2814 1831 2841 vertit.
1847 2812 1868 2836 id

1079 2861 1125 2884 ρετ,
1139 2858 1246 2886 patruus,
1260 2856 1286 2876 ut
1298 2851 1368 2886 habet
1384 2848 1455 2879 oram
1468 2853 1577 2884 Vulgata.
1586 2851 1702 2882 Josephus
1714 2848 1797 2878 habet.|
1814 2854 1864 2875 tam

1081 2882 1188 2920 patritus.
1202 2888 1242 2910 aut
1252 2882 1389 2911 utumrulus.
