2074 3126
192 175 240 202 ΝΞ
578 174 606 201 S.
627 172 764 202 JOANNIS
781 169 1017 199 CllliYSOSTOMl
1038 169 1194 198 ARClllEP.
1215 171 1478 201 CONSTAN'ILVOP.

191 236 301 263 Minatur
313 235 392 262 etiam
406 239 468 261 tunc
484 233 656 261 auferendum
671 232 705 259 ab
724 231 769 258 1110
783 238 843 258 esse
856 237 978 265 regnum.

191 282 255 309 Satil
270 286 358 308 autem
373 281 425 307 vim
437 279 577 308 'inferebat
597 279 646 314 ipsi
661 283 689 305 ut
703 284 794 305 secum
811 278 921 304 veniret.
935 275 983 302 1118

190 336 255 355 vero
278 326 373 355 noluit.
390 326 501 354 Demum
515 325 540 352 vi
553 329 661 352 ceactus
679 322 809 350 ascendit.
832 322 983 357 Pnsteaque

191 373 247 407 ipse
261 372 369 400 Samuel
380 393 387 405 ,
411 379 471 400 eum
489 370 614 406 jussisset
632 369 727 397 adduci
741 368 774 396 ad
790 370 876 404 ipsum
891 370 981 404 Agag,

190 419 246 446 suis
269 418 390 446 manibus
405 418 490 452 ipsum
509 416 616 444 occidit.
639 416 680 443 Ex
695 415 740 443 illo
754 420 842 442 autem
863 420 982 450 tempore

192 473 245 493 non
257 463 320 492 vidit
335 464 442 493 Saulem
457 471 541 498 usque
555 462 588 490 ad
602 462 672 490 diem
687 461 781 489 mortis
795 461 869 497 ejus,
883 461 929 489 sed
941 461 982 488 lu-

190 513 268 548 gebat
283 513 380 548 ipsum.
396 511 496 538 Deinde
511 511 624 538 mittitur
635 510 742 538 Samuel
755 518 769 537 a
779 511 849 543 Deo,
867 515 895 537 ut
909 511 984 538 inun-

191 563 266 593 gt-rct
290 557 432 590 Davidem,
461 561 489 585 et
516 565 576 584 cum
600 557 737 589 venisset,
761 556 873 584 lnunxit.
908 556 983 584 Tunc

190 605 318 640 corripuit
331 603 438 632 Sat‘tlem
452 603 560 639 spiritus
575 603 677 636 malus,
692 608 720 630 et
739 603 873 630 adducunt
890 603 914 630 ei
929 602 981 629 Da-

192 650 276 678 videm
288 671 295 683 ,
309 650 354 685 qui
371 649 511 686 psalleret,
534 654 560 676 et
572 648 810 684 scdarctspiritum
824 648 932 677 malum.
948 647 982 675 Ut

189 700 277 723 autem
294 695 392 723 bellum
407 695 494 722 intulit
505 694 610 723 Goliath
621 715 628 728 ,
651 702 710 722 cum
724 701 819 722 omnes
835 698 906 721 metu
922 702 981 729 per-

189 741 255 769 culsi
272 745 381 774 essent,
407 741 520 768 mittitur
533 740 614 768 David
628 740 762 767 visitatum
788 739 883 767 fratres
898 746 981 767 suos:

191 793 270 823 utque
285 787 357 815 venit
368 786 514 819 adcastra,
527 789 704 821 percontatur
722 786 787 820 quid
803 785 921 814 muneris
939 784 981 812 fu-

191 838 278 859 turum
288 832 322 860 sit
335 832 358 860 ei
373 832 416 867 qui
429 831 570 860 occidisset
585 831 656 859 hunc
666 831 852 866 alienigenam.
868 831 905 858 1111
920 838 985 858 vero

190 879 323 910 dicebant,
338 878 405 905 Filia
426 878 497 913 regis
511 877 616 905 dabitur
630 878 654 905 ei
668 877 694 904 in
717 884 836 904 uxorem.
852 876 924 904 Adiit
938 876 982 903 ille

189 924 296 952 Saﬁlem
305 945 312 957 ,
325 931 354 952 se
367 923 567 952 interfecturum
577 923 649 950 illum
661 922 792 957 pollicitus
804 927 853 950 est.
865 922 910 949 Ille
920 929 982 949 vero

190 978 243 996 non
257 969 390 997 credebat.
417 969 528 996 Demum
556 969 657 996 dimisit
681 968 762 996 armis
784 968 927 1002 nudatutn,
950 975 982 995 co

190 1015 260 1050 quod
275 1023 328 1042 non
348 1019 438 1050 posset
454 1022 527 1042 arma
540 1018 656 1049 gestare.
679 1014 760 1042 David
775 1015 877 1050 emisso,
895 1014 982 1049 lapide

191 1062 217 1088 in
232 1061 344 1088 frontem
359 1060 433 1096 ejus,
455 1060 599 1095 prostravit
621 1060 707 1095 ipsum
720 1080 728 1093 ,
750 1065 777 1088 et
793 1060 876 1095 ipsius
894 1059 983 1095 gladio

190 1112 270 1143 caput
291 1107 351 1143 ejus
369 1112 527 1142 amputans,
547 1106 702 1141 splendidus
725 1114 758 1134 ex
781 1106 874 1142 111-111110
892 1105 980 1134 rediit.

191 1154 238 1180 1110
252 1158 397 1188 conspecto
413 1153 546 1181 Jonathan
572 1153 661 1180 animo
689 1153 739 1188 ipsi
754 1152 892 1187 colligatus
916 1156 958 1180 est
974 1161 980 1179 :

191 1199 386 1234 admodumque
401 1199 475 1226 illum
496 1198 640 1234 diligebat,
661 1198 782 1234 donaque
803 1198 853 1233 ipsi
875 1198 980 1226 obtulit.

191 1245 253 1272 Saul
273 1252 336 1272 vero
357 1244 492 1272 invidebat
513 1245 557 1278 ei,
576 1252 608 1272 eo
627 1244 697 1279 quod
723 1244 836 1272 choreas
852 1245 982 1279 agitantes

192 1291 286 1325 puelhe
307 1290 436 1319 dixissent
452 1298 459 1317 :
479 1289 606 1317 Percussit
619 1289 685 1317 Sail
700 1290 851 1322 in,millibur
862 1311 868 1322 ,
890 1295 915 1317 et
931 1289 983 1316 Da-

191 1336 233 1362 vid
256 1336 283 1362 in
302 1335 386 1362 decem
410 1334 538 1372 miliibus(
553 1336 578 1363 l.
594 1335 659 1371 Reg.
678 1335 721 1363 l8.
734 1335 779 1371 7).
793 1335 894 1363 Extulit
919 1335 982 1363 Saftl

191 1381 293 1409 hastam
307 1385 398 1409 contra
412 1380 536 1408 Davidem
548 1385 577 1408 ut.
590 1381 725 1409 occideret
736 1388 796 1409 eum
812 1380 850 1418 (α)
865 1390 871 1408 :
883 1381 927 1409 ille
937 1389 983 1408 ve-

192 1435 221 1454 ro
235 1426 344 1462 aufugit.
359 1427 426 1455 Cum
439 1431 527 1454 autem
543 1427 623 1454 David
634 1427 720 1454 clarus
730 1427 905 1463 omnibusque
919 1435 982 1462 pro-

192 1474 269 1501 batus
284 1478 355 1501 esset
365 1495 372 1507 ,
388 1474 472 1509 magis
485 1473 656 1501 mordebatnr
668 1473 730 1502 Safrl
743 1482 750 1507 ;
765 1481 879 1510 cumque
894 1474 981 1509 ipsum

191 1518 303 1554 perdere
318 1519 409 1554 vellet,
424 1520 556 1555 pollicitus
571 1524 612 1547 est
624 1519 649 1548 ei
663 1519 744 1548 tiliam
758 1527 842 1553 snam,
857 1520 880 1548 si
892 1528 923 1548 ex
936 1521 983 1548 ho-

191 1565 275 1592 stibus
286 1570 392 1593 centum
407 1566 539 1594 occideret
550 1575 555 1594 :
567 1573 627 1594 cum
641 1571 729 1594 autem
742 1567 891 1600 occidisset,
900 1575 983 1603 gener

191 1611 260 1646 regis
271 1611 385 1639 efficitur
399 1611 446 1647 (ὁ).
459 1612 570 1647 Alioque
584 1612 699 1640 instante
713 1613 901 1646 bello,rursum
912 1621 982 1648 pra:-

192 1657 262 1684 clare
276 1665 305 1685 se
317 1658 415 1693 gessit:
428 1657 491 1686 Sairl
506 1666 569 1686 vero
581 1658 664 1686 multo
679 1659 762 1694 magis
775 1659 983 1694 exasperabatur

191 1704 217 1730 in
228 1703 435 1739 illum,dicitque
444 1704 700 1737 filiosquonatltanI
708 1712 737 1732 se
748 1705 820 1732 illum
832 1704 982 1733 interficere

192 1750 270 1777 velle.
281 1749 328 1777 Ille
340 1758 402 1778 vero
416 1751 506 1778 Davidi
521 1758 577 1778 rem
592 1752 707 1786 aperuit,
721 1752 896 1786 prtecepitque
907 1755 935 1778 ut
948 1751 983 1778 lao

191 1801 268 1823 teret.
281 1789 330 1824 Ubi
347 1804 409 1824 vero
423 1801 524 1832 patrem
540 1797 699 1832 placaverat,
710 1797 836 1825 Davidem
848 1797 881 1825 ad
895 1798 981 1833 ipsum

190 1842 384 1869 addueit.Bello
394 1848 481 1870 autem
497 1850 589 1870 rursus
604 1843 728 1875 instante,
738 1848 847 1871 strenue
857 1851 886 1871 se
898 1844 981 1879 gessit

191 1887 284 1920 David,
294 1895 452 1924 rursumque
466 1897 481 1916 a
495 1888 573 1916 Saiile
588 1888 689 1924 aufugit
700 1890 807 1917 volente
819 1897 879 1917 eum
890 1889 980 1916 lancea

190 1934 342 1961 confodere.
359 1934 456 1962 Uxoris
478 1935 591 1963 consilio
605 1935 679 1963 illinc
700 1935 809 1972 aufugit.
824 1937 902 1964 Mittit
916 1937 980 1964 Saul

191 1980 236 2014 qni
252 1980 324 2006 illum
340 1980 616 2015 ctmtprehenderent;
636 1982 780 2016 respondet
794 1982 837 2009 illa
852 1988 980 2018 a‘grotum

190 2034 261 2053 esse.
278 2026 341 2054 811111
357 2027 430 2054 11111111
444 2026 578 2062 aufugisse
596 2035 709 2063 gnarus,
731 2028 810 2055 filiam
826 2029 980 2064 redarguit:

190 2075 270 2106 atque
289 2079 349 2098 cum
363 2073 538 2107 comperisset
560 2073 667 2100 ubinam
689 2079 759 2101 esset
774 2074 856 2101 David
870 2096 878 2108 ,
901 2075 981 2102 mittil.

191 2118 234 2152 qui
250 2117 322 2144 illum
333 2121 439 2152 captum
455 2118 701 2146 adducerent.Cum
716 2124 804 2155 autem
820 2120 836 2147 ii
851 2121 895 2155 qui
907 2121 979 2148 missi

191 2163 297 2190 fuerant
318 2171 369 2191 non
384 2164 520 2196 redirent,
544 2164 591 2192 sed
606 2158 746 2193 manentes
768 2166 958 2201 prophetarth
972 2187 979 2200 ,

189 2209 245 2243 ipse
259 2216 365 2245 quoque
387 2207 461 2237 abiit.
479 2210 518 2237 Ad
533 2209 664 2238 Jonatban
689 2211 753 2238 adiit
768 2212 847 2240 Dat-id
859 2233 866 2245 ,
889 2217 916 2240 et
939 2220 981 2240 rc-

191 2255 296 2282 nuntiat
317 2256 341 2282 ei
357 2255 466 2283 Saulem
480 2263 556 2284 suam
579 2257 726 2284 machinari
740 2266 841 2285 necem.
859 2259 934 2292 Quod
959 2260 980 2286 si

191 2301 273 2335 velis,
285 2302 385 2337 inquit,
399 2302 426 2329 in
435 2303 549 2330 crastina
564 2303 608 2331 die
618 2304 737 2332 ediscere
747 2325 753 2336 ,
770 2309 889 2339 tempore
903 2313 981 2340 pran-

190 2347 226 2374 dii
242 2347 334 2375 abero.
354 2348 381 2375 Si
396 2353 472 2384 pater
485 2354 547 2376 tuus
561 2350 690 2377 absentiae
711 2357 820 2378 causam
835 2355 922 2385 petat,
938 2351 981 2378 die

191 2401 243 2426 me,
256 2401 316 2421 cum
330 2394 489 2422 sacrificium
505 2399 576 2422 esset
588 2395 616 2423 in
626 2396 702 2429 urbe,
716 2396 830 2424 abeundi
846 2397 979 2424 licentiam

188 2439 308 2473 petiisse.
323 2439 350 2466 111
361 2439 383 2466 si
397 2440 442 2467 ille
452 2440 555 2476 placide
566 2441 673 2474 tulerit,
688 2441 753 2469 nihil
765 2442 826 2470 mali
840 2443 961 2478 suspicor
972 2452 981 2470 '.

188 2485 229 2512 sin
243 2492 313 2519 aegre
328 2485 432 2519 tulerit,
449 2487 556 2521 planum
570 2492 611 2515 est
619 2487 683 2514 mihi
698 2489 825 2516 ultionem
836 2489 983 2517 etinsidias

191 2532 289 2565 parari.
305 2531 361 2559 lloc
374 2531 436 2559 facit
457 2532 606 2566 .lonatlia-n;
621 2534 684 2561 811111
698 2538 788 2562 autem
810 2543 894 2570 usque
912 2535 980 2563 adeo

189 2577 273 2604 iratus
284 2581 326 2604 est
336 2598 342 2610 ,
357 2582 385 2605 ut
399 2583 510 2605 conatus
524 2579 558 2607 sit
584 2579 665 2607 filittm
680 2587 756 2608 suum
779 2581 911 2608 occidere.
935 2581 980 2609 Ille

191 2631 253 2651 vero
265 2624 299 2652 de
319 2632 411 2652 mensa
426 2625 565 2658 resiliens,
592 2626 617 2652 in
632 2634 755 2662 campum
770 2628 869 2661 exivit,
894 2632 920 2655 et
934 2636 979 2655 sa-

219 2714 255 2769 (u?
269 2719 322 2740 Haec
332 2715 364 2740 de
376 2716 443 2740 hasta
455 2716 479 2740 in
489 2715 601 2741 Davidem
612 2723 626 2741 a
637 2716 707 2742 saele
715 2717 823 2742 immissa
831 2724 878 2742 non
890 2718 978 2743 haben-

219 2753 227 2769 ι’
253 2752 290 2769 108
314 2746 366 2769 loco
380 2747 403 2769 in
422 2747 528 2769 Edilione
540 2750 594 2769 LXX
606 2748 701 2769 vulgata
714 2755 721 2769 :
738 2749 781 2769 soil
795 2749 855 2769 haud
867 2749 942 2769 tlnltip.
955 2751 978 2769 in

189 2750 227 2769 tur
244 2746 290 2779 hoe
314 2746 366 2779 loro
380 2747 403 2771 in
422 2747 528 2772 Edilione
540 2750 594 2772 Lxx
606 2748 702 2779 vulgata
714 2755 721 2778 ;
738 2749 781 2772 sed
794 2749 855 2773 haud
867 2749 942 2774 dubie
955 2751 981 2774 111-

188 2777 323 2811 exemplari
336 2777 496 2811 Chrysostomi
514 2785 547 2804 ex
563 2777 671 2803 Editiotfe
687 2777 742 2803 LXX
754 2779 879 2811 hexaplari
894 2781 978 2811 adjun-

186 2812 223 2831 1111
237 2807 340 2838 fuerant,
354 2807 436 2834 ut'alia
448 2809 530 2834 multa.

218 2842 252 2879 (Ir)
266 2842 332 2870 llaec.
344 2841 557 2881 altoque'iustame
574 2841 778 2881 bellohprmlqre
794 2843 908 2880 aggessi!
927 2844 981 2881 (κριὲ-

187 2873 292 2902 πηλέμπιν
303 2873 431 2901 σνστάνιίος
444 2875 533 2904 ἑτέρου,
549 2873 618 2897 πάλιν
630 2873 769 2903 εὐδοκιμεῖ),
784 2873 876 2900 omissa
884 2880 939 2900 sunt
953 2877 976 2901 ill

189 2904 232 2928 Ed.
248 2905 307 2929 LXX
321 2905 396 2935 Vulg,
411 2905 454 2929 sed
474 2903 497 2928 in
510 2903 636 2935 ltexaplari
654 2904 807 2935 legebantur.

1776 175 1826 204 5H

1036 229 1116 263 gitlas
1131 231 1236 263 emisit;
1251 237 1309 259 erat
1323 233 1393 259 enim
1407 233 1458 260 hoc
1468 232 1641 260 constitutum
1657 234 1761 268 signum
1779 243 1785 260 :
1800 241 1828 261 et

1034 285 1176 306 aecttrrens
1192 283 1251 313 post
1271 286 1377 307 servum
1391 287 1467 307 suum
1481 302 1488 314 ,
1504 281 1567 308 dum
1583 281 1663 309 David
1680 289 1713 309 eo
1727 283 1752 310 in
1768 284 1828 312 loco

1034 325 1152 358 latebat.
1168 326 1205 352 ait
1220 335 1227 353 :
1242 326 1301 354 Cito
1326 333 1456 361 propera,
1478 335 1512 354 ne
1533 328 1666 355 cunctaris
1681 349 1688 361 ,
1702 329 1762 364 quia
1784 338 1828 358 sa-

1034 373 1098 407 gitta
1113 372 1165 399 illic
1180 376 1222 400 est
1241 373 1360 407 procula
1380 377 1417 400 te.
1439 372 1571 401 lntcllexit
1583 374 1664 402 David
1685 375 1749 410 quid
1770 375 1828 403 ha-c

1035 417 1232 453 significarent,
1245 422 1271 445 et
1294 425 1355 445 cum
1378 426 1471 446 servus
1484 420 1654 452 recessisset,
1669 421 1721 448 ruit
1733 420 1758 448 in
1771 429 1828 449 am-

1036 464 1141 499 plexum
1155 464 1288 492 .lonathan
1306 469 1333 492 et
1346 465 1418 492 flevit
1433 474 1439 493 :
1455 465 1501 493 ille
1521 473 1586 494 vero
1599 466 1690 502 fugere
1709 468 1788 503 jussit
1801 474 1828 496 et

1035 516 1172 546 pactorum
1198 511 1343 539 recordari.
1362 511 1425 539 111118
1442 519 1524 547 porro
1546 518 1623 540 erant
1647 521 1681 541 ne
1702 522 1826 549 umquam

1035 556 1245 584 misericordiam
1260 563 1396 585 amoveret
1411 566 1444 586 ex
1454 558 1537 586 domo
1551 558 1699 594 Jonatlian,
1715 561 1772 588 sive
1787 562 1826 588 vi-

1035 604 1139 637 \‘cntis,
1154 604 1211 631 sive
1228 604 1335 632 mortui.
1351 605 1429 633 Venit
1443 605 1526 633 David
1540 605 1574 633 ad
1589 606 1726 634 Abimelec
1738 614 1828 635 sacer-

1034 649 1134 677 dotem.
1149 650 1225 678 Tunc
1245 657 1328 685 panes
1349 651 1539 686 propositionis
1562 652 1699 680 comedit:
1724 654 1828 688 accepit

1034 703 1140 731 queque
1153 696 1270 732 gladium
1284 696 1507 731 Goliathi,dieens
1519 705 1548 726 se
1559 706 1572 725 a
1587 706 1649 734 rege
1659 699 1749 734 aliquo
1763 699 1827 726 mis-

1034 750 1093 769 sum
1104 749 1163 769 eum
1178 742 1322 778 diligentia.
1338 743 1371 770 Et
1387 743 1459 770 venit
1473 743 1534 771 inde
1546 743 1579 770 ad
1592 743 1699 772 Auchus
1708 765 1716 777 ,
1729 745 1827 772 deinde

1035 789 1061 816 in
1073 788 1184 816 Odolam
1199 789 1217 822 ί,
1233 793 1260 817 et
1271 789 1439 816 commendat
1457 790 1513 824 regi
1527 789 1602 817 Moab
1616 790 1723 818 domum
1739 799 1825 818 suam.

1031 832 1100 862 Cum
1115 839 1204 863 autem
1225 835 1288 863 Saiil
1304 839 1513 870 conquereretur
1534 836 1604 870 apud
1630 844 1721 864 servos
1745 845 1826 869 suos,

1035 880 1106 915 quod
1127 888 1206 908 nemo
1229 881 1288 916 ejus
1312 880 1396 908 vicem
1422 881 1537 915 doleret,
1558 889 1606 909 nec
1625 882 1751 910 Davidem
1776 883 1826 909 sibi

1036 925 1176 958 traderet,
1194 926 1264 954 Doec
1277 926 1419 961 ldumarus,
1441 927 1486 962 qui
1510 935 1628 962 praesens
1651 933 1708 955 erat
1720 928 1828 963 quando

1035 971 1117 999 David
1131 971 1163 999 ad
1174 972 1338 1001 sacerdotem
1360 972 1449 1006 venit,
1464 973 1630 1001 annuntiavit
1643 973 1680 1000 illi
1692 973 1761 1008 quod
1774 974 1828 1001 fac-

1035 1022 1090 1045 tum
1105 1023 1173 1045 erat.
1197 1017 1243 1046 1118
1258 1018 1349 1046 accitis
1363 1019 1562 1053 sacerdotibus,
1577 1027 1637 1047 cum
1658 1020 1675 1046 ii
1687 1020 1730 1055 qui
1756 1028 1826 1055 pra:-

1035 1069 1125 1093 sentes
1136 1069 1212 1093 erant
1227 1065 1330 1093 nollent
1343 1066 1403 1093 illos
1413 1065 1551 1098 occidere,
1569 1066 1685 1094 Doécum
1700 1066 1725 1094 id
1739 1066 1825 1101 jubet,

1035 1111 1080 1147 qui
1107 1112 1205 1140 oceidit
1227 1117 1360 1140 trecentos
1380 1112 1570 1148 quinquaginta
1597 1113 1668 1141 viros
1689 1118 1827 1148 portantes

1035 1158 1146 1194 prud,
1159 1163 1186 1186 et
1202 1158 1276 1187 Noba
1298 1166 1391 1187 eorum
1416 1159 1509 1187 urbem
1523 1159 1632 1188 delevit.
1648 1161 1710 1187 11188
1735 1160 1826 1187 Davidi

1035 1204 1196 1232 renuntiavit
1211 1212 1279 1232 unus
1291 1212 1324 1232 ex
1338 1204 1399 1232 filiis
1413 1205 1571 1237 sacerdotis,
1585 1206 1629 1240 qui
1644 1206 1826 1233 carnificinam

1035 1255 1166 1278 evaserat.
1181 1249 1230 1278 Ille
1241 1258 1304 1277 vero
1318 1250 1428 1284 dolens,
1441 1251 1609 1285 superstitem
1624 1251 1697 1279 illum
1717 1252 1785 1286 apud
1797 1259 1827 1279 se

1035 1297 1167 1329 εει-111111,
1180 1302 1207 1324 et
1219 1297 1303 1325 Cilam
1317 1302 1496 1333 oppugnatam
1511 1289 1642 1326 liberavit.
1655 1298 1721 1325 Cum
1735 1299 1826 1326 audis—

1034 1348 1076 1371 set
1088 1348 1176 1370 autem
1188 1343 1293 1371 Sat’xlem
1309 1343 1347 1375 ad.
1362 1351 1391 1371 se
1406 1343 1496 1371 venire
1509 1365 1516 1376 ,
1529 1344 1592 1371 exiit
1607 1344 1669 1371 inde
1689 1344 1714 1371 in
1733 1344 1826 1372 deser-

1035 1394 1089 1417 tum
1105 1389 1183 1424 Ziph.
1197 1389 1273 1423 Quod
1284 1397 1344 1417 cum
1359 1389 1486 1417 audiisset
1497 1390 1574 1422 Satil,
1588 1389 1620 1417 ad
1637 1389 1710 1417 illum
1734 1397 1826 1424 perre-

1035 1436 1083 1463 xit.
1099 1436 1165 1463 Dum
1179 1441 1268 1463 autem
1285 1436 1357 1463 illum
1378 1436 1573 1471 insequeretur,
1595 1436 1686 1463 audito
1709 1436 1826 1463 hostium

1035 1482 1159 1516 incursu,
1181 1481 1290 1509 recedit.
1306 1481 1407 1510 Deinde
1427 1489 1486 1509 cum
1507 1490 1540 1509 ex
1556 1482 1675 1509 hosdbus
1688 1481 1826 1514 rediisset,

1035 1527 1108 1554 illum
1123 1527 1212 1555 denuo
1226 1528 1395 1562 perquirebat
1405 1548 1413 1561 ,
1435 1533 1461 1555 et
1476 1528 1611 1563 ingressus
1624 1532 1666 1555 est
1678 1528 1704 1554 in
1719 1527 1826 1563 spelun-

1034 1581 1108 1607 cam,
1126 1573 1151 1600 in
1165 1581 1216 1608 qua
1238 1573 1319 1601 David
1333 1574 1459 1607 sedebat,
1475 1579 1574 1602 etcum
1590 1574 1633 1602 illo
1647 1574 1695 1602 viri
1715 1574 1827 1602 interius

1034 1619 1125 1654 positi.
1141 1619 1261 1655 Cumque
1273 1627 1367 1648 omnes
1385 1620 1555 1648 hortarentur
1569 1628 1629 1648 eum
1646 1625 1674 1648 ut
1693 1621 1826 1648 oecideret

1034 1665 1161 1700 Saiilem,
1186 1674 1238 1693 non
1263 1666 1476 1702 obtemperavit,
1507 1674 1594 1701 neque
1622 1667 1772 1694 volentibus
1800 1666 1826 1693 id

1034 1713 1178 1740 concessit.
1195 1712 1229 1740 Ut
1240 1717 1329 1740 autem
1341 1712 1423 1739 exivit
1437 1713 1480 1740 ille
1493 1720 1523 1740 ex
1539 1713 1675 1748 spelunca,
1690 1712 1733 1740 hic
1746 1713 1826 1740 etiam

1034 1763 1162 1793 sequutus
1173 1763 1232 1792 est,
1249 1762 1276 1786 et
1290 1758 1409 1786 clamans
1424 1758 1456 1786 ad
1471 1759 1560 1792 illum,
1577 1759 1660 1794 ipsius
1681 1759 1825 1794 nequitiam

1034 1804 1197 1839 cljustiliam
1209 1812 1283 1832 suam
1296 1804 1402 1832 Sai‘dem
1418 1804 1517 1832 docuit.
1534 1804 1581 1832 Ille
1591 1812 1655 1832 vero
1666 1804 1829 1840 lacrymatus

1034 1855 1085 1877 est.
1100 1850 1175 1878 Tunc
1199 1855 1320 1878 mortuus
1334 1856 1375 1878 est
1400 1850 1519 1878 Samuel.
1542 1850 1622 1877 Mittit
1634 1850 1679 1885 qui
1699 1858 1714 1877 a
1727 1850 1827 1877 Nabale

1034 1896 1103 1924 dona
1126 1900 1246 1931 peterent
1272 1903 1321 1931 pro
1336 1896 1456 1924 custodia
1477 1904 1529 1931 qua
1555 1901 1709 1924 servaverat
1732 1904 1826 1931 greges

1035 1942 1126 1977 ipsius.
1141 1942 1188 1970 ille
1202 1950 1265 1970 vero
1279 1950 1331 1969 non
1344 1942 1423 1970 tnodo
1437 1950 1489 1970 non
1503 1942 1592 1975 dedit,
1607 1942 1654 1970 sed
1669 1943 1748 1970 etiam
1761 1951 1826 1970 con-

1035 1989 1143 2016 tumelia
1167 1989 1253 2024 ipsum
1269 1988 1358 2016 affecit
1375 1996 1422 2023 per
1435 1989 1536 2024 legatos
1550 1996 1623 2016 suos.
1641 1988 1688 2016 Ille
1706 1993 1826 2016 armatus

1034 2035 1175 2063 incedebat
1188 2039 1216 2062 ut
1229 2035 1353 2070 perderet
1365 2042 1437 2062 eum.
1451 2034 1514 2062 Hace
1523 2034 1616 2062 didicit
1629 2034 1737 2069 Abigaia
1759 2042 1825 2062 uxor

1034 2082 1121 2116 illius,
1136 2086 1163 2110 et
1173 2082 1291 2115 acceptis
1302 2081 1457 2108 muneribus
1469 2081 1586 2108 occurrit
1605 2081 1696 2108 Davidi
1705 2101 1713 2113 ,
1726 2081 1824 2107 multa-

1033 2136 1085 2162 que
1100 2133 1207 2164 precata
1218 2148 1226 2161 ,
1237 2127 1365 2162 impetum
1380 2127 1438 2162 ejus
1452 2126 1582 2155 cohibuit.
1597 2127 1752 2162 Mortuoque
1774 2126 1825 2153 Na-

1034 2174 1103 2208 bale,
1120 2174 1231 2209 Abigaia
1245 2174 1303 2208 ejus
1316 2181 1383 2200 uxor
1396 2173 1519 2200 efficitur.
1533 2173 1599 2200 Cum
1611 2173 1739 2200 audiisset
1748 2172 1824 2206 Saul,

1033 2228 1086 2255 quo
1100 2220 1125 2247 iu
1141 2221 1199 2248 loco
1213 2225 1284 2247 esset
1306 2219 1388 2246 David
1399 2240 1406 2252 ,
1422 2219 1494 2246 venit
1504 2226 1598 2246 rursus
1609 2218 1643 2245 ad
1657 2226 1728 2246 eum.
1757 2219 1825 2245 Dor-

1034 2266 1133 2293 tniente
1147 2271 1235 2293 autem
1255 2266 1334 2294 5111118
1347 2273 1406 2293 811111
1421 2270 1477 2293 toto
1500 2265 1618 2293 exercitu
1633 2272 1699 2297 suo,
1719 2265 1825 2292 advenit

1035 2312 1117 2339 David
1131 2320 1190 2339 cutn
1214 2312 1315 2340 Abessa
1333 2321 1339 2339 :
1362 2319 1475 2347 cumque
1497 2311 1540 2338 hic
1558 2310 1663 2346 juberet
1682 2311 1826 2338 confodere

1034 2358 1170 2385 inimicum
1181 2378 1188 2390 ,
1204 2365 1256 2385 non
1270 2357 1350 2384 cessit
1365 2357 1419 2390 illc,
1432 2357 1479 2384 sed
1494 2361 1604 2391 accepto
1619 2357 1720 2392 scypho
1732 2356 1776 2391 qui
1792 2356 1825 2383 ad

1034 2408 1113 2439 caput
1126 2405 1184 2439 ejus
1197 2408 1271 2436 erat,
1287 2407 1314 2431 et
1335 2403 1425 2436 basta,
1441 2403 1546 2438 longius
1562 2403 1703 2438 processit,
1720 2407 1746 2430 et
1770 2403 1825 2429 cla-

1033 2458 1110 2477 mans
1129 2450 1254 2478 excitavit
1268 2449 1327 2484 ejus
1338 2449 1445 2483 ducem,
1458 2448 1528 2476 etde
1540 2448 1662 2476 socordia
1676 2447 1823 2479 incusabat,

1033 2496 1103 2532 quod
1117 2504 1170 2523 non
1190 2495 1336 2523 custodiret
1357 2502 1456 2530 regem.
1481 2495 1656 2529 Ostenditque
1671 2494 1773 2521 hastam
1798 2497 1826 2520 et

1033 2544 1163 2579 scyphum
1174 2563 1181 2576 ,
1195 2546 1222 2570 et
1243 2542 1345 2569 incusat
1364 2541 1472 2569 Saﬂlem
1482 2561 1490 2574 ,
1506 2541 1576 2576 quod
1591 2547 1652 2568 eum
1663 2540 1708 2574 qui
1720 2547 1749 2567 se
1760 2539 1826 2566 nihil

1033 2590 1139 2618 laeserat
1162 2590 1355 2624 insequeretur.
1379 2588 1454 2616 Tunc
1477 2587 1544 2623 fugit
1568 2586 1649 2614 David
1674 2586 1707 2613 ad
1735 2593 1824 2620 regem

1032 2638 1161 2666 Auchus:
1188 2644 1274 2672 neque
1297 2637 1367 2663 enim
1392 2640 1476 2662 tutum
1504 2642 1565 2661 esse
1593 2633 1700 2668 putabat
1722 2631 1824 2660 versari

1033 2691 1114 2719 prope
1127 2683 1246 2711 Saiilem.
1260 2682 1363 2717 Accipit
1378 2681 1460 2709 David
1474 2681 1507 2708 ab
1528 2679 1636 2707 Anchus
1652 2679 1760 2707 Secelac
1775 2687 1781 2705 :
1798 2684 1826 2706 et

1032 2732 1155 2759 incursus
1169 2729 1283 2758 faciebat
1307 2729 1334 2756 in
1355 2728 1447 2756 hostes
1460 2748 1468 2761 ,
1482 2727 1684 2762 accipiebatque
1698 2725 1826 2761 pecunias

1032 2785 1058 2807 et
1073 2787 1136 2806 ores
1148 2779 1253 2806 multas.
1267 2778 1343 2806 Tunc
1356 2782 1551 2813 congregantur
1564 2776 1720 2812 alienigena:
1730 2780 1824 2803 contra

1033 2826 1167 2857 lsracletn,
1181 2824 1281 2852 etSaul
1297 2825 1441 2859 interrogat
1455 2822 1703 2858 engastritnytham.
1720 2823 1826 2850 1181181·-

1066 2906 1071 2921 ¹
1086 2905 1141 2936 Alii,
1150 2905 1267 2930 Udalfnm.
