2074 3126
188 169 239 198 515

187 236 233 255 sus
254 227 335 255 David
355 227 388 254 ab
400 226 517 254 exercitu
530 227 595 262 (non
609 226 678 253 enim
690 227 811 254 sinebant
836 227 921 262 ipsum
933 234 977 254 sa-

189 281 270 309 trapa:
290 274 498 308 alienigenarum
515 280 606 300 secum
623 273 648 299 in
673 273 792 307 pra-lium
815 272 960 307 procedere
972 293 978 305 ,

187 320 353 354 suspicantes
377 327 411 346 ite
436 318 582 346 exercitum
605 326 681 345 suittn
707 317 852 354 proderet),
881 317 981 344 invenit

187 365 296 393 Secelae
317 365 469 396 incensam;
493 364 662 398 sublatasque
689 364 812 391 mulieres
836 373 842 391 :
868 364 979 399 captiva:

188 419 303 446 namque
317 411 437 438 abducta:
452 410 565 438 fuerant.
579 409 745 444 Interrogato
755 414 843 437 autem
856 411 929 444 Deo,
944 418 977 438 an

187 458 290 493 insequi
306 458 430 489 deberet,
448 457 547 492 illoque
569 456 747 491 respondente
760 478 767 490 ,
782 456 890 490 debere,
908 457 979 484 inse-

187 508 313 539 sequutns
326 504 386 530 illos
397 508 447 530 est.
462 503 562 530 Etcum
573 502 708 529 didicisset
721 510 735 529 a
750 510 831 537 puero
841 502 976 538 Aigyptio,

186 550 294 577 ubinam
310 553 570 580 castrametarentur,
592 548 710 582 segniter
727 552 836 583 agentes
850 548 978 575 invadens

187 596 317 630 percussit
330 595 406 626 illos,
422 598 448 621 et
470 593 554 628 spolia
570 593 689 628 accepit,
704 597 730 620 et
743 593 837 628 aequali
851 598 924 620 sorte
937 593 978 620 di-

187 642 248 669 visit
258 641 311 669 illis
323 641 367 675 qui
384 643 573 675 pugnaverant,
589 644 616 667 et
629 639 683 666 illis
694 639 738 674 qui
750 640 775 666 in
790 639 860 666 vasis
873 646 978 666 manse-

186 691 256 714 rant.
278 686 343 714 Cum
358 686 528 713 commissum
542 689 631 712 autem
653 685 774 720 prmlium
795 684 889 712 fuisset
909 685 978 712 inter

187 732 311 759 lsraelem
326 735 352 758 et
365 731 527 765 alienigenas
537 750 544 762 ,
559 729 681 758 cecidere
701 730 764 757 Sal'tl
784 735 811 757 et
824 729 957 757 Jonathan
968 751 975 763 ,

185 783 213 805 et
225 778 278 805 duo
291 777 334 804 alii
348 777 394 803 ﬁlii
406 777 464 811 ejus
478 785 485 803 :
500 781 528 803 et
540 780 646 811 captum
659 776 744 811 ipsum
761 776 852 803 hostes
863 783 976 810 suspen-

186 823 281 850 derunt
293 823 318 850 in
337 829 414 850 muro
432 822 540 849 Bithsan
552 843 559 855 ,
579 829 639 857 quae
658 826 699 849 est
713 821 895 857 Scythopolis.
922 821 976 848 Ve-

186 871 289 897 nientes
303 874 391 896 autem
407 869 456 896 viri
472 868 505 895 de
518 868 597 896 Iabes
607 888 615 902 ,
631 872 791 903 acceperunt
810 875 870 895 cum
884 872 910 895 et
928 867 975 895 Jo-

187 915 283 942 nathan
293 936 301 948 ,
317 919 344 942 et
357 914 531 950 sepelierunt.

437 978 578 999 REGNORUH
598 978 674 998 LIBER
693 978 722 998 ιι.

221 1031 298 1058 Venit
313 1030 444 1066 quispiam
458 1030 617 1057 annuntians
631 1030 722 1057 Davidi
734 1050 740 1062 ,
754 1037 783 1057 se
797 1029 902 1058 Saulem
926 1037 974 1057 oc-

185 1077 283 1104 cidisse
295 1086 302 1104 :
314 1081 340 1104 et
352 1076 484 1104 interfecit
497 1076 572 1103 illum
585 1076 685 1109 David;
701 1076 820 1111 quitquc
830 1077 936 1104 Safticm
948 1082 975 1104 ct

183 1122 316 1150 Jonathan
328 1143 336 1154 ,
350 1127 378 1149 et
394 1122 519 1149 inunctus
532 1127 572 1150 est
588 1122 614 1149 in
628 1129 730 1156 regem.
751 1122 829 1149 Mittit
851 1122 884 1149 ad
900 1122 975 1149 habi-

185 1172 284 1196 tatores
296 1168 376 1196 Iabes
391 1167 492 1195 Galaad
502 1188 509 1200 ,
524 1167 635 1195 laudans
646 1168 705 1195 illos
718 1167 789 1202 quod
804 1168 975 1203 sepeliissent

183 1213 299 1242 Saﬁlem.
310 1214 342 1241 Et
355 1214 479 1241 Ahenner
488 1213 541 1241 dux
552 1214 638 1242 Saulis
652 1221 740 1249 regem
752 1214 857 1242 Israelis
872 1215 973 1242 consti-

184 1260 234 1286 tuit
248 1259 460 1294 Memphibosthe
474 1259 511 1295 (α)
535 1259 616 1286 ﬁlium
638 1259 736 1287 Saulis.
758 1260 839 1287 David
855 1268 918 1288 vero
931 1268 973 1289 re-

185 1305 275 1339 gnavit
300 1305 325 1332 in
341 1304 446 1332 Judam.
464 1305 498 1333 Ut
522 1310 611 1333 autent
637 1310 811 1333 occurrerunt
835 1307 885 1333 sibi
907 1307 973 1335 Joab

186 1351 303 1385 Davidis,
317 1356 345 1378 et
359 1351 484 1379 Abenner
497 1351 584 1379 Saulis
594 1352 690 1385 duces,
708 1356 734 1379 et
746 1353 920 1380 commissum
932 1358 974 1381 est

184 1396 301 1431 prmlium
315 1404 330 1424 a
349 1397 506 1431 juventute,
531 1402 707 1432 persequutus
723 1402 764 1425 est
786 1399 866 1426 Asaél
892 1398 974 1426 frater

183 1442 250 1470 .Iuab
264 1443 390 1470 Abenner
404 1453 412 1470 :
428 1451 481 1478 quo
494 1451 564 1478 sazpe
576 1444 686 1478 jubente
701 1449 730 1471 ut
750 1444 905 1477 recederet,
923 1452 973 1472 no-

183 1489 231 1516 luit
243 1489 297 1516 ille.
314 1488 386 1517 Tunc
406 1489 503 1516 occidit
516 1497 577 1517 eum
596 1490 731 1523 Abenncr,
748 1495 774 1518 et
787 1495 880 1518 vocato
890 1491 974 1518 Joabo

185 1535 306 1562 hortatur
320 1540 348 1563 ut
369 1535 507 1570 prarliandi
533 1535 612 1564 ﬁnem
635 1535 725 1563 faciat.
739 1536 896 1572 Bellumque
915 1541 974 1564 erat

184 1581 252 1608 inter
265 1581 374 1608 domum
388 1581 475 1608 Saulis
488 1585 515 1608 et
527 1581 635 1608 domum
651 1581 743 1608 David.
760 1581 795 1608 Et
810 1581 855 1608 il!e
865 1582 972 1616 quidem

183 1627 334 1661 deﬁciebat,
351 1627 394 1655 hic
407 1635 470 1655 vero
484 1627 701 1655 conﬁrmabatur.
715 1627 895 1655 Concubinam
906 1628 972 1656 Sau-

184 1673 216 1700 Iis
235 1673 286 1700 sibi
309 1673 391 1700 sumit
414 1673 560 1701 Abenner:
577 1673 727 1707 objurgavit
750 1673 971 1708 Memphibostlte.

184 1717 267 1745 Iratus
288 1718 414 1746 Abenner
436 1719 517 1745 mittit
531 1718 564 1746 ad
591 1718 735 1752 Davidem,
762 1719 920 1754 promittens
944 1727 973 1746 se

184 1767 266 1790 totum
283 1763 319 1790 illi
331 1763 456 1798 populum
471 1763 605 1790 daturum.
620 1763 776 1791 Venientcm
794 1764 826 1791 ad
837 1772 866 1791 se
880 1764 972 1791 eonvi-

185 1812 228 1837 vio
241 1810 345 1844 excepit
359 1810 452 1837 David.
477 1809 510 1838 Ut
524 1814 613 1837 autetn
636 1810 662 1837 id
677 1809 779 1837 audivit
791 1817 852 1837 cum
874 1818 889 1837 e
902 1810 972 1837 bello

185 1864 306 1885 reversus
316 1856 441 1890 estJoab,
451 1860 589 1884 evocatum
606 1856 775 1889 Abennerum
788 1856 850 1883 dolo
865 1857 972 1888 occidit,

185 1906 212 1928 ut
225 1902 380 1936 sanguinem
399 1901 488 1928 fratris
508 1902 549 1929 sui
569 1902 754 1929 ulcisceretur.
775 1901 815 1929 Re
836 1908 972 1936 comperta

185 1947 266 1975 David
282 1947 417 1974 maledicit
431 1947 514 1974 .Ioabo
525 1967 532 1979 ,
546 1952 574 1974 et
587 1947 658 1982 luget
671 1947 840 1974 Abennerum
851 1967 859 1981 ,
870 1955 902 1974 ac
913 1955 972 1974 cum

186 1995 286 2021 honore
300 1994 382 2020 multo
397 1993 501 2027 sepelit.
517 1992 612 2020 Ichaab
625 1997 652 2019 et
670 1993 771 2020 Banaas
794 1992 862 2020 clam
884 1993 974 2020 occiso

184 2040 397 2076 Memphibosthe
411 2043 540 2067 venerunt
552 2039 586 2066 ad
603 2039 683 2066 David
697 2060 704 2071 ,
718 2046 750 2066 ac
758 2039 780 2066 si
791 2039 890 2066 caedem
906 2040 974 2066 hanc

185 2086 311 2120 pnnclare
331 2085 488 2120 gessissent.
515 2085 561 2112 Ille
585 2092 650 2112 vero
663 2084 711 2111 hos
734 2083 876 2112 interfecit.
899 2084 974 2111 Tunc

186 2133 265 2159 totius
278 2131 368 2166 populi
381 2138 427 2158 rex
440 2130 555 2157 efﬁcitur
577 2129 676 2163 David,
700 2134 727 2156 et
740 2129 812 2157 venit
823 2129 970 2156 Jerusalem

185 2177 217 2202 ad
228 2177 390 2209 Jebttsmum,
405 2175 605 2210 impediuntque
618 2175 690 2201 illum
705 2175 791 2202 claudi
806 2182 839 2202 ne
851 2174 972 2207 intraret,

184 2229 415 2261 etcepttarcennet
424 2222 565 2250 aedificavit
575 2222 625 2251 Sibi
633 2222 752 2250 domum.
769 2220 834 2247 Cum
849 2220 894 2247 illo
906 2227 975 2255 quo-

185 2278 236 2305 que
250 2269 335 2298 ftedus
349 2269 464 2296 habebat
477 2268 592 2304 Chyram
608 2275 655 2295 rex
674 2267 747 2302 Tyri.
764 2267 865 2294 Bellum
888 2274 976 2293 move.

186 2320 248 2344 runt
275 2316 447 2350 alienigenae,
476 2318 504 2342 et
524 2321 649 2349 egressus
674 2313 741 2340 fudit
764 2320 810 2339 eos
826 2312 916 2339 David.
940 2311 976 2339 Ut

185 2368 273 2389 autem
288 2369 379 2389 I'UI'SIIS
403 2362 572 2393 invaserunt,
597 2368 612 2387 a
638 2361 692 2387 Deo
707 2359 871 2393 prohibetur,
895 2367 928 2387 ne
949 2360 975 2386 in

186 2416 326 2436 occursum
340 2407 446 2435 illorum
457 2412 509 2434 eat.
519 2406 571 2434 Sed
584 2405 645 2433 Cum
656 2405 780 2437 audieris,
793 2405 879 2440 inquit
894 2405 973 2438 Deus,

216 2486 252 2516 (rt)
266 2485 293 2510 In
305 2484 417 2516 Vulgata,
432 2483 542 2516 Isbosetfi.
556 2484 597 2508 Hic
608 2490 666 2516 vero
678 2481 861 2516 mmp/tfbosllte
877 2490 925 2507 non
944 2483 977 2516 la-

186 2513 229 2548 rsu
243 2513 366 2548 ἐνωμιῆοῦ
383 2513 486 2546 positum
510 2514 780 2548 fiiisse_videtur:natt_t
801 2513 887 2548 eodem
906 2515 977 2548 modo

184 2544 299 2577 scriptum
311 2547 348 2571 bis
359 2544 442 2577 postea
454 2545 669 2577 occurritiV'erum
680 2544 806 2575 exemplar
817 2544 976 2577 Chrysostomi

186 2575 287 2611 multum
300 2575 532 2611 variabat,.era_tque
551 2576 591 2611 illo
604 2579 715 2611 tempore
726 2577 785 2611 mira
802 2575 976 2610 exemplarium

185 2609 322 2633 diversitas.
337 2607 406 2632 multa
417 2606 550 2632 lectionum
561 2606 697 2631 discrimina
709 2606 817 2637 proferre
830 2606 854 2630 in
866 2610 977 2637 promptu

186 2643 262 2669 esset,
279 2640 384 2663 maxime
397 2645 456 2662 vero
475 2639 499 2662 iu
519 2638 656 2669 nominibus
664 2637 846 2669 propriis.)th
858 2643 928 2667 porro
940 2637 976 2669 le-

185 2672 242 2698 ctio.
255 2667 453 2700 hletnp/u'bustlte,
466 2676 513 2693 non
533 2668 642 2700 insolens
660 2668 735 2700 fuisse
756 2667 859 2700 videtur,
871 2668 978 2700 quando-

186 2698 461 2732 qnidem'l‘heodoretus
473 2701 545 2732 etiam
565 2699 652 2723 eodem
672 2698 742 2722 modo
762 2698 823 2732 legit
841 2699 977 2732 Quaestione

184 2728 267 2756 octava
285 2732 311 2756 in
326 2730 460 2755 secundum
478 2730 566 2754 librum
587 2733 684 2760 Regum,
699 2732 726 2754 et
736 2728 872 2760 Quaestione
883 2728 978 2753 decima

185 2767 270 2793 quarta
288 2764 312 2787 in
332 2762 446 2786 eumdem
466 2761 562 2793 librum.
577 2759 641 2793 Unde
661 2760 732 2793 etiam
749 2759 865 2784 inferatur
878 2766 931 2793 eam
943 2759 978 2784 le-

185 2790 291 2818 ctionem
309 2793 333 2817 iu
353 2793 406 2822 ejus
425 2791 558 2822 exemplari
575 2790 764 2822 fuisseJ'rerutn
776 2794 858 2822 autem
869 2790 923 2822 ejus
934 2796 977 2822 no-

186 2831 243 2848 men
257 2829 311 2849 erat
321 2820 391 2853 riui:
406 2826 474 2855 tum,
490 2820 603 2850 [stimet/1,
620 2825 648 2846 ut
658 2821 732 2845 habet
743 2820 978 2852 Vulgata;librario-

185 2865 238 2882 nnn
257 2862 340 2882 autem
359 2858 427 2888 lapsu
448 2857 563 2888 Scriptum
574 2856 627 2888 fuit,
645 2856 837 2888 ΜριηρΙιὶίιοδιΙιίι,
851 2856 914 2887 quod
926 2860 979 2881 erat

188 2896 276 2914 nti-nun
288 2889 328 2913 lilii
341 2889 458 2914 Jonathze.

734 169 895 197 SYNOPSIS
914 168 1115 197 SCRIPTUBEE
1134 169 1269 197 SICIUE.

1773 175 1825 203 516

1036 234 1118 253 vocent
1132 229 1245 254 tmnoris
1259 228 1333 262 ﬂetus
1343 228 1361 260 ',
1373 233 1431 254 tunc
1444 229 1560 264 prwlium
1575 230 1699 257 committe
1710 231 1748 266 (‘2.
1761 232 1822 267 Reg.

1032 273 1058 300 5.
1074 272 1132 308 Ἡ).
1147 273 1221 300 Tunc
1233 273 1303 300 ettim
1316 273 1453 300 tradentur
1470 274 1525 300 tibi.
1543 275 1656 302 Atnovet
1669 284 1758 303 arcam
1773 277 1822 304 Da-

1031 318 1091 352 vid,
1110 322 1138 345 et
1150 319 1262 346 moritur
1274 318 1342 351 Oza,
1359 319 1418 353 quia
1435 319 1554 346 extendit
1577 328 1684 347 manum
1701 329 1775 348 suam
1792 323 1823 349 ail

1030 370 1130 390 arcam.
1142 363 1208 390 Cum
1220 369 1308 392 autem
1320 364 1462 391 duceretur
1474 372 1545 398 arca,
1563 365 1675 392 saltabat
1689 366 1783 400 David,
1798 373 1825 395 et

1030 409 1152 443 despexit
1164 417 1224 436 eum
1241 410 1364 437 Mclchol.
1387 410 1461 437 Tunc
1474 418 1534 437 cum
1551 411 1630 438 vellet
1642 411 1723 438 David
1744 413 1824 439 a-dili-

1030 461 1092 482 care
1106 455 1243 489 tetnplum,
1259 455 1414 490 prohibetur
1428 463 1442 482 a
1458 455 1560 482 Nathan
1576 457 1719 491 propheta,
1731 463 1756 484 et
1768 467 1824 492 pre-

1030 505 1107 528 catur
1120 501 1219 536 gratias
1232 509 1313 536 agens
1330 502 1394 534 Deo,
1409 502 1517 536 gratias,
1530 501 1649 536 inquam,
1667 503 1699 529 de
1713 505 1825 538 promis-

1029 547 1150 574 sionibus
1161 554 1227 581 quas
1241 547 1351 574 audivit.
1368 548 1503 575 Percussit
1519 548 1600 575 David
1617 549 1782 584 alienigenas
1797 555 1825 577 et

1030 592 1151 620 Moabum
1168 598 1193 620 et
1207 593 1298 628 Syros,
1314 597 1341 620 ct
1355 601 1429 620 arma
1448 601 1527 620 aurea
1541 601 1601 628 qua:
1616 595 1719 629 accepit
1730 616 1736 626 ,
1754 600 1824 621 artu-

1029 638 1277 674 IitJernsnlytnam,
1293 646 1351 673 qua:
1373 639 1480 665 demutn
1503 639 1611 666 abstulit
1632 639 1751 667 Snsacien
1774 649 1820 667 rex

1029 683 1147 718 Egypti.
1154 684 1287 718 Multaque
1296 684 1462 711 anathemata
1470 685 1635 712 consecravit
1646 685 1734 712 David-
1745 686 1823 713 Meni-

1029 729 1181 764 pltibaalum
1198 729 1281 756 ﬁlium
1303 729 1423 756 Jonatlia:
1438 729 1561 764 dignatur
1580 738 1670 758 mensa
1691 731 1760 766 regia
1773 753 1779 765 ,
1796 737 1823 759 et

1029 774 1118 801 omnia
1134 782 1193 809 qua:
1209 775 1240 802 ad
1256 774 1362 802 Saftien)
1379 775 1547 809 pertinebant
1557 775 1601 803 dat
1616 777 1676 811 ipsi.
1691 777 1823 812 Jubelque

1027 819 1127 853 Siham,
1144 820 1187 854 qui
1212 825 1270 847 erat
1291 827 1386 847 servus
1409 825 1554 854 paternus,
1576 821 1761 856 Memphibaali
1783 823 1822 857 (a)

1027 866 1128 893 servire
1141 873 1201 893 cum
1214 865 1274 893 ﬁliis
1286 866 1351 893 suis.
1366 866 1445 892 Mittit
1457 870 1544 893 autem
1560 867 1592 893 ad
1607 875 1695 902 regem
1708 867 1820 895 ﬁliorum

1027 912 1155 944 Ammon,
1179 912 1223 946 qui
1241 912 1442 939 consolarentur
1462 919 1533 943 eum.
1546 912 1606 946 quia
1629 917 1749 939 mortuus
1765 918 1822 940 erat

1028 963 1105 993 pater
1119 959 1187 993 ejus.
1213 959 1260 985 Ille
1283 966 1346 986 vero
1367 958 1541 985 suadentibus
1562 959 1732 993 optimatibus
1748 960 1819 993 ejus.

1028 1003 1158 1031 dedecore
1171 1003 1254 1030 afficit
1268 1011 1315 1031 eos
1327 1004 1370 1038 qui
1385 1011 1398 1029 τι
1412 1003 1514 1030 Davide
1527 1003 1599 1030 missi
1614 1009 1689 1030 erant
1702 1004 1734 1031 ad
1746 1004 1819 1031 illum

1027 1049 1227 1076 consolandum.
1240 1048 1310 1076 Hinc
1325 1049 1411 1076 oritur
1431 1049 1528 1076 bellum
1549 1058 1555 1075 :
1569 1053 1596 1076 et
1615 1049 1699 1084 primo
1713 1049 1820 1084 quidem

1028 1097 1108 1123 mittit
1121 1095 1232 1123 .Ioabum
1247 1104 1253 1122 :
1269 1095 1365 1122 deinde
1381 1096 1452 1122 venit
1466 1095 1523 1129 ipse
1543 1096 1624 1122 David
1636 1117 1643 1129 ,
1658 1100 1684 1123 et
1699 1097 1821 1123 inimicos

1027 1142 1108 1177 fugat.
1125 1142 1192 1169 llinc
1209 1149 1240 1169 ea
1256 1149 1315 1176 qua:
1338 1141 1370 1168 ad
1385 1141 1474 1169 Uriam
1490 1146 1517 1167 et
1536 1141 1569 1168 ad
1584 1141 1716 1168 Bersabee
1737 1143 1820 1176 pelti-

1027 1192 1101 1220 nent,
1116 1191 1141 1214 et
1155 1187 1187 1214 ad
1202 1187 1331 1214 infantem
1346 1187 1390 1221 qui
1407 1191 1527 1213 mortuus
1541 1191 1591 1213 est.
1610 1187 1758 1221 Pusteaqne
1773 1196 1820 1214 na-

1026 1233 1110 1261 scitur
1122 1233 1259 1261 Salomon.
1274 1232 1415 1267 Oppugnat
1428 1232 1494 1259 Joab
1509 1232 1622 1264 Ilavath,
1639 1237 1665 1259 et
1680 1237 1820 1267 postquam

1026 1280 1119 1307 urbem
1134 1279 1290 1314 occupavit,
1314 1279 1395 1305 mittit
1413 1278 1447 1305 ad
1463 1278 1554 1310 David,
1577 1278 1668 1305 volens
1685 1279 1820 1307 victoriam

1027 1326 1075 1361 ipsi
1087 1325 1211 1353 adscribi.
1223 1326 1301 1352 Amat
1315 1324 1383 1352 ﬁlius
1396 1325 1477 1352 David
1492 1326 1594 1351 Amnon
1609 1332 1728 1352 sororem
1743 1333 1818 1352 suam

1026 1371 1154 1403 Thamar,
1171 1375 1196 1398 et
1211 1371 1336 1397 simulato
1357 1370 1465 1401 morbo,
1488 1371 1638 1397 venientem
1654 1371 1724 1397 illam
1739 1371 1771 1397 ad
1792 1378 1820 1398 se

1028 1416 1188 1444 visitandum
1209 1415 1370 1443 contumelia
1392 1414 1484 1442 afﬁcit.
1505 1415 1561 1449 Qua
1576 1423 1606 1443 re
1628 1416 1716 1443 audita
1739 1417 1820 1444 frater

1026 1463 1084 1498 ejus
1097 1463 1266 1495 Ahessalom,
1283 1462 1377 1488 invitat
1390 1466 1481 1496 postea
1497 1469 1585 1496 regem
1600 1462 1632 1489 ad
1646 1463 1796 1489 convivium
1811 1471 1817 1488 :

1026 1516 1140 1543 cumque
1161 1515 1208 1535 rex
1230 1515 1283 1534 non
1302 1507 1421 1540 veniret,
1442 1511 1518 1541 rogat
1539 1506 1636 1534 fratres
1651 1511 1679 1534 ut
1701 1508 1818 1534 veniant.

1025 1554 1092 1582 Cum
1108 1559 1196 1581 autem
1212 1553 1355 1586 venissent,
1372 1553 1417 1580 illo
1432 1553 1544 1587 jubente
1559 1553 1629 1580 servi
1645 1553 1728 1587 ipsius
1750 1553 1820 1580 inter

1028 1599 1212 1636 prandendum
1233 1599 1387 1626 occiderunt
1404 1600 1564 1625 Amnonem.
1580 1597 1614 1625 Ut
1632 1606 1695 1625 vero
1710 1606 1755 1625 rex
1771 1607 1820 1626 au-

1027 1646 1102 1677 divit,
1118 1644 1229 1671 multum
1247 1643 1323 1676 luxit,
1346 1648 1373 1670 et
1387 1643 1471 1670 iratus
1484 1643 1533 1670 fitit
1547 1643 1574 1669 in
1590 1643 1757 1670 Abessalom.
1774 1644 1819 1671 Ille

1026 1695 1113 1718 autem
1128 1690 1245 1724 aufugit;
1260 1693 1286 1716 et
1313 1694 1373 1724 post
1388 1694 1442 1716 tres
1458 1695 1552 1721 annos,
1567 1695 1627 1715 cum
1643 1688 1733 1716 sedata
1747 1694 1820 1716 esset

1026 1737 1065 1764 ira
1077 1737 1158 1770 regis,
1173 1739 1262 1762 astute
1272 1734 1394 1770 providet
1407 1733 1474 1761 Joab
1481 1743 1531 1769 per
1537 1737 1680 1764 mulierem
1686 1735 1818 1763 ’I‘hecoiti-

1026 1783 1087 1810 dem
1097 1803 1104 1814 ,
1117 1782 1263 1816 suadetque
1278 1781 1333 1816 regi
1351 1785 1379 1807 ut
1392 1780 1547 1808 Abessalon)
1561 1784 1678 1807 revocet.
1695 1781 1817 1808 Redeun-

1027 1833 1079 1856 tem
1094 1828 1178 1855 noluit
1190 1832 1264 1862 pater
1277 1827 1365 1853 statim
1379 1826 1484 1858 videre;
1496 1825 1543 1853 sed
1555 1825 1658 1853 duobus
1673 1826 1748 1852 annis
1762 1835 1776 1851 ιι
1789 1833 1819 1852 ao

1027 1875 1110 1903 nebat
1128 1875 1154 1901 in
1180 1873 1328 1901 Jerusalem
1351 1877 1426 1899 extra
1448 1876 1619 1906 conspectum
1641 1872 1720 1906 regis.
1744 1871 1819 1898 ’l‘unc

1026 1924 1104 1947 vocat
1120 1919 1250 1950 Joabuin;
1268 1918 1312 1945 ille
1333 1925 1397 1944 vero
1418 1925 1471 1944 non
1491 1917 1694 1951 obtemperavit.
1718 1917 1820 1943 Deinde

1029 1966 1101 1993 illius
1121 1972 1213 2000 agrum
1234 1964 1362 1997 incendit,
1378 1967 1405 1990 et
1419 1963 1456 1990 sic
1471 1967 1578 1990 coactus
1593 1963 1663 1990 venit
1678 1963 1711 1990 ad
1733 1963 1819 1990 Abes-

1027 2011 1110 2038 salem
1128 2019 1135 2038 :
1150 2015 1177 2037 et
1191 2010 1225 2037 ab
1240 2009 1285 2036 illo
1298 2010 1395 2036 missus
1406 2008 1440 2035 ad
1455 2016 1555 2043 regem,
1569 2009 1656 2042 ipsum
1669 2016 1729 2034 cum
1745 2012 1819 2042 patre

1027 2055 1223 2088 reconciliavit,
1238 2059 1266 2081 et
1279 2054 1313 2081 ad
1325 2055 1399 2081 illum
1415 2053 1533 2080 adduxit.
1547 2053 1620 2080 Fecit
1630 2057 1718 2080 autem
1735 2053 1820 2080 Abes-

1028 2103 1111 2130 salom
1126 2102 1175 2129 sibi
1196 2107 1290 2128 currus
1304 2104 1330 2127 et
1344 2099 1464 2134 equites,
1481 2103 1507 2126 et
1520 2106 1565 2126 eos
1580 2099 1625 2134 qui
1639 2098 1672 2126 ad
1689 2098 1819 2133 judicium

1027 2146 1193 2174 accedebant
1202 2153 1262 2172 cum
1277 2145 1360 2172 multo
1374 2144 1523 2178 excipiebat
1534 2144 1645 2176 honore,
1658 2148 1684 2171 et
1695 2143 1820 2170 laudabat

1028 2193 1103 2228 quasi
1117 2192 1161 2227 qui
1181 2191 1250 2226 justa
1265 2190 1354 2218 dicere
1373 2195 1497 2225 possent,
1520 2190 1696 2217 miserabatnr
1713 2195 1818 2223 autent,

1028 2239 1102 2274 quasi
1119 2237 1197 2265 nem'o
1211 2241 1282 2264 esset
1302 2236 1346 2272 qui
1369 2241 1459 2271 posset
1473 2237 1532 2263 illos
1552 2236 1710 2270 defendere,
1728 2245 1760 2264 ac
1775 2237 1818 2264 di-

1061 2323 1069 2338 ι
1077 2322 1117 2345 llic
1127 2320 1201 2350 longe
1213 2318 1307 2344 variant
1318 2318 1466 2349 interpretes
1477 2325 1484 2356 ς
1499 2318 1616 2356 Hebraeus
1626 2318 1701 2357 habet
1711 2307 1819 2359 ξἻΡ-ῃκ

1029 2360 1137 2385 meum“
1163 2358 1259 2382 tum-1:
1281 2356 1355 2382 τιτλῖῖ
1374 2360 1454 2378 vocem
1473 2352 1579 2377 incessus
1598 2353 1623 2377 in
1644 2352 1821 2383 cupilibi'ismo-

1028 2398 1119 2417 rerum.
1133 2389 1219 2421 Aquila
1232 2393 1262 2423 ,ει
1281 2389 1439 2423 Synnnachus,
1450 2394 1505 2423 κμξον
1525 2392 1638 2423 assem“
1659 2395 1675 2413 ιν
1694 2396 1821 2423 intentum.

1062 2430 1147 2454 νᾳήσιυν,
1163 2419 1288 2454 strepitum
1316 2419 1440 2454 transitus.
1454 2419 1478 2443 t'u
1501 2419 1618 2453 capitibus
1638 2419 1820 2450 pt'wsiilwrwn.

1028 2437 1821 2485 ἷθῖἶὶῗέἔῖῖιῗεἵίιῖίᾶἷῖ’ξναὶλίέιῖῖὶἴ”ίιι“ὀιῶἳὲἱὶἱῆἴρῇἓ-ὧῖὲὶὶῗιῗέἓέ

1029 2483 1089 2515 Im":
1096 2488 1197 2515 ﬁve/etrng
1213 2486 1373 2515 τοῦ-σδγιλιιξμῦ
1388 2486 1424 2504 ἀπὸ
1442 2489 1473 2515 τεῇ
1488 2484 1553 2515 action;
1565 2489 1597 2505 ταῦ
1603 2483 1731 2510 κλαυθμῶνος
1742 2488 1820 2515 υῡσριη

1030 2510 1188 2541 conclusionis
1209 2518 1225 2536 α
1246 2511 1298 2535 lnco
1320 2510 1397 2541 licitis.
1421 2511 1466 2535 Sed
1488 2510 1563 2540 alius,
1588 2516 1616 2535 ut
1640 2516 1774 2536 notavimus
1797 2513 1822 2537 in

1031 2545 1152 2577 llexaplis,
1165 2543 1210 2567 hoc
1222 2542 1274 2566 loco
1284 2549 1335 2577 pro,
1343 2541 1822 2577 σ-λγκλιισιθσῡ,1ιῖιί)θῐ.συσσιισμάὕλξίηϊὸυδῐυ-

1030 2585 1084 2602 [nus
1093 2572 1160 2603 VI'CI'O,
1173 2581 1204 2598 1'4";
1216 2581 1296 2603 σιισμοῧ.
1308 2576 1348 2596 lIif‘.
1360 2579 1418 2596 νοω
1430 2572 1557 2601 lectiones,
1568 2581 1684 2603 ωηαιεσμαῦ.
1696 2572 1821 2603 δί’-σεισμῶν

1030 2602 1201 2635 tremoris-{vol
1216 2602 1389 2632 coniunctionis,
1401 2603 1478 2634 magis
1495 2604 1611 2635 accedunt
1623 2602 1651 2627 ait
1669 2602 1824 2635 signiﬁcatio-

1029 2647 1087 2665 nem
1098 2638 1162 2663 vocis
1176 2637 1258 2664 i'i'WE.
1270 2640 1341 2665 (luam
1353 2640 1477 2664 σιτιλιισμηῠ,
1488 2634 1652 2659 conclusionis.

1063 2669 1257 2701 ((1)5icquoqnc
1274 2668 1336 2700 legit
1351 2669 1526 2701 Tlteodoretus,
1543 2670 1679 2701 Qua’slione
1699 2671 1824 2701 trigesima

1032 2703 1107 2732 prima
1131 2701 1154 2724 iu
1165 2700 1266 2732 ilibriun
1286 2700 1419 2732 secundum
1443 2703 1540 2732 Reatini.
1554 2700 1614 2724 Illud
1631 2704 1713 2725 autem
1726 2700 1822 2731 nomen,

1032 2730 1149 2763 ιιεμφιεειάλ,
1163 2731 1248 2756 factum
1263 2734 1301 2755 est
1320 2730 1406 2763 partim
1424 2737 1454 2754 ex
1468 2731 1521 2763 ejus
1533 2732 1640 2760 nomine,
1652 2736 1678 2755 nt
1691 2732 1824 2756 habebatur

1030 2761 1094 2793 apud
1105 2765 1313 2792 Lxxtnterpretes
1320 2767 1343 2785 ιιι
1358 2761 1740 2792 librOSecundoIteguni,nempe
1753 2767 1824 2786 mm-

1031 2792 1171 2825 phibostltc,
1186 2793 1316 2825 partiare):
1330 2792 1438 2822 ejusdem
1449 2793 1526 2825 altero
1538 2793 1634 2825 nomine
1646 2793 1708 2825 qttod
1722 2793 1823 2825 habetur

1033 2822 1108 2856 primo
1125 2822 1194 2856 liivro'
1208 2823 1402 2856 Paralipomenon
1421 2829 1474 2856 cap.
1486 2823 1516 2856 9,
1529 2830 1552 2847 v.
1565 2822 1604 2851 At),
1619 2822 1741 2847 Meritum].
1755 2826 1824 2846 Error

1032 2854 1113 2879 autem
1123 2855 1178 2879 ideo
1190 2854 1455 2885 perseverawrit,quia
1464 2854 1565 2884 primum
1579 2861 1674 2883 nomen,
1684 2856 1824 2885 ,t't’ntpmtto.

1034 2892 1091 2916 amr,
1100 2888 1165 2918 lq'su
1177 2886 1290 2916 grai-Ilico
1303 2885 1332 2909 ad
1344 2884 1495 2910 Isbosethum
1508 2884 1644 2909 transierat.
