2074 3126
249 158 298 185 3.7

248 215 325 241 cehat
355 222 362 240 :
393 213 455 246 Qui;
483 221 521 240 me
547 213 678 240 conuituet
705 213 817 248 judicent
845 219 921 246 super
944 215 1037 237 terram

249 260 287 294 (2.
309 258 372 294 lleg.
390 259 432 285 I5.
451 259 500 294 4)?
515 264 541 286 et
555 258 594 285 sic
612 257 737 292 populum
751 257 801 284 sibi
816 255 977 284 conciliavit.
993 256 1038 283 In-

249 306 333 340 surgit
351 305 506 332 Abessalon]
526 309 617 331 contra
632 303 774 336 Davidem;
791 311 841 338 qua
857 311 886 331 re
902 308 1037 339 comperta

249 352 293 380 ille
308 351 372 385 fugit
388 359 419 378 ex
442 350 606 382 Jerusalem,
621 349 737 377 dimissis
753 349 779 376 in
798 349 864 377 urbe
883 349 1039 377 concubinis

251 398 316 424 suis.
341 397 400 424 Ethi
431 396 563 422 volentem
588 403 676 422 secum
704 395 778 423 abire
803 395 888 430 primo
914 395 1035 428 cohibet,

251 442 346 469 deinde
361 442 404 469 ubi
422 441 564 468 instantem
583 441 665 474 vidit,
686 441 711 468 id
733 441 861 476 permisit.
878 440 928 468 Ubi
948 445 1037 468 autem

249 487 401 511 torrentem
421 486 591 520 trajecernnt,
613 486 725 520 imperat
746 485 928 513 sacerdotibus
950 491 977 513 ιιι
992 493 1036 513 re-

251 532 349 560 ducant
363 539 451 559 arcam
473 532 497 558 in
513 532 616 559 urbem.
634 532 692 567 Ipse
705 539 769 560 vero
783 539 812 559 se
823 537 1037 566 exspectaturum

249 585 298 605 eos
311 577 375 604 dicit
389 577 414 604 in
431 577 489 605 loco
504 576 638 605 Olivarum
656 577 705 613 (a),
720 577 742 605 si
756 577 818 612 quid
834 577 948 605 habeant
960 586 1038 605 arca-

250 630 345 650 norum
366 623 436 657 regis
455 623 607 651 dicendum.
629 624 750 651 Occurrit
770 624 859 651 Davidi
879 623 969 652 Chusi.
992 625 1039 652 Ille

250 675 314 694 vero
328 667 401 695 misit
419 676 479 696 eum
503 673 532 696 ut
552 668 719 703 Achitopheli
740 669 898 701 obsisteret,
917 670 960 704 qui
981 675 1038 697 erat

250 713 298 747 ipsi
321 713 476 741 Abessalom
489 722 504 741 a
518 714 645 742 consiliis.
667 714 702 742 Ut
721 720 809 743 autem
832 715 961 743 abscessit
977 715 1037 749 ille,

250 759 322 786 venit
345 758 417 792 Siba,
439 760 484 795 qui
506 765 629 788 aecus-ato
648 761 712 788 hero
725 768 773 788 suo
794 761 969 796 Memphibaal
989 760 1036 798 (b),

250 805 325 838 quasi
341 813 451 840 regnare
475 807 569 839 vellet,
589 811 671 833 totum
694 807 790 841 accipit
809 814 823 833 a
836 804 947 834 Vllavidc.
964 807 1040 835 Tune

250 850 338 878 Scmci
353 851 488 878 maledicit
502 852 610 883 Davidi;
628 852 710 879 David
731 857 818 880 autem
839 853 968 880 Abessam
989 859 1037 879 vo-

251 897 349 923 lentem
364 897 437 924 illum
452 898 574 925 occidere
584 898 710 926 cohibuit.
725 898 802 925 Venit
811 898 893 926 Chusi
906 898 939 925 ad
951 898 1037 926 Abes-

252 942 348 974 salom,
366 943 559 978 persuadetqnc
574 944 611 971 illi
622 951 651 971 se
664 943 821 971 benevolum
837 944 886 978 ipsi
899 944 1037 972 accedere.

251 987 371 1022 (tantque
381 990 520 1016 consilium
534 989 677 1024 agitaretur
689 989 722 1017 de
733 990 811 1017 rebus
825 991 958 1025 gerendis,
973 990 1037 1018 hor-

251 1035 324 1060 tatur
335 1034 490 1062 Abessalom
501 1036 669 1071 Achitophel,
684 1041 712 1064 ut
721 1045 780 1065 cum
792 1038 945 1066 concubinis
955 1039 1039 1073 patris

247 1081 386 1108 suicocat.
403 1081 430 1108 Id
444 1081 487 1109 ille
504 1082 566 1109 fecit
581 1083 606 1110 in
619 1083 717 1111 salario
727 1083 832 1116 domus,
848 1089 876 1111 nt
889 1092 983 1112 omnes
996 1084 1037 1112 vi-

248 1125 355 1152 derent.
367 1126 447 1153 Addit
457 1127 528 1154 aliud
539 1128 696 1160 consilium;
709 1133 736 1156 ut
745 1128 795 1156 sibi
807 1129 952 1156 liceatcum
964 1129 1038 1157 mille

251 1171 314 1197 viris
334 1171 460 1200 Davidem
477 1173 585 1207 aggredi
600 1177 626 1201 et
644 1181 749 1202 necare.
766 1174 800 1202 Ut
820 1179 908 1202 autem
929 1179 1038 1203 vocatus

251 1221 291 1243 est
305 1217 397 1251 Chnsi,
415 1223 443 1245 ιιι
457 1219 596 1246 consilium
611 1224 638 1247 et
652 1220 708 1255 ipse
720 1221 805 1253 daret,
818 1221 840 1249 is
855 1221 1037 1257 Achitopbelis

247 1266 410 1293 sententiam
424 1265 529 1299 evertit,
544 1266 658 1294 suadens
672 1271 700 1293 ut
714 1267 818 1294 interim
832 1268 1035 1302 supersederet,

249 1309 296 1336 sed
309 1315 400 1344 postea
414 1318 473 1338 cum
487 1319 584 1346 magno
595 1317 721 1346 apparati:
736 1313 860 1340 Davidem
875 1313 1036 1342 adoriretur.

250 1355 349 1390 Illaque
363 1358 494 1384 sententia
509 1359 593 1393 magis
608 1359 720 1393 placuit,
738 1360 794 1387 Deo
815 1361 916 1388 scilicet
929 1361 963 1388 ita
978 1361 1035 1389 dis-

250 1406 387 1435 pensante.
404 1403 478 1430 Tunc
493 1404 564 1431 misit
577 1404 668 1437 Chusi,
685 1409 712 1432 et
726 1413 773 1440 per
787 1406 854 1434 ﬁlios
866 1405 1034 1435 sacerdotum

251 1446 308 1473 hare
329 1447 418 1474 Davidi
439 1449 577 1476 nuntiavit.
593 1450 751 1486 Achitophel
770 1457 869 1485 autem,
884 1453 959 1487 cujus
972 1461 1035 1480 sen-

251 1492 331 1518 tentia
351 1493 476 1528 despecta
495 1494 598 1528 fuerat,
618 1504 678 1523 sese
699 1498 881 1532 strangulavit.
904 1499 1036 1527 Feruntur

250 1537 342 1564 Dl\'ItII
367 1540 449 1566 multa
471 1539 550 1567 dona.
576 1541 734 1569 lnstrnctum
760 1547 847 1571 autem
872 1545 1035 1579 exercitum,

246 1583 335 1610 emisit
348 1584 440 1612 dicens
453 1594 459 1612 ε
473 1585 573 1613 Parcite
584 1588 688 1622 puerulo
699 1597 753 1617 meo
761 1590 905 1618 Abessalon:
917 1591 954 1626 (2.
971 1592 1034 1628 Reg.

248 1630 291 1656 18.
303 1630 341 1665 5).
354 1631 441 1665 Ipsum
455 1633 524 1659 enim
540 1634 565 1660 in
574 1635 671 1662 bellum
683 1636 756 1664 exire
769 1644 820 1664 non
837 1639 1034 1672 permittebant.

249 1675 371 1703 I’radium
385 1679 569 1712 committitur,
586 1681 726 1717 multisque
738 1683 892 1712 cadentibus
907 1685 1037 1713 oeciditnr

248 1721 328 1747 etiam
351 1721 517 1756 Abessalom,
532 1732 546 1751 a
567 1732 642 1752 coma
664 1726 752 1754 arbori
774 1728 879 1756 cuidam
899 1730 1034 1765 alligatus.

250 1765 296 1792 lllo
306 1767 394 1795 occiso
407 1775 494 1796 cessat
505 1770 612 1798 bellum.
625 1771 703 1800 Mittit
715 1772 795 1801 Chusi
807 1774 874 1802 .Ioab
887 1777 931 1811 qui
944 1777 1035 1805 Davidi

248 1811 384 1840 victoriam
409 1815 520 1842 nuntiet.
545 1815 602 1849 Quo
623 1817 666 1844 ille
688 1819 778 1846 audito
797 1820 903 1855 lugebat
926 1827 1036 1857 propter

248 1857 346 1890 ﬁlium,
359 1858 445 1886 donec
466 1859 599 1894 ingressus
615 1862 682 1890 Joab
697 1863 770 1890 illum
790 1867 900 1893 mutavit
910 1886 918 1900 ,
933 1867 1035 1903 ipsique

248 1903 348 1934 suasit,
363 1909 391 1931 ut
409 1905 470 1931 laeto
484 1905 612 1942 hilarique
626 1908 698 1935 vultu
719 1910 866 1938 exercitum
887 1913 1032 1948 exciperet.

248 1948 402 1983 Fugientem
426 1950 550 1979 lsraelem
573 1961 622 1980 rex
642 1954 803 1988 advocabat;
823 1957 923 1986 Abessa
945 1964 1034 1988 autem

249 1993 325 2028 illos,
339 1994 394 2028 jam
408 1995 434 2022 id
450 1996 476 2023 in
492 1998 628 2032 proposito
640 1999 783 2034 habentes,
797 2009 830 2030 eo
843 2003 952 2032 adduxit
964 2009 993 2032 ut
1006 2013 1036 2033 se

247 2039 339 2066 Davidi
351 2041 522 2076 subjiccrcnt.
535 2043 600 2071 Cum
615 2046 785 2079 pertransiret
798 2047 952 2082 .Iordancm,
963 2051 1035 2078 venit

246 2085 353 2118 Semei,
378 2093 454 2114 suum
481 2089 611 2117 conﬁtens
636 2096 782 2125 peccatum.
814 2093 924 2122 Volebat
946 2100 1034 2123 autem

246 2131 347 2159 Abesse
362 2131 434 2159 illum
459 2133 622 2167 interﬁcere,
647 2136 672 2163 id
694 2137 827 2172 prohibuit
849 2139 941 2168 David.
959 2141 1036 2169 Venit

243 2177 325 2204 etiam
341 2177 518 2212 Memphibaal
533 2181 669 2214 squalidus
679 2202 686 2214 ,
702 2183 817 2211 sordidis
832 2184 938 2212 indutus
953 2186 1035 2214 vesti-

245 2222 306 2255 bus,
325 2223 436 2251 densum
463 2224 564 2253 habens
588 2232 744 2262 mystacem,
768 2237 869 2265 ungues
891 2232 1036 2260 ostendens

246 2268 339 2304 longos
355 2270 374 2302 ',
390 2277 450 2304 qua:
463 2271 551 2298 omnia
565 2271 665 2300 doloris
679 2274 752 2308 signa
775 2281 864 2308 erant,
880 2277 914 2304 ob
935 2277 1035 2305 bellum

243 2319 337 2342 contra
353 2315 476 2342 Davidcm
491 2322 601 2344 motum.
617 2317 795 2354 Interrogabat
808 2328 855 2348 rex
868 2329 915 2349 cur
926 2330 978 2350 non
990 2331 1036 2351 ve-

249 2360 332 2387 nisset
346 2367 446 2388 secum.
464 2361 610 2396 Respondit
625 2363 668 2391 ille
681 2371 709 2392 se
723 2373 830 2400 rogasse
843 2366 931 2394 Sibam
947 2367 1036 2396 famu-

246 2406 302 2432 lum
318 2414 406 2440 suum,
419 2411 448 2434 ut
462 2415 490 2434 se
503 2408 624 2442 jumento
640 2409 798 2445 imponeret,
813 2413 924 2440 claudus
938 2414 1035 2449 quippe

247 2457 305 2478 erat
326 2451 502 2487 Memphihaal
518 2463 524 2481 :
540 2454 614 2481 illum
635 2462 698 2482 vero
719 2457 845 2484 noluisse.
868 2458 941 2486 Tunc
960 2460 1035 2494 jubet

246 2505 294 2524 rex
310 2498 381 2524 illtnn
404 2506 464 2526 cum
481 2500 542 2527 Siba
556 2508 648 2536 agrum
662 2501 790 2530 dividere.
807 2504 916 2533 Berlelli
937 2514 1034 2541 porro,

244 2543 290 2578 qni
308 2543 368 2571 belli
382 2549 500 2579 temporc
512 2547 592 2574 multa
608 2547 657 2582 ipsi
671 2548 876 2582 ministraverat,
888 2557 977 2578 secum
988 2552 1036 2580 ad-

245 2589 345 2617 ducere
356 2590 469 2618 volebat.
487 2591 531 2618 lllc
547 2599 610 2619 vero
621 2595 751 2621 recusavit
765 2597 799 2621 ob
813 2601 974 2624 senectutem
990 2606 996 2624 :
1009 2601 1036 2625 et

247 2641 339 2660 secum
354 2636 458 2670 accepit
474 2644 520 2679 rex
535 2637 617 2665 ﬁlium
633 2638 715 2673 ipsius
736 2640 803 2668 loco.
819 2641 893 2668 Tune
907 2643 1036 2671 scinditur

246 2682 396 2714 exercitus,
413 2690 527 2719 parsque
546 2683 632 2713 Sabee
654 2693 683 2713 se
703 2686 786 2714 dedit.
808 2687 939 2723 Mittitqne
954 2690 1034 2718 David

277 2756 285 2770 ¹
299 2755 326 2780 111
347 2755 453 2790 Edllionc
476 2759 576 2780 Romana
598 2755 696 2787 legitur,
709 2763 786 2788 neque
803 2764 894 2790 ungues
907 2759 1033 2788 subsenu't.

242 2792 319 2815 neque
333 2790 424 2812 curat‘u
435 2789 573 2818 mystueent.

276 2817 312 2845 (ιι)
325 2821 378 2842 Ηιω
390 2824 436 2841 non
450 2817 563 2842 videntur
575 2824 707 2843 consonare
719 2825 773 2843 cum
785 2823 854 2845 textu
873 2821 944 2846 LXX.

277 2849 311 2878 (ὁ)
321 2849 345 2873 111
355 2855 436 2882 exemi
446 2847 596 2882 laribusaliis
607 2851 660 2872 LXX
668 2853 694 2882 ct
707 2851 729 2873 in
743 2850 848 2875 Fxlitione
859 2855 959 2875 Romana
972 2851 1033 2882 legi-

244 2883 294 2910 ων,
300 2879 489 2912 .1ιίιιιψΙιίιιοδιΙιε,
497 2880 539 2904 sed
546 2880 591 2903 alia
598 2880 746 2910 exemplaria
753 2881 909 2913 .‘Icmp/u’baal
915 2879 1031 2908 habuere.

610 128 636 184 ἑ.
653 155 790 183 ιοιΝΝιδ
808 151 1043 183 CIIRYSOSTOMI
1059 151 1217 181 ARCIIII‘IP.
1233 154 1498 182 CONS'IANTINOP.

1801 170 1807 174 -
1827 157 1881 185 3IS

1093 209 1230 237 Amessam
1241 211 1286 245 qui
1298 211 1413 238 debellet
1425 219 1485 239 eum
1498 220 1505 238 :
1516 210 1583 238 Joab
1594 218 1657 239 vero
1667 211 1806 240 Atnessam
1817 213 1880 240 dulo

1091 256 1199 289 occidit,
1217 257 1363 292 urbemque
1381 257 1407 285 in
1421 265 1500 293 quam
1519 257 1674 293 confugerat
1692 258 1778 286 Sabee
1799 259 1880 287 obse-

1091 301 1139 328 dit.
1151 302 1200 335 Qui
1213 302 1238 329 in
1247 302 1353 330 civitate
1363 307 1449 337 erant,
1457 303 1585 330 suadente
1597 303 1717 336 muliere,
1730 303 1879 332 abscissum

1090 352 1169 382 caput
1180 348 1265 376 Sabee
1285 348 1369 376 Joabo
1382 356 1413 376 ex
1436 356 1512 376 muro
1536 349 1705 384 proiecerunt
1721 358 1727 376 :
1742 354 1821 385 atque
1843 351 1879 378 ita

1091 392 1162 420 bello
1175 393 1279 420 liberati
1291 398 1361 420 sunt.
1379 393 1475 421 Fames
1487 394 1513 421 in
1527 399 1595 421 terra
1610 394 1718 422 advenit
1731 404 1739 423 ;
1753 395 1786 422 ad
1799 403 1878 430 quam

1091 437 1283 473 profligandam
1305 446 1414 466 necesse
1433 444 1490 466 erat
1507 441 1645 475 quospiam
1659 448 1692 467 ex
1711 441 1799 468 Saulis
1816 449 1878 476 pro-

1090 484 1167 519 genie
1176 484 1243 511 tradi
1252 485 1415 512 Gabaonitis.
1427 485 1501 513 Tunc
1509 485 1728 520 Memphihaalum
1740 491 1880 514 conservat

1092 529 1184 562 David,
1198 529 1232 557 ob
1247 530 1426 564 juramentnm
1448 530 1599 558 Jonathano
1614 531 1771 565 prmstitum.
1787 531 1879 560 Tradit

1092 583 1181 604 autem
1197 577 1284 604 Saulis
1306 577 1377 604 ﬁlios
1389 581 1416 604 et
1428 581 1555 613 nepotes,
1569 577 1716 613 scpelitque
1734 578 1840 606 Saitlem
1853 583 1880 606 et

1090 621 1267 649 Jonathanum
1291 621 1317 649 in
1336 622 1459 656 sepulcro
1481 622 1536 650 Cis.
1561 623 1633 650 Bella
1653 627 1802 650 moventur.
1826 624 1878 651 Da-

1092 667 1179 695 videm
1193 667 1318 696 cohibent
1332 668 1372 695 sui
1391 675 1425 695 ne
1440 671 1534 701 exeat,
1560 676 1594 695 ne
1615 669 1683 696 forte
1705 669 1878 703 periclitetur.

1090 712 1166 741 Tunc
1188 713 1253 740 dicit
1277 713 1410 741 decimum
1433 713 1577 748 septimum
1603 714 1749 741 Psalmum.
1776 714 1879 742 Recen-

1090 763 1183 786 scnlur
1199 759 1275 786 fortia
1296 759 1475 794 prazclaraque
1497 764 1571 795 gesta
1584 759 1681 787 ducum
1702 759 1818 788 Davidis.
1832 760 1879 788 Ju-

1089 805 1167 833 bctur
1189 805 1256 834 Joab
1278 805 1404 841 populum
1425 814 1597 839 enumerare,
1619 812 1830 843 enumeralque:
1851 811 1879 836 et

1089 856 1166 879 erant
1179 851 1282 880 Israelis
1300 857 1431 888 nongenta
1445 853 1528 880 millia
1540 873 1547 886 ,
1563 858 1589 880 et
1602 853 1676 881 Iuda:
1687 854 1877 890 quadringenta

1090 897 1173 924 millia
1188 897 1335 931 hominum,
1348 899 1466 926 omnium
1481 899 1646 927 bellatorum.
1655 900 1731 928 Tunc
1739 901 1811 928 venit
1820 901 1878 929 Gad

1090 943 1219 978 propheta
1243 943 1379 978 optionem
1403 944 1439 971 illi
1461 944 1529 972 dans
1550 953 1583 972 ex
1606 945 1691 974 tribus
1715 946 1876 979 ultionihus,

1089 996 1167 1023 quam
1181 990 1273 1018 subire
1293 990 1394 1023 mallet.
1410 998 1444 1018 an
1461 995 1515 1018 tres
1533 999 1618 1019 annos
1641 992 1732 1025 famis,
1747 1001 1780 1020 an
1798 994 1876 1021 trium

1089 1033 1192 1061 dierum
1209 1034 1295 1070 fugam
1311 1035 1468 1063 instantibus
1482 1037 1610 1070 hostibus,
1622 1045 1654 1064 an
1664 1042 1718 1065 tres
1733 1037 1790 1066 dies
1804 1046 1877 1066 moro

1090 1081 1158 1108 tiferi
1185 1082 1280 1109 morbi.
1308 1081 1354 1110 Ille
1380 1089 1443 1110 vero
1469 1087 1522 1111 tres
1547 1083 1606 1111 dies
1631 1084 1759 1111 mortiferi
1788 1084 1875 1111 morbi

1090 1128 1264 1162 pra-optavit,
1288 1129 1439 1163 mortuique
1462 1133 1524 1156 sunt
1546 1136 1561 1156 a
1583 1130 1713 1157 matutino
1735 1137 1822 1165 usque
1841 1129 1875 1158 ad

1089 1173 1193 1208 prandii
1221 1178 1323 1209 tempus
1351 1175 1517 1210 septuaginta
1543 1176 1615 1204 mille
1642 1175 1772 1204 homines.
1802 1176 1878 1204 Tune

1093 1219 1173 1247 David
1187 1219 1254 1247 dixit
1270 1229 1276 1247 :
1300 1219 1365 1247 Ecce
1377 1229 1423 1256 ego
1445 1222 1561 1257 peccaui,
1585 1226 1608 1248 et
1622 1230 1668 1257 ego
1688 1226 1775 1257 pastor
1794 1222 1879 1256 inique

1088 1266 1128 1301 egi
1141 1274 1149 1292 :
1163 1265 1189 1292 111
1203 1266 1245 1301 qui
1258 1273 1319 1302 grex
1331 1271 1398 1300 sunt,
1410 1267 1470 1301 quid
1485 1267 1615 1301 fecerunt?
1625 1266 1685 1294 Fiat
1693 1275 1782 1295 "ianua
1795 1271 1839 1294 tua
1850 1268 1878 1295 in

1089 1320 1128 1339 me
1141 1317 1165 1340 et
1179 1312 1205 1339 in
1219 1313 1321 1340 domum
1335 1313 1414 1348 patris
1427 1313 1475 1340 mei
1487 1313 1516 1350 (2
1545 1314 1608 1350 Reg.
1625 1313 1670 1341 24.
1685 1313 1741 1349 ΓΙ).
1758 1313 1878 1342 Cessavit

1090 1358 1201 1393 punitio,
1217 1363 1243 1386 et
1253 1359 1361 1393 jnbelur
1374 1359 1455 1386 David
1467 1366 1538 1386 aram
1550 1359 1652 1394 erigere
1665 1359 1692 1386 in
1702 1366 1762 1387 area
1773 1359 1874 1392 Orniae,

1088 1408 1115 1430 et
1131 1404 1166 1430 ibi
1186 1403 1347 1435 sacriﬁcare,
1371 1404 1395 1431 id
1411 1404 1480 1439 quod
1501 1404 1546 1432 ille
1567 1404 1628 1431 fecit
1642 1404 1692 1439 (α).
1711 1403 1790 1432 Ornia
1806 1405 1876 1432 ﬁlius

1089 1448 1171 1476 David
1185 1450 1310 1477 convivio
1325 1450 1423 1484 excipit
1437 1449 1549 1478 .lnabum
1565 1454 1592 1477 et
1605 1449 1785 1482 Abiatharem,
1800 1453 1877 1486 quasi

1088 1501 1255 1531 regnaturus.
1280 1496 1429 1531 Ingreditur
1450 1496 1597 1530 Bersabee,
1620 1497 1765 1525 secundum
1785 1497 1876 1524 consi-

1088 1541 1152 1569 lium
1176 1542 1278 1570 Nathan
1301 1542 1447 1578 prophetae,
1463 1548 1491 1571 et
1506 1543 1531 1570 id
1552 1544 1692 1571 annuntiat
1707 1543 1815 1575 Davidi;
1837 1543 1877 1570 lo-

1087 1592 1186 1622 quente
1208 1588 1251 1615 illa
1272 1588 1408 1623 ingressus
1433 1593 1474 1616 est
1499 1589 1618 1622 Nathan;
1644 1588 1670 1616 id
1697 1588 1877 1616 moliebantur

1088 1634 1190 1661 scilicet
1204 1638 1232 1662 ut
1245 1634 1369 1662 Salomon
1383 1639 1516 1670 regnaret.
1541 1635 1647 1670 Egressi
1668 1639 1730 1662 sunt
1752 1635 1876 1670 imposito

1087 1687 1167 1715 supra
1178 1683 1277 1717 regiam
1283 1681 1384 1709 mulam
1393 1680 1545 1708 Salomone.
1555 1680 1630 1708 Tunc
1638 1679 1740 1708 Nathan
1748 1681 1875 1716 propheta

1087 1730 1114 1753 et
1126 1725 1232 1754 Sadduc
1251 1726 1376 1754 sacerdos
1396 1726 1519 1754 abierunt
1543 1727 1567 1753 in
1591 1726 1674 1760 Gion,
1688 1730 1876 1762 unxeruntqne

1087 1771 1160 1798 illum
1174 1778 1205 1798 ac
1225 1771 1372 1799 dixerunt:
1393 1770 1465 1798 Vivat
1484 1779 1529 1799 rem
1542 1771 1579 1807 (5.
1596 1772 1660 1808 Reg.
1682 1772 1708 1799 I.
1723 1772 1781 1807 39).
1798 1771 1877 1800 Venit

1086 1816 1218 1844 Jonathan
1244 1817 1314 1844 ﬁlius
1333 1817 1493 1849 Abiatharis,
1516 1822 1543 1845 et
1565 1817 1684 1852 epulanti
1707 1817 1796 1845 Ornim
1818 1817 1876 1845 hare

1087 1862 1226 1889 nuntiavit.
1243 1863 1274 1890 Et
1288 1862 1332 1889 alii
1347 1863 1454 1898 quidem
1476 1862 1612 1898 fugerunt,
1628 1863 1723 1891 Ornias
1737 1870 1800 1890 vero
1812 1870 1878 1890 con-

1088 1908 1154 1943 fugit
1166 1907 1199 1935 ad
1213 1915 1286 1935 aram
1296 1929 1304 1942 ,
1320 1912 1442 1936 metuens
1457 1908 1637 1936 Salomonem.
1655 1908 1730 1936 Tunc
1743 1908 1831 1936 educit
1845 1907 1877 1935 il~

1087 1955 1141 1980 lum
1154 1953 1226 1987 inde,
1235 1958 1263 1981 et
1271 1954 1379 1981 veniens
1387 1953 1483 1982 Ornias
1494 1954 1612 1982 adoravit
1622 1962 1722 1990 regem.
1733 1955 1875 1982 Moriturus

1089 2000 1181 2034 David,
1197 2000 1317 2028 hortatur
1328 2000 1509 2034 Salomonem,
1523 2006 1550 2028 ut
1559 2001 1690 2029 custodiat
1703 2001 1788 2036 legem
1802 2001 1846 2029 Dei
1861 2009 1870 2030 :

1088 2047 1127 2074 sic
1147 2047 1218 2074 enim
1245 2046 1318 2074 illum
1341 2047 1533 2081 promissiones
1553 2054 1612 2074 esse
1639 2050 1873 2081 consequuturum.

1088 2091 1213 2127 Prreeipit
1225 2092 1307 2120 etiam
1324 2092 1394 2120 circa
1408 2092 1475 2120 Joab
1488 2097 1515 2120 et
1529 2092 1627 2125 Semei,
1644 2097 1675 2120 ut
1688 2093 1749 2119 illos
1762 2092 1875 2119 ulcisca-

1118 2137 1154 2167 (ιι)
1165 2141 1217 2173 ῌιιρ
1232 2137 1610 2173 desinit_Coderr__t.ugduneusis,
1622 2138 1663 2173 qui
1683 2137 1740 2172 libri
1753 2137 1877 2173 tyrtiilni—

1087 2169 1146 2203 tium
1157 2169 1193 2192 sic
1202 2168 1268 2192 ducit
1280 2174 1286 2192 :
1298 2167 1559 2203 Adagius/‘iliusDu11id
1569 2167 1674 2203 cognitio
1685 2167 1807 2203 occipiens
1818 2171 1874 2203 .I_oa-

1088 2199 1152 2227 bum,
1165 2203 1212 2223 etc.
1221 2203 1281 2228 Mox.
1294 2198 1368 2224 orm'a
1381 2198 1444 2229 [ilius
1458 2198 1543 2228 David,
1554 2199 1589 2223 sic
1600 2198 1696 2224 Coislin.
1705 2198 1875 2228 Antiquissima

1088 2229 1160 2254 lectio
1179 2229 1315 2257 est,orm‘a.
1333 2230 1449 2255 ttebraice
1467 2233 1554 2256 riu-rx.
1571 2230 1745 2254 LXXEditionis
1757 2233 1875 2258 Romana,

1090 2264 1189 2300 attoniti,
1194 2265 1237 2300 sed
1244 2264 1434 2300 lectioni-niam
1441 2265 1610 2300 vetustissimis
1616 2264 1877 2300 eaemrilarilntsltabe-

1088 2299 1164 2324 tnr,et
1171 2297 1206 2320 sic
1212 2295 1450 2327 legit‘t'heodoretus.
1458 2296 1584 2327 Procopius
1589 2296 1630 2324 ait,
1639 2294 1788 2327 binominem
1796 2294 1873 2319 fuisse

1087 2326 1211 2351 Atlouiam.
1224 2325 1315 2351 Verum
1327 2334 1357 2351 ex
1378 2325 1538 2351 similitudine
1548 2326 1673 2351 literarum
1681 2329 1698 2353 Ἰ
1710 2329 1759 2354 θιΊ
1770 2325 1857 2350 factum
1867 2341 1874 2354 ,

1088 2365 1115 2386 ιιι
1124 2362 1192 2386 modo
1202 2361 1315 2391 Adonias,
1327 2361 1398 2396 modo
1408 2362 1491 2386 Ornias
1501 2362 1602 2396 dicatm',
1614 2361 1677 2396 quod
1689 2361 1746 2386 alibi
1756 2360 1877 2396 smpecb-

1088 2396 1206 2417 servatur.
1219 2396 1274 2416 Nam
1291 2392 1356 2423 quod
1374 2396 1470 2422 spectat
1487 2393 1516 2417 ad
1536 2391 1747 2423 commutationem
1758 2391 1876 2423 vocalium

1088 2429 1117 2451 A,
1130 2427 1155 2448 et
1166 2427 1192 2452 0,
1206 2430 1236 2447 ea
1248 2429 1291 2453 pro
1300 2422 1374 2447 nihilo
1385 2423 1424 2447 hic
1436 2423 1546 2448 habenda
1558 2427 1604 2452 est,
1615 2427 1640 2448 ut
1648 2422 1706 2447 alibi
1718 2422 1830 2453 pluribus
1838 2425 1876 2446 est

1087 2452 1305 2485 Commonstratum.
1318 2453 1346 2485 In
1358 2454 1491 2484 exemplari
1500 2454 1669 2485 Chrysoslomi.
1682 2456 1710 2478 ut
1719 2452 1815 2484 ’litptet,
1826 2452 1877 2476 ba-c

1087 2491 1143 2516 qua:
1154 2484 1252 2509 Adonis:
1263 2484 1314 2516 sive
1321 2483 1403 2508 Ornias
1416 2483 1555 2509 convivium
1562 2488 1680 2515 spectant,
1692 2483 1788 2516 necnon
1799 2486 1876 2516 totum

1088 2514 1161 2546 caput
1171 2516 1273 2550 primum
1290 2514 1344 2550 libri
1363 2515 1426 2550 tertii
1447 2519 1536 2546 Regum
1556 2514 1657 2550 et_pars
1669 2514 1770 2550 secundi
1781 2514 1876 2550 capitis,

1088 2522 1161 2546 caput
1200 2522 1273 2539 imum
1290 2522 1344 2539 non
1363 2522 1426 2539 tertii
1447 2522 1536 2546 uegum
1556 2522 1581 2540 et
1602 2522 1657 2550 pars
1669 2522 1867 2550 secunmwpius

1087 2522 1199 2580 secundi:
1213 2545 1274 2580 libro
1293 2546 1402 2580 adjuncta
1414 2544 1517 2580 fuerant.
1530 2546 1592 2580 quod
1599 2552 1630 2580 _|n
1641 2543 1869 2580 multis_ex_emplftrl

1088 2577 1134 2601 bus
1145 2580 1202 2601 tunc
1216 2575 1399 2604 observabatur.
1411 2580 1437 2601 et
1449 2575 1586 2601 nominatim
1599 2577 1621 2600 in
1635 2575 1769 2606 exemplari
1783 2575 1877 2599 Diodori

1088 2608 1220 2641 Tarsensis,
1231 2608 1273 2638 qui
1283 2606 1449 2641 Chrysostgml
1456 2608 1529 2641 nostri
1542 2611 1676 2641 praeceptor
1687 2606 1745 2641 fuit;
1755 2608 1782 2630 ut
1787 2605 1877 2641 fidere

1089 2642 1126 2663 cst
1138 2639 1161 2662 in
1179 2636 1373 2668 nota'cnjnsd'am
1393 2638 1486 2664 Codicis
1504 2636 1579 2669 Regii,
1603 2636 1630 2663 et
1647 2638 1670 2662 in
1690 2638 1766 2661 altera
1785 2636 1878 2669 (iudicis

1087 2669 1232 2703 Coisliniani,
1244 2666 1305 2703 quas
1316 2668 1340 2703 in
1351 2669 1462 2699 Hexailis
1475 2666 1600 2703 edidimus.
1613 2672 1748 2703 t'ostrenia.‘
1757 2673 1812 2698 qua:
1825 2666 1877 2696 plc-

1089 2701 1197 2732 niurrest,
1209 2700 1244 2724 sic
1255 2698 1329 2732 habet
1342 2706 1348 2723 :
1362 2704 1389 2724 In
1402 2698 1543 2732 Iicraploget
1555 2699 1579 2724 in
1593 2698 1782 2732 accuratioribus
1794 2703 1876 2732 exem-

1087 2730 1208 2764 plaribus.
1221 2729 1483 2764 secnrgdusRegnorurit
1494 2730 1553 2755 liber
1569 2730 1656 2755 desinit
1674 2734 1699 2755 tn
1715 2729 1877 2764 narrationem

1088 2760 1119 2786 de
1130 2761 1201 2793 plaga
1210 2760 1362 2795 populuetju
1374 2760 1592 2795 eiuplionymereg
1601 2766 1681 2786 arma.
1699 2760 1787 2795 Tertius
1798 2761 1878 2795 «idem

1088 2788 1221 2823 Regnorum
1232 2788 1345 2816 tiberim!
1356 2792 1386 2816 ab
1393 2788 1496 2823 historia
1507 2792 1539 2817 de
1550 2792 1635 2823 Abisag
1643 2789 1800 2823 Stmantitide,
1813 2792 1836 2814 et
1847 2788 1878 2813 de

1088 2819 1178 2854 Αιίὸηὶίι
1188 2822 1286 2853 ejusque
1302 2822 1438 2854 tyrannide.
1451 2823 1570 2854 Diodorus
1580 2819 1660 2854 autem
1670 2822 1776 2847 secundo
1788 2825 1878 2854 nequeo

1087 2850 1212 2889 τραπεζῶν-11
1223 2850 1358 2889 Iutgetiqm
1374 2853 1494 2889 conjungi!
1511 2860 1585 2886 usque
1602 2853 1635 2880 ad
1655 2855 1754 2879 mortem
1768 2850 1877 2880 David“.
1896 2887 1898 2889 ι

1087 2884 1242 2916 similitrrquc
1257 2883 1422 2909 Thcmlorctus.
