2074 3126
165 163 217 193 34⁸1

165 223 219 248 πᾶν
234 222 310 258 παρὰ
332 222 379 248 τοῦ
393 222 483 249 Δαυῖδ.
505 221 572 248 Τότε
597 220 693 256 Σεμεεὶ
714 220 889 256 κατηράσατο
907 219 953 246 16v
977 243 979 245 .

165 266 262 298 35.016'
291 272 305 298 6
327 271 355 298 δὲ
380 272 462 298 Δαυῖδ
485 271 646 307 βουλόμενον
676 270 758 297 αὐτὴν
781 270 886 297 ἀνελεῖν
909 270 954 297 16v

170 323 287 349 Ἀϐεσσᾶ
313 323 483 350 διεκώλυσεν.
510 323 638 358 Ἔρχεται
665 322 679 348 6
702 322 787 348 Χουσὶ
816 321 884 357 πρὸς
909 321 955 348 16v

170 373 364 409 ’Δϐεσσαλὼμ,
386 373 434 400 καὶ
455 373 543 400 πείθει
557 373 637 399 αὑτὸν
656 372 694 404 ὡς
708 372 837 404 εὐνοϊκῶς
850 371 954 399 διακεί-

166 433 247 460 μενος
260 424 335 459 αὐτῷ
349 424 502 460 προσέχειν.
517 424 573 450 Kal
583 423 767 460 προκειμένης
783 423 879 459 βουλῆς
892 423 953 450 τίνα

164 475 219 502 δέοι
233 475 371 510 πράττειν,
389 473 566 509 συγγενέσθαι
583 475 643 505 ταῖς
662 473 812 506 παλλακαῖς
829 472 876 500 τοῦ
902 482 955 501 πα-

164 535 179 552 1
183 525 228 561 p6;
240 527 369 560 παραινεῖ
378 525 423 552 τὸν
431 524 608 560 ’Δϐεσσαλὼμ
615 524 764 559 Ἀχιτόφελ.
776 525 832 551 Καὶ
842 523 953 560 ἐποίησε

165 575 244 601 τοῦτο
259 575 305 601 ἐπὶ
318 574 364 601 τοῦ
378 575 511 610 δώματος,
521 574 591 602 ὥστε
604 575 708 606 πάντας
719 575 794 610 όρᾷν.
806 574 860 601 Καὶ
873 582 954 610 προσ-

165 625 270 661 τίθησιν
289 625 385 660 ἐτέραν
409 624 537 660 γνώμην,
556 624 627 651 ὥστε
650 624 742 651 λαϐεῖν
764 624 866 660 χιλίους
893 623 953 660 μεθ’

164 674 262 701 ἑαυτοῦ
273 695 280 706 ,
297 675 342 702 καὶ
362 675 503 702 ἐπιθέσθαι
519 675 558 711 τῷ
571 674 662 708 Δαυῖδ,
684 675 730 702 καὶ
746 675 848 702 ἀνελεῖν
861 675 952 702 αὐτόν.

169 725 214 757 Ὠς
234 726 262 752 δὲ
287 725 388 762 ἐσκλήθη
408 727 454 753 καὶ
474 727 488 752 6
504 726 589 753 Χουσὶ
610 726 678 762 πρὸς
701 726 733 752 τὸ
756 725 953 762 εἰσηγήσασθαι

165 775 328 812 συμϐουλὴν,
354 776 502 812 ἀνατρέπει
525 776 574 812 τὴν
597 776 644 803 τοῦ
669 775 809 812 ’Ᾱχιτόφελ
829 775 951 812 γνώμην,

164 826 231 858 τέως
254 827 304 862 μὲν
326 826 490 862 ὑπερθέσθαι
513 827 670 862 παραινῶν,
697 826 810 863 ὕστερον
832 826 860 853 δὲ
884 827 954 862 μετά

165 878 342 913 παρασκευῆς
357 877 498 904 ἐπιθέσθαι
514 877 553 913 τῷ
566 878 657 905 Δαυῖδ.
680 878 735 905 Καὶ
754 878 836 913 ήρεσε
852 877 951 912 μᾶλλον

165 927 234 962 αὕτη
259 929 275 962 ή
303 929 417 964 γνώμη·
443 928 510 955 Θεοῦ
534 928 588 964 γὰρ
616 926 650 964 ἦν
672 929 689 964 ἡ
712 928 862 964 οἰκονομία.
885 929 952 956 Τότε

165 977 268 1013 πέμπει
286 978 330 1004 διὰ
352 978 406 1005 τῶν
427 979 492 1005 υἱῶν
517 978 573 1006 τῶν
596 978 700 1014 ἱερέων,
716 978 763 1006 καὶ
787 978 952 1013 ἀπαγγέλλει

164 1029 250 1055 ταῦτα
266 1028 305 1064 τῷ
321 1028 401 1056 Δαυῖδ
417 1030 431 1056 6
445 1029 539 1056 Χουσί.
555 1029 583 1056 '0
596 1029 625 1056 δὲ
641 1028 781 1064 Ἀχιτόφελ
794 1029 952 1064 διαμαρτὼν

164 1080 213 1115 τῆς
236 1079 364 1116 γνώμης,
390 1079 679 1116 ἀπήγξατοηΦέρεται
704 1079 789 1106 πολλὰ
817 1080 891 1116 δῶρα
913 1080 953 1115 τῷ

165 1130 254 1157 Δαυτδ.
267 1130 400 1164 Διατάξας
409 1130 438 1157 δὲ
451 1130 482 1156 τὸ
498 1130 688 1166 στρατόπεδον,
704 1129 841 1166 ἐξέπεμψε
855 1130 950 1165 λέγων·

166 1180 313 1207 Φείσασθέ
327 1189 386 1215 μου
402 1179 456 1208 τοῦ
471 1181 630 1215 παιδαρίου
653 1180 852 1215 Ἀϐεσσαλώμ.
867 1180 953 1208 Αὑτὸν

165 1230 219 1267 γάρ
231 1230 260 1257 οὐ
281 1230 471 1267 συνεχώρησαν
486 1230 612 1264 ἐξελθεῖν.
628 1230 734 1259 Γίνεται
751 1231 868 1266 πόλεμος
878 1251 884 1263 ,
905 1231 953 1258 καὶ

166 1281 269 1308 πολλῶν
295 1281 432 1308 πεσόντων
460 1282 612 1317 ἀναιρεῖται
644 1281 692 1308 καὶ
717 1281 731 1307 6
765 1280 951 1317 Ἀϐεσσαλὼμ,

167 1331 324 1367 προσδεθείς
336 1341 388 1359 τινι
404 1332 504 1367 δένδρῳ
520 1332 573 1359 ἀπὸ
584 1331 633 1367 τῆς
645 1331 743 1367 κόμης,
752 1331 953 1368 Ἀναιρεθέντος

165 1381 203 1412 δέ,
221 1381 359 1409 ἐπαύσατο
374 1382 389 1408 6
401 1382 527 1417 πόλεμος.
541 1381 649 1417 Πέμπει
662 1382 708 1408 16v
726 1382 812 1408 Χουσὶ
834 1383 848 1408 6
874 1382 952 1409 Ἰωὰϐ

165 1432 347 1467 ἀπαγγέλλειν
370 1432 409 1468 τῷ
430 1432 511 1459 Δαυτδ
534 1432 583 1468 τὴν
610 1432 698 1467 νίκην.
728 1432 757 1459 Ὀ
780 1432 808 1459 δέ
833 1432 954 1464 ἀκούσας

166 1480 273 1519 ἐθρήνει
287 1483 333 1511 διὰ
346 1484 391 1510 16v
405 1483 477 1510 υιόν⁶
501 1483 554 1516 ἓως
572 1479 602 1510 οὗ
619 1482 747 1510 είσελθὼν
764 1484 777 1510 6
796 1483 874 1510 ’ῐωὰϐ
893 1492 953 1519 μετ-

166 1533 245 1561 έϐαλέ
263 1542 292 1560 τε
312 1534 403 1566 αὐτὸν,
417 1534 464 1561 καὶ
479 1534 570 1561 ἔπεισε
589 1533 715 1566 δέξασθαι
727 1533 758 1560 16
772 1534 952 1570 στρατόπεδον

167 1583 270 1620 φαιδρῷ
289 1583 328 1620 τῷ
343 1583 490 1620 προσώπῳ.
508 1584 629 1618 Φυτόντα
642 1584 688 1611 τὸν
707 1584 814 1621 Ἰσραὴλ
828 1585 841 1611 ὃ
854 1593 884 1611 τε
907 1584 953 1620 βα-

168 1633 257 1664 σιλεὺς
278 1634 481 1669 προσεκαλεῖτο,
505 1634 519 1661 ὅ
541 1642 572 1660 τε
601 1633 718 1661 ’Δϐεσσᾶ
744 1635 953 1670 προῃρημένους

168 1684 265 1716 αὐτοὺς
273 1685 324 1720 ήδη
334 1683 440 1711 ἔπεισεν
451 1685 618 1720 ὑποταγῆναι
633 1685 671 1720 τῷ
682 1685 773 1712 Δαυῖδ.
783 1685 824 1717 Ὠς
835 1685 953 1712 διέϐαινε

167 1734 211 1761 τδν
236 1734 371 1771 Ἰορδάνην
385 1733 465 1771 ἦλθεν
490 1735 504 1762 6
525 1736 637 1771 Σεμεεὶ,
652 1736 790 1771 ὁμολογῶν
807 1735 889 1763 αὐτοῦ
904 1736 953 1772 τὴν

168 1784 312 1820 ἁμαρτίαν.
332 1785 471 1812 Ἐϐούλετο
483 1785 512 1813 δὲ
531 1786 612 1813 αὑτὸν
626 1786 779 1813 θανατῶσαι
792 1787 806 1813 6
826 1786 951 1821 Ἀϐεσσᾶ,

167 1835 213 1862 καὶ
230 1835 392 1863 διεκώλυσεν
406 1836 420 1862 6
433 1836 524 1863 Δαυῖδ.
544 1834 629 1863 Ἦλθε
644 1836 672 1863 δέ
687 1836 733 1863 καὶ
757 1838 771 1863 6
786 1837 953 1873 Μεμφιϐαὰλ

168 1885 298 1920 αὐχμῶν,
325 1886 434 1922 ῥυπαρὰ
458 1886 629 1921 ἐνδεδυμένος
655 1886 764 1922 ἱμάτια,
793 1887 885 1922 κομῶν
907 1888 954 1914 16v

169 1935 304 1970 μύστακα,
317 1936 415 1972 ὄνυχας
431 1937 565 1972 μεγάλους
577 1937 730 1968 ἐπιδεικνὺς
740 1943 763 1970 ⁸,
776 1937 864 1964 πάντα
880 1937 952 1974 άπερ

167 1984 200 2022 ῆν
213 1986 301 2022 λύπης
319 1988 419 2022 σημεῖα
434 1987 483 2023 τῆς
497 1987 646 2023 γενομένης
663 1986 737 2022 αὐτῷ
756 1987 800 2014 διὰ
814 1987 860 2014 τὸν
875 1988 954 2015 πόλε-

169 2044 217 2070 μον
228 2036 273 2063 τὸν
289 2038 361 2063 κατὰ
370 2037 417 2064 τοῦ
428 2037 519 2064 Δαυῖδ.
537 2036 601 2064 Εῐτα
613 2038 627 2064 ὁ
643 2037 692 2072 μὲν
704 2037 807 2073 ἠρώτα,
821 2037 864 2064 διὰ
875 2037 900 2064 τί
915 2037 953 2073 μὴ

124 2097 137 2103 ~
168 2085 302 2122 ἐπορεύθη
322 2087 381 2122 μετ’
397 2087 488 2114 αὑτοῦ.
510 2087 539 2114 Ὀ
555 2088 584 2114 δὲ
598 2087 649 2123 ἔφη
670 2087 815 2122 ἠξιωκέναι
827 2087 873 2114 τὸν
886 2087 953 2114 Σιϐὰ

167 2135 211 2162 τὸν
228 2137 336 2172 οἰκέτην
352 2136 434 2164 αὐτοῦ
451 2137 521 2164 ὥστε
538 2136 695 2169 ἐπιϐιϐάσαι
719 2136 800 2163 αὑτὸν
814 2136 954 2172 ὑποζυγίῳ

168 2187 227 2220 (καὶ
241 2187 296 2223 γὰρ
311 2186 344 2223 ἦν
358 2188 443 2224 χωλὸς
457 2189 471 2215 6
484 2187 673 2224 Μεμφιϐαὰλ),
688 2187 725 2224 μὴ
744 2187 909 2222 ἀνασχέσθαι
924 2187 953 2214 δὲ

168 2238 281 2265 ἐκεῖνον.
299 2238 365 2264 Τότε
386 2238 490 2265 κελεύει
511 2238 590 2266 αὐτὸν
606 2238 652 2264 καὶ
670 2237 716 2264 τὸν
732 2237 800 2263 Σιϐὰ
820 2236 953 2264 διελέσθαι

167 2287 212 2314 τὸν
226 2287 320 2322 ἀγρόν.
349 2288 404 2315 Καὶ
419 2288 465 2315 16v
487 2287 614 2324 Βερζελλὶ
625 2307 634 2320 ,
650 2287 679 2319 ὂς
696 2287 864 2322 ἐχορήγησεν
880 2286 954 2322 αὐτῷ

170 2336 255 2363 πολλὰ
269 2336 318 2364 τοῦ
335 2337 452 2373 πολέμου
477 2337 652 2370 συνεστῶτος,
674 2336 703 2364 ὃν
716 2337 730 2356 h
750 2336 874 2363 ἐϐούλετο
893 2336 953 2372 μεθ’

169 2387 265 2414 ἑαυτοῦ
281 2388 384 2416 λαϐεῖν.
403 2389 432 2415 '0
446 2388 474 2416 δέ
487 2389 665 2425 παρῃτήσατο
683 2387 727 2414 διὰ
741 2388 770 2414 16
783 2387 881 2423 γῆρας.
899 2388 955 2414 Καὶ

169 2437 299 2473 λαμϐάνει
323 2438 368 2465 τὸν
385 2439 441 2466 υἱὸν
461 2439 542 2466 αὑτοῦ
565 2439 623 2466 ἀντ’
641 2437 733 2466 αὑτοῦ.
751 2438 817 2465 Τότε
833 2437 955 2473 σχίζεται

168 2487 197 2513 τὸ
224 2488 414 2523 στρατόπεδον,
441 2490 488 2516 καὶ
512 2489 702 2525 προστίθενται
727 2488 768 2523 τῷ
784 2488 878 2515 Σαϐεέ.
899 2488 955 2514 Καὶ

168 2538 305 2573 ἐκπέμπει
322 2538 404 2566 Δαυῖδ
420 2540 464 2566 τὸν
485 2540 604 2575 Ἀμεσσᾱ
616 2539 767 2574 πολεμῆσαι
782 2538 857 2576 {551]
868 2539 953 2574 αὐτῷ·

167 2589 181 2614 ὁ
193 2588 221 2615 δὲ
242 2589 321 2616 Ίωὰϐ
338 2591 447 2625 ἀναιρεῖ
463 2590 511 2625 μὲν
523 2591 568 2617 τὸν
588 2591 708 2625 Ἀμεσσᾶ
722 2589 799 2625 δόλῳ,
817 2589 956 2624 πολιορκεῖ

168 2639 195 2666 δὲ
211 2640 258 2676 τὴν
275 2640 352 2667 πόλιν
367 2641 406 2672 εἰς
423 2641 455 2676 ἢν
471 2640 624 2675 κατέφυγεν
643 2641 657 2667 6
675 2640 769 2667 Σαϐεέ.
788 2640 819 2667 Ol
833 2640 861 2667 δὲ
878 2641 906 2667 ἐν
921 2641 955 2676 τῇ

199 2819 212 2834 ⁸
228 2819 252 2843 In
264 2819 374 2844 editione
387 2820 650 2851 llomanalegituro-Ja‘a
657 2819 799 2851 ὠνυχίσατο,
811 2818 865 2842 οὐδὲ
878 2818 959 2847 ἐποίη-

167 2856 194 2873 σε
209 2850 249 2873 τὸν
259 2851 370 2880 μύστακα
379 2851 462 2875 αὐτοῦ.

163 2887 169 2891 ‘
199 2880 214 2901 h
225 2881 272 2905 "0v
282 2881 321 2906 Inc
332 2887 542 2912 supervacaneum
550 2883 596 2906 est.

696 161 863 191 SYNOPSIS
881 161 1088 191 SCRIPTL'R/E
1109 160 1246 189 SACRAZ.

1737 162 1791 190 3&3

1003 219 1091 250 πόλει,
1113 218 1242 253 γυναικὸς
1265 217 1515 254 συμϐουλευσάοης,
1537 217 1720 253 ἀποτεμόντες
1742 218 1791 248 τοιῖ

1002 270 1088 298 Σαϐεὲ
1106 270 1154 306 τὴν
1174 270 1304 306 κεφαλὴν,
1329 270 1444 306 ἔρριψαν
1472 270 1526 298 ἀπὸ
1550 270 1597 297 τοῦ
1620 271 1726 306 τείχους
1751 272 1790 307 τῷ

1008 322 1096 354 Ἰωὰϐ,
1111 321 1158 348 καὶ
1172 321 1258 353 οὕτως
1276 321 1471 356 ἀπηλλάγησαν
1490 321 1537 348 τοῦ
1561 321 1688 357 πολέμου.
1704 323 1790 358 Λιμὸς

1002 371 1206 408 καταλαμϐάνει
1220 371 1268 407 τὴν
1284 371 1335 406 γῆν
1346 381 1353 388 ·
1369 371 1444 403 λύσις
1459 372 1487 398 δὲ
1499 369 1533 407 ἦν
1551 372 1598 399 τοῦ
1617 372 1696 408 λιμοῦ
1709 372 1739 399 τὸ
1750 382 1790 400 τι-

1002 423 1050 456 νὰς
1065 423 1118 450 τῶν
1137 423 1184 450 τοῦ
1199 423 1286 450 Σαοὺλ
1299 422 1440 458 ἐκδοθῆναι
1452 424 1508 456 τοῖς
1520 423 1715 456 Γαϐαωνίταις.
1733 424 1789 451 Καὶ

1001 474 1046 500 τὸν
1061 474 1228 509 Μεμφιϐαὰλ
1244 475 1425 508 περιποιεῖται
1446 475 1460 500 6
1475 473 1565 506 Δαυῖδ,
1587 473 1631 500 διὰ
1644 473 1691 500 τοῦ
1706 474 1788 510 ὅρκου

1000 525 1048 552 τοῦ
1065 525 1133 560 πρὸς
1151 526 1288 553 Ἰωνάθαν.
1297 525 1435 552 Ἐκδίδωσι
1447 524 1476 551 δὲ
1485 525 1549 556 τοὺς
1560 525 1608 551 τοῦ
1620 525 1705 552 Σαοὺλ
1714 526 1790 557 υἱοὺς

1002 576 1048 602 καὶ
1065 576 1203 610 ἐκγόνους,
1224 576 1271 603 καὶ
1284 576 1380 603 θάπτει
1400 575 1445 602 16v
1457 575 1543 602 Σαοὺλ
1564 576 1611 602 καὶ
1627 575 1674 602 16v
1697 576 1788 603 Ἰωνά-

1001 625 1051 652 θαν
1071 627 1099 652 ἐν
1122 626 1161 661 τῷ
1181 626 1259 662 τάφῳ
1283 627 1358 658 Κείς.
1383 627 1505 653 Γίνονται
1525 626 1641 654 ἐνταῦθα
1664 627 1788 662 πόλεμοι.

1001 676 1054 702 Καὶ
1062 676 1195 703 κωλύουσι
1207 677 1253 703 τὸν
1267 677 1348 703 Δαυῒδ
1360 676 1487 710 ἐξελθεῖν,
1498 677 1602 713 μήποτε
1616 677 1785 714 κινδυνεύσῃ.

1001 725 1067 751 Τότε
1091 725 1164 759 λέγει
1183 726 1228 752 τὸν
1244 726 1475 753 ἑπτακαιδέκατον
1496 727 1612 762 ψαλμόν.
1635 728 1788 762 Καταλέγει

1000 775 1049 808 τὰς
1066 776 1204 812 ἀριστείας
1220 777 1266 803 καὶ
1280 777 1314 804 τὰ
1328 778 1560 814 ἁνδραγαθήματα
1581 779 1635 806 τῶν
1651 779 1788 815 ἀρχόντων

999 826 1046 853 τοῦ
1065 827 1156 853 Δαυῖδ.
1173 826 1319 854 Κελεύεται
1342 828 1419 855 Ἰωάϐ
1431 829 1581 864 ἀριθμῆσαι
1593 829 1638 856 τὸν
1651 829 1724 863 λαὸν,
1742 830 1789 856 καὶ

1000 876 1126 912 ἀριθμεῖ·
1152 877 1198 903 καὶ
1221 875 1254 913 ἦν
1275 878 1383 913 Ἰσραὴλ
1407 879 1559 920 έννακόσιαι
1589 879 1715 914 χιλιάδες,
1741 881 1789 907 καὶ

1007 928 1090 955 Ἰούδα
1104 929 1276 964 τετρακόσιαι
1292 930 1419 965 χιλιάδες,
1427 931 1526 963 πάντες
1537 931 1706 966 πολεμισταί.
1717 933 1784 959 Τότε

1000 977 1109 1013 ἔρχεται
1125 978 1178 1005 Γὰδ
1198 980 1212 1005 6
1234 980 1385 1015 προφήτης,
1402 976 1507 1016 αἵρεσιν
1521 981 1594 1016 αὐτῷ
1607 981 1693 1014 διδοὺς
1704 983 1788 1018 τριῶν

999 1028 1150 1064 τιμωριῶν,
1167 1029 1200 1064 ῆν
1215 1029 1335 1065 βούλοιτο
1354 1031 1512 1066 ὑποστῆναι,
1531 1032 1547 1068 ἦ
1562 1032 1624 1067 τρία
1638 1033 1685 1069 ἔτη
1699 1034 1786 1069 λιμὸν,

1000 1078 1016 1113 ἦ
1031 1080 1106 1114 τρεῖς
1123 1079 1228 1114 ἡμέρας
1245 1081 1339 1114 φυγεῖν
1353 1081 1534 1116 ἐπικειμένων
1549 1082 1664 1118 ἐχθρῶν,
1681 1083 1697 1119 ἢ
1714 1085 1789 1120 τρεῖς

1000 1127 1105 1164 ἡμέρας
1122 1127 1246 1155 θάνατον.
1266 1129 1294 1156 '0
1306 1129 1335 1156 δὲ
1346 1130 1396 1162 τὰς
1407 1132 1481 1166 τρεῖς
1497 1132 1603 1168 ἡμέρας
1613 1132 1660 1159 τοῦ
1673 1133 1789 1161 θανάτου

1001 1178 1096 1210 εἵλετο,
1111 1180 1158 1206 καὶ
1176 1179 1311 1206 ἀπέθανον
1324 1181 1378 1207 ἀπὸ
1393 1181 1465 1217 πρωῒ
1480 1182 1530 1214 ἕως
1546 1183 1657 1218 ἀρίστου
1675 1184 1790 1221 ἐϐδομή-

1000 1237 1083 1257 κοντα
1097 1231 1224 1266 χιλιάδες.
1243 1231 1310 1258 Τότε
1322 1231 1395 1265 λέγει
1408 1231 1491 1258 Δαυῖδ
1501 1240 1507 1246 ·
1529 1232 1602 1259 Ἰδοὺ
1617 1233 1674 1268 ἐγὼ
1695 1234 1789 1268 ἦμαρ-ι

1000 1289 1063 1312 τον,
1077 1281 1126 1308 καὶ
1137 1281 1194 1316 ἐγὼ
1204 1283 1220 1308 ὀ
1232 1281 1344 1316 ποιμήν
1355 1281 1570 1316 ἐκακοαεοίησα,
1591 1283 1640 1310 καί
1652 1282 1735 1312 οὗτοι
1753 1285 1790 1312 τὸ

1000 1331 1140 1365 ποίμνιον
1156 1332 1184 1357 τί
1198 1331 1366 1365 ἐποίησαν;
1385 1332 1524 1360 Γενέσθω
1542 1332 1560 1366 ἠ
1586 1333 1650 1368 χείρ
1663 1333 1697 1360 ὲν
1713 1335 1788 1369 ἐμοὶ,

1000 1381 1049 1408 καὶ
1066 1382 1101 1408 ἐν
1119 1381 1159 1415 τῷ
1173 1382 1244 1414 οἴκῳ
1259 1382 1312 1409 τοῦ
1329 1383 1442 1417 πατρός
1456 1391 1526 1417 μου.
1546 1383 1699 1411 Ἐπαύσατο
1714 1386 1730 1420 ή
1748 1393 1789 1412 τι-

1003 1432 1102 1469 μωρία.
1119 1433 1174 1459 Καὶ
1188 1432 1329 1460 κελεύεται
1351 1433 1366 1459 ὁ
1378 1433 1460 1459 Δαυῖδ
1476 1433 1557 1460 θῦσαι
1575 1434 1606 1470 [ί.
1621 1434 1730 1471 στῆσαι]
1744 1435 1791 1462 θυ-

1001 1482 1158 1518 σιαστήριον
1188 1484 1216 1510 ἐν
1240 1484 1273 1518 τῇ
1295 1483 1351 1519 ἀλῳ
1384 1483 1477 1519 Ὀρνία
1487 1489 1510 1517 ε,
1542 1484 1590 1511 καὶ
1616 1485 1714 1512 θῦσαν
1742 1487 1790 1514 καὶ

1001 1532 1129 1568 ἐποίησεν
1145 1532 1241 1565 οὕτως.
1262 1534 1369 1570 Ὀρνίας
1383 1534 1439 1566 υἱὸς
1452 1533 1534 1561 Δαυῖδ
1548 1535 1625 1572 ἑστιᾷ
1645 1537 1708 1568 τοὺς
1726 1539 1791 1574 περὶ

1007 1583 1086 1610 Ἰωὰϐ
1107 1583 1154 1610 καὶ
1174 1583 1303 1620 Ἀϐιάθαρ
1315 1605 1322 1617 ,
1344 1584 1382 1615 ὡς
1403 1583 1579 1619 βασιλεύσων.
1597 1586 1756 1623 Είσέρχεται
1772 1590 1789 1624 ή

1001 1633 1141 1669 Βηρσαϐεέ
1157 1633 1228 1661 κατὰ
1242 1633 1396 1670 συμϐουλὴν
1411 1634 1505 1662 Νάθαν
1519 1632 1566 1662 τοῦ
1578 1638 1728 1672 προφήτου,
1742 1639 1791 1665 καὶ

1001 1683 1167 1717 ἀπαγγέλλει
1187 1683 1226 1719 τῷ
1242 1684 1340 1711 Δαυῖδ·
1369 1685 1470 1720 μεταξὺ
1482 1685 1510 1713 δὲ
1527 1683 1660 1723 λαλούσης
1682 1689 1790 1724 ἐκείνης

1002 1734 1109 1770 εἰσῆλθε
1129 1735 1175 1761 καὶ
1197 1736 1211 1762 6
1228 1735 1332 1767 Νάθαν,
1352 1737 1606 1769 κατασκευάσαντες
1619 1737 1632 1758 ἀ
1652 1738 1722 1766 ὥστε
1744 1740 1785 1775 βα-

1003 1784 1123 1812 σιλεῦσαι
1147 1785 1193 1812 16v
1206 1785 1361 1821 Σολομῶνα.
1384 1785 1510 1822 Ἐξῆλθον
1524 1787 1731 1821 ἐπιϐιϐάσαντες
1744 1790 1790 1817 τὸν

1002 1835 1146 1870 Σολομῶνα
1160 1836 1192 1870 τῇ
1210 1835 1313 1871 ἡμιόνῳ
1337 1837 1370 1871 τῇ
1387 1835 1524 1872 βασιλικῇ,
1539 1838 1606 1864 Τότε
1621 1839 1634 1865 6
1649 1839 1791 1875 προφήτης

1002 1884 1095 1911 Νάθαν
1110 1885 1155 1911 καὶ
1169 1886 1183 1911 6
1198 1885 1286 1920 ίερεὺς
1302 1885 1421 1913 Σαδδοὺκ
1443 1887 1563 1922 ἀπῆλθον
1587 1889 1627 1919 είς
1647 1889 1696 1923 τὴν
1710 1889 1790 1923 Γιὼν,

1002 1936 1049 1962 καὶ
1062 1935 1173 1972 ἔχρισαν
1180 1935 1261 1962 αὑτὸν
1271 1936 1317 1963 καὶ
1331 1934 1406 1963 εἶπον
1416 1945 1423 1952 ·
1439 1936 1524 1970 Ζήτω
1535 1940 1552 1965 ό
1559 1939 1719 1972 βασιλεὺς.
1736 1941 1792 1968 Ἐλ-

1003 1985 1056 2013 θὼν
1080 1987 1093 2012 6
1115 1986 1172 2017 υίὸς
1199 1986 1326 2013 Ἰωνάθαν
1352 1987 1502 2022 ἀπήγγειλε
1522 1988 1563 2024 τῷ
1589 1989 1680 2025 ὐρνίᾳ
1705 1991 1792 2018 ταῦτα

1002 2035 1170 2071 ἐστιωμένῳ.
1192 2036 1248 2062 Καὶ
1272 2035 1360 2071 οἱμὲν
1383 2036 1456 2063 ἄλλοι
1473 2036 1583 2071 ἔφυγον,
1601 2039 1616 2064 6
1637 2038 1665 2065 δὲ
1684 2039 1793 2074 Ὀρνίας

1002 2086 1155 2122 κατέφυγεν
1179 2088 1219 2119 εἰς
1246 2086 1276 2113 16
1298 2087 1500 2123 θυσιαστήριον,
1523 2089 1648 2122 δεδοικὼς
1673 2091 1718 2117 τὸν
1742 2092 1791 2118 Σο-

1002 2137 1122 2173 λομῶνα.
1140 2137 1207 2163 Τότε
1222 2136 1313 2170 ἐξάγει
1328 2137 1408 2164 αὐτὸν
1422 2138 1536 2170 ἐκεῖθεν,
1550 2139 1597 2166 καὶ
1611 2140 1696 2167 ἐλθὼν
1708 2149 1792 2177 προσ-

1003 2188 1118 2224 εκύνησε
1131 2187 1170 2222 τῷ
1186 2187 1298 2222 βασιλεῖ.
1315 2188 1427 2215 Μέλλων
1442 2188 1570 2225 τελευτᾷν
1584 2190 1598 2216 6
1610 2190 1702 2224 Δαυῖδ,
1717 2200 1789 2228 παρ-

1002 2240 1072 2266 αινεῖ
1088 2238 1126 2274 τῷ
1143 2237 1296 2273 Σολομῶντι
1309 2259 1316 2271 ,
1341 2238 1410 2265 ὥστε
1428 2239 1571 2274 φυλάττειν
1586 2241 1632 2267 τοῦ
1656 2241 1723 2268 Θεοῦ
1744 2243 1790 2269 τὸν

1002 2289 1098 2325 νόμον·
1115 2287 1187 2315 οὕτω
1199 2287 1254 2325 γὰρ
1275 2288 1416 2321 τεύξεσθαι
1438 2289 1513 2325 αὑτῷ
1535 2290 1590 2317 τῶν
1617 2291 1790 2327 ἐπαγγελιῶν

1001 2342 1056 2368 τῶν
1069 2340 1280 2377 ἐπηγγελμένων
1294 2341 1378 2377 αὐτῷ.
1390 2341 1579 2376 Παραγγέλλει
1589 2351 1618 2369 τε
1634 2345 1698 2379 περὶ
1710 2344 1794 2371 Ἰωάδ

1002 2393 1049 2420 καὶ
1061 2392 1166 2427 Σεμεεὶ,
1180 2391 1251 2418 ὥστε
1261 2391 1532 2428 τιμωρηθῆναιβὸἓῖ
1545 2393 1654 2426 αὐτοὺς,
1667 2394 1714 2420 καὶ
1725 2395 1792 2430 περὶ

1001 2443 1056 2469 τῶν
1070 2442 1136 2468 υἱῶν
1153 2441 1299 2478 Βερζελλὶ,
1323 2441 1392 2468 ὥστε
1416 2443 1515 2474 αὐτοὺς
1533 2444 1614 2479 τιμῆς
1635 2445 1795 2480 τυγχάνειν,

1034 2571 1046 2585 ⁸
1064 2569 1135 2600 Ὀρνά
1148 2568 1274 2600 Ιθεῆυιζὶη
1294 2568 1354 2592 edit.
1369 2567 1483 2600 Romana.
1500 2567 1593 2600 Ibidem
1606 2569 1646 2592 καὶ
1659 2568 1737 2598 θῦσαι,
1749 2569 1793 2594 καὶ

1004 2599 1115 2628 ἐποίησεν
1126 2600 1208 2626 οὕτως.
1223 2599 1276 2623 Huc
1287 2605 1359 2629 porro
1379 2599 1471 2622 desinit
1484 2599 1561 2622 codex
1573 2599 1753 2629 Lugdunensis,
1764 2601 1790 2624 in

1003 2637 1052 2661 quo
1066 2630 1127 2654 liber
1141 2630 1332 2661 lerliuswinclpjl
1344 2640 1350 2653 :
1367 2629 1482 2661 νἈδωνίας
1497 2630 1547 2661 υίὸς
1560 2630 1632 2661 Δαυὶδ
1644 2631 1728 2654 ἑστιῶν
1736 2631 1792 2658 τοὺς

1004 2659 1057 2693 περὶ
1073 2661 1154 2690 Ἰωάϐ,
1169 2664 1216 2685 elc.
1233 2660 1285 2684 Mox
1299 2659 1400 2691 "Opviac
1411 2660 1461 2688 υἱὸς
1481 2660 1565 2690 Δαυΐδ,
1577 2659 1612 2685 sic
1632 2661 1727 2685 Coislin.
1739 2661 1791 2685 Au-

1006 2697 1142 2726 liqnissimn
1169 2694 1244 2719 lectio
1266 2697 1306 2726 est
1333 2695 1433 2726 Ὀρνεάς.
1462 2694 1584 2726 Hehralce
1607 2695 1696 2721 πἐπκ.
1730 2695 1791 2720 LXX

1006 2725 1122 2764 ell'ilionls
1135 2726 1249 2764 Eon-uulsa
1264 2725 1435 2764 'Aﬁgvlg’gsell
1447 2727 1521 2764 lpclio
1535 2725 1629 2764 ςρρνίας
1639 2728 1663 2764 i_n
1674 2727 1795 2764 ιἐῑιιειὶυ-

1006 2759 1074 2783 simis
1091 2757 1273 2787 exemplaribus
1286 2756 1398 2785 habetur,
1411 2758 1435 2779 el
1445 2757 1480 2780 sic
1490 2756 1552 2787 legil
1564 2756 1742 2781 Theodorelus.

1037 2788 1050 2807 '1
1062 2788 1103 2812 Sic
1115 2787 1226 2818 Lugdun.
1240 2787 1329 2815 συός-χ,
1349 2786 1512 2812 Coislinianus
1523 2786 1582 2811 Vero
1595 2787 1792 2811 χατασκοτάσαν-

1006 2828 1051 2847 τες.
1075 2819 1120 2842 ch
1139 2820 1210 2851 locus
1235 2820 1372 2851 llUll»V>al‘_al
1392 2818 1541 2851 suspiclnne_
1553 2818 1718 2851 mendi._Ip§a
1746 2823 1792 2851 ι’οξ

1008 2849 1231 2880 nummarium;
1245 2849 1332 2873 lexicis
1344 2848 1426 2880 ignota
1438 2847 1485 2879 εει,
1498 2849 1542 2873 sed
1555 2850 1641 2874 mullus
1654 2847 1796 2880 hlijusmodi

1007 2881 1082 2906 habet
1093 2879 1285 2910 Chrysoslcmus.
