2074 3126
167 146 219 176 519

166 216 220 238 tur,
234 212 263 234 et
284 207 354 234 circa
376 205 444 232 ﬁlios
465 203 588 235 Derzelli,
607 207 634 230 ut
656 202 717 229 illos
732 203 758 229 in
784 201 886 228 honore
909 200 958 227 ha-

168 255 240 285 heat,
256 257 282 280 et
303 259 403 279 mensae
423 250 503 285 regia:
525 253 664 276 consortes
685 247 774 275 faciat.
796 247 960 281 Moriturque

167 303 307 334 postquam
321 304 406 324 annos
416 295 589 331 quadraginta
603 297 770 328 regnaverat.

416 369 559 389 REGNORUH
575 368 651 387 LIBER
672 367 710 386 111.

202 430 306 459 Occidit
321 429 430 458 Orniam
444 427 582 460 Salomon,
596 427 658 462 quia
675 426 814 453 Abisacam
830 426 958 460 petierat,

167 481 194 504 et
208 476 380 504 Abiatharetn
405 474 482 509 cjecit
503 481 534 500 ex
557 471 717 500 sacerdotio.
737 471 899 506 ltnplctaque
919 475 960 498 est

167 522 340 550 comminatio
361 525 454 548 contra
476 519 518 546 Eli
534 519 612 551 data;
628 526 660 544 ex
682 518 727 544 illo
741 525 855 552 namque
875 524 960 552 genus

167 567 284 595 ducebat
303 566 442 594 Abiathar.
465 564 565 592 Occidit
588 568 675 590 autem
699 563 830 595 .loabum;
855 562 959 590 Sadduc

168 617 256 641 autem
271 612 408 640 constituit
419 610 585 638 sacerdotem
602 617 651 644 pro
662 609 816 636 Abiathare.
834 609 958 642 Praecep-

169 662 224 685 ιιιιιι
241 658 286 685 dat
300 657 387 685 Scmei
401 657 538 688 Salomon,
554 660 582 682 ιιι
595 662 700 689 semper
714 655 740 681 in
756 654 820 681 urbe
834 658 958 681 maneat:

168 705 189 731 si
205 709 293 731 autem
305 698 529 737 excatumtjuatn,
545 702 569 728 id
584 709 635 728 non
651 701 759 735 impune
772 700 899 732 futurum,
911 700 959 728 sed

168 756 254 778 ntorte
268 749 449 777 mulctandum
463 756 533 776 esse.
548 748 613 775 Cum
628 755 719 774 servos
731 747 889 781 perdidisset
901 747 957 778 ille,

169 796 286 823 mandati
300 795 415 827 oblitus,
430 801 554 829 egressus
566 798 608 820 est
623 797 649 820 ul
664 797 794 827 qua-reret
806 799 874 826 :quo
886 800 960 819 corn-

171 847 247 876 perto
271 841 397 869 Salomon
419 839 551 867 interfecit
576 846 647 866 eum.
672 839 708 865 De
731 837 859 871 sapientia
885 837 958 864 Salo-

170 888 257 915 monis
271 887 415 919 enarratio,
432 885 466 913 de
480 892 544 920 pace
567 892 624 919 qum
640 883 696 918 ejus
710 888 829 917 tempore
845 881 910 916 fuit,
926 882 958 910 de

137 927 139 930 ’
168 934 366 969 magniﬁcentia
380 932 494 968 prandii,
509 931 542 958 de
553 931 686 962 curribus,
699 929 731 956 de
746 929 832 964 equis,
844 928 877 955 de
887 928 958 955 omni

167 987 267 1014 genere
281 980 443 1006 divitiarum.
461 978 528 1005 Petit
543 977 669 1004 Salomon
688 975 846 1010 sapientiam
863 982 877 1001 a
893 974 957 1002 Deo.

169 1026 245 1053 Tunc
258 1026 361 1061 judicat
375 1025 408 1052 de
423 1025 526 1052 duabus
547 1023 702 1051 mulieribus
716 1030 775 1057 qua:
799 1022 873 1049 illum
889 1022 958 1049 circa

169 1071 296 1098 infantem
311 1071 440 1099 adierant.
465 1070 581 1097 Rursum
605 1069 639 1096 de
659 1068 790 1103 sapientia
811 1068 959 1095 Salomonis

168 1117 301 1152 loquitur;
315 1117 348 1144 de
367 1116 469 1144 lautitia
485 1123 585 1143 mensa:
608 1115 666 1149 ejus
677 1135 683 1147 ,
705 1119 732 1141 et
745 1114 851 1149 quinam
865 1113 958 1148 hujus-

170 1164 241 1190 modi
262 1163 351 1191 ofﬁcio
374 1163 556 1198 fungerentur.
579 1162 659 1189 Mittit
682 1161 714 1188 ad
739 1161 845 1188 Chiram
868 1168 958 1195 regem

171 1210 246 1246 Tyri,
257 1210 382 1245 lignarios
389 1215 482 1244 petens
492 1208 668 1236 condttctitios
683 1216 689 1234 :
705 1207 748 1234 ille
759 1215 822 1234 vero
836 1207 957 1242 praebuit.

171 1256 219 1283 llic
230 1256 316 1290 agitur
328 1255 361 1282 de
375 1262 517 1290 operarum
531 1261 653 1286 numero,
667 1257 694 1280 et
708 1252 741 1280 de
754 1253 872 1279 materia:
884 1252 959 1286 copia

169 1302 201 1329 ad
217 1302 422 1330 exstructionem
432 1301 520 1335 templi
537 1304 625 1335 parata
638 1309 645 1326 :
656 1299 773 1333 sequitur
786 1298 882 1325 deinde
893 1303 959 1325 lem-

172 1349 207 1383 pli
223 1349 396 1375 constructio.
412 1348 540 1375 Precatur
561 1346 686 1374 Salomon
703 1346 728 1372 in
746 1345 854 1380 templo,
868 1350 894 1372 et
908 1345 957 1372 im-

171 1394 262 1426 molat,
273 1394 435 1428 domumque
447 1393 562 1420 dedicat.
579 1391 712 1419 Promittit
726 1391 763 1418 illi
781 1391 848 1417 bona
862 1391 932 1418 Deus
947 1411 955 1424 ,

170 1440 192 1466 si
203 1440 360 1467 custodierit
373 1439 496 1467 mandata
513 1439 604 1474 ipsius,
616 1443 642 1465 et
654 1437 819 1465 contrarium
830 1437 958 1470 minatur,

170 1484 192 1511 si
205 1485 393 1519 prasvaricatus
413 1484 502 1512 fuerit.
518 1484 580 1511 Erat
592 1487 681 1510 autem
697 1482 732 1509 illi
747 1483 821 1510 navis
839 1490 897 1517 qute
913 1491 958 1509 au-

171 1538 230 1557 rum
245 1531 369 1559 vehebat.
383 1531 499 1558 Historia
513 1530 611 1565 regina:
633 1524 734 1562 Austri,
749 1537 807 1564 qua:
824 1529 893 1556 venit
907 1550 913 1562 ,
931 1533 959 1556 ut

171 1576 277 1604 audiret
290 1577 448 1612 sapientiam
462 1577 529 1611 ejus.
547 1576 584 1603 De
607 1575 757 1610 ingentibus
777 1575 835 1609 ejus
850 1575 958 1607 divitiis,

173 1623 206 1650 de
220 1623 302 1649 armis
313 1623 401 1650 aureis
416 1630 473 1657 qum
489 1622 544 1656 ipse
557 1620 637 1653 fecit;
655 1619 688 1647 de
701 1620 774 1655 regni
798 1619 855 1654 ejus
868 1620 959 1647 limiti-

171 1669 230 1696 bus.
248 1669 314 1696 llinc
326 1669 358 1696 de
384 1668 531 1695 idololatria
554 1667 613 1702 ejus
628 1670 654 1694 et
675 1666 708 1694 de
730 1665 886 1697 offensione,
908 1674 959 1701 qua

173 1714 254 1741 Deum
270 1714 390 1741 offendit.
407 1713 472 1740 llinc
487 1713 564 1739 mina:
575 1713 703 1739 adversus
716 1711 789 1738 illum
804 1711 939 1738 intentata:
950 1731 959 1744 .

172 1760 299 1794 regnique
310 1760 366 1794 ejus
381 1760 488 1790 solutio,
504 1766 607 1794 paxque
621 1758 734 1786 sublata.
755 1757 875 1784 Rebellat
888 1757 959 1784 enim

171 1810 262 1832 contra
287 1805 360 1832 illutn
384 1805 457 1832 Ader
479 1805 621 1836 ldummus,
645 1807 672 1830 et
693 1803 815 1830 Esdrom.
839 1803 960 1831 Rebellat

172 1851 250 1878 etiam
265 1856 358 1879 contra
385 1851 457 1879 illum
483 1851 625 1878 Jeroboam
645 1857 737 1877 servus
752 1849 820 1884 ejus.
839 1849 915 1876 Venit
927 1849 960 1876 ad

171 1897 313 1925 Jeroboam
339 1897 422 1925 Aehia
450 1897 589 1932 propheta.
605 1896 702 1931 datque
723 1895 759 1922 illi
786 1894 960 1922 scindendum

173 1943 359 1970 vestimentum
385 1943 410 1970 in
427 1943 537 1970 lacinias
554 1942 647 1970 decem
659 1963 666 1975 ,
692 1941 903 1976 pra-signiﬁcans
924 1941 960 1968 illi

172 1988 241 2023 quod
256 1988 348 2015 decem
363 1993 466 2023 sceptra
479 1987 617 2015 habiturus
633 1991 714 2014 esset.
729 1986 793 2013 Cum
811 1994 890 2021 porro
904 1986 960 2013 vel-

174 2035 207 2061 let
218 2034 344 2062 Salonion
357 2035 429 2062 illum
445 2031 577 2065 occidere,
590 2032 656 2068 fugit
671 2032 696 2059 in
713 2032 868 2068 Egyptum.
882 2031 962 2059 Redit

173 2081 205 2108 ab
219 2080 334 2117 [Egypto
356 2080 510 2113 Jeroboam,
538 2083 643 2106 tnortuo
664 2078 817 2105 Salomone.
844 2077 961 2112 Populus

172 2131 260 2154 autern
273 2127 367 2154 adiens
381 2126 502 2153 Roboain
518 2125 600 2152 ﬁlium
625 2123 785 2157 Salomonis,
799 2124 909 2159 rogabat
924 2124 961 2151 le-

173 2172 246 2199 viore
261 2171 311 2198 frui
327 2172 448 2207 imperio,
465 2179 543 2206 quam
555 2171 605 2197 sub
616 2169 775 2202 Salomone;
795 2169 839 2197 ille
855 2177 917 2196 vero
928 2177 960 2197 ex

172 2218 285 2245 consilio
294 2218 420 2252 juvenum
434 2217 610 2252 qttorumdam
623 2237 631 2249 ,
653 2216 697 2251 qui
713 2223 772 2243 cum
785 2216 842 2250 ipso
856 2215 961 2242 educati

172 2264 289 2296 fuerant,
305 2264 420 2290 minatus
433 2268 474 2290 est
486 2271 515 2290 se
529 2263 649 2297 graviore
660 2269 769 2288 usurum
783 2261 903 2295 imperio.
920 2261 962 2288 ln-

172 2310 205 2338 de
217 2309 308 2337 divisae
322 2313 384 2336 sunt
398 2308 489 2336 decem
506 2308 601 2340 tribus,
627 2312 654 2334 et
673 2314 762 2341 regem
783 2306 833 2333 sibi
861 2307 961 2333 consti-

172 2362 280 2385 tuerunt
297 2357 449 2385 Jeroboam.
464 2357 582 2383 Roboam
598 2362 661 2382 vero
674 2354 807 2381 volentem
821 2358 911 2380 contra
929 2353 961 2380 il-

173 2403 226 2430 ltun
239 2410 347 2430 movere
364 2403 462 2430 bellum
479 2402 546 2428 Deus
555 2400 685 2428 cohibuit.
698 2399 764 2426 Cum
783 2401 870 2426 autem
879 2405 962 2434 πετο-

172 2453 241 2476 taret
253 2449 320 2476 ﬁlius
336 2448 488 2479 Jeroboam,
503 2447 583 2474 tnittit
597 2453 705 2473 uxorem
720 2452 793 2471 suam
809 2444 841 2471 ad
851 2444 962 2471 Achiam

172 2494 342 2530 prophetam.
355 2494 388 2522 de
412 2493 507 2521 morbo
528 2493 740 2520 sciscitaturam:
756 2491 800 2518 ille
818 2498 882 2518 vero
897 2490 964 2517 dixit

172 2547 231 2567 esse
247 2541 415 2571 tnoriturum,
428 2544 454 2566 et
469 2543 591 2566 mortuus
604 2542 644 2565 est
655 2536 703 2573 (ιι).
716 2535 961 2563 StatuitJeroboam

174 2586 272 2613 vitulas
286 2593 392 2618 aureas,
405 2585 515 2612 alteram
531 2585 556 2611 in
568 2583 678 2615 Bmthel,
691 2583 801 2609 alteram
814 2582 838 2608 in
855 2582 919 2614 Dan,
930 2589 963 2608 ne

174 2631 286 2666 popttlus
298 2631 456 2658 ascenderet
470 2631 495 2657 in
511 2629 670 2657 Jerusalem.
688 2627 753 2655 Cum
769 2632 857 2654 autem
870 2627 964 2654 immo-

174 2678 239 2705 laret
255 2677 301 2711 ibi,
318 2685 379 2705 ecce
395 2677 475 2704 homo
489 2676 537 2703 Dei
559 2675 668 2702 veniens
684 2674 824 2709 prophetat
844 2673 877 2700 de
891 2673 963 2700 .losia

203 2744 240 2775 (α)
253 2748 308 2778 Haec
317 2750 372 2776 quae
386 2742 576 2778 ὀρέξει-μαψιιο
639 2740 774 2778 Jeroboami
785 2740 896 2778 dicuntur:
908 2746 963 2778 per:

174 2769 253 2799 ιιιιίτιῖι
270 2775 299 2799 ad
319 2769 391 2803 ὰιίιιιι
410 2769 526 2798 ΧΙνἼίΙιιή
540 2773 606 2797 tertii
618 2777 722 2803 ttcgum.
736 2775 761 2795 et
774 2774 826 2803 post
838 2769 965 2794 vitularuin

174 2783 253 2799 ιιιιιτιιι
270 2783 299 2799 au
319 2783 346 2799 cn
359 2783 391 2798 ιιιι
410 2783 457 2798 λιν
474 2783 526 2797 Illtl‘l
540 2783 606 2797 wrut
619 2783 722 2803 "csum.
736 2783 761 2795 ct.
774 2783 826 2800 pust
840 2783 965 2794 vlui-arum

172 2813 301 2830 aureorum
317 2783 408 2830 cultum
429 2805 549 2829 habentur
567 2805 590 2828 in
606 2803 716 2831 Hebraeo,
728 2803 751 2826 in
764 2801 882 2833 V'ulgatis,
892 2804 965 2832 atque

173 2838 197 2861 iu
210 2836 336 2892 hlexaplari
347 2837 462 2862 Editione.
473 2835 517 2860 sed
526 2836 551 2859 in
560 2835 612 2860 aliis
718 2834 863 2858 Editiouibus
870 2833 966 2858 inversa

173 2873 218 2891 sun
232 2886 240 2892 .

172 2873 240 2894 sunt.

697 143 856 172 SVNOPSIS
874 141 1077 170 SCRIPTUR/E
1096 141 1242 177 SACRE.‘

1752 145 1803 175 350

1016 208 1087 236 rege.
1104 202 1136 229 Et
1156 203 1262 230 exaruit
1273 203 1342 238 regis
1365 210 1469 235 manus,
1481 207 1508 230 et
1523 207 1598 238 rupta
1613 210 1654 232 est
1664 212 1720 232 ara.
1735 203 1802 231 l‘ro—

1013 246 1092 280 pheta
1107 251 1194 274 autem
1211 249 1291 275 Deutn
1304 252 1440 283 precante,
1455 256 1502 275 rex
1516 256 1595 276 sanus
1607 249 1691 276 factus
1704 254 1754 277 cst.
1768 250 1800 277 Et

1013 292 1121 326 rogabat
1137 293 1292 328 prophetam
1309 299 1337 320 ut
1361 294 1513 328 epularetur
1525 294 1594 328 apud
1608 301 1647 322 se.
1671 294 1717 322 Ille
1737 303 1801 322 vero

1013 339 1130 372 nolebat,
1148 340 1192 366 Dei
1214 346 1375 375 prmceptum
1389 348 1510 371 servans,
1533 341 1602 375 quod
1622 349 1681 368 cum
1708 346 1799 375 postea

1014 390 1198 420 transgressus
1220 391 1312 419 esset,
1329 387 1433 414 occisus
1459 392 1500 414 est
1515 395 1530 414 a
1553 389 1639 415 leone.
1659 387 1801 415 Jeroboam

1013 435 1100 458 autem
1114 431 1200 458 adhuc
1221 432 1345 459 manebat
1359 432 1384 459 in
1406 432 1541 467 impietate
1554 440 1609 464 sua,
1636 437 1663 460 ct
1680 433 1799 460 Roboam

1013 475 1083 502 idola
1099 476 1181 502 coluit
1201 476 1325 503 omnibus
1340 477 1400 504 vittc
1412 484 1467 504 sua:
1479 477 1568 504 annis.
1585 477 1702 505 Veniens
1717 478 1800 505 Susa-

1012 521 1063 548 cim
1077 522 1177 556 accepit
1195 521 1343 550 thesauros.
1359 523 1421 550 Post
1438 524 1507 549 hunc
1522 528 1613 557 regnat
1633 523 1713 551 Abias
1729 525 1798 551 ﬁlius

1011 567 1080 601 ejus,
1095 571 1121 594 et
1136 572 1195 601 post
1207 567 1277 595 hunc
1289 568 1340 594 Asa
1355 568 1508 595 iiliusAbia.
1526 569 1588 595 Post
1598 569 1738 597 .leroboam
1754 577 1798 597 re—

1011 617 1075 646 gnat
1091 612 1160 640 ﬁlius
1171 613 1228 647 ejus
1243 612 1318 640 Adab
1333 612 1369 649 (a)
1384 621 1481 648 :quem
1497 621 1556 641 cum
1568 615 1710 642 occidisset
1720 615 1799 649 Basa,

1011 658 1131 692 regnavit
1144 664 1170 685 et
1179 658 1294 685 bellabat
1308 662 1398 686 contra
1408 659 1471 685 Asa.
1484 659 1530 686 [lic
1545 659 1643 686 auxilio
1655 667 1717 687 usus
1730 661 1800 688 Ader

1011 703 1072 739 Syri
1087 705 1209 738 superior
1220 705 1278 732 fuit.
1303 705 1368 738 Quia
1393 713 1456 732 vero
1479 705 1614 740 improbus
1635 712 1692 734 crat
1714 707 1798 738 Busa.

1012 751 1127 777 minatur
1142 751 1190 785 ipsi
1214 751 1283 778 Deus
1300 752 1366 778 mala
1383 751 1510 786 ingentia.
1528 752 1573 778 Illo
1584 757 1688 779 morttto
1704 761 1798 788 regna-

1011 797 1048 823 vit
1061 797 1108 823 Eia
1120 796 1189 823 ﬁlius
1204 796 1270 831 ejus,
1286 804 1364 831 quem
1378 804 1437 824 cum
1453 798 1595 824 occidisset
1609 798 1713 825 Zambri
1732 807 1800 826 unus

1012 843 1171 877 principum,
1197 842 1317 876 regnavit
1339 843 1406 876 ipse,
1432 842 1569 869 etdelevit
1590 845 1698 870 domum
1714 844 1799 870 Basm.

1011 887 1047 915 Ut
1067 893 1156 915 autem
1170 887 1274 914 Zambri
1288 895 1392 922 quoque
1406 894 1525 915 mortuus
1541 893 1591 920 est,
1607 896 1666 914 Clltll
1683 890 1799 923 seipsnm

1011 934 1181 966 incendisset,
1193 939 1285 969 regnat
1294 934 1396 961 Amhri.
1406 934 1471 962 Cum
1484 939 1571 961 autem
1586 934 1628 962 hic
1639 935 1716 962 etiam
1726 944 1800 963 mor~

1012 985 1071 1008 tuus
1095 985 1180 1013 esset,
1196 985 1289 1015 regnat
1304 980 1411 1007 Aehaab
1430 980 1500 1007 ﬁlius
1513 981 1581 1015 ejus.
1606 981 1710 1016 ltognat
1729 980 1808 1007 Josa-

1012 1026 1075 1061 pltat
1086 1026 1155 1053 filius
1170 1027 1239 1054 Asm.
1256 1026 1369 1053 Minatur
1382 1027 1454 1054 Elias
1465 1027 1594 1061 propheta
1608 1027 1733 1054 Achaabo
1750 1036 1804 1056 sre—

1012 1073 1117 1099 citatem
1127 1093 1134 1105 ,
1146 1080 1205 1107 quae
1220 1080 1268 1107 per
1282 1076 1336 1100 tres
1359 1080 1444 1100 annos
1465 1077 1491 1099 et
1507 1079 1552 1099 sex
1567 1080 1673 1099 menses
1685 1073 1804 1101 duravit.

1011 1118 1086 1145 Tunc
1100 1125 1148 1152 per
1162 1125 1257 1145 corvos
1275 1117 1356 1144 alitur
1381 1117 1520 1152 pmpheta.
1543 1117 1590 1144 llic
1616 1122 1677 1144 sunt
1699 1128 1731 1147 ea
1746 1127 1806 1153 qua:

1011 1163 1145 1199 pertinent
1154 1163 1187 1190 ad
1202 1163 1305 1189 viduam
1317 1162 1540 1196 Sarephthanam,
1552 1170 1610 1197 qum
1621 1163 1652 1189 ad
1667 1165 1806 1199 lecythum

1011 1209 1075 1242 olei,
1088 1213 1115 1236 et
1130 1216 1189 1244 qua:
1206 1208 1240 1235 ad
1252 1208 1372 1243 hydriatn
1387 1208 1488 1240 farinat,
1502 1207 1535 1234 ad
1549 1213 1661 1234 murtctn
1678 1210 1763 1242 ptteri,
1775 1214 1802 1236 et

1012 1256 1044 1283 ad
1051 1256 1249 1283 suscitationcrn
1261 1262 1293 1281 ex
1308 1260 1405 1282 morte.
1422 1254 1533 1281 Mittitur
1547 1254 1580 1280 ad
1596 1254 1704 1281 Achaab
1719 1254 1801 1286 Elias.

1012 1307 1039 1329 et
1053 1302 1164 1329 hostiam
1179 1301 1267 1333 offert,
1281 1299 1398 1327 demittit
1414 1300 1501 1335 ignem
1516 1299 1549 1326 de
1562 1300 1638 1331 etclo,
1661 1304 1688 1327 et
1701 1307 1799 1327 consu-

1011 1347 1060 1375 mit
1074 1347 1156 1374 illam.
1173 1346 1249 1374 Tunc
1262 1350 1384 1380 arreptos
1398 1344 1550 1372 sacerdotes
1565 1345 1650 1372 Baulis
1661 1345 1800 1379 jugulavit.

1012 1393 1138 1421 Achaabo
1154 1392 1270 1426 pluviam
1285 1391 1457 1426 prmnuntiat.
1469 1390 1501 1416 Et
1519 1397 1668 1418 conscenso
1679 1390 1801 1418 Carmelo

1013 1443 1134 1474 precatus
1152 1443 1192 1464 est
1208 1437 1279 1464 Elias
1290 1457 1296 1469 ,
1323 1440 1350 1463 et
1375 1435 1534 1463 sacrificium
1549 1435 1627 1462 offert
1641 1444 1648 1462 :
1665 1443 1726 1463 ecce
1741 1437 1801 1470 plu-

1012 1487 1064 1512 via.
1080 1484 1193 1511 Minatur
1204 1483 1269 1510 Elite
1282 1486 1395 1509 mortem
1407 1481 1514 1509 Jezabel
1529 1489 1594 1508 uxor
1606 1481 1734 1508 Achaabi.
1752 1481 1799 1509 llic

1012 1537 1100 1559 autem
1113 1531 1185 1558 venit
1201 1531 1225 1557 in
1240 1530 1386 1560 desertum,
1402 1533 1427 1556 et
1441 1535 1501 1555 cum
1521 1528 1691 1556 dormivisset
1701 1528 1801 1555 excita-

1013 1583 1107 1611 tusqne
1122 1580 1194 1604 esset
1207 1576 1241 1604 ab
1263 1575 1357 1610 angelo
1386 1574 1432 1601 Dei
1447 1594 1454 1607 ,
1484 1573 1588 1601 invenit
1602 1574 1800 1601 snbcineritium

1012 1631 1108 1658 panetn
1120 1630 1152 1649 ex
1166 1623 1250 1657 olyra,
1260 1628 1339 1656 quem
1353 1627 1414 1647 cum
1423 1619 1582 1646 comedisset
1593 1619 1732 1646 roboratus
1742 1623 1781 1646 est
1795 1628 1801 1646 :

1012 1677 1073 1697 cum
1089 1669 1134 1696 illo
1149 1668 1209 1695 cibo
1232 1666 1407 1702 quadraginta
1428 1665 1521 1692 diebus
1535 1664 1607 1691 venit
1630 1664 1656 1691 in
1684 1663 1798 1691 Choreb.

1013 1715 1087 1742 Tunc
1099 1714 1154 1741 ait:
1170 1713 1290 1745 Domino,
1303 1718 1364 1738 aras
1380 1715 1437 1738 tuas
1449 1709 1625 1737 suﬁ'oderunt.
1637 1709 1710 1744 Jugis
1719 1710 1800 1737 boum

1012 1759 1131 1787 dimissis
1152 1759 1278 1785 Elisszcus
1292 1756 1411 1791 sequitur
1432 1755 1530 1782 Eliatn.
1547 1755 1613 1782 llinc
1637 1755 1744 1782 historia
1761 1755 1801 1781 vi.

1014 1814 1072 1833 nea:
1092 1804 1220 1832 Nabuthae
1235 1812 1243 1830 :
1262 1808 1288 1830 et
1301 1803 1380 1830 mina.-
1396 1806 1487 1829 contra
1502 1800 1651 1828 Jezabelcm
1665 1804 1692 1827 et
1703 1801 1803 1827 Achaa-

1014 1853 1075 1879 hum
1102 1859 1109 1879 :
1133 1849 1303 1884 compunctio
1328 1847 1457 1875 Achaabi.
1484 1846 1661 1880 lrruptionent
1689 1846 1749 1873 fecit
1775 1848 1802 1874 in

1015 1898 1139 1925 lsraelem
1153 1897 1236 1932 Syrus
1262 1894 1334 1921 Ader
1353 1901 1413 1920 cum
1436 1893 1541 1927 triginta
1557 1892 1661 1918 duobus
1675 1892 1781 1926 regibus
1795 1901 1801 1918 ε

1015 1943 1124 1972 Achaab
1133 1950 1196 1970 vero
1210 1942 1307 1970 devicit
1325 1949 1382 1968 eos.
1396 1939 1462 1967 Cum
1486 1938 1603 1966 secundo
1619 1938 1692 1966 Ader
1705 1939 1802 1966 bellum

1015 1990 1165 2022 intulisset,
1187 1994 1273 2015 eaesus
1297 1986 1495 2020 admodumth
1518 1984 1671 2020 proﬁigatus
1696 1989 1746 2011 est.
1767 1985 1801 2012 Ut

1014 2041 1102 2063 autem
1116 2043 1145 2062 se
1156 2034 1222 2061 vidit
1234 2034 1260 2061 in
1272 2032 1391 2068 periculo
1410 2031 1519 2062 versari,
1536 2030 1682 2058 miserabili
1697 2030 1804 2057 indutus

1014 2087 1088 2109 veste
1108 2079 1260 2108 Achaabum
1272 2078 1347 2111 adiit,
1361 2084 1466 2104 servum
1486 2083 1516 2104 se
1529 2083 1636 2108 vocans,
1648 2080 1675 2103 et
1690 2075 1802 2103 salutent

1014 2127 1140 2161 consequi
1157 2131 1307 2160 peroptans.
1321 2123 1367 2150 llle
1380 2130 1444 2150 vero
1459 2130 1520 2149 eutn
1542 2122 1568 2148 in
1581 2129 1659 2148 curru
1675 2129 1724 2148 suo
1738 2129 1804 2148 cou-

1014 2172 1143 2200 scendere
1157 2171 1245 2206 jussit,
1259 2174 1285 2196 et
1305 2169 1407 2196 honore
1431 2168 1555 2195 affectum
1572 2167 1597 2194 in
1615 2171 1713 2194 terram
1727 2174 1802 2194 suam

1015 2219 1127 2246 remisit.
1140 2217 1218 2244 Venit
1231 2215 1358 2251 propheta
1383 2221 1474 2249 regem
1494 2221 1575 2247 super
1589 2212 1630 2240 his
1642 2213 1786 2247 ohjurgans
1795 2234 1802 2245 ,

1015 2271 1161 2298 necemque
1183 2261 1318 2288 tninitans.
1341 2259 1480 2286 Consultat
1504 2258 1633 2290 Achaah,
1658 2265 1691 2284 an
1709 2258 1805 2285 debeat

1017 2311 1093 2346 Syris
1113 2310 1211 2337 bellum
1236 2308 1351 2335 inferre:
1368 2312 1394 2333 et
1416 2314 1448 2332 ex
1465 2305 1576 2332 consilio
1588 2304 1714 2339 Josaphat
1734 2305 1806 2339 regis

1015 2358 1103 2389 Judte,
1120 2356 1264 2384 accersitur
1283 2354 1405 2381 Michatas
1421 2351 1558 2387 propheta,
1571 2351 1614 2386 qui
1629 2351 1806 2386 interrogatus

1016 2403 1179 2432 calamitates
1204 2400 1342 2436 praedicit,
1357 2399 1379 2425 si
1395 2398 1492 2425 bellum
1518 2397 1657 2424 inferatur.
1680 2397 1804 2424 lrascitur

1016 2450 1124 2478 Achaab
1135 2459 1142 2476 :
1152 2448 1289 2476 Mit-hmam
1303 2446 1412 2481 perculit
1424 2445 1549 2473 Sedecias
1563 2444 1803 2478 pscudopropheta.

1016 2497 1095 2524 lubet
1114 2494 1221 2522 Achaab
1248 2493 1348 2521 servari
1364 2491 1499 2519 Michatam
1524 2490 1780 2525 pseudoprophetam
1796 2511 1804 2523 ,

1018 2543 1104 2571 donec
1117 2542 1179 2569 belli
1196 2541 1255 2567 ﬁnis
1268 2544 1349 2567 esset.
1361 2539 1460 2565 Exitad
1473 2545 1586 2572 pugnam
1598 2558 1605 2570 ,
1625 2542 1651 2564 et
1662 2537 1807 2572 Josaphato

1017 2590 1100 2617 dixit:
1111 2589 1241 2616 Mutemus
1257 2586 1372 2613 hahitum
1385 2590 1412 2612 et
1422 2585 1580 2611 vestitucnta
1594 2592 1601 2615 ;
1613 2584 1743 2618 τιονὶνίῐιιιι
1757 2591 1807 2619 ego

1019 2641 1074 2669 tua,
1089 2639 1115 2662 et
1130 2641 1188 2661 mea
1209 2633 1254 2659 tibi
1277 2631 1360 2658 trado.
1389 2630 1434 2657 llis
1449 2630 1573 2664 peractis,
1587 2637 1647 2656 cum
1664 2630 1806 2664 prarcepis-

1019 2687 1061 2710 set
1074 2689 1118 2708 rex
1134 2680 1217 2715 Syriae
1229 2677 1355 2705 militibus
1364 2676 1429 2710 suis,
1446 2681 1474 2702 ut
1486 2676 1574 2702 missis
1589 2676 1712 2702 onmihus
1725 2683 1806 2702 unum

1051 2761 1086 2791 (a)
1092 2759 1118 2784 In
1125 2762 1178 2783 LXX
1184 2758 1348 2791 Interpretum
1358 2755 1464 2791 editione
1472 2754 1572 2791 legitur,
1579 2760 1656 2791 sese“.
1661 2758 1715 2791 ngc
1719 2754 1808 2791 quippe

1019 2784 1115 2816 nomina
1125 2790 1225 2814 multum
1245 2784 1366 2813 variabant
1384 2787 1407 2810 in
1420 2786 1601 2816 exemplaribus
1614 2786 1707 2810 (ἐι-ποις.
1719 2784 1808 2816 Verum

1019 2814 1159 2848 statim
1169 2819 1247 2845 aadab
1257 2818 1388 2844 secundum
1400 2814 1540 2841 nebraiéam
1558 2819 1684 2842 veritatem
1695 2817 1754 2844 ιη.
1766 2814 1808 2838 Sic

1021 2863 1046 2884 et
1057 2857 1117 2882 infra
1128 2858 1175 2889 Ᾱειρ
1186 2863 1231 2882 rex
1240 2855 1310 2888 Syria
1321 2856 1359 2879 est
1368 2851 1485 2878 Bcnadad.
