2060 3125
257 203 346 232 regem
357 195 464 224 lsraelis
475 195 500 223 in
513 194 583 222 bello
596 194 773 228 adorirentur,
786 194 822 221 illi
833 193 953 222 videntes
968 192 1045 221 Josa-

259 243 322 278 phat
337 241 510 277 regemluda,
525 245 553 268 et
566 245 689 275 putantes
702 247 762 267 esse
775 247 864 275 regem
877 238 957 266 Israel
972 239 1046 274 (nam

259 289 342 317 vestis
357 289 428 324 ipsus
438 286 563 323 decepit).
578 286 808 314 circumsistebant
825 286 898 313 illum
911 307 917 318 ,
932 289 961 312 ut
975 285 1046 313 oeci-

259 335 364 362 derent.
377 333 426 361 Ille
442 340 509 360 vero
519 333 638 360 clamans
652 339 666 358 a
689 331 807 367 periculo
819 331 955 358 eximitur.
972 330 1048 358 Alius

258 385 347 407 autem
361 379 512 414 sagittarius
524 377 595 405 feriit
606 377 771 410 Achaabum,
783 380 811 404 et
825 377 934 412 sanguis
952 384 1047 404 mana-

256 424 312 457 bat,
328 432 407 459 quem
417 416 558 451 abluerunt
572 423 598 450 in
608 423 690 456 fonte,
706 427 734 450 et
747 423 902 450 meretrices
913 430 942 450 se
956 422 1048 450 ablue-

257 475 320 498 runt
342 471 367 497 in
378 469 506 504 sanguine
520 469 578 504 ejus
590 489 598 501 ,
611 476 744 503 canesque
757 468 891 496 linxerunt
902 476 974 496 eum.
996 468 1048 496 Rc-

257 517 348 552 gnavit
362 520 422 550 post
445 515 598 542 Achsabum
612 514 742 542 chozias
757 513 826 541 illius
837 514 905 548 ejus.
917 513 982 548 Quia
997 521 1046 541 διι-

259 567 312 588 tem
326 560 453 596 Josaphat
477 562 577 587 amicus
603 560 661 594 ejus
674 559 732 592 fuit,
747 567 840 594 poenas
861 559 949 592 dedit;
967 560 1002 586 ita
1020 562 1049 586 ut

255 615 338 643 opera
346 607 405 642 ejus
419 607 649 641 intenpellarentur
662 604 712 642 (α).

554 682 694 702 ιιΒςΝοκωι
710 682 745 702 ιν.

292 741 433 776 Egrotans
446 740 574 769 Ochozias
585 741 658 768 misit
668 741 817 768 consultum
827 741 944 773 Baalem.
959 745 1046 768 utrum

256 792 424 815 surrecturus
438 792 527 816 esset:
544 793 569 815 et
582 788 681 815 nuntiis
693 795 835 816 occurrens
849 788 920 815 Elias
931 788 1047 823 prophe-

255 839 293 866 ta,
305 834 384 870 jussit
398 842 535 870 regressus
551 835 672 862 nuntiare
695 835 781 869 ipsum
794 842 847 862 non
862 841 1045 862 surrecturum

254 887 323 907 esse.
337 880 402 908 Cum
413 880 549 907 didicisset
560 884 648 907 autem
661 879 791 906 Ochozias
806 887 866 906 esse
885 880 979 912 Eliam,
996 879 1047 906 mi-

256 926 291 952 sit
306 926 558 961 quinquagenarium
574 926 659 960 primo
682 930 712 953 et
725 925 860 958 secundo;
883 933 942 953 cum
958 930 1045 953 autem

256 977 368 1007 uterque
394 980 454 999 cum
484 972 676 1007 quinquaginta
702 973 757 999 suis
789 972 849 1006 igne
873 976 1046 1007 consumptus

256 1018 360 1050 fuisset,
375 1026 435 1045 cum
452 1018 528 1045 tertio
539 1018 647 1052 jubewr
662 1018 733 1045 Elias
759 1017 936 1050 descendere,
954 1022 980 1045 et
1000 1025 1044 1046 re—

255 1071 314 1099 gem
331 1063 423 1090 adiens
438 1063 504 1090 dixit
529 1064 604 1090 illum
634 1071 694 1091 esse
708 1063 876 1091 moriturum.
893 1064 957 1091 Post
974 1062 1045 1091 hunc

255 1116 348 1145 regnat
359 1109 442 1137 frater
457 1110 514 1144 ejus
533 1109 624 1137 Joram
642 1120 649 1137 :
665 1118 716 1137 non
740 1111 811 1137 enim
832 1114 890 1138 erat
912 1110 949 1138 illi
964 1110 1044 1137 ﬁlius.

260 1156 328 1184 Ilinc
338 1156 488 1190 assumptio
503 1156 565 1183 Elim
580 1156 605 1182 in
615 1156 723 1183 ca-lum.
737 1156 861 1183 Videntes
873 1156 917 1183 lilii
929 1156 1045 1191 prophe-

254 1206 340 1228 tarum
349 1201 489 1228 'Elissmum
501 1201 571 1229 sicco
586 1201 652 1236 pede
665 1201 809 1229 Jordanem
827 1205 1042 1236 prmtercuntem,

253 1247 379 1274 dixerunt
397 1246 530 1281 quievisse
554 1247 676 1280 spiritum
694 1247 757 1274 Elia:
772 1254 853 1281 super
866 1247 952 1282 ipsum
967 1268 974 1280 ,
999 1255 1044 1275 ro-

253 1297 370 1328 gantque
386 1292 454 1319 mitti
469 1293 514 1327 qui
531 1293 614 1320 Ellam
632 1294 834 1328 perquirercnt:
851 1293 894 1320 ille
920 1294 1045 1328 prohibe-

255 1338 310 1371 bat,
321 1337 485 1373 domumque
511 1339 621 1366 anmrit;
637 1338 692 1380 sedi
707 1339 751 1374 qui
768 1339 840 1366 missi
864 1339 968 1367 fuerant
991 1346 1044 1367 non

254 1385 423 1411 invenerunt.
443 1384 533 1418 Aquas
547 1384 572 1410 in
589 1383 695 1412 Iericho
707 1392 786 1411 sanas
797 1384 883 1412 reddit
899 1385 1044 1418 Elissazus;

253 1437 315 1456 cum
328 1429 431 1457 veniret
445 1429 470 1456 in
481 1428 584 1456 Baethel
594 1449 606 1462 .,
622 1429 748 1464 puerulos
762 1437 791 1457 se
805 1430 946 1458 irridentes
961 1431 1045 1458 male-

253 1475 329 1507 dicit,
340 1475 430 1510 illique
440 1475 474 1503 ab
485 1475 553 1502 ursis
568 1475 772 1503 interﬁciuntur.
785 1476 839 1503 Rex
851 1476 926 1504 Moab
937 1477 1043 1510 solitum

252 1521 370 1556 pendere
385 1521 511 1548 tributum
538 1522 640 1549 abnuit.
655 1522 758 1549 Bellum
776 1523 825 1557 ipsi
848 1522 930 1551 infert
953 1523 1043 1551 Joram

252 1575 300 1595 rex
313 1567 379 1595 Juda
390 1573 526 1602 assumpto
542 1575 632 1595 secum
645 1568 759 1596 chnzia
774 1577 836 1604 rege
849 1569 943 1604 Israel,
958 1575 985 1598 et
1000 1578 1045 1599 re-

252 1621 288 1649 ge.
301 1613 384 1641 lldom
400 1613 450 1650 (ὁ).
465 1614 531 1641 Cum
548 1619 637 1641 autem
655 1622 707 1642 non
733 1615 883 1643 invenirent
895 1623 992 1651 aquam
1016 1618 1043 1645 in

255 1659 372 1692 deserto,
394 1665 421 1687 et
434 1659 469 1687 de
484 1660 537 1687 vita
550 1661 775 1695 periclitarcntur,
791 1662 948 1690 consulente
956 1663 1044 1691 Ocho-

251 1707 291 1733 εἰει
307 1706 416 1734 veniunt
428 1706 460 1734 ad
484 1707 633 1734 missarum.
653 1707 700 1735 Ille
715 1715 780 1735 vero
800 1709 923 1737 irascitur
942 1714 1035 1738 contra

252 1759 342 1786 regem
356 1752 446 1784 Israel,
463 1759 515 1779 nec
525 1760 554 1779 se
568 1753 640 1779 illum
658 1753 792 1788 respicere
805 1755 874 1782 velle
893 1755 970 1788 dixit,
991 1756 1042 1784 nisi

251 1797 278 1823 in
290 1797 402 1832 gratiam
416 1798 488 1832 regis
501 1797 586 1825 Iudae.
615 1798 705 1833 Neque
728 1804 828 1827 tantum
846 1808 973 1836 aquarum
997 1809 1043 1830 co-

251 1844 322 1878 piam
334 1842 457 1878 praedicit
468 1863 475 1874 ,
494 1843 540 1869 sed
563 1844 643 1870 etiam
660 1844 798 1870 victoriam
813 1851 907 1873 contra
919 1844 1042 1874 Moabiti-

251 1889 321 1919 dem,
339 1888 365 1914 id
380 1887 451 1922 quod
475 1888 555 1914 etiam
570 1888 659 1915 evenit
673 1898 679 1915 :
697 1889 724 1916 in
746 1893 897 1925 tantamque
911 1891 1042 1920 deductus

250 1938 293 1960 est
307 1933 485 1960 calamitatem
510 1941 557 1961 rex
580 1933 776 1969 Moabitarum,
805 1937 929 1964 utetiam
956 1938 1040 1966 lilium

252 1984 469 2014 mactaretsupra
484 1988 598 2007 murum.
619 1981 667 2008 llic
679 1981 766 2016 agitur
777 1982 810 2009 de
825 1983 948 2017 muliere,
963 1984 1040 2019 cujus

248 2027 337 2054 oleum
360 2026 603 2061 superabundavit,
623 2031 651 2054 et
664 2027 697 2055 de
709 2028 885 2062 Sunamitide,
899 2030 942 2057 cui
957 2030 1039 2058 ﬁlium

248 2073 348 2099 salvum
366 2072 480 2099 reddidit
511 2072 646 2105 Elissatus,
674 2077 702 2100 et
727 2078 860 2101 mortuum
887 2076 1035 2104 suscitavit.

249 2117 330 2146 Fame
344 2119 548 2153 superveniente
558 2119 761 2147 amaritudinem
775 2121 883 2148 abstulit
904 2129 920 2149 a
933 2122 1036 2156 lebete,

247 2171 275 2192 et
288 2165 313 2192 in
329 2165 438 2192 nomine
457 2165 503 2192 Dei
524 2169 633 2192 centum
648 2166 719 2193 viros
748 2167 875 2194 enutrivit
890 2175 922 2195 ex
944 2169 1036 2204 viginti

247 2211 361 2246 panibus
376 2210 545 2238 hordeaceis.
568 2211 653 2246 Lepra
669 2211 780 2240 allectus
793 2217 835 2240 est
853 2213 969 2242 Neeman
984 2215 1037 2243 dux

247 2258 317 2292 regis
332 2258 426 2290 Syrias,
448 2257 491 2292 qui
508 2257 639 2285 accedens
657 2258 690 2285 ad
706 2266 795 2293 regem
810 2259 889 2286 Israel
904 2260 1035 2289 medelam

247 2304 368 2338 petebat;
385 2303 430 2330 ille
443 2311 506 2330 vero
518 2303 613 2330 anxius
622 2303 699 2330 scidit
709 2305 865 2332 vestimenta
879 2313 935 2333 sua.
948 2306 1035 2342 Ipsum

277 2383 314 2414 (α)
326 2383 353 2407 In
363 2386 454 2415 Graec,
466 2387 521 2408 Idus
531 2387 591 2415 δίκην,
602 2389 623 2408 τὸ
634 2387 769 2412 diuos-Flauii.
778 2389 820 2415 ἴῃς.
828 2391 888 2410 23:05.
900 2388 970 2410 Ροηρ
982 2393 1034 2412 me-

246 2413 293 2438 lius
312 2414 363 2438 hinc
382 2414 456 2438 verba
475 2413 631 2444 quadrat-ent,
644 2415 765 2444 praemissa
786 2413 899 2448 particula
920 2418 1032 2448 negandi,

245 2450 277 2470 te.
284 2448 340 2469 ta...
347 2448 440 2480 tuna-,6
451 2448 591 2480 ρι-ειοςῆναερά
607 2450 650 2480 ip,-
658 2451 720 2480 curiit,
731 2452 778 2470 non
788 2446 854 2471 dedit
865 2446 965 2478 pimus]
970 2446 1034 2479 quod

244 2481 318 2507 opera
329 2475 380 2507 ejus
395 2475 456 2507 illud
466 2475 634 2507 Δἰηιρεςιὶνᾳηίξ
640 2475 703 2507 quod
721 2475 869 2502 consonaret'
883 2485 937 2502 cum
950 2475 1035 2505 verbis

244 2505 292 2540 illis
304 2505 402 2540 Paralip.
413 2505 450 2530 19.
461 2505 489 2530 2:
501 2505 527 2540 ιξι
539 2505 631 2530 idcirco
641 2505 704 2540 {ram
715 2507 812 2537 quidem
822 2508 917 2534 Domini
928 2510 1034 2536 mereba-

243 2536 279 2561 τίς
286 2542 295 2560 :
304 2536 348 2561 sed
358 2535 419 2560 bona
427 2542 500 2566 opera
510 2535 604 2561 inuenta
614 2541 666 2561 xmu
678 2536 702 2561 in
714 2535 745 2562 te.

276 2566 310 2598 (ὁ)
323 2570 378 2591 Htec
397 2574 445 2591 non
463 2567 581 2598 quadrant
596 2569 641 2592 nisi
661 2575 714 2592 cum
731 2568 787 2594 Cod.
802 2569 873 2594 Coisl.
887 2570 910 2595 in
921 2577 970 2598 quo
981 2573 1032 2597 evi-

243 2598 331 2622 denter
349 2598 463 2622 mendum
482 2600 527 2622 est.
541 2601 595 2622 Nam
606 2599 646 2628 qui
658 2599 750 2623 bellum
762 2600 868 2625 intulere
880 2598 1033 2628 btoabitarum

241 2629 305 2659 regi,
320 2632 476 2660 erantrmram
487 2634 534 2660 rex
546 2629 630 2659 Israel,
643 2637 656 2654 a
667 2637 716 2660 quo
725 2631 850 2656 deiecerat
864 2639 910 2657 rex
924 2635 1033 2658 Moabita-

242 2666 304 2687 rum,
317 2659 428 2690 .tosapbat
439 2665 484 2690 rex
492 2659 559 2688 Juda,
573 2662 598 2684 et
609 2667 654 2684 rex
667 2659 745 2685 Fdom.
759 2663 873 2687 Fortassis
885 2664 956 2687 etimit
968 2665 990 2688 id
1000 2672 1031 2690 ex

241 2691 359 2723 varietate
373 2689 555 2723 exemplarium
567 2694 733 2723 ortumgzruam
745 2696 834 2723 quanta
852 2693 893 2718 illa
910 2699 984 2723 esset,
997 2689 1031 2720 vi;

240 2721 308 2754 desis
320 2721 342 2746 in
350 2720 508 2754 _Hexa|:lis_ad
521 2725 593 2752 caput
604 2721 657 2754 XIV
667 2722 720 2747 libri
730 2720 797 2747 tertii
809 2727 908 2754 Regum.
921 2726 966 2749 Sed
979 2720 1031 2751 rne-

241 2751 287 2776 lius
298 2752 410 2776 credatur
430 2751 453 2776 Id
472 2751 540 2783 lapsu
551 2751 672 2783 ’graphico
689 2754 814 2779 accidisse.
832 2751 950 2781 Librarius
967 2763 1032 2782 etum

238 2783 566 2817 quispianl_prit_t_to.lora_mu_rn
577 2789 664 2814 regem
672 2784 730 2817 Jutla
740 2791 782 2817 pr_o
789 2792 850 2814 rege
860 2786 934 2812 Israel
944 2794 1031 2817 posito.

237 2814 277 2837 rit.
291 2813 381 2838 Deinde
393 2814 454 2838 alius
464 2814 588 2839 choziam
599 2813 686 2846 regem
697 2813 772 2840 Israel
783 2813 961 2849 pro'Josaphato
970 2826 1030 2850 rege

237 2843 250 2868 εἰ
254 2845 299 2869 uda
307 2845 470 2869 substituerit.

254 2846 299 2870 uda
307 2846 470 2870 substituerit.

643 136 671 165 s.
691 136 827 165 JOANNIS
844 133 1078 164 cunvsosrout
1097 134 1254 165 meumr.
1275 137 1538 172 consumma.

1842 146 1897 175 5332
1916 166 1919 173 .

1101 195 1216 222 accersit
1227 196 1363 231 Elissaaus,
1373 199 1502 235 jubetque
1516 201 1636 237 irnmergi
1649 201 1674 229 in
1687 202 1834 233 Iordanem
1846 214 1894 234 sc-

1101 242 1180 276 pties.
1197 242 1243 270 Ille
1255 251 1319 271 vero
1333 245 1419 279 primo
1428 247 1535 281 quidem
1549 249 1665 284 neglexit
1677 270 1685 283 ,
1699 258 1748 278 nec
1757 251 1891 280 medelam

1103 286 1164 315 inde
1173 290 1300 323 speravit.
1314 290 1424 318 Demum
1438 293 1522 320 servis
1532 294 1587 321 suis
1596 293 1774 330 hortantibus,
1784 297 1895 325 immer-

1101 333 1171 367 gitur
1185 338 1211 361 et
1224 339 1333 362 curatur
1347 343 1354 362 :
1371 336 1492 372 donaque
1516 338 1645 367 oﬂ‘erebat
1658 340 1778 374 Elissaeo,
1794 343 1838 377 qui
1849 343 1894 371 illa

1105 381 1216 414 respuit.
1230 381 1424 410 Abscedentem
1449 384 1523 411 illum
1539 385 1694 420 insequutus
1714 387 1785 416 Giesi
1799 397 1894 417 servus

1102 425 1215 459 Elissaei,
1232 428 1307 462 quasi
1328 428 1361 456 ab
1376 429 1485 458 Elissaeo
1499 431 1606 465 missus,
1621 441 1636 460 a
1656 433 1773 462 Neeman
1796 436 1894 471 accipit

1101 472 1155 500 duo
1167 474 1264 500 talenta
1277 479 1413 510 argentea,
1425 480 1452 504 et
1460 477 1513 505 duo
1524 478 1692 507 vestimenta.
1704 481 1743 508 Ad
1753 481 1892 510 Elissmum

1102 526 1166 546 vero
1181 527 1313 554 reversus,
1324 526 1428 556 gestum
1440 523 1575 552 occultare
1593 527 1720 554 tentabat.
1734 527 1780 556 Ille
1800 534 1891 558 autem

1099 572 1209 592 servum
1227 567 1378 602 redarguit.
1393 573 1420 596 et
1435 569 1461 597 in
1478 578 1583 605 poenam
1595 572 1704 601 immisit
1714 574 1826 609 lepram.
1842 575 1893 604 Ve-

1102 612 1178 639 niunt
1193 612 1236 639 lilii
1251 613 1440 648 prophetarum
1456 623 1554 644 cassum
1565 617 1636 653 ligna
1647 619 1870 649 admdiﬂcandum
1881 632 1890 650 :

1099 663 1130 686 ut
1149 667 1213 687 vero
1226 660 1326 688 ferrum
1340 662 1418 689 unius
1427 671 1460 690 ex
1474 664 1570 698 capulo
1582 665 1692 698 excidit,
1707 672 1843 695 exsectum
1858 669 1891 695 li-

1056 722 1059 725 .
1097 711 1181 739 gnum
1196 705 1305 734 immisit
1321 707 1457 741 Elissa-us,
1474 714 1501 737 et
1514 709 1612 738 ferrum
1627 719 1705 746 supra
1719 720 1814 748 aquam
1825 714 1892 742 sub-

1101 750 1181 776 latum
1201 755 1252 778 est.
1277 752 1334 780 Rex
1356 753 1438 788 Syria:
1458 754 1556 782 bellum
1578 758 1702 785 movebat
1724 759 1749 785 in
1764 759 1890 788 Israclern

1100 799 1131 822 ut
1145 797 1305 830 prrodixerat
1325 797 1463 827 Elissaaus.
1485 800 1524 827 Re
1537 807 1671 837 comperta
1682 822 1692 836 ,
1702 802 1790 830 hostis
1810 806 1892 833 mittit

1101 845 1214 868 turmam
1229 843 1341 870 militum
1357 844 1382 871 in
1398 844 1547 873 Elissasum.
1563 847 1645 875 Deum
1658 855 1767 884 rogante
1778 851 1891 885 propino

1098 891 1126 914 ta
1136 907 1143 919 ,
1159 888 1280 916 caecitate
1295 891 1478 924 percutiuntur
1491 892 1508 919 ii
1522 893 1567 928 qui
1588 899 1728 929 venerunt,
1749 901 1775 923 et
1789 897 1892 924 inducit

1098 941 1147 962 eos
1160 935 1185 962 in
1195 935 1297 963 medios
1312 937 1444 972 inimicos,
1459 946 1601 974 rogentque
1615 941 1685 976 ipsos
1699 943 1830 977 perimere
1844 951 1891 971 vo-

1100 981 1197 1008 lentem
1212 981 1319 1010 cohibet
1343 983 1485 1017 Elissacus,
1511 985 1557 1012 sed
1571 986 1647 1020 jubet
1670 987 1803 1016 alimentis
1822 989 1892 1016 datis

1099 1027 1208 1053 remitti.
1231 1027 1314 1055 Tanta
1330 1031 1535 1064 superveniente
1563 1031 1651 1066 fame,
1679 1038 1709 1060 ut
1729 1039 1808 1069 caput
1822 1035 1890 1062 asini

1098 1072 1288 1108 quinquaginta
1305 1074 1388 1108 siclls,
1405 1080 1432 1103 et
1446 1081 1539 1111 quarta
1555 1085 1616 1112 pars
1627 1079 1685 1107 cabi
1700 1081 1828 1109 stercoris
1840 1090 1889 1109 co-

1100 1118 1249 1147 lumbarum
1258 1121 1374 1156 quinque
1384 1122 1457 1149 sielis
1468 1124 1637 1159 venderetur,
1645 1126 1747 1154 accedit
1757 1127 1790 1154 ad
1801 1136 1890 1163 regem

1099 1165 1194 1192 mulier
1205 1166 1316 1193 alteram
1333 1168 1472 1196 mulierem
1494 1169 1627 1204 incusans,
1643 1172 1713 1207 quod
1733 1180 1793 1200 cum
1807 1174 1891 1202 lilium

1099 1218 1176 1238 suum
1190 1219 1280 1239 secum
1293 1214 1464 1246 (omedisset,
1480 1216 1702 1251 promisissetque
1717 1226 1748 1246 se
1766 1220 1847 1246 etiam
1861 1221 1892 1246 ﬁ-

1099 1257 1164 1285 lium
1179 1264 1256 1286 suum
1270 1260 1295 1286 in
1311 1259 1398 1287 cibum
1413 1261 1584 1295 pra-biturum
1595 1270 1665 1296 esse,
1680 1265 1819 1298 promissis
1836 1273 1891 1294 non

1099 1305 1226 1332 stetisset.
1241 1305 1316 1333 'I'unc
1341 1306 1420 1334 scidit
1435 1316 1480 1335 rex
1500 1309 1660 1337 vestimenta
1675 1317 1734 1343 sua,
1762 1312 1890 1347 misitque

1099 1351 1184 1378 virum
1208 1352 1252 1387 qui
1274 1358 1353 1388 caput
1378 1353 1482 1382 Elissmi
1509 1361 1669 1390 amputaret.
1686 1357 1811 1386 Pra'dicit
1828 1367 1891 1394 pro-

1099 1397 1179 1433 plicta
1194 1399 1219 1426 ei
1234 1400 1278 1434 qui
1296 1407 1325 1427 se
1350 1405 1533 1435 convenerat,
1560 1402 1603 1430 die
1616 1404 1733 1431 crastina
1746 1404 1804 1432 fore
1820 1406 1890 1433 solu-

1099 1444 1201 1471 tionem
1215 1446 1291 1473 famis
1304 1455 1310 1472 :
1325 1453 1387 1473 cum
1401 1453 1490 1474 autem
1514 1448 1559 1476 ille
1578 1456 1631 1476 non
1644 1450 1778 1484 crederet,
1795 1452 1890 1479 vatici-

1099 1495 1178 1518 natur
1188 1491 1212 1518 ei
1227 1496 1350 1519 mortem.
1369 1491 1480 1528 Leprosi
1500 1499 1615 1528 quatuor
1633 1496 1669 1523 ob
1686 1496 1783 1524 famem
1800 1498 1827 1525 in
1842 1497 1890 1525 de-

1098 1537 1279 1570 sperationem
1289 1537 1406 1570 adducti,
1417 1546 1477 1566 sese
1490 1539 1611 1568 hostibus
1620 1541 1720 1569 dedere
1728 1542 1888 1576 decernunt,

1098 1588 1125 1611 ct
1135 1585 1167 1610 ad
1181 1589 1268 1611 castra
1282 1585 1429 1618 venientes,
1445 1586 1488 1612 illa
1506 1587 1613 1621 quidem
1630 1587 1784 1616 hominibus
1795 1597 1886 1623 vacas,

1099 1631 1211 1658 tentoria
1223 1639 1287 1659 vero
1308 1631 1407 1660 divitiis
1421 1633 1498 1667 plena
1514 1634 1681 1661 invenerunt.
1699 1635 1738 1662 Ac
1753 1644 1814 1662 cum
1827 1636 1890 1663 diri~

1097 1681 1217 1715 puissent
1229 1687 1326 1717 quanta
1346 1686 1452 1717 gestare
1469 1687 1602 1718 poterant,
1619 1683 1644 1710 id
1667 1684 1722 1718 regi
1738 1685 1888 1712 nuntiatum

1096 1731 1235 1753 venerunt.
1249 1727 1284 1754 Et
1298 1728 1383 1761 primo
1393 1727 1501 1762 quidem
1514 1736 1560 1756 rex
1571 1728 1660 1755 dolum
1675 1729 1786 1757 subesse
1799 1730 1887 1763 suspi-

1096 1773 1206 1800 c;ibatur
1228 1774 1340 1801 :missis
1356 1778 1443 1801 autem
1466 1775 1617 1809 equitibus,
1645 1782 1706 1802 cum
1731 1783 1787 1802 rem
1813 1780 1888 1802 certo

1096 1819 1287 1853 comperisset,
1313 1820 1401 1847 emisit
1415 1820 1543 1855 populum
1557 1820 1590 1847 ad
1615 1820 1761 1856 diripienda
1779 1826 1886 1848 castra:

1095 1866 1263 1900 cessavitque
1278 1866 1371 1892 iantes.
1388 1866 1437 1898 Qui
1453 1874 1516 1894 vero
1530 1874 1582 1893 non
1597 1866 1749 1894 crediderat
1764 1867 1885 1899 Elissaeo.

1094 1921 1109 1940 a
1126 1912 1200 1940 turba
1212 1913 1303 1948 populi
1316 1913 1486 1941 conculcatus
1497 1913 1608 1940 interiit.
1622 1913 1745 1940 Prmdicit
1759 1912 1887 1940 Elissmus

1094 1958 1215 1991 mulieri,
1229 1958 1307 1993 cujus
1321 1958 1404 1985 lilium
1426 1965 1440 1984 a
1458 1963 1545 1985 morte
1568 1958 1741 1986 suscitaverat
1753 1978 1761 1991 ,
1782 1964 1885 1993 septem

1094 2011 1225 2031 annorum
1252 2004 1369 2038 famem,
1398 2004 1571 2039 hortaturque
1594 2005 1665 2031 illam
1690 2010 1752 2032 uta
1775 2005 1885 2040 regione
1918 2030 1923 2032 ν

1096 2052 1275 2087 transmigret.
1300 2052 1444 2086 Postquam
1465 2054 1553 2077 autem
1577 2051 1830 2085 transmigraverat,
1847 2051 1885 2076 ta-

1093 2106 1202 2134 mesque
1215 2099 1346 2130 cessavit,
1361 2105 1467 2125 reversa
1481 2101 1522 2124 est
1541 2104 1684 2131 regemque
1701 2096 1794 2123 adiens
1807 2103 1885 2130 roga-

1092 2146 1128 2172 vit
1143 2149 1172 2172 ut
1185 2145 1282 2180 praedia
1297 2152 1343 2172 sua
1359 2144 1409 2172 sibi
1423 2144 1636 2171 restituerentur.
1652 2142 1708 2170 Rex
1720 2142 1803 2178 Syria:
1822 2142 1884 2169 urit-

1092 2192 1122 2220 tit
1146 2192 1177 2219 ad
1202 2191 1482 2226 Elissaumuogatum
1507 2198 1540 2217 an
1561 2197 1576 2217 c
1598 2189 1692 2217 morbo
1714 2195 1883 2217 surrecturus

1090 2244 1171 2267 esset.
1187 2239 1234 2266 Ille
1248 2244 1338 2266 autern
1351 2238 1443 2265 nuntio
1456 2238 1532 2270 dixit,
1547 2245 1599 2265 non
1613 2242 1795 2265 surrecturum
1808 2245 1879 2270 esse,

1090 2286 1193 2320 ipsique
1214 2285 1293 2313 etiam
1316 2284 1438 2320 prmdixit
1452 2284 1630 2311 Israelitarum
1647 2283 1802 2318 perniciem.
1816 2284 1882 2312 Curti

1089 2338 1177 2359 autem
1192 2332 1237 2359 ille
1251 2331 1380 2364 obiisset,
1406 2331 1526 2366 regnavit
1551 2331 1576 2358 in
1595 2330 1655 2365 ejus
1676 2330 1764 2357 lucum
1789 2330 1879 2358 Azaél.

1089 2378 1192 2405 Mortuo
1215 2377 1277 2405 item
1302 2377 1411 2404 Joramo
1434 2384 1497 2412 rege
1509 2376 1596 2408 Juda,
1620 2376 1656 2403 illi
1679 2376 1881 2403 succcditlilius

1088 2425 1145 2458 ejus
1170 2423 1310 2452 Ochozias.
1330 2423 1437 2450 Missum
1453 2423 1578 2450 Elissaius
1592 2430 1672 2449 unum
1686 2430 1719 2450 ex
1743 2421 1805 2450 ﬁliis
1821 2430 1881 2458 pro-

1088 2471 1228 2506 phetarum
1240 2492 1247 2504 ,
1264 2470 1337 2506 jubet
1349 2478 1449 2505 ungere
1462 2469 1530 2498 .Ichu
1540 2491 1547 2503 ,
1563 2470 1607 2504 qui
1629 2477 1690 2496 cum
1705 2477 1817 2504 regnum
1832 2476 1879 2496 oc-

1087 2523 1220 2553 cupasset,
1236 2517 1372 2545 Joramum
1383 2517 1490 2549 occidit,
1503 2522 1529 2544 et
1541 2517 1646 2552 projicit
1660 2524 1720 2544 eum
1737 2516 1761 2543 in
1773 2517 1878 2543 vineam

1086 2563 1233 2595 Nabutlm,
1265 2571 1345 2598 quam
1373 2568 1545 2597 usurpaverat
1571 2567 1646 2597 pater
1670 2562 1782 2590 Jorami.
1811 2562 1875 2589 Cum

1086 2610 1227 2637 occidisset
1236 2610 1314 2636 etiam
1324 2608 1478 2641 Oclioziam,
1488 2609 1596 2636 intravit
1606 2608 1631 2635 in
1642 2608 1776 2636 civitatem
1786 2607 1877 2635 Israel.

1086 2656 1191 2684 chabel
1212 2661 1302 2683 autern
1324 2660 1417 2683 ornata
1430 2655 1590 2690 respiciebat
1604 2662 1619 2682 e
1631 2655 1708 2682 turri.
1723 2655 1780 2682 Rex
1795 2662 1877 2682 eunu-

1085 2703 1144 2730 chis
1171 2703 1298 2738 przecepit
1319 2707 1348 2729 ut
1370 2702 1441 2729 illam
1464 2702 1671 2736 prmcipitareut.
1700 2700 1807 2735 Dejecla
1832 2699 1874 2726 illa

1086 2756 1190 2778 ruortua
1216 2754 1267 2778 est.
1291 2749 1394 2778 Occidit
1421 2749 1500 2776 etiam
1524 2748 1592 2776 Jehu
1615 2748 1783 2783 septuaginta
1806 2746 1875 2774 filius

1085 2798 1201 2826 Achaabi
1212 2818 1220 2830 ,
1236 2798 1351 2832 itemque
1366 2796 1462 2824 i'ratres
1483 2794 1606 2822 chozia:
1619 2815 1627 2828 ,
1641 2793 1796 2822 sacerdotes
1809 2800 1876 2828 quo-

1086 2852 1137 2879 que
1154 2844 1249 2875 Baalis.
1266 2849 1293 2872 et
1307 2844 1413 2872 Baalem
1429 2843 1564 2871 enutrivit.
1579 2842 1655 2870 Tunc
1667 2841 1745 2869 Azail
1758 2839 1876 2868 Concidit
