2060 3125
22 8 255 53 ᾖ,

191 160 225 188 53
724 155 885 184 SYNOPSIS
903 154 1108 184 SCRIP'I'URA-Z
1124 155 1260 183 SACR/I-J.

172 216 316 245 Jesraélem
329 233 336 241 .
351 215 455 242 Mortuo
467 214 535 241 .lebu
555 216 648 248 regnat
668 212 783 240 Joaehas
803 212 873 240 illius
892 212 963 247 ejus.

173 261 289 290 Historia
301 267 395 288 eorum
409 267 469 295 qua:
485 262 606 294 spectant
614 258 648 285 ad
659 257 767 291 Joasum
780 264 870 292 regem
882 256 961 289 .loda,

173 307 212 337 ad.
221 306 387 336 sacerdotem
400 304 484 333 Jodaé
495 325 503 339 ,
517 309 544 332 et
554 304 587 331 ad
599 303 763 334 Gotholiam.
779 302 861 330 Israel
878 302 961 329 hosti-

173 353 222 380 bus
237 352 351 380 traditur
362 371 370 386 ,
386 358 548 384 rursumque
566 350 636 377 Deus
658 349 783 376 misertus
796 353 837 376 est
859 355 963 376 eorum.

176 398 280 427 Mortuo
291 402 382 426 autem
404 396 537 425 Joachazo
550 416 558 428 ,
577 396 697 430 regnavit
715 395 741 421 in
756 395 882 422 Israelem
901 395 965 422 Joas

174 445 243 472 titius
256 445 332 478 ejus.
345 443 391 478 qni
403 442 513 470 veniens
525 441 558 468 ad
573 441 712 468 Elissacum
727 440 817 468 ﬂebat.
832 440 879 467 Ille
893 448 966 475 pra:-

174 490 245 525 cepit
256 489 300 521 ei,
317 494 345 516 ut
367 488 482 523 arreptis
495 487 613 522 quinque
636 486 740 521 sagittis
759 486 923 520 jacularetur
936 486 962 512 in

174 540 282 562 terram.
296 533 362 562 Cum
374 538 464 560 autem
479 531 563 559 tribus
576 531 684 558 emissis
693 534 822 562 cessaret,
836 530 904 557 dixit
918 531 942 557 ei
958 539 964 557 :

174 582 226 609 Ter
239 580 373 616 percuties
387 579 492 614 Syriam
508 586 515 606 :
531 578 553 605 si
565 577 707 612 quinquies
718 576 853 611 jaculatus
871 583 944 603 esses
957 597 964 607 ,

174 634 258 663 usque
278 625 312 654 ad
326 624 582 654 consummationem
606 623 782 657 percussisses
803 629 873 649 eam.
897 621 967 649 Mor-

175 678 236 703 tuus
249 673 374 700 Elissmus
396 670 524 705 sepelitur
534 690 540 701 ,
557 673 584 696 et
596 669 731 703 projectus
755 671 880 694 mortuus
893 667 967 702 quis-

176 719 246 753 piam
268 716 296 745 in
317 716 470 751 sepulcrum
495 715 563 749 ejus,
577 713 703 740 surrexit.
728 712 832 739 Mortuo
856 712 964 744 Azaéle,

175 762 295 798 regnavit
316 761 386 788 [ilius
406 760 478 788 Adcr
498 760 524 786 in
538 759 596 794 ejus
612 758 709 785 locum.
734 757 797 785 Joas
824 762 865 784 ter
883 757 967 792 Syros

175 807 314 843 percussit,
331 812 359 835 et
375 811 494 834 mortuus
506 810 566 838 est,
581 808 725 839 regnatque
737 803 880 830 Jeroboam
896 803 966 830 filius

175 855 243 888 ejus.
258 853 362 885 Mortuo
377 852 438 880 item
453 851 533 879 Joaso
554 857 616 885 rege
639 849 707 877 Jnda
718 869 726 881 ,
742 848 863 883 regnavit
887 849 967 875 Ame-

174 899 228 926 sias
243 897 314 926 filius
328 898 387 932 ejus
402 904 409 923 '.
426 896 470 931 qui
493 904 554 923 cum
579 895 755 929 percussisset
778 893 863 920 Edom
877 915 883 926 ,
900 901 965 921 con-

174 950 282 978 gressus
297 948 338 970 est
351 949 412 969 cum
427 941 508 968 Joaso
522 948 584 974 rege
596 939 714 966 lsraelis.
739 938 788 966 Hic
802 944 890 966 autem
904 939 968 966 vicit

174 997 252 1021 cum,
274 992 301 1016 et
323 989 460 1023 ingressus
479 991 521 1014 est
543 986 748 1021 .lerosolymam.
771 985 875 1012 Mortuo
889 984 966 1012 Jero-

175 1033 408 1069 boamo,rcgnavit
433 1034 459 1060 in
486 1032 610 1059 Israelem
638 1031 780 1058 Zacharias
803 1030 872 1058 ﬁlius
895 1031 964 1065 ejus.

176 1080 307 1108 Defuncto
317 1079 382 1107 item
396 1078 503 1106 Amesia
518 1085 579 1113 rege
594 1077 676 1109 Juda,
693 1077 815 1112 regnavit
838 1077 964 1110 Azarias,

174 1125 221 1160 qui
234 1124 361 1154 et.01ias.
377 1124 434 1152 Hoc
453 1127 580 1158 regnante
601 1122 761 1157 prophetare
779 1122 861 1156 coepit
884 1121 964 1149 Osee.

175 1169 304 1198 Zacharia
327 1169 511 1199 occiso.Selus
527 1167 567 1203 (a)
583 1168 704 1203 regnavit
717 1167 743 1194 in
758 1167 894 1194 Israelem.
917 1167 966 1194 llic

176 1223 240 1245 usus
253 1221 295 1244 est
307 1215 464 1245 commilitio
475 1215 558 1242 Phute
571 1215 642 1249 regis
653 1214 827 1249 Assyriorum
840 1213 914 1241 mille
927 1217 967 1240 ta-

175 1262 254 1294 lentis
266 1262 316 1297 ipsi
335 1261 413 1289 datis.
428 1260 475 1288 Illo
489 1259 720 1292 mortnnJIanaim
738 1258 858 1294 regnavit
871 1258 897 1285 in
907 1258 966 1293 ejus

174 1307 273 1335 locum.
289 1306 453 1335 PostOziam
475 1305 596 1340 regnavit
610 1306 636 1331 in
650 1304 746 1332 ludam
767 1303 874 1331 Jotham
894 1303 966 1332 ﬁlius

175 1354 244 1389 ejus.
264 1352 324 1387 Quo
338 1356 444 1381 mortuo
458 1351 580 1386 regnavit
595 1349 684 1377 Achaz
699 1348 770 1376 ﬁlius
783 1349 901 1377 Jotham.
915 1349 966 1378 Illo

176 1402 304 1434 regnante
313 1397 412 1426 Baasin
421 1396 504 1432 Syrus
514 1399 542 1422 et
551 1396 651 1422 Phaces
662 1394 731 1421 [ilius
740 1393 869 1422 Romolius
877 1401 969 1422 ascen-

175 1444 283 1472 derunt.
306 1442 396 1474 Achaz
410 1447 499 1470 autem
520 1441 593 1469 misit
607 1440 640 1468 ad
656 1439 869 1474 Theglaphassar
882 1440 965 1476 Assy-

177 1492 256 1523 rium.
272 1490 306 1518 ad
321 1489 508 1518 commilitium
523 1495 649 1516 evocans.
664 1487 711 1515 Ille
725 1492 814 1514 autem
837 1487 948 1514 veniens
958 1507 966 1519 ,

175 1536 247 1571 cepit
260 1536 416 1564 Damascum
428 1555 435 1568 ,
450 1538 478 1564 et
493 1533 591 1560 Raasin
607 1533 713 1560 occidit.
728 1532 857 1559 Ascendit
876 1537 966 1560 autem

176 1587 204 1610 et
217 1581 387 1610 Salmanasar
407 1580 532 1615 Assyrius
548 1579 580 1606 ad
605 1577 674 1606 Osee
687 1578 770 1605 filium
786 1578 843 1610 Eia,
857 1578 902 1612 qui
920 1577 969 1607 fuit

177 1629 213 1656 illi
227 1635 332 1658 servus.
349 1627 383 1656 Ut
398 1626 472 1654 norit
490 1630 578 1653 autem
604 1625 730 1660 Assyrius
752 1624 827 1652 illum
838 1623 968 1651 defectio-

178 1682 240 1703 nem
253 1674 389 1710 cogitare;
404 1672 514 1700 miserat
525 1671 622 1707 quippe
635 1671 735 1706 legatos
747 1670 779 1696 ad
802 1669 967 1705 Ethiopem,

178 1720 282 1750 obsedit
294 1727 355 1748 eum
369 1725 396 1747 et
416 1719 499 1745 vinxit
522 1726 582 1745 eum
597 1735 605 1748 ,
619 1722 751 1752 captaque
762 1716 884 1744 Samaria
897 1716 968 1743 aliis-

178 1775 228 1804 que
242 1767 353 1796 urbibus
364 1786 372 1799 .
383 1765 495 1801 populos
509 1763 643 1791 transtulit
664 1763 690 1791 in
705 1762 841 1798 Assyrios.
856 1762 905 1789 llic
924 1769 969 1788 ac-

178 1814 279 1842 cusatio
293 1812 406 1840 habetur
423 1810 530 1838 Israelis
542 1813 570 1837 et
583 1808 668 1837 Judte.
683 1808 733 1842 Qui
743 1807 849 1835 adducti
864 1807 970 1835 fuerant

179 1869 210 1889 ex
233 1859 371 1895 Babylone
394 1858 420 1885 in
434 1856 580 1885 Samariam
594 1876 602 1887 ,
625 1859 652 1882 ut
667 1854 817 1881 habitarent
839 1853 893 1886 ibi,
907 1853 969 1887 quia

180 1914 232 1935 non
257 1905 388 1934 timebant
417 1903 521 1934 Deum,
545 1900 774 1929 interficiebantur
796 1907 812 1926 a
834 1899 967 1927 leonibus.

179 1952 256 1980 Tunc
275 1950 388 1978 mittitur
403 1947 531 1976 sacerdos
546 1946 624 1978 inde,
640 1947 684 1981 qui
706 1945 786 1972 docet
804 1944 865 1971 illos
885 1945 969 1979 legem

180 1999 227 2026 Dei
243 2007 250 2024 :
264 2001 292 2026 et
305 1996 344 2024 illi
354 1996 436 2024 Deum
449 1992 588 2026 timebant,
603 1991 725 2027 idolaque
735 1990 868 2018 colebant.
883 1990 970 2017 Histo-

180 2044 219 2072 ria
234 2042 359 2072 Elechiae
372 2044 401 2069 et
413 2039 584 2076 Assyriorum
601 2058 608 2070 ,
623 2045 682 2073 qua:
701 2037 780 2064 etiam
800 2036 826 2063 in
843 2035 910 2063 Isaia
924 2035 971 2062 ha-

181 2089 287 2118 bentur.
310 2086 425 2115 Bistoria
451 2083 583 2112 Manassis
594 2087 622 2110 et
640 2082 783 2117 impietatis
805 2081 972 2115 aediumque

181 2137 248 2172 ejus.
260 2134 298 2164 Ut
309 2138 399 2162 autem
408 2137 529 2160 mortuus
539 2134 590 2161 est,
600 2128 717 2163 regnavit
729 2128 798 2154 lilius
808 2126 866 2162 ejus
874 2126 969 2154 Amon.

181 2183 240 2217 Quo
253 2185 371 2214 mortuo.
387 2178 508 2213 regnavit
521 2176 609 2204 Josias
623 2175 692 2202 illius
705 2174 763 2208 ejus
776 2181 784 2200 :
796 2173 830 2201 de
841 2180 895 2208 quo
910 2179 972 2207 pro-

182 2229 261 2264 pheta
276 2225 400 2262 pmdixit
413 2224 572 2252 .leroboamo
591 2228 669 2249 servo
683 2220 851 2253 Salomonis,
866 2218 972 2254 quando

184 2281 279 2302 mnus
292 2273 364 2308 regis
375 2270 448 2298 arida
469 2269 538 2296 facta
559 2272 609 2295 est.
628 2267 675 2294 Hic
697 2265 973 2301 expurgavitlerusa—

184 2320 247 2351 lem,
263 2318 375 2352 locaque
384 2316 472 2343 omnia
483 2336 490 2346 ,
505 2313 596 2341 eﬂ‘odit
609 2313 666 2340 loca
681 2311 861 2346 sepulcrorum
875 2310 902 2336 in
912 2309 972 2344 qui-

184 2366 234 2393 bus
257 2362 584 2392 sacerdotes-idolorum,
609 2359 734 2386 contrivit
757 2356 839 2383 idola.
865 2355 903 2382 De
928 2355 974 2382 illo

184 2410 283 2438 dictum
298 2412 357 2442 est,
377 2407 491 2435 similem
502 2406 526 2433 ei
549 2412 601 2432 non
622 2404 703 2430 fuisse
718 2406 794 2428 antea
809 2407 917 2435 regem,
929 2400 974 2435 qui

185 2461 332 2484 conversus
355 2453 435 2480 fuerit
453 2451 486 2478 ad
511 2449 651 2477 Dominum
673 2448 702 2475 in
723 2451 780 2474 toto
802 2445 884 2473 corde
907 2452 973 2478 suo,

185 2503 249 2530 etin
261 2506 318 2529 tota
329 2500 418 2527 anima
431 2505 488 2525 sua.
510 2496 567 2523 Iloc
581 2498 708 2530 regnante
723 2491 883 2527 prophetare
896 2490 976 2525 coepit

186 2546 317 2576 Jeremias
332 2552 340 2571 :
357 2544 487 2579 hujusque
501 2547 622 2576 tempore
634 2543 693 2567 erat
706 2538 772 2565 Olda
795 2536 975 2572 prophetissa.

187 2594 252 2622 Cum
267 2596 356 2621 autem
370 2589 514 2618 occidisset
527 2595 587 2615 eum
601 2586 706 2613 Pharao
722 2583 846 2615 Nechao,
858 2582 978 2617 regnavit

187 2640 302 2668 Joachas
311 2638 382 2666 titius
395 2636 452 2671 ejus
463 2642 512 2670 pro
522 2641 564 2661 eo.
577 2633 680 2661 Pharao
694 2634 783 2658 autem
796 2629 847 2656 hoc
861 2628 976 2662 dejecto,

188 2692 215 2714 ct
237 2686 265 2713 in
285 2684 429 2720 Egyptum
451 2680 581 2712 abducto,
606 2678 650 2705 ubi
674 2676 756 2705 etiam
775 2679 895 2702 mortuus
918 2677 976 2706 est,

368 2749 457 2775 .habet
474 2744 570 2775 uaria,
581 2751 635 2776 pro,
647 2740 775 2768 Zacharia.
787 2739 817 2765 In
826 2739 880 2764 aliis
892 2743 978 2774 exem-

190 2750 406 2811 me
413 2767 575 2811 ειιιιωηιρτρς
584 2773 764 2811 εειιιειιεοιεμίε
772 2775 863 2811 aues
872 2769 978 2811 sese

583 2767 658 2801 ἓὲῖιὶέ.
665 2767 713 2798 non
724 2773 764 2797 hic
772 2775 863 2807 autem,
872 2769 916 2795 sed
926 2769 981 2804 ejus

324 2818 384 2846 ιιςιιξ
395 2813 434 2836 eu
444 2801 980 2846 εωμξὲειξεξεξῑξβ.ξ’ἐιεξξξξῖηιέξξεξίξ

188 2834 310 2871 $25333
317 2834 594 2871 erwaﬁu‘eaeniplaribus
600 2834 687 2861 Grecis
697 2834 812 2859 librorum
821 2835 912 2863 Regum
920 2834 980 2855 mira

190 2875 324 2902 tentorium
331 2873 447 2899 varietas.

339 2929 475 2959 Pnaox,
499 2927 558 2957 Gn.
579 2924 657 2956 LVI.

1758 160 1808 189 35!

1019 213 1157 240 constituit
1171 220 1263 248 regem
1283 212 1363 240 Josiae
1387 213 1471 241 filium
1491 214 1617 247 Eliacim,
1643 216 1689 251 qui
1703 221 1729 243 et
1743 217 1808 246 Ioa-

1018 257 1106 291 chim,
1121 262 1148 286 et
1162 262 1240 286 terra:
1263 258 1391 286 tributum
1415 259 1551 294 imposuit.
1564 259 1685 288 Joachim
1707 262 1810 297 primus

1019 303 1046 330 in
1060 308 1216 338 potestatem
1230 304 1499 333 Nabuchodonosoris
1513 306 1646 340 redactus,
1662 314 1737 335 extra
1749 316 1810 336 mn-

1019 356 1064 376 ros
1076 349 1196 384 dejectus
1208 354 1260 377 est.
1275 350 1314 377 De
1330 350 1375 378 illo
1390 351 1427 377 ait
1448 351 1578 379 Jeremias
1595 361 1602 379 :
1618 352 1675 380 Erit
1694 354 1810 381 mortici-

1019 403 1078 421 num
1091 396 1147 430 ejus
1160 396 1300 430 projectum
1313 396 1340 423 in
1353 401 1442 423 aestum
1454 397 1504 424 diei
1513 418 1521 430 ,
1536 403 1559 424 ει
1571 398 1597 425 in
1611 399 1696 434 [rigua
1706 400 1787 427 nodis
1799 408 1808 428 :

1018 443 1046 467 et
1060 445 1122 467 tunc
1134 439 1273 484 Sepulturu
1285 442 1350 468 asini
1366 442 1499 477 sepelietur
1508 442 1574 478 (λεν.
1584 443 1630 472 56.
1639 444 1684 472 50.
1697 444 1743 472 22.
1754 445 1809 480 19).

1020 484 1086 512 Nam
1101 490 1243 520 postquam
1264 486 1410 524 dissolutus
1433 493 1460 515 et
1481 493 1624 522 corruptus
1648 494 1723 523 erat,
1747 496 1810 519 tunc

1020 531 1139 566 sepultus
1161 536 1211 558 est.
1226 532 1332 559 Mortuo
1346 532 1457 560 Eliacim
1479 534 1537 561 sive
1557 533 1681 562 Joachim
1695 536 1751 563 lilio
1761 536 1810 564 Jo-

1019 576 1084 607 siaa,
1104 580 1198 611 regnat
1218 576 1339 604 Joachim
1361 577 1431 604 tilius
1455 578 1528 612 ejus,
1544 586 1627 614 nepos
1647 579 1737 608 Josite.
1761 579 1812 608 Hic

1019 627 1100 654 porro
1114 620 1233 648 .loachim
1244 642 1252 654 ,
1267 622 1346 648 etiam
1360 622 1502 650 Jechonias
1515 624 1707 658 appellabatur.
1718 625 1809 661 Neque

1020 666 1088 693 ultra
1104 675 1151 693 rex
1165 666 1274 702 {Egypti
1290 667 1372 695 exivit
1396 667 1430 695 de
1444 672 1514 695 terra
1529 676 1587 696 sua.
1611 670 1678 697 Cum
1693 671 1810 699 venisSet

1019 716 1107 739 autem
1131 712 1379 740 Nabuchodonosor
1401 717 1428 740 et
1451 713 1587 742 obsideret
1613 715 1726 750 urbem,
1748 715 1809 751 quia

1018 759 1092 785 venit
1105 758 1139 784 ad
1153 765 1213 784 eum
1228 765 1289 785 cum
1313 763 1398 786 matre
1413 766 1459 785 sua
1475 759 1594 787 Joachim
1611 761 1656 794 qni
1669 766 1696 787 et
1711 760 1809 788 Jecho-

1019 804 1088 836 nias,
1098 804 1209 837 abduxit
1217 811 1278 830 eum
1289 803 1315 830 in
1327 804 1501 839 Babylonem,
1512 808 1538 832 et
1549 805 1688 833 constituit
1698 806 1808 834 fratrem

1019 849 1102 883 patris
1116 848 1174 883 ejus
1190 849 1274 875 ﬁlium
1288 849 1368 876 Josiu:
1382 857 1472 884 regem
1486 850 1511 876 in
1523 849 1684 878 Jerusalem.
1701 852 1749 879 llic
1761 859 1810 879 au-

1020 899 1073 921 tem
1088 899 1146 922 erat
1158 894 1329 927 Matlhanias,
1344 895 1389 929 qui
1409 899 1436 922 et
1456 894 1590 922 Scdeeias.
1606 895 1641 923 Ut
1655 901 1743 923 autem
1765 897 1810 924 ille

1019 940 1208 975 praevaricatus
1218 945 1259 968 est
1269 945 1360 968 contra
1375 948 1464 975 regem
1475 941 1628 977 Babylonis,
1638 942 1712 970 venit
1721 942 1810 970 Nabu-

1019 985 1199 1018 chodonosor,
1216 991 1242 1013 et
1257 986 1361 1013 obsedit
1375 986 1523 1014 Jerusalem
1539 995 1612 1022 :‘qua
1627 993 1704 1023 capta
1727 993 1753 1015 et
1767 989 1808 1016 in-

1019 1038 1110 1063 censa,
1120 1030 1258 1058 Sedeciam
1269 1036 1431 1059 excaecatum
1441 1037 1467 1060 et
1475 1033 1590 1060 vinclum
1600 1033 1709 1060 abduxit
1723 1034 1808 1061 1111111-

1019 1076 1152 1111 bylonem.
1162 1076 1302 1104 Godoliam
1310 1085 1373 1105 vero
1379 1078 1600 1113 constituitsuper
1610 1086 1657 1106 eos
1668 1079 1712 1114 qui
1721 1080 1806 1107 relicti

1018 1120 1124 1149 fuerant
1138 1122 1164 1148 in
1178 1121 1337 1149 Jerusalem.
1355 1123 1499 1158 Postquam
1515 1128 1602 1151 autent
1619 1124 1691 1152 illum
1711 1125 1808 1152 occidit

1019 1167 1123 1201 Ismacl,
1135 1169 1245 1203 profecti
1255 1169 1291 1195 illi
1306 1169 1405 1196 residui
1419 1170 1531 1204 ingressi
1542 1174 1605 1197 sunt
1615 1171 1640 1198 in
1651 1170 1805 1206 Egyptum.

1019 1214 1113 1242 Postea
1141 1222 1205 1242 vero
1217 1215 1383 1242 Joachimum
1398 1215 1424 1242 in
1439 1215 1575 1250 Babylone
1587 1216 1669 1244 multo
1681 1217 1806 1252 dignatus

1018 1265 1059 1288 est
1077 1260 1178 1289 honore
1192 1261 1284 1289 Evilad
1298 1261 1421 1289 Marodac
1437 1262 1445 1277 ²
1461 1269 1507 1289 rex
1522 1262 1675 1297 Babylonis.

1054 1308 1176 1343 Regnum
1187 1308 1275 1342 itaque
1286 1307 1424 1341 Samarize,
1440 1313 1469 1335 ut
1477 1308 1532 1343 jam
1547 1308 1647 1336 dictum
1659 1312 1718 1342 est,
1731 1309 1811 1337 desiit

1018 1353 1047 1381 in
1059 1353 1155 1381 Oscam
1171 1353 1254 1380 filium
1269 1353 1314 1380 Eia
1329 1374 1338 1386 ,
1363 1353 1408 1388 qui
1424 1353 1560 1381 occiderat
1579 1354 1711 1382 Phaceam
1726 1354 1810 1382 filiuni

1019 1399 1158 1427 Romelize.
1174 1399 1349 1435 Jerosolyma
1369 1407 1433 1427 vero
1446 1407 1559 1435 regnum
1572 1399 1652 1428 desiit
1676 1401 1703 1428 in
1729 1400 1811 1429 Sede-

1019 1445 1110 1472 ciam':
1126 1444 1171 1479 qui
1184 1444 1314 1473 abductus
1334 1445 1360 1472 in
1383 1444 1545 1480 Babylonem
1558 1464 1566 1477 ,
1580 1445 1666 1472 oculis
1676 1445 1804 1477 orbatus,

1019 1490 1046 1517 in
1061 1490 1173 1518 vinculis
1187 1490 1236 1518 fuit
1250 1497 1298 1525 per
1308 1497 1393 1518 annos
1404 1490 1497 1524 viginti
1510 1495 1622 1525 septem.
1636 1490 1806 1518 Joachimum

1020 1543 1084 1564 vero
1098 1541 1187 1571 postea
1201 1537 1295 1563 extulit
1310 1543 1355 1563 rex
1368 1535 1520 1572 Babylonis,
1536 1535 1609 1563 dedit
1621 1535 1669 1571 ipsi
1681 1538 1809 1566 thronum

1019 1589 1099 1618 supra
1123 1589 1198 1617 reges
1212 1582 1258 1616 qui
1282 1582 1342 1608 istic
1356 1586 1451 1614 erant,
1466 1585 1493 1608 et
1516 1580 1675 1608 comedebat
1688 1584 1811 1616 potabat-

1019 1636 1072 1663 quo
1086 1635 1146 1656 cum
1161 1628 1207 1655 illo
1221 1628 1346 1656 omnibus
1367 1627 1462 1655 diebus
1475 1627 1536 1654 vita;
1559 1634 1625 1655 suae.
1648 1627 1707 1656 Huc
1721 1632 1809 1654 autem

1020 1675 1118 1702 desinit
1139 1674 1226 1706 liber,
1250 1681 1312 1701 cum
1333 1673 1436 1700 scilicet
1462 1676 1540 1707 capta
1565 1673 1632 1700 urbe
1654 1672 1770 1708 populus
1783 1673 1809 1700 in

1020 1721 1201 1755 captivitatem
1214 1720 1344 1747 abductus
1356 1723 1408 1747 est.

1055 1766 1115 1794 Jam
1125 1773 1190 1793 vero
1200 1770 1285 1793 restat
1297 1770 1326 1792 ut
1340 1765 1447 1792 nomina
1458 1771 1550 1800 regum
1561 1763 1660 1792 Judtezn
1673 1767 1702 1792 et
1712 1762 1794 1792 Israel
1803 1785 1810 1795 ,

1022 1821 1080 1848 que
1094 1813 1260 1847 singulorum
1270 1811 1371 1839 fuerint
1382 1816 1456 1846 gesta
1470 1832 1478 1845 ,
1504 1811 1549 1846 qui
1563 1811 1624 1839 finis
1635 1831 1643 1844 ,
1655 1815 1722 1846 quot
1733 1811 1812 1839 annis

1021 1858 1195 1893 regnaverint
1207 1865 1240 1885 ex
1256 1858 1330 1885 hisce
1347 1857 1423 1884 libris
1438 1863 1626 1884 recenseamus
1636 1876 1644 1890 ,
1659 1856 1712 1884 hoc
1722 1860 1810 1892 pacto.

1059 1904 1097 1939 (a)
1114 1904 1177 1930 Post
1202 1903 1347 1938 perniciem
1371 1902 1460 1930 Saulis
1482 1901 1527 1936 qui
1549 1906 1706 1936 regnaverat
1726 1901 1805 1929 anuis

1022 1949 1208 1984 quadraginta,
1222 1952 1316 1983 regnat
1330 1948 1413 1975 David
1429 1948 1455 1974 in
1467 1954 1573 1975 onmem
1589 1947 1717 1976 Israelem
1728 1952 1755 1974 et
1769 1947 1810 1974 Ju-

1022 1995 1083 2022 dam
1106 1994 1184 2022 annis
1205 1993 1398 2029 quadraginta;
1420 1993 1524 2020 scilicet
1543 1992 1570 2019 in
1585 1991 1711 2020 Chebron
1735 1992 1813 2020 annis

1023 2046 1125 2076 septem
1136 2061 1143 2072 ,
1157 2041 1184 2068 in
1201 2044 1257 2067 toto
1269 2043 1358 2066 autem
1372 2038 1472 2066 Israele
1489 2042 1517 2065 et
1527 2037 1594 2065 Juda
1607 2037 1685 2064 annis
1708 2037 1812 2072 triginta

1024 2087 1118 2114 tribus.
1138 2085 1173 2114 Et
1195 2085 1259 2113 fecit
1283 2088 1386 2112 rectum
1400 2085 1427 2110 in
1451 2083 1570 2118 perfecto
1583 2082 1676 2109 corde.
1695 2081 1751 2109 Sub
1763 2080 1813 2110 hoc

1024 2138 1100 2161 erant
1114 2131 1250 2167 propheta).
1262 2130 1366 2158 Nathan
1380 2133 1408 2157 et
1420 2127 1488 2157 Gad.
1502 2128 1629 2155 Salomon
1645 2127 1715 2154 ﬁlius
1731 2127 1813 2155 David

1025 2179 1144 2214 regnavit
1157 2184 1237 2212 supra
1261 2182 1368 2203 omnem
1394 2173 1522 2208 populttm
1545 2177 1572 2200 et
1587 2172 1644 2207 ipse
1656 2172 1734 2199 annis
1747 2179 1814 2208 qua-

1024 2226 1144 2260 draginta
1162 2233 1173 2261 :j
1182 2228 1209 2251 et
1222 2222 1286 2250 fecit
1297 2221 1405 2249 malum.
1429 2219 1485 2247 Sub
1499 2218 1552 2246 hoc
1565 2219 1647 2246 etiam
1662 2222 1740 2246 erant
1753 2225 1815 2254 pro-

1025 2272 1112 2307 phetae
1132 2270 1235 2297 Nathan
1259 2272 1286 2296 et
1309 2266 1376 2295 Gad.
1391 2265 1510 2294 Robnam
1531 2264 1601 2292 [ilius
1614 2263 1671 2299 ejus
1696 2263 1817 2299 regnavit

1025 2318 1102 2345 aiinis
1112 2315 1310 2351 septemdecim,
1320 2317 1348 2341 et
1357 2312 1420 2340 fecit
1428 2311 1537 2339 malum.
1547 2310 1602 2338 Sub
1611 2309 1664 2337 hoc
1673 2309 1814 2337 discissum

1026 2368 1067 2390 est
1079 2370 1190 2397 regnum
1200 2382 1207 2394 ,
1219 2364 1247 2388 et
1255 2361 1409 2387 manserunt
1431 2364 1493 2384 cum
1506 2363 1539 2383 eo
1553 2356 1579 2382 in
1594 2354 1742 2382 Jerusalem
1754 2354 1815 2380 dune

1027 2410 1121 2441 tribus,
1135 2407 1202 2435 Juda
1222 2410 1249 2433 et
1270 2404 1417 2439 Benjamin.
1435 2402 1463 2429 In
1482 2400 1602 2429 Samaria
1626 2404 1714 2427 autem
1733 2398 1817 2426 tribus

1026 2457 1129 2484 decem.
1143 2453 1200 2482 Sub
1215 2453 1265 2479 hoc
1279 2453 1355 2478 erant
1372 2448 1509 2483 propheta:
1533 2446 1631 2474 Achias
1644 2445 1771 2472 Silonites
1789 2449 1817 2471 (ιι

1027 2501 1114 2530 Addo.
1138 2499 1204 2527 Attia
1224 2497 1295 2524 ﬁlius
1314 2495 1372 2530 ejus
1397 2493 1518 2528 regnavit
1541 2492 1620 2520 annis
1645 2491 1742 2519 tribus.
1765 2489 1818 2518 Nc-

1028 2557 1079 2585 qne
1093 2551 1150 2575 erat
1174 2553 1220 2572 cor
1241 2544 1300 2578 ejus
1317 2547 1346 2570 ut
1365 2540 1446 2568 David
1457 2560 1464 2572 ,
1478 2539 1524 2566 sed
1547 2537 1705 2585 ambulavit
1717 2537 1743 2564 in
1759 2543 1815 2571 rec-

1029 2582 1090 2623 ente
1112 2592 1196 2628 patris
1223 2590 1274 2618 sui.
1297 2588 1353 2617 Sub
1374 2587 1426 2615 hoc
1453 2585 1532 2613 etiam
1556 2587 1614 2611 erat
1647 2582 1724 2611 Addo
1755 2589 1816 2616 pro-

1032 2627 1121 2677 pheta.
1134 2640 1186 2666 Asa
1203 2637 1274 2664 filius
1287 2635 1345 2669 ejus
1367 2632 1444 2661 annis
1459 2629 1631 2666 quadraginta
1645 2634 1742 2660 unmet
1752 2627 1818 2654 fecit

1031 2675 1149 2716 rectum:
1173 2684 1220 2712 sed
1243 2682 1329 2710 adhuc
1354 2684 1432 2708 erant
1453 2677 1569 2706 excelsa.
1592 2675 1648 2704 Sub
1668 2675 1723 2702 hoc
1740 2675 1821 2701 erant

1064 2761 1234 2789 |Veralectio
1246 2763 1294 2789 est.
1306 2757 1479 2792 Ειῇιζπενοάαέ·
1510 2789 1521 2792 _
1637 2789 1688 2792 ,.__
1706 2777 1823 2792 .........-ς;

1063 2780 1099 2827 111⁷
1108 2780 1491 2824 ai-é'EaIuEBTuFiii'iiéhiiﬂn
1509 2789 1523 2810 s
1539 2784 1622 2821 norat,
1634 2789 1689 2814 quae
1701 2780 1825 2826 Athanasii

1063 2796 1131 2850 mine
1152 2822 1329 2850 circumfertur,
1347 2824 1421 2844 Tomo
1439 2818 1469 2847 2,
1481 2824 1507 2848 p.
1519 2792 1644 2841 {itinde
1658 2818 1688 2837 ea
1699 2816 1754 2842 quae
1761 2809 1813 2834 dm

1033 2829 1131 2852 nomine
1152 2829 1329 2852 ctrcumtertur,
1347 2829 1421 2852 ἰριιιυ
1439 2829 1469 2847 z,

1033 2863 1087 2883 mus
1098 2857 1122 2881 in
1133 2855 1237 2880 Diatriba
1250 2851 1317 2878 initio
1328 2851 1400 2881 hujus
1411 2853 1554 2881 Synopseos.
1702 2862 1710 2867 .

1607 2906 1647 2936 22
