2047 3123
242 158 294 185 555

239 214 347 241 Marias
360 213 428 241 ﬁlius
441 212 513 240 Oded
524 234 530 245 ,
551 217 577 239 et
601 213 695 239 Anatni
708 233 714 243 .
738 211 884 247 prophetas.
901 211 1027 246 Josap‘hat

238 259 307 287 ﬁlius
324 259 383 293 ejus
396 265 479 286 annos
494 257 754 293 vigintiquinque,et
765 257 825 284 fecit
841 263 941 284 rectum
957 266 964 289 ;
981 257 1028 284 sed

237 304 340 332 excelsa
351 303 437 331 adhuc
454 308 540 330 erant.
556 303 650 330 Postea
673 310 735 330 vero
755 304 780 329 in
793 303 1027 337 reprehensionem

239 350 384 386 iniquitatis
408 350 536 382 incurrit,
552 349 613 384 quia
629 349 731 376 amicus
751 354 809 376 erat
821 349 943 376 ()chozia:
959 349 1028 383 regis

239 395 320 424 lsrael
331 417 338 428 ,
353 400 379 423 ct
391 395 418 422 in
432 395 542 430 negotiis
555 395 698 429 plurimum
713 402 773 420 cum
788 394 834 421 illo
845 395 1027 422 communica-

240 441 292 468 bat.
314 441 369 468 Sub
391 441 441 468 hoc
456 445 530 472 erant
544 439 680 475 propheta:
702 438 778 466 Elias
797 459 804 471 ,
829 440 965 471 lilissreus,
981 439 1028 466 Mi-

239 487 327 514 cba‘as
341 490 368 513 et
381 485 450 513 Jehu
467 486 534 512 filius
550 485 659 517 Auerni,
671 489 698 511 et
712 484 784 512 Oziel
797 485 866 511 ﬁlius
879 484 1024 516 Zacharias,

239 537 266 560 et
289 532 396 560 Eliadad
418 531 486 558 filius
495 531 568 558 Adia:
589 539 621 558 ex
647 531 766 558 Mat-isse.
784 530 872 558 Joram
889 531 957 557 ﬁlius
970 530 1028 564 ejus

238 580 314 604 annis
329 581 406 610 octo,
422 581 448 605 et
461 576 522 604 fecit
545 577 652 603 malum.
668 576 766 603 Habuit
777 576 848 603 enim
871 583 981 602 uxorem
995 576 1027 601 ﬁ-

240 623 300 649 liam
315 622 433 650 Acbaab.
447 622 502 650 Sub
516 622 567 648 hoc
581 626 657 649 erant
671 621 741 648 tilias
755 626 781 648 et
795 621 930 648 Elissceus.
943 621 1030 648 Gelu.-

238 668 292 694 aias
306 668 375 694 ﬁlius
389 668 447 701 ejus
461 675 533 694 anno
542 675 597 694 uno
609 688 615 699 ε
626 671 654 694 et
675 667 736 694 focit
749 667 858 694 malum.
885 667 946 694 Post
966 674 1027 693 eum

238 717 322 740 tnater
335 712 392 747 ejus
406 713 528 740 Gotltolia
550 720 634 740 annos
647 718 761 747 septem.
776 713 838 740 Joas
854 713 922 739 ﬁlius
937 713 1027 739 Ocho-

237 757 286 785 zize
306 765 391 786 annos
417 759 600 794 quadraginta.
629 759 676 785 ilic
698 758 792 785 occidit
816 758 1029 790 Zachariam,et

238 803 249 830 f
264 803 299 831 cit
310 808 410 830 rectum
427 804 451 830 in
469 808 524 830 toto
537 803 619 830 corde
633 811 700 836 suo,
717 803 803 830 donec
819 803 901 830 .iudaé
916 803 955 829 vir
965 811 1028 837 prn~

238 849 304 877 deus
318 850 436 882 viveret,
450 854 477 877 et
499 850 654 877 institueret
675 850 771 884 ipsum.
785 850 859 876 llunc
872 849 1028 876 oocidernnt

239 897 308 924 servi
331 896 415 928 ipsius
432 897 458 923 in
475 895 557 923 domo
580 895 705 922 Maéloth.
721 895 774 922 Sub
789 895 839 922 hoc
861 895 1027 929 prophetavit

240 942 384 970 Zacharias
393 942 464 970 ﬁlius
474 941 566 969 Jodaé.
582 942 707 968 Amrsias
722 941 791 967 ﬁlius
806 941 863 975 ejus
878 942 956 968 annis
977 948 1027 967 no-

240 987 428 1016 vemdeeimmt
443 987 502 1014 fecit
514 991 614 1014 rectum
628 987 656 1013 in
671 986 817 1021 principio;
833 985 879 1014 sed
895 993 946 1013 non
961 986 1029 1013 sicut

242 1033 334 1060 David.
357 1032 451 1060 Adhuc
460 1032 531 1059 enim
548 1032 660 1066 papulus
681 1031 833 1058 immolabat
847 1032 872 1058 in
895 1031 1026 1064 excelsis,

240 1083 267 1104 ct
281 1079 354 1104 lucos
369 1086 420 1104 non
432 1077 550 1104 abstulit.
563 1077 619 1104 Sub
634 1077 684 1103 hoc
705 1077 784 1103 etiam
800 1076 1028 1111 prophetaverunt

241 1122 386 1156 prophetat,
402 1129 514 1156 quorum
531 1121 636 1148 nomina
649 1122 746 1155 scripta
765 1128 817 1148 non
831 1125 902 1149 sunt.
919 1121 1026 1147 Postea-

240 1175 319 1202 quam
336 1174 400 1194 vero
414 1175 471 1198 eos.
483 1167 528 1202 qui
542 1167 567 1193 iu
583 1167 642 1194 Seir
655 1166 810 1193 habitabant
821 1187 827 1196 .
844 1168 984 1201 percussit,
1001 1166 1027 1193 iu

241 1213 393 1247 superbiam
418 1213 504 1239 elatus
535 1217 595 1243 est,
620 1212 690 1239 idola
716 1211 890 1239 habitantium
923 1212 948 1238 in
970 1211 1029 1239 Scit-

242 1259 334 1290 coluit,
351 1263 376 1286 et
391 1258 417 1285 in
440 1265 535 1285 manus
548 1257 662 1284 hostium
674 1256 799 1288 traditus,
822 1264 962 1291 percussus
976 1261 1027 1284 est.

243 1304 366 1337 Azarias,
380 1303 425 1338 qui
437 1308 463 1330 et
472 1303 550 1330 Ozias
561 1323 570 1334 ,
581 1310 665 1329 annos
687 1302 874 1337 quinquaginta
894 1302 962 1330 duos
975 1323 982 1336 ,
1003 1308 1030 1330 et

242 1350 319 1377 initio
331 1349 400 1384 quod
413 1353 514 1376 rectum
525 1354 582 1376 erat
594 1347 654 1374 fecit
668 1368 675 1379 ,
689 1348 757 1375 sicut
773 1353 847 1382 pater
857 1347 915 1382 ejus
929 1356 936 1373 :
950 1353 1029 1374 caete-

242 1403 300 1423 rum
323 1395 428 1422 excelsa
452 1401 504 1421 non
521 1393 638 1421 abstulit.
653 1392 720 1420 Cum
740 1400 868 1427 prospere
891 1400 946 1420 rem
968 1401 1031 1428 ωερε

241 1447 302 1474 ret,
324 1441 411 1468 elatus
432 1445 475 1468 est
498 1440 608 1470 animo.
637 1444 664 1466 et
698 1440 780 1466 voluit
801 1439 858 1474 ipse
872 1439 979 1466 adolere
1003 1440 1029 1467 in

243 1487 363 1522 templo,
389 1486 459 1520 quod
484 1486 548 1512 solis
571 1484 754 1512 sacerdotibus
781 1484 885 1511 licebat.
907 1484 967 1511 Ideo
990 1485 1030 1512 le-

243 1541 290 1567 pra
319 1539 460 1566 ιιεηιιεηιιε
484 1536 543 1560 est.
572 1534 709 1564 postquam
729 1530 865 1562 audisset,
890 1529 950 1557 Non
960 1535 1032 1557 tuum

244 1584 278 1605 est
288 1600 295 1611 ,
313 1578 375 1604 οιίιι
386 1598 393 1608 ,
410 1577 511 1604 adolere
526 1577 652 1609 Domino,
667 1576 693 1602 id
706 1576 772 1611 quod
786 1575 846 1603 solis
863 1575 1032 1603 sacerdotibus

242 1625 300 1651 licet
314 1623 351 1660 (2.
368 1623 455 1650 [λιιι-(ιι.
473 1622 518 1649 26.
537 1622 591 1657 l8).
601 1621 655 1649 Sub
666 1621 716 1648 hoc
729 1626 785 1648 erat
796 1621 876 1648 Isaias
891 1620 1031 1655 propheta.

242 1669 346 1697 Jotbam
362 1669 432 1695 ﬁlius
447 1667 504 1702 ejus
525 1675 610 1694 annos
633 1666 750 1694 sedecim
766 1666 887 1701 regnavit
899 1686 906 1698 .
922 1670 949 1692 et
970 1666 1034 1693 fecit

244 1720 344 1742 rectum
359 1715 426 1742 sicut
441 1718 515 1748 pater
529 1714 610 1748 ipsius
626 1722 632 1740 :
648 1718 773 1740 caeterum
786 1712 889 1740 excelsa
904 1719 956 1740 non
969 1712 1032 1739 abs-

246 1761 313 1787 tulit.
339 1758 392 1787 Sub
407 1759 457 1786 hoc
478 1762 535 1786 erat
557 1757 647 1785 Isaias.
670 1757 759 1785 Acbaz
781 1757 850 1784 ﬁlius
868 1757 926 1791 ejus
948 1763 1033 1783 annos

245 1807 405 1835 sedecim,et
421 1805 482 1831 fecit
495 1803 604 1835 malum.
613 1803 668 1830 Sub
678 1804 728 1830 hoc
742 1808 818 1830 erant
830 1802 908 1829 lsaias
920 1806 946 1829 et
958 1801 1033 1829 Oded

244 1851 394 1886 prophetae.
416 1849 528 1877 Ezekias
552 1849 622 1875 ﬁlius
635 1849 693 1883 ejus
706 1848 829 1883 regnavit
841 1848 918 1874 annis
942 1847 1032 1882 viginti

247 1904 353 1928 novem,
371 1900 398 1922 et
417 1895 480 1922 fecit
493 1894 565 1929 quod
579 1898 680 1921 rectum
695 1899 753 1920 erat
767 1894 835 1920 sicut
850 1893 930 1920 David
945 1892 1032 1926 perfe-

248 1950 301 1970 cte.
316 1942 365 1969 llic
377 1940 485 1968 abstulit
499 1944 650 1973 serpentem
663 1946 765 1966 a‘neum
778 1959 785 1971 ,
797 1946 875 1974 quem
888 1938 1034 1973 suspende-

245 1993 286 2016 rat
299 1988 395 2015 Muses.
417 1987 471 2014 Sub
484 1986 533 2013 hoc
545 1985 708 2014 Senaclterib
726 1990 752 2013 et
764 1985 897 2019 Rapsaces
910 1986 1011 2021 Assyrii
1025 2005 1033 2018 ,

246 2034 316 2069 quod
333 2033 561 2068 blasphemassent
572 2052 578 2063 ,
594 2032 712 2066 μοι-(ευδςί
728 2035 805 2063 sunt,
822 2036 967 2065 posteaque
983 2039 1034 2057 una

246 2086 324 2108 nocte
346 2086 470 2114 egressus
492 2078 601 2113 angelus
625 2081 731 2105 centum
758 2077 892 2111 octoginta
918 2077 1034 2112 quinque

248 2126 327 2152 millia
344 2124 480 2151 hominum
496 2123 604 2150 occidit.
627 2122 770 2149 Moriturus
784 2122 912 2149 Ezechias
924 2122 956 2149 ad
971 2130 1035 2157 pro-

247 2171 411 2205 rogatiouem
425 2169 485 2195 vita!
497 2176 580 2195 annos
600 2167 751 2202 quindecim
772 2167 883 2201 accepit.
900 2166 1036 2194 Manasses

248 2217 318 2243 filius
332 2215 391 2250 ejus
405 2222 490 2241 annos
505 2214 693 2249 quinquaginta
709 2214 836 2248 quinque,
850 2213 966 2248 fecitque
979 2221 1036 2240 ma-

248 2264 312 2288 lum.
330 2261 509 2295 QII-arcumque
533 2259 676 2286 demolitus
699 2259 785 2286 fuerat
809 2259 954 2290 Ezechias.
980 2259 1037 2294 ipse

249 2308 382 2340 restituit,
403 2311 430 2334 ct
449 2306 534 2333 factus
557 2310 596 2332 est
613 2305 688 2333 ludat
706 2305 773 2332 alter
787 2305 943 2336 Jeroboam;
959 2305 993 2331 ita
1010 2310 1039 2332 ut

249 2355 307 2389 ejus
322 2361 399 2380 causa
415 2352 485 2379 idem
499 2358 576 2386 passa
590 2351 624 2377 sit
642 2350 790 2377 Jerusalem
801 2371 809 2383 ,
822 2350 892 2385 quod
907 2351 1035 2378 Samaria.

250 2399 287 2426 De
295 2400 339 2426 illo
349 2399 447 2425 dictum
457 2401 498 2424 est
507 2417 514 2429 ,
525 2396 573 2428 Qui
586 2403 687 2430 peccare
695 2396 752 2430 fecit
762 2395 777 2421 J
782 2395 858 2422 udam
869 2395 907 2430 (4.
919 2395 982 2430 Reg.
991 2395 1037 2421 2t.

250 2444 314 2479 16).
329 2444 390 2471 Ideo
406 2445 526 2478 Captivos
539 2442 669 2469 abductus
691 2445 732 2468 est
750 2441 775 2467 in
791 2441 965 2476 Babylonem.
984 2441 1038 2468 Sed

251 2491 276 2516 in
292 2489 453 2523 captivitate,
470 2493 498 2514 ut
513 2488 538 2514 in
554 2486 763 2521 Paralipomenis
774 2486 901 2520 scriptum
917 2490 968 2519 est,
980 2493 1038 2520 pm-

252 2535 378 2562 nitentem
394 2533 500 2560 reduxit
521 2533 589 2560 Dens
603 2533 629 2560 in
642 2532 800 2564 Jerusalem,
818 2539 981 2567 regnumque
995 2541 1039 2560 re-

252 2579 398 2614 cuperavit.
414 2578 598 2606 Pmttitentiam
615 2579 702 2612 itaque
716 2585 807 2612 agens,
824 2578 1002 2612 populumque
1013 2583 1042 2605 ut

254 2626 308 2652 Deo
323 2624 435 2651 serviret
453 2623 553 2650 docens
567 2643 573 2654 ,
595 2623 669 2650 obiit.
687 2623 714 2650 lu
730 2623 837 2650 civitate
852 2629 939 2650 tamen
961 2624 1040 2650 Dawd

249 2677 305 2697 non
329 2673 372 2696 est
394 2668 514 2703 sepultus
525 2687 534 2701 ,
560 2667 607 2695 sed
624 2669 649 2695 in
664 2668 741 2696 horto
761 2675 810 2696 suo
821 2689 829 2702 ,
845 2668 870 2696 in
886 2669 963 2696 horto
976 2669 1039 2696 01a.

256 2717 335 2743 Amos
351 2714 421 2742 ﬁlius
433 2714 491 2748 ejus
503 2714 622 2748 regnavit
635 2721 719 2742 annos
734 2714 812 2747 duos,
826 2720 852 2741 et
867 2714 928 2742 fecit
943 2715 1041 2742 malum

252 2763 320 2790 siml
332 2765 408 2797 pater
421 2760 480 2795 ejus
493 2759 629 2786 Manasscs
638 2780 644 2791 ,
658 2765 684 2787 et
701 2760 857 2787 occiderunt
871 2761 956 2795 ipsum
971 2762 1042 2788 servi

248 2808 320 2841 rqu,
340 2806 513 2840 sepultusque
526 2810 566 2832 est
586 2805 612 2831 in
624 2806 702 2832 horto
717 2806 770 2832 01a
783 2825 791 2838 ,
808 2806 832 2832 in
849 2814 901 2840 quo
923 2806 1043 2840 sepultus

248 2860 289 2881 est
308 2856 334 2880 et
348 2856 422 2888 pater
443 2851 535 2886 ipsius.
560 2850 646 2878 Josias
663 2850 733 2878 ﬁlius
748 2851 805 2885 ejus
820 2851 938 2885 regnavit
960 2852 1039 2879 annis

597 156 624 183 S.
646 156 783 183 J0\.\Nl5
804 152 1040 183 CllllYSUSTO)“
1064 157 1221 184 MiClllEP.
1242 157 1510 188 CONSTANTINOP.

1822 168 1872 195 33f.

1085 213 1189 248 triginta
1205 222 1267 241 uno.
1287 215 1360 242 llunc
1374 217 1487 251 populus
1501 225 1589 252 regem
1603 219 1712 252 creavit,
1729 228 1789 248 cum
1804 230 1874 250 esset

1081 266 1211 285 annorum
1227 265 1298 291 octo,
1312 260 1428 296 fecitque
1443 266 1556 295 rectum,
1568 267 1594 290 rt
1609 264 1752 292 ambulavit
1762 267 1788 293 in
1801 269 1872 295 omni

1083 305 1123 330 via
1137 304 1236 336 David.
1252 313 1301 333 nec
1319 306 1461 334 declinavit
1487 308 1520 335 ad
1543 309 1679 337 dexteram
1701 312 1740 339 vel
1755 313 1787 339 ad
1810 313 1872 340 sini-

1081 354 1174 376 stram.
1190 350 1296 377 Etenim
1311 356 1336 377 et
1349 352 1425 379 lucos
1441 353 1553 380 succidit
1567 375 1573 386 ,
1589 359 1612 381 et
1627 357 1714 383 omnia
1729 358 1871 386 simulacta

1082 395 1195 421 sustulit.
1211 395 1276 422 Cum
1292 404 1420 423 annorum
1436 402 1508 425 esset
1522 398 1637 426 sedecim
1648 421 1656 432 ,
1671 400 1755 436 legem
1776 404 1868 437 qumsi-

1083 440 1138 471 vit,
1152 445 1181 467 et
1199 448 1261 467 cum
1283 446 1344 468 ante
1364 442 1510 477 neglectam
1528 443 1689 477 invenisset,
1706 446 1756 480 legi
1767 446 1846 481 jussit
1864 453 1872 472 '.

1082 492 1113 511 ae
1127 485 1223 519 pascha
1248 486 1402 519 pradicavit
1421 488 1635 523 celebravitqne,
1650 490 1719 517 sicut
1745 491 1872 526 scriptum

1081 535 1131 557 est.
1146 530 1222 557 Hunc
1231 531 1330 558 occidit
1342 531 1444 559 Pharao
1458 533 1564 560 Nechao
1578 534 1611 561 ad
1625 535 1797 569 Euphratem,
1811 543 1872 563 cum

1082 576 1221 603 contentio
1245 577 1314 604 inter
1337 577 1396 604 illos
1409 583 1467 604 orta
1479 584 1560 605 esset.
1582 579 1665 612 Ilujns
1680 585 1797 616 tempore
1812 581 1873 609 fue-

1082 627 1143 648 ruut
1157 622 1292 656 prophetm
1307 623 1439 651 Jeremias
1460 628 1488 651 et
1500 624 1651 659 Snpbonias
1663 647 1670 656 .
1687 632 1713 653 et
1726 627 1792 654 Olda
1807 635 1874 662 pro-

1083 667 1198 701 phetissa
1209 676 1276 695 uxor
1288 668 1370 696 Scllc.
1385 669 1501 697 Joaeltaz
1518 670 1587 697 ﬁlius
1599 671 1656 705 ejus
1668 673 1788 706 regnavit
1798 681 1873 700 men-

1081 719 1124 740 ses
1136 717 1192 740 tres
1204 733 1211 744 ,
1234 718 1261 739 et
1283 712 1343 740 fecit
1365 714 1464 740 malum
1476 735 1483 747 ,
1499 719 1525 741 et
1540 717 1674 743 transtulit
1694 724 1754 744 eum
1769 718 1873 745 Pharao

1081 757 1197 786 Necltao.
1211 758 1267 785 Sub
1281 758 1332 785 hoc
1347 767 1453 794 quoque
1467 759 1530 786 vixit
1543 760 1683 788 Jeremias.
1700 761 1813 789 Eliakim
1829 764 1854 789 al

1080 807 1121 830 ter
1135 803 1203 829 filius
1217 803 1308 836 δαείω,
1323 804 1366 838 qui
1381 809 1408 830 et
1424 804 1532 831 Joakim
1550 810 1650 833 tmtlalo
1665 807 1772 833 nomine
1785 807 1872 833 dictus

1081 852 1140 880 est,
1160 848 1281 882 regnavit
1301 850 1378 875 annis
1394 849 1517 876 undecim
1531 870 1538 882 ,
1553 854 1580 877 et
1601 850 1745 886 fecitquod
1768 853 1868 880 malum

1081 898 1149 921 erat.
1162 893 1266 920 Joakim
1281 894 1325 928 qui
1346 899 1374 921 et
1392 895 1552 928 Jecbonias,
1569 896 1642 924 ﬁlius
1661 897 1734 932 ejus,
1753 899 1873 933 regnavit

1082 946 1188 966 menses
1202 943 1266 971 tres,
1283 944 1310 966 et
1325 939 1384 967 fecit
1399 940 1469 974 quod
1481 941 1579 967 malum
1593 947 1660 974 erat,
1675 943 1872 978 trauslatusque

1080 987 1121 1010 cst
1135 984 1161 1010 in
1177 984 1348 1019 Babylonem.
1365 985 1482 1012 Mattban
1499 986 1567 1013 ﬁlius
1586 987 1655 1021 ejus.
1678 987 1754 1015 Hunc
1780 989 1871 1015 Nabu-

1080 1028 1250 1056 chodonosor
1264 1030 1403 1057 constituit
1417 1038 1506 1065 regem
1520 1052 1527 1063 ,
1542 1035 1569 1058 et
1581 1036 1683 1059 mutato
1697 1033 1803 1061 nomine
1822 1033 1873 1062 Sc-

1081 1075 1183 1102 dcciam
1203 1075 1362 1110 appellavit,
1379 1076 1553 1111 regnavitque
1573 1077 1650 1105 annis
1667 1077 1808 1106 duodecim
1819 1100 1827 1112 ,
1844 1085 1871 1107 et

1081 1119 1143 1148 fecit
1153 1121 1262 1147 malum.
1273 1121 1330 1148 Sub
1342 1121 1392 1148 hoc
1402 1129 1508 1157 quoque
1519 1127 1575 1149 erat
1585 1123 1723 1151 Jeremias.
1733 1125 1874 1160 [lucusque

1082 1165 1187 1192 duravit
1195 1173 1305 1200 regnum
1317 1166 1330 1194 J
1334 1166 1394 1199 uda,
1406 1171 1521 1202 tuncque
1532 1167 1755 1202 subversum‘est,
1768 1172 1833 1198 sicut
1845 1176 1874 1199 et

1081 1218 1191 1244 regnum
1204 1211 1340 1239 Samaria.
1355 1211 1425 1240 Urbs
1435 1220 1549 1247 namque
1560 1218 1636 1248 capta
1653 1220 1704 1248 est,
1720 1219 1746 1242 et
1757 1216 1877 1247 universi

1082 1257 1108 1284 in
1121 1256 1282 1292 Babylonem
1296 1258 1390 1292 captivi
1405 1265 1465 1284 cum
1477 1260 1546 1285 vasis
1556 1259 1662 1286 abducti
1674 1265 1745 1288 sunt.
1753 1260 1874 1296 Suntque

1082 1310 1159 1337 reges
1172 1303 1262 1338 viginti
1278 1311 1345 1330 tinus
1356 1323 1363 1336 ,
1384 1312 1436 1330 non
1461 1310 1633 1332 annumerata
1650 1305 1781 1333 Gotholia.

1117 1347 1227 1375 Nomina
1242 1356 1331 1383 regum
1347 1349 1391 1384 qui
1407 1349 1511 1376 fuertmt
1524 1350 1548 1376 in
1563 1350 1692 1382 Samaria,
1709 1356 1736 1378 et
1749 1358 1808 1386 qua:
1823 1358 1872 1386 ge-

1083 1399 1132 1426 sta,
1151 1395 1194 1429 qni
1217 1395 1276 1422 ﬁnis
1295 1395 1423 1429 cujusque
1448 1394 1536 1427 fuerit,
1552 1401 1578 1422 et
1592 1401 1657 1430 quot
1682 1397 1758 1423 annis
1777 1397 1874 1430 singuli

1083 1440 1252 1475 regnaverint
1264 1440 1307 1467 his
1320 1440 1419 1474 accipe.
1435 1440 1576 1468 Jeroboam
1600 1442 1667 1468 filius
1680 1441 1782 1468 Nabath
1796 1443 1875 1469 annis

1082 1485 1128 1512 24.
1142 1485 1190 1512 Hic
1200 1485 1311 1512 discisso
1322 1493 1404 1519 regno
1416 1486 1563 1513 ascendens
1577 1494 1609 1512 ex
1623 1486 1739 1521 Egypto
1751 1507 1758 1517 .
1772 1487 1875 1522 primus

1083 1532 1204 1566 regnavit.
1218 1532 1244 1558 in
1257 1531 1384 1563 Samaria,
1399 1536 1427 1558 et
1437 1532 1498 1559 fecit
1510 1532 1617 1563 iualum.
1635 1532 1668 1559 ita
1682 1538 1710 1559 ut
1722 1533 1822 1560 nullum
1835 1533 1875 1560 si-

1084 1577 1172 1604 milem
1195 1577 1325 1603 habuerit.
1342 1576 1447 1603 Veritus
1476 1585 1508 1603 nc
1524 1585 1632 1611 rt‘gulttn
1653 1578 1702 1612 ipsi
1715 1578 1873 1612 eriperetur,

1084 1630 1178 1649 aureas
1194 1623 1301 1649 buculas
1312 1622 1377 1648 duas
1392 1622 1461 1654 fecit,
1475 1627 1499 1649 et
1511 1622 1636 1657 populum
1649 1623 1752 1649 seduxit
1764 1623 1874 1651 «licens:

1087 1667 1122 1694 Ηὶ
1134 1672 1191 1695 sunt
1208 1668 1254 1700 dii,
1268 1668 1310 1701 qui
1321 1668 1458 1694 eduxerunt
1470 1675 1514 1694 nos
1528 1675 1559 1694 ex
1572 1673 1638 1694 terra
1646 1667 1755 1703 {Egypti
1768 1669 1792 1703 (ι
1810 1668 1873 1703 Reg.

1087 1713 1130 1741 12.
1137 1713 1403 1748 28).]nstituitenim
1412 1713 1479 1741 festa
1490 1718 1512 1739 et
1528 1713 1696 1740 sacerdotes:
1713 1713 1745 1740 Et
1759 1713 1800 1740 hic
1814 1722 1875 1748 prc-

1084 1767 1142 1786 ιάΓο
1150 1760 1209 1795 fecit
1218 1758 1300 1786 Israel
1312 1758 1350 1794 (2.
1366 1759 1429 1794 Reg.
1443 1759 1485 1786 Η.
1502 1760 1541 1794 8).
1556 1759 1643 1794 Ipsum
1654 1768 1767 1795 namque
1782 1768 1876 1788 omnes

1085 1810 1177 1840 postea
1199 1811 1275 1839 reges
1297 1805 1391 1832 imitati
1412 1811 1483 1832 sunt.
1499 1805 1582 1840 Hujus
1597 1811 1715 1840 tempore
1738 1807 1876 1842 propheta:

1085 1855 1162 1877 crant
1175 1850 1272 1877 Achias
1284 1850 1421 1882 Silonites.
1437 1855 1464 1877 et
1481 1851 1524 1885 qui
1541 1856 1633 1877 contra
1648 1851 1734 1885 ipsum
1748 1859 1828 1885 super
1837 1852 1877 1878 al-

1087 1900 1142 1922 tare
1155 1894 1314 1922 vociferatus
1326 1900 1377 1922 est.
1387 1895 1488 1922 Nabath
1507 1896 1577 1922 ﬁlius
1592 1896 1649 1930 ejus
1661 1897 1779 1931 regnavit
1791 1904 1876 1924 annos

1086 1940 1163 1974 duos,
1175 1945 1202 1967 et
1218 1941 1250 1968 let
1259 1940 1278 1967 it
1286 1940 1395 1971 malum,
1410 1948 1495 1975 neque
1508 1941 1576 1967 alius
1589 1948 1622 1968 ex
1643 1948 1740 1976 genere
1754 1941 1813 1976 ejus
1831 1948 1877 1968 re-

1087 1987 1186 2020 gnavit.
1200 1985 1304 2013 Zambri
1327 1986 1438 2013 alterius
1452 1986 1558 2021 generis
1572 1994 1656 2013 annos
1671 1986 1715 2013 12.
1731 1986 1814 2013 Bassa
1833 1994 1878 2013 re-

1087 2032 1176 2066 guavit
1190 2039 1274 2058 annos
1289 2031 1335 2064 24,
1351 2036 1377 2058 et
1390 2031 1451 2058 fecit
1466 2031 1535 2065 quod
1561 2032 1659 2059 malum
1675 2037 1742 2059 erat.
1759 2031 1815 2060 Sub
1825 2031 1878 2058 hoc

1089 2078 1224 2113 propheta:
1251 2082 1328 2104 erant
1354 2078 1435 2110 Elias,
1459 2077 1594 2110 Elissmus,
1622 2078 1754 2109 Michzeas,
1782 2082 1810 2104 ct
1831 2078 1878 2113 qui

1088 2123 1212 2151 Achaabo
1227 2123 1259 2150 de
1283 2123 1359 2158 Syria
1373 2127 1400 2150 et
1421 2122 1455 2149 dc
1477 2123 1530 2150 lilio
1552 2123 1623 2150 Ader
1642 2123 1826 2158 prophetavit,
1850 2127 1880 2150 et

1089 2169 1336 2204 quipropriojttssn
1359 2168 1522 2201 vulneratus,
1545 2169 1698 2195 Achaabum
1723 2169 1877 2202 redarguit:

1089 2221 1119 2241 ac
1134 2219 1261 2248 praeterea
1276 2221 1396 2241 suorsttm
1418 2214 1491 2240 multi
1509 2214 1695 2248 prophetarum
1718 2215 1774 2241 filii.
1787 2214 1880 2242 Ocho-

1090 2259 1143 2285 zias
1157 2259 1226 2285 filius
1246 2259 1303 2292 ejus
1317 2259 1394 2285 annis
1412 2258 1531 2288 duobus.
1550 2263 1576 2285 et
1602 2259 1662 2286 fecit
1684 2259 1755 2292 quod
1780 2259 1879 2286 malum

1089 2310 1156 2332 erat.
1167 2305 1222 2332 Sub
1236 2305 1284 2331 hoc
1294 2308 1370 2331 erant
1384 2304 1454 2330 Elias
1465 2308 1491 2331 et
1502 2304 1626 2331 Elissteus
1641 2313 1648 2331 :
1663 2312 1723 2331 nam
1732 2305 1791 2339 ejus
1800 2305 1880 2338 quin-

1090 2349 1265 2384 quagenarius
1293 2350 1352 2383 igne
1376 2349 1506 2383 percussit
1521 2349 1593 2376 Elias
1616 2350 1641 2376 in
1667 2351 1748 2376 verbo
1765 2350 1880 2376 Domini.

1092 2397 1181 2424 .loram
1196 2396 1264 2423 ﬁlius
1280 2396 1385 2422 Achaab
1399 2396 1475 2422 annis
1489 2395 1629 2422 duodecim
1646 2395 1880 2428 :ctfccitmalum.

1092 2449 1178 2476 neque
1190 2441 1259 2467 ttltta
1275 2441 1342 2467 alius
1357 2449 1389 2467 ex
1404 2448 1501 2475 genere
1520 2441 1601 2474 ipsius
1618 2441 1744 2476 regnavit.
1761 2440 1816 2468 Sub
1829 2442 1884 2468 hoc

1093 2487 1164 2514 Elius
1175 2491 1327 2520 assumptus
1342 2491 1383 2512 est
1396 2495 1401 2512 :
1417 2486 1544 2513 Elissmus
1558 2494 1621 2513 vero
1636 2487 1732 2512 mansit
1753 2494 1836 2521 usque
1849 2488 1884 2513 ad

1092 2533 1232 2561 Jcroboam
1248 2534 1327 2559 lilitnn
1342 2532 1403 2559 .loas
1417 2540 1506 2566 regem
1523 2532 1612 2559 lsracl.
1624 2532 1679 2559 Sub
1695 2532 1744 2559 hoc
1762 2537 1840 2559 erant
1851 2533 1885 2559 ﬁ-

1094 2579 1121 2606 lii
1138 2579 1336 2614 prophetarutn.
1352 2577 1419 2604 .lelut
1437 2578 1469 2604 tle
1482 2578 1531 2603 alia
1546 2578 1637 2611 stirpe,
1652 2577 1721 2604 filius
1743 2577 1884 2608 Namcsse.

1095 2625 1171 2652 annis
1183 2624 1228 2651 22.
1237 2624 1283 2651 llic
1294 2623 1624 2658 sustulitgenusAchaabi,
1633 2627 1660 2649 et
1670 2624 1811 2657 prophetas
1819 2623 1886 2651 Baal

1095 2679 1142 2706 per
1150 2671 1258 2698 insidias
1269 2670 1376 2702 occidit,
1386 2675 1551 2704 statuamque
1562 2669 1631 2696 illius
1642 2669 1773 2696 contrivit.
1783 2669 1887 2696 Etcum

1096 2718 1122 2745 in
1136 2717 1208 2745 hisce
1220 2716 1325 2744 fecisset
1338 2717 1407 2751 quod
1424 2721 1525 2743 rectum
1540 2720 1607 2747 erat,
1624 2715 1716 2742 habuit
1732 2715 1890 2749 promissio-

1095 2770 1168 2795 nem,
1180 2761 1250 2796 quod
1263 2762 1346 2796 ipsius
1356 2761 1400 2788 lilii
1410 2760 1444 2788 ad
1456 2764 1576 2795 quartam
1590 2767 1673 2794 usque
1686 2761 1888 2794 generationem

1096 2807 1195 2835 sessuri
1211 2811 1301 2834 essent
1313 2813 1394 2840 super
1410 2806 1545 2833 thronum.
1559 2805 1675 2833 Joachaz
1689 2805 1756 2832 lilius
1771 2805 1830 2839 ejus
1841 2815 1890 2832 an-

1098 2860 1147 2880 nos
1166 2851 1364 2888 septemdecim,
1380 2850 1494 2887 fecitque
1508 2851 1578 2887 quod
1589 2851 1686 2878 malum
1695 2855 1762 2878 erat.
1775 2851 1893 2879 lernam
