2047 3123
218 154 268 181 557

213 218 266 244 lein
292 217 462 253 expugnavit,
479 225 572 245 aurum
587 222 614 245 et
634 225 695 245 vasa
719 218 837 245 abstulit.
862 217 1004 245 Jeroboam

215 263 283 290 tinus
299 270 357 297 ejus
370 263 447 290 annis
457 263 501 295 Η,
526 263 640 298 fecitque
656 263 764 290 malum.
781 263 923 290 Zacharias
938 263 1006 290 Illius

214 315 272 341 ejus
286 308 423 335 mensibus
441 316 486 335 sex
497 331 504 342 ,
527 307 640 343 fecitque
653 308 761 335 malum.
777 308 910 335 llacteuus
923 316 1005 343 genus

213 352 280 381 Jelttt
292 362 376 389 usque
386 354 418 381 ad
430 359 552 388 quartam
564 354 763 389 generationem
779 354 893 382 duravit.
905 353 1004 381 Sellutn

213 407 246 428 ex
260 400 311 428 alia
325 399 494 434 stirpe,tllius
503 399 710 435 Jabi-,rrgnavit
725 400 782 427 dies
798 400 913 434 triginta,
925 403 952 426 et
963 399 1004 426 fe-

213 445 250 472 cit
260 445 332 481 quod
348 446 446 472 malum
465 450 531 472 erat.
556 445 675 472 Manaetn
690 453 724 472 ex
736 445 789 472 alio
803 452 916 480 genere,
936 445 1005 472 ﬁlius

213 489 314 524 Gadde,
329 498 413 518 annos
433 491 534 526 viginti,
552 495 578 517 et
591 490 653 518 fecit
666 490 736 525 qttod
749 491 848 517 malum
864 495 931 518 erat.
949 491 1004 517 Ilu-

214 537 253 566 itta
268 541 387 571 tempore
403 537 594 571 prophetarunt
618 537 700 564 Isaias
718 540 745 564 et
758 536 836 564 Osee.
855 536 958 564 Phacee
971 536 1005 564 de

217 582 263 609 alia
279 582 372 617 stirpe,
389 582 457 609 [ilius
469 582 608 614 Romelim,
624 589 708 609 annos
728 581 831 616 viginti.
849 582 896 610 llic
909 582 1006 609 occidit

213 626 365 660 Phakeiam,
381 632 408 655 et
427 627 490 655 fecit
511 627 621 654 malum.
638 627 693 654 Sub
716 627 767 654 hoc
788 632 864 654 erant
877 627 958 655 Isaias
978 632 1006 655 et

212 671 280 700 Osee
293 671 438 706 prophetae.
455 672 524 700 Osee
539 679 572 699 ex
582 672 632 698 alia
660 672 752 706 stirpe,
773 672 841 698 Iilius
863 671 936 703 Elas,
957 679 1006 698 an-

213 725 261 746 nos
274 725 378 746 novem.
389 717 437 745 Hic
444 718 540 745 occidit
555 725 643 753 regem
654 717 768 749 Phacee,
781 721 807 744 et
818 717 880 745 fecit
893 717 1003 744 malum:

212 771 303 791 verum
327 771 379 791 non
394 764 463 791 sicut
476 763 633 790 decessores
653 763 720 797 ejus.
741 762 810 790 Osee
826 763 934 790 ttltimus
956 762 1005 790 fuit

212 817 258 837 rex
272 809 409 837 Samarize.
423 810 452 837 In
467 809 539 836 illum
554 810 625 836 enim
641 809 779 836 desierunt
794 817 879 844 reges,
895 814 921 836 et
942 816 1003 844 per-

213 857 240 884 iit
259 856 388 889 Samaria,
402 863 480 891 quant
497 856 624 890 deinceps
637 855 818 882 inhabitarnnt
833 855 943 890 Assyrii.
965 855 1004 882 Ex

212 904 305 938 quibus
319 903 369 930 orti
385 908 448 930 sunt
462 902 581 930 luerctici
608 902 758 931 Samarita',
771 901 814 936 qui
831 905 858 929 et
883 900 1003 928 Saducmi

211 954 346 977 vocantur.
355 948 381 976 In
392 948 448 976 haec
457 949 554 976 desinit
566 953 635 975 totus
645 955 742 982 scapus
750 947 877 974 librorum
886 947 997 981 Regum.

364 1024 575 1047 PARALIPOMENA,
591 1023 667 1042 ιιιιεῐι
692 1023 785 1042 PRIMUS
799 1015 847 1049 (η).

245 1083 444 1117 l‘aralipomena
458 1086 595 1113 vocantur,
609 1081 670 1116 quia
683 1081 762 1107 multa
775 1081 800 1108 iu
813 1080 890 1115 libris
899 1081 1004 1115 Regno-

215 1137 270 1155 rum
297 1128 476 1163 praetermissa
492 1128 518 1154 in
534 1127 608 1154 hisce
632 1127 707 1154 libris
722 1127 904 1154 continentur.
921 1127 1004 1154 Habe-

211 1178 252 1200 tnr
266 1177 353 1200 autem
366 1173 391 1199 in
402 1173 487 1207 pritno
499 1173 548 1199 hoc
563 1172 632 1199 Iihro
646 1172 763 1199 omnium
776 1171 891 1198 tribuum
906 1178 1004 1205 genea-

201 1219 277 1254 logia
297 1219 331 1246 ab
352 1218 436 1246 Adam
452 1226 536 1252 usque
549 1218 581 1245 ad
597 1225 674 1252 reges
696 1216 844 1244 secundum
870 1217 953 1244 tribus
975 1222 1003 1245 et

211 1266 322 1300 populos
334 1270 360 1292 et
378 1264 490 1292 familias
515 1269 542 1292 et
557 1264 662 1292 domos.
674 1263 746 1298 Quos
760 1271 793 1290 ex
807 1262 908 1290 Levitis
927 1262 1003 1289 iusti—

212 1312 290 1339 tuerit
307 1311 388 1339 David
402 1311 435 1338 ad
448 1310 597 1338 canendum
613 1310 678 1341 Deo,
691 1313 719 1336 et
731 1316 798 1343 quos
811 1308 954 1336 instituerit
968 1307 1002 1335 ad

211 1358 298 1392 templi
314 1365 406 1392 opera.
422 1357 480 1392 Ipse
495 1363 609 1391 namque
621 1354 948 1390 priortempluml’undare
963 1354 1002 1381 in.

209 1404 286 1438 cepit.
302 1404 358 1430 Alia
375 1410 481 1438 quoque
496 1402 646 1429 minutatim
660 1401 694 1428 de
716 1401 825 1436 regibus
839 1405 867 1428 ct
887 1407 1000 1436 genera-

210 1449 322 1476 tionibus
333 1448 467 1475 edisserit.
485 1447 587 1480 Ouiltus
600 1447 650 1474 hoc
662 1446 873 1481 sultjuugendum
884 1449 935 1479 est,
951 1453 1000 1472 an-

210 1502 257 1521 nos
280 1500 374 1521 omnes
398 1500 491 1521 eorum
514 1493 559 1528 qui
585 1493 612 1520 itt
641 1492 789 1520 Jerusalem
816 1496 960 1527 regnarunt
984 1498 1002 1519 tt

212 1540 321 1573 Davide,
334 1545 394 1567 esse
407 1539 619 1575 quadringentos
634 1539 800 1573 septuaginta
814 1544 937 1573 quatuor.
945 1537 1000 1566 Re-

208 1594 253 1622 ges
265 1589 354 1614 autem
367 1592 462 1615 omnes
483 1585 587 1613 luerunt
609 1592 640 1612 ex
656 1592 707 1612 una
722 1585 805 1620 stirpe
826 1584 933 1612 Davidis
949 1593 956 1611 :
973 1587 1001 1611 et

206 1630 335 1669 quiquod
351 1638 452 1660 rectum
469 1636 528 1659 erat
542 1632 661 1659 fecerunt
675 1638 771 1658 novem
785 1635 865 1657 sunt:
878 1630 921 1665 qui
936 1637 1000 1657 vero

207 1677 317 1709 malum.
332 1677 484 1711 duodecim,
502 1681 613 1712 excepta
628 1677 763 1704 Gotholia.
779 1676 877 1703 Eorum
898 1679 997 1708 autent,

207 1724 286 1758 quiin
301 1723 422 1752 Samaria
444 1727 604 1759 regnarunt,
619 1730 713 1750 omnes
733 1723 794 1749 anni
817 1727 878 1749 sunt
892 1722 998 1750 ducenti

206 1769 341 1804 sexaginta
363 1776 459 1796 novem
474 1773 501 1795 et
516 1768 622 1803 triginta
637 1768 694 1795 dies
708 1776 714 1794 :
738 1768 931 1802 duodecimque
957 1776 999 1795 re-

206 1821 252 1848 ges
266 1822 297 1840 ex
309 1819 371 1842 octo
385 1813 497 1841 diversis
508 1813 635 1848 stirpibus
655 1813 760 1840 fuerunt
776 1822 783 1846 ;
804 1821 898 1841 omnes
910 1818 998 1841 autent

207 1858 326 1886 fecerunt
345 1859 456 1891 malum,
476 1859 623 1886 secundum
646 1863 781 1893 peccaturo
800 1859 962 1886 .leroboami.

358 1927 572 1959 PARIILII'OIIENA,
601 1934 677 1953 LIBER
696 1933 836 1953 SECUNDUS.

242 1994 268 2020 lu
283 1993 403 2021 secundo
415 1993 484 2020 libro
500 1993 721 2028 Paralipomenon
736 1998 908 2020 recensentur
925 1998 997 2028 gusta

206 2048 306 2075 regum.
330 2040 380 2073 Qui
409 2045 498 2066 autem
532 2039 575 2066 illa
611 2039 828 2073 descripserunt,
864 2039 999 2073 prophetae

207 2086 244 2114 illi
258 2085 364 2113 luerunt
376 2086 420 2120 qui
443 2085 554 2112 diversis
569 2084 644 2112 luere
660 2085 832 2118 temporibus.
855 2085 888 2112 Ut
911 2090 998 2112 autem

206 2131 355 2166 singulatim
370 2131 471 2158 sciatur
481 2130 587 2165 quinam
603 2130 659 2157 haec
674 2130 839 2164 scripserint,
851 2130 997 2157 observan-

206 2176 271 2204 dum
285 2181 326 2203 est
347 2175 391 2203 hic
407 2180 481 2211 gesta
506 2175 597 2202 haberi
623 2175 741 2202 omnium
765 2183 856 2209 regum
872 2175 949 2202 Israel
973 2180 999 2202 et

205 2221 272 2249 .Iuda
285 2230 292 2254 ;
308 2229 338 2249 ea
348 2222 448 2249 scilicet
458 2229 516 2256 quae
528 2221 705 2255 prmtermissa
720 2225 781 2247 sunt
792 2221 816 2247 in
833 2220 941 2248 historia
957 2229 998 2248 re-

205 2276 278 2302 gum.
293 2267 344 2301 Qui
364 2275 444 2301 porro
465 2267 554 2294 omnia
576 2267 693 2301 ipsorum
712 2271 784 2301 gesta
800 2267 999 2301 descripserunt

207 2312 234 2338 hi
248 2316 311 2339 sunt
325 2321 331 2339 τ
348 2311 454 2338 Davidis
470 2315 543 2346 gesta
565 2312 729 2345 scripserunt
753 2311 859 2338 Samuel
873 2332 879 2343 ,
896 2311 997 2338 Nathan

204 2363 231 2385 et
245 2357 303 2385 Gad
314 2356 451 2392 propheta:
465 2365 471 2383 :
488 2357 649 2388 Salomonis,
664 2356 764 2383 Nathan
778 2361 804 2383 et
829 2356 924 2383 Achias
936 2365 997 2391 pro-

205 2402 295 2437 pheta:
310 2411 317 2429 :
329 2403 492 2434 Jeroboami,
505 2402 614 2429 Semeas
624 2406 650 2429 et
659 2402 734 2428 Addo
746 2401 880 2436 propheta:
893 2409 899 2427 :
913 2402 997 2435 Abim,

205 2448 284 2475 Addo
307 2447 446 2482 propheta.
469 2449 528 2474 Asaz
541 2452 614 2482 gesta
631 2447 761 2474 habentur
776 2447 800 2473 in
816 2442 883 2473 libro
898 2454 999 2474 sermo-

206 2501 270 2521 num
294 2493 327 2520 de
349 2492 456 2527 regibus
475 2492 542 2520 Juda
561 2501 567 2518 :
589 2492 724 2526 Josaphati
742 2513 748 2524 ,
774 2491 841 2519 Jt-hu
855 2493 994 2528 propheta,

206 2540 276 2567 ﬁlius
299 2540 417 2570 Aname,
442 2539 486 2573 qui
500 2538 606 2572 scripsit
625 2538 720 2564 librum
734 2545 886 2564 sermonum
908 2545 998 2571 regunt

205 2584 295 2612 Israel.
311 2583 377 2618 Qua:
400 2583 464 2610 Joas
485 2583 586 2618 gessit,
602 2582 684 2609 relata
707 2587 770 2609 Sunt
792 2582 818 2608 in
840 2582 998 2616 scripturam

207 2631 371 2665 Regnorum.
388 2628 453 2662 Qua:
475 2629 606 2660 Amasias,
630 2628 656 2654 itt
672 2628 766 2655 librum
783 2635 874 2675 regum
892 2626 957 2654 Juda
973 2631 1000 2654 et

205 2676 298 2704 Israel.
314 2676 379 2709 Quae
389 2674 476 2703 Ozias.
485 2674 591 2709 scripsit
606 2673 685 2701 Isaias
698 2672 838 2708 propheta.
861 2673 925 2707 Quae
938 2672 999 2700 Joa-

205 2722 291 2752 tltam.
308 2721 333 2748 in
349 2720 417 2748 libro
431 2727 521 2754 regum
537 2719 604 2747 Juda
623 2723 648 2746 et
663 2718 752 2746 Israel.
768 2719 832 2752 Qua:
852 2719 952 2752 Achaz,
973 2718 999 2745 in

239 2809 344 2838 (κηρυκι
367 2808 512 2838 sequuntur,
525 2805 555 2830 de
578 2804 738 2838 libro__primo
758 2803 952 2838 Paralipomenon
960 2804 999 2838 _di-

204 2835 254 2868 cla,
265 2835 319 2863 fere
330 2835 450 2862 ltahenutr
469 2839 492 2861 in
512 2836 608 2868 Synopsl
629 2835 669 2860 illa
679 2855 684 2864 ,
698 2841 752 2867 quae
764 2835 886 2860 Athanasii
902 2835 999 2859 nomine

203 2873 340 2902 comparet.
352 2867 398 2893 red
407 2868 507 2893 Nevius
515 2867 644 2892 recensita.

767 161 928 189 SYNOPSIS
946 160 1149 189 δειιιρτυιιλε
1169 163 1303 194 ΞΑΕΗΑΞ.

1802 172 1852 199 558

1062 219 1129 246 libro
1143 228 1233 256 regum
1244 221 1310 250 Iuda
1320 228 1345 250 et
1358 223 1447 252 Israel.
1463 225 1527 259 Qua:
1538 225 1673 259 Ezechias,
1693 227 1772 256 Isaias
1783 228 1852 257 Illius

1060 265 1141 292 Amos
1155 268 1293 302 propheta.
1309 269 1373 302 Qua:
1395 270 1529 299 Manasses
1540 293 1547 305 ,
1573 272 1597 299 in
1614 272 1681 299 libro
1695 273 1850 301 videntium.

1058 312 1123 344 Qua:
1137 312 1266 346 Josias,in
1282 315 1349 342 libro
1366 324 1457 351 regum
1470 317 1536 345 Juda
1551 323 1578 345 et
1591 318 1682 346 Israel.
1699 320 1763 352 Quze
1786 319 1849 347 Joa-

1059 357 1140 390 chim,
1157 358 1183 384 in
1199 358 1267 385 libro
1281 367 1372 394 regum
1385 361 1452 388 Juda
1468 367 1495 389 et
1509 361 1598 390 Israel.
1615 363 1677 391 Ilaec
1697 364 1735 391 sic
1759 364 1849 399 dispo-

1059 403 1106 429 sita
1131 403 1301 431 inveniuntur
1315 406 1340 432 in
1357 406 1564 441 Paralipomenis
1585 416 1687 443 regum.

1260 481 1372 506 ssonas,
1395 482 1471 502 Ltsen
1486 483 1579 503 rntuus
1595 476 1643 511 (η).

1096 539 1193 566 Esdras
1207 544 1315 567 vocatur
1328 541 1371 569 hic
1382 541 1458 575 liber,
1474 543 1533 577 quia
1551 543 1606 577 ipse
1620 544 1719 572 Esdras
1726 546 1852 574 sacerdos

1057 592 1116 611 cum
1128 591 1200 613 esset
1211 590 1239 613 et
1250 586 1342 620 lector,
1356 593 1463 616 enarrat
1475 596 1506 616 ac
1514 589 1639 617 describit
1653 591 1765 619 reditum
1782 592 1847 620 lilio-

1057 638 1115 656 rum
1131 629 1211 659 ISrael
1224 639 1257 659 ex
1271 631 1381 660 Perside
1395 634 1421 660 in
1436 633 1595 662 Jerusalem.
1616 635 1675 663 Fuit
1687 641 1775 665 autem
1792 641 1845 665 red-

1058 676 1111 703 itus
1126 677 1211 710 primo
1226 677 1332 712 quidem
1345 686 1377 706 ex
1389 679 1465 713 jussu
1489 680 1549 715 Cyri
1565 685 1592 708 et
1617 681 1687 709 Darii
1710 690 1802 718 regum
1825 685 1848 710 iu

1057 729 1137 748 manu
1157 722 1220 750 Jesu
1241 723 1286 751 lilii
1301 724 1413 752 Josedec
1427 730 1454 752 et
1468 725 1560 753 Esdra:
1571 731 1649 761 atque
1665 727 1847 761 Zorobabelis,

1057 769 1101 802 qui
1123 769 1194 796 circa
1205 770 1378 804 qnmstionem
1401 772 1542 806 quamdam
1558 772 1765 807 contendebant,
1783 774 1849 802 facta

1059 815 1234 848 promissione
1247 836 1254 848 ,
1279 817 1365 852 utqui
1388 818 1505 846 vinceret
1524 826 1538 845 a
1555 826 1616 854 rege
1629 819 1755 854 quidquid
1771 821 1850 848 vellet

1060 864 1172 893 peteret.
1187 860 1254 888 Cum
1278 869 1346 889 unus
1363 870 1425 897 ergo
1436 863 1545 890 dixisset
1561 863 1655 891 fortius
1668 872 1727 891 esse
1741 866 1829 893 viuum
1842 875 1848 898 ;

1057 905 1123 932 alter
1136 905 1272 933 fortiorem
1286 914 1346 934 esse
1361 915 1461 942 regem,
1478 908 1625 936 Zorobabel
1639 910 1777 938 contendit
1796 911 1849 937 lor-

1058 950 1136 978 tiores
1148 958 1208 979 esse
1223 952 1359 985 ntuliercs,
1372 953 1564 988 veritatemque
1574 962 1653 989 super
1662 956 1750 983 omnia
1758 957 1849 984 excel-

1057 995 1121 1023 lere.
1133 996 1195 1023 Ilmc
1205 998 1264 1031 quia
1277 998 1400 1033 loquutus
1411 999 1568 1032 Zorohabel,
1582 1000 1667 1028 victor
1675 1002 1759 1029 evasit
1770 1011 1778 1029 :
1789 1009 1848 1030 cum

1053 1041 1143 1075 jussus
1157 1046 1229 1069 esset
1244 1047 1334 1076 petere
1349 1043 1418 1078 quod
1445 1044 1535 1078 vellet,
1562 1045 1636 1078 petiit
1660 1050 1688 1073 ut
1709 1047 1850 1081 captivitas

1055 1087 1213 1121 solveretur,
1225 1092 1253 1115 et
1265 1088 1413 1116 Jerusalem
1439 1090 1626 1119 :rdilicaretur.
1650 1093 1738 1127 Atque
1759 1093 1795 1120 ita
1821 1099 1849 1121 ut

1056 1133 1132 1167 petiit
1157 1133 1256 1161 factum
1280 1139 1330 1167 est,
1347 1134 1510 1170 dimissaque
1535 1140 1576 1163 est
1600 1137 1747 1171 captivitas.
1772 1138 1849 1166 Tunc

1054 1178 1125 1205 enim
1140 1179 1267 1214 temporis
1278 1179 1414 1213 adimpleti
1427 1185 1502 1207 erant
1514 1182 1678 1217 septuaginta
1692 1183 1738 1210 ira!
1751 1184 1812 1211 anni
1828 1186 1846 1212 '.

1055 1223 1123 1251 Sunt
1137 1224 1270 1258 itaqueilli
1280 1225 1324 1260 qui
1334 1225 1368 1252 de
1382 1226 1535 1260 captivitate
1549 1227 1725 1254 ascenderunt
1740 1228 1773 1255 de
1781 1228 1847 1256 Juda

1054 1273 1081 1296 et
1100 1269 1249 1303 Benjamin,
1274 1277 1306 1297 ac
1331 1270 1441 1304 Levita’,
1468 1279 1581 1298 ttumero
1595 1272 1767 1306 quadraginta
1795 1273 1848 1300 duo

1054 1314 1148 1346 millia,
1165 1315 1225 1349 eqtti
1242 1315 1353 1343 trecenti
1377 1316 1495 1350 triginta,
1521 1317 1586 1344 muli
1608 1317 1714 1345 ducenti
1737 1319 1847 1352 quadra

1053 1360 1125 1396 ginta
1138 1361 1263 1396 quinque,
1277 1361 1371 1388 cameli
1386 1362 1568 1397 quadringenti
1585 1363 1690 1397 triginta
1710 1364 1826 1399 quinque
1840 1386 1847 1396 ,

1052 1407 1121 1434 servi
1137 1414 1228 1434 eorum
1242 1411 1269 1434 et
1283 1407 1388 1434 ancillae
1401 1413 1503 1442 septem
1518 1408 1599 1435 millia
1617 1409 1727 1435 trecenti
1743 1409 1846 1444 triginta

1052 1457 1175 1488 quatuor,
1192 1458 1315 1481 cantores
1327 1453 1444 1484 ducenti,
1460 1454 1526 1480 asini
1540 1461 1586 1481 sex
1600 1454 1671 1480 mille
1685 1455 1844 1489 Septingenti

1051 1502 1078 1526 et
1091 1498 1193 1533 viginti.
1205 1498 1254 1532 Qui
1269 1497 1437 1525 aedificabant
1452 1502 1541 1526 autem
1561 1503 1637 1525 erant
1657 1498 1805 1527 Zorobabcl
1820 1505 1847 1527 et

1050 1541 1129 1572 Iesus
1145 1543 1215 1571 ﬁlius
1227 1543 1339 1571 Josedec
1349 1548 1376 1571 et
1389 1543 1521 1571 Neemias.
1537 1543 1636 1572 Esdras
1650 1553 1713 1572 vrro
1727 1553 1787 1572 eum
1802 1553 1846 1573 es-

1051 1593 1092 1617 set
1105 1589 1131 1616 in
1145 1589 1203 1624 lege
1217 1589 1329 1624 peritus,
1341 1589 1427 1624 legem
1438 1589 1548 1624 protulit
1559 1594 1637 1624 atque
1651 1590 1710 1624 legit
1722 1611 1729 1623 ,
1745 1591 1846 1618 consti-

1052 1634 1154 1670 tuitque
1167 1639 1261 1662 cuncta
1277 1635 1310 1661 ad
1325 1635 1453 1669 templum
1467 1639 1493 1662 et
1507 1635 1540 1661 ad
1554 1635 1660 1663 Levitas
1675 1636 1843 1670 pertinentia.

1051 1680 1110 1715 Ipse
1124 1681 1208 1715 legem
1220 1679 1352 1713 ostendit;
1367 1681 1470 1707 curavit
1480 1680 1644 1715 alienigenas
1655 1688 1751 1708 uxores
1764 1681 1842 1715 abjici

1050 1726 1084 1754 ab
1099 1726 1140 1758 iis,
1155 1726 1198 1761 qtti
1214 1733 1259 1753 eas
1274 1730 1394 1760 tempore
1405 1725 1564 1760 captivitatis
1577 1726 1716 1753 duxerant.
1732 1725 1844 1759 Alijeee-

1051 1777 1112 1799 runt
1125 1777 1212 1800 autem
1226 1779 1331 1803 omnes,
1346 1776 1372 1799 et
1385 1771 1503 1799 mundati
1519 1776 1590 1803 sunt,
1602 1776 1628 1799 et
1643 1771 1785 1799 celebravit
1797 1779 1844 1806 pa<

1051 1818 1125 1848 Schn,
1139 1818 1286 1845 secundum
1302 1818 1397 1852 legem.
1415 1822 1444 1845 ut
1455 1818 1582 1852 scriptum
1597 1822 1647 1849 est,
1660 1825 1761 1845 necnon
1771 1817 1844 1853 jeju-

1053 1864 1136 1897 niunt,
1149 1869 1176 1891 et
1190 1864 1228 1892 sic
1243 1864 1389 1891 absolvitur
1406 1863 1506 1898 pritnus
1521 1863 1620 1890 Esdras
1635 1863 1710 1890 liber.

1265 1937 1398 1957 SECUNDUS
1424 1937 1500 1957 LIBER
1520 1937 1620 1957 ESDBE.

1088 1997 1114 2023 lu
1131 1997 1180 2024 hoc
1194 1996 1261 2024 libro
1278 1996 1371 2024 eadem
1383 1996 1439 2031 ipsa
1454 2004 1513 2032 qua:
1527 1996 1552 2023 in
1567 1996 1651 2030 primo
1667 1996 1730 2024 dicit
1747 1997 1844 2024 Esdras

1051 2042 1084 2069 de
1095 2042 1192 2073 reditu,
1217 2041 1249 2069 iis
1263 2042 1392 2075 exceptis,
1406 2049 1465 2076 qua:
1479 2041 1672 2076 problctnatutn
1690 2049 1762 2068 more
1773 2042 1843 2069 dicta

1053 2086 1166 2113 fuerant.
1184 2086 1261 2113 Plura
1274 2093 1337 2113 vero
1350 2085 1383 2112 de
1398 2086 1505 2113 Neemia
1519 2086 1642 2112 eunucho
1658 2090 1756 2118 narrat,
1774 2087 1844 2120 quod

1051 2132 1109 2166 ipse
1131 2131 1220 2166 templi
1235 2130 1438 2158 :edil‘tcationem
1459 2130 1579 2165 petierit;
1601 2135 1627 2157 et
1642 2131 1775 2165 quomodo
1795 2131 1843 2158 Es-

1051 2177 1112 2204 dras
1121 2177 1226 2211 quidem
1240 2176 1350 2211 legeret,
1367 2176 1444 2204 Jcsus
1453 2184 1515 2203 vero
1528 2180 1555 2203 et
1568 2176 1670 2203 Bancas
1681 2181 1707 2203 et
1720 2177 1845 2204 Sarahias

1052 2222 1176 2257 populum
1193 2221 1338 2250 erudirent.
1355 2222 1387 2248 Et
1399 2221 1496 2248 Esdras
1511 2221 1618 2256 quidem
1642 2221 1733 2256 legens
1746 2221 1843 2248 distin~

1052 2268 1089 2295 xit
1101 2268 1126 2294 iu
1143 2267 1252 2294 scientia
1272 2267 1378 2307 Domini
1393 2276 1399 2293 :
1417 2267 1530 2303 populus
1545 2271 1633 2294 autent
1651 2267 1781 2294 intellexit
1804 2268 1843 2294 Ir-

1051 2314 1178 2343 ctionem.
1193 2317 1220 2340 et
1234 2313 1378 2339 celebravit
1395 2311 1538 2346 pa=cha,et
1549 2312 1664 2346 septinto
1674 2319 1766 2340 mense
1784 2312 1845 2339 fecit

1049 2359 1178 2394 jejunium
1194 2364 1220 2385 et
1230 2357 1427 2392 scenopegiam,
1438 2362 1465 2383 nt
1477 2356 1604 2391 scriptum
1619 2361 1659 2383 est
1674 2365 1681 2382 :
1698 2355 1758 2383 Non
1776 2357 1841 2392 few-

1051 2409 1110 2431 runt
1127 2404 1161 2430 ad
1174 2403 1240 2430 hunc
1254 2403 1356 2430 modum
1369 2411 1385 2429 ιι
1397 2402 1483 2429 diebus
1495 2402 1614 2436 Jesuﬁlii
1627 2401 1700 2429 Nave
1710 2402 1748 2437 (2.
1765 2402 1844 2430 Esrlr.

1052 2449 1078 2476 8.
1093 2449 1124 2476 I7
1137 2449 1154 2483 ).
1167 2448 1266 2475 Esdras
1276 2456 1341 2474 vero
1350 2455 1410 2474 cum
1424 2447 1534 2474 vidisset
1544 2448 1649 2475 Azotias
1658 2448 1783 2475 mulieres
1796 2448 1844 2475 lle-

1052 2493 1131 2520 brreis
1143 2493 1268 2528 conjugio
1280 2492 1395 2528 junctas,
1413 2492 1537 2519 omnibus
1550 2493 1681 2527 persuasit
1695 2498 1722 2519 ut
1733 2493 1844 2527 promit-

1053 2543 1138 2566 terent
1153 2545 1182 2565 se
1195 2538 1279 2572 legem
1296 2537 1343 2564 Dei
1359 2541 1521 2564 servaturos.
1533 2537 1565 2564 Et
1578 2536 1656 2571 cjecit
1677 2537 1735 2564 illas
1750 2538 1843 2565 mulie~

1052 2591 1113 2616 res,
1132 2589 1265 2618 tamquam
1292 2583 1460 2617 illegitimas,
1476 2587 1502 2609 et
1528 2583 1652 2617 jurarunt
1675 2583 1789 2610 universi
1815 2591 1847 2611 se

1053 2630 1139 2664 legem
1153 2633 1316 2656 servaturos.
1342 2629 1427 2663 Atque
1443 2628 1477 2655 ita
1494 2627 1650 2655 sanctiﬁcatl
1670 2632 1697 2654 et
1712 2628 1846 2660 mundati,

1052 2674 1131 2702 laetati
1151 2678 1222 2705 sunt,
1245 2678 1272 2701 et
1295 2673 1416 2700 abierunt
1452 2673 1548 2708 singuli
1572 2673 1597 2699 in
1625 2673 1733 2699 domum
1756 2681 1843 2703 suam.

1084 2744 1090 2759 ¹
1106 2741 1188 2766 Altera
1200 2741 1318 2773 Synopsis,
1327 2740 1453 2773 sexaginta
1465 2739 1510 2766 ἰνω
1521 2740 1589 2773 (mni;
1598 2740 1672 2773 male.

1083 2774 1119 2804 (α)
1132 2773 1193 2804 Huic
1207 2771 1308 2804 Syuopsir
1326 2772 1393 2803 primi
1411 2771 1471 2804 libri
1488 2771 1717 2804 Esdrmusimilisest
1736 2773 1845 2804 Synopsis

1053 2801 1162 2836 ejusdem
1172 2801 1233 2836 libri,
1243 2801 1369 2836 gtiwititer
1377 2809 1453 2836 opera
1459 2802 1582 2836 Athanasii
1595 2802 1725 2836 reperitur:
1735 2801 1776 2829 Qui
1787 2807 1845 2836 vero

1052 2829 1142 2866 p'rimus
1153 2829 1232 2866 Esdrze
1243 2829 1306 2858 liber
1318 2834 1358 2866 hic
1368 2829 1463 2861 dicitur,
1476 2836 1514 2857 est
1526 2829 1660 2866 iu_Vulgata
1670 2831 1765 2860 tertius,
1779 2834 1805 2856 et
1816 2829 1849 2857 ad

1054 2864 1144 2891 calcem
1156 2864 1284 2890 Bibliorum
1296 2865 1387 2895 positus
1400 2868 1469 2888 extra
1477 2864 1612 2888 canonicos.
