2060 3125
196 167 254 196 559

203 225 329 252 Narratur
343 227 430 250 autem
446 227 472 250 et
487 222 538 250 hoc
551 223 585 249 de
599 221 694 254 Esdra,
709 219 778 255 quod
793 227 852 246 cum
868 218 927 245 libri
943 225 990 252 per

203 270 332 298 incuriam
344 269 431 304 populi
442 274 468 296 et
482 269 633 296 diuturnam
646 267 824 301 captivitatem
840 265 989 300 periissem,

203 317 260 352 Ipse
272 317 342 349 illos,
358 323 417 343 cum
431 316 471 342 vir
484 319 556 343 esset
566 315 670 342 honesti
686 313 831 345 studiosus,
846 311 992 338 industrius

202 367 229 389 et
243 362 328 389 lector
338 383 345 394 ,
357 362 426 396 apud
448 369 478 388 se
500 361 588 387 omnia
602 359 774 390 custodierit,
789 365 820 384 ac
836 357 990 392 protulerit,

204 415 234 434 ac
249 415 354 434 rursum
369 406 492 439 ediderit,
509 410 587 439 atque
600 405 638 431 sic
654 404 734 430 libros
748 403 902 430 servaverit.

492 460 569 479 LIBER
588 459 699 479 ESTHER.

241 499 288 526 llic
301 499 367 527 liber
381 498 479 525 Esther
492 503 608 529 vocatur,
625 497 684 531 quia
706 504 753 530 per
768 495 905 522 Estheram
926 495 994 521 Deus

204 553 265 572 mox
281 544 397 571 funditus
411 544 542 578 perituros
555 543 662 570 Juda-os
676 542 800 574 servavit,
820 541 903 568 Aman
919 548 992 571 vero,

204 589 248 623 qui
274 589 382 616 insidias
409 587 628 618 machinabatur,
660 587 800 620 percussit.
833 587 995 612 Artaxerxes

205 634 274 661 enim
289 641 335 660 rex
349 633 501 664 Persarum,
514 632 650 667 repudiata
664 639 746 658 uxore
758 638 815 662 sua,
827 631 904 657 aliam
917 630 942 656 in
954 638 995 656 re-

203 685 256 713 gno
267 686 326 709 suo.
343 686 401 712 quze
416 679 533 705 omnium
555 682 624 704 esset
646 677 821 712 pulcherrima
847 680 873 702 ct
897 675 996 702 formo-

204 724 318 755 sissima,
335 724 383 750 sibi
397 724 521 758 quaesivit
536 730 660 753 uxorein;
676 727 701 749 et
718 723 822 748 inventa
833 725 873 747 est
887 721 993 752 Esther,

205 770 311 797 natione
321 769 424 796 Judaea.
440 769 477 795 llli
488 773 616 803 cognatus
628 773 685 795 erat
695 768 802 794 nomine
814 766 995 793 Mardochaius

204 823 235 842 ex
252 815 403 848 captivitate
416 821 475 848 qua:
490 814 539 840 sub
554 813 662 840 Sedecia
677 813 743 840 facta
759 812 844 839 fuerat
861 812 887 838 in
901 812 994 838 cadem

205 860 322 894 regione.
335 859 389 886 Rex
398 859 486 893 itaque
499 866 557 885 cum
573 859 710 885 extulisset
724 865 831 884 suorum
843 856 994 891 quemdam,

206 906 337 932 Amanum
351 905 468 935 nomine,
482 905 596 938 jusserat
614 903 686 930 illum
700 903 733 929 ab
745 902 866 929 omnibus
879 901 994 928 adorari.

205 950 258 977 Sed
279 958 338 976 eum
360 949 542 976 Mardochzetts
565 949 692 983 religione
711 955 773 982 erga
794 947 876 974 Deum
896 951 994 980 motus,

205 995 339 1022 hominem
354 1002 405 1021 non
420 995 550 1025 adoraret,
562 1001 617 1021 retu
633 993 738 1027 indigne
749 993 807 1020 tulit
818 993 912 1024 Aman,
923 999 997 1019 cum-

205 1048 257 1075 que
276 1040 411 1067 didicisset
437 1040 522 1074 ipsum
541 1047 601 1066 esse
621 1038 741 1066 Judaeum
755 1059 761 1070 ,
787 1038 841 1072 regi
858 1037 996 1064 Artaxerxi

205 1085 346 1119 persuadet
362 1090 390 1111 ut
412 1085 510 1119 scripto
532 1083 622 1118 jubeat
645 1083 783 1110 universos
806 1083 832 1110 in
853 1090 934 1117 regno
948 1090 997 1109 suo

205 1130 311 1158 Iudaeos
324 1139 377 1157 uno
390 1130 433 1157 die
448 1130 545 1156 mensis
555 1129 703 1156 duodecimi
720 1130 823 1163 penitus
836 1133 861 1156 et
878 1128 997 1155 funditus

205 1175 299 1202 deleri.
316 1175 355 1202 Re
367 1179 504 1209 comperta
517 1174 708 1207 Mardochreus,
728 1174 794 1201 luxit
812 1178 838 1201 et
856 1173 995 1208 jejunavit,

205 1225 283 1255 atque
296 1220 416 1247 Esthera:
430 1221 501 1247 misit
521 1228 616 1255 rogans
631 1228 708 1255 opem
727 1220 817 1248 ferret.
838 1221 935 1248 Esther
950 1221 999 1248 ita-

204 1274 256 1301 que
268 1266 411 1300 prtcmissis
422 1266 523 1300 jejunio
537 1271 564 1293 et
576 1267 772 1301 precationibus
784 1266 816 1293 ad
832 1267 924 1299 Deum,
937 1275 997 1294 mu-

205 1311 282 1338 liebri
295 1319 324 1338 se
337 1312 434 1338 mundo
447 1311 548 1338 ornavit
561 1320 567 1338 :
584 1318 632 1338 nec
645 1315 735 1338 vocata
747 1311 844 1346 (neque
856 1312 926 1338 cnim
940 1316 998 1338 erat

205 1357 304 1382 licitum
321 1363 372 1382 non
387 1356 485 1382 vocatis
499 1355 573 1382 adire
587 1355 700 1390 regem),
714 1360 830 1382 attamen
844 1353 995 1383 intravit'ad

204 1409 305 1436 regem,
322 1409 374 1428 non
390 1407 541 1435 exspectata
564 1402 691 1435 temporis
709 1402 916 1436 opportunitate,
935 1410 996 1436 spe-

205 1454 268 1473 rans
287 1446 466 1481 precationem
485 1447 690 1481 opportunitatis
709 1447 767 1473 loco
788 1447 912 1475 futuram.
931 1447 996 1474 Cum

205 1497 292 1520 autem
309 1501 354 1520 rex
370 1493 536 1520 insolentiam
557 1492 617 1519 facti
633 1493 783 1524 miraretur,
800 1493 843 1520 illa
857 1493 884 1520 in
899 1498 996 1520 terram

205 1546 260 1573 pra:
278 1542 349 1566 metu
363 1539 479 1573 eullapsa
493 1543 543 1566 est.
560 1539 593 1565 At
613 1540 682 1573 regis
706 1539 869 1567 iracundiam
887 1541 955 1567 Deus
971 1540 996 1567 in

205 1591 312 1610 suavem
327 1583 450 1610 aﬂ'eetum
472 1588 499 1611 et
518 1584 746 1611 mansuetudinem
770 1585 892 1618 mutavit,
913 1586 947 1612 ita
968 1591 996 1612 ut

204 1636 316 1663 surgens
328 1633 485 1663 prostratam
504 1629 575 1656 illam
590 1630 712 1663 erigeret.
730 1634 757 1657 et
777 1635 876 1657 metum
897 1637 997 1665 ponere

206 1673 366 1706 hortaretur,
383 1674 436 1700 imo
445 1674 579 1708 optionem
595 1674 670 1701 daret
684 1675 788 1708 petendi
803 1675 928 1710 quidquid
944 1677 998 1703 vel-

206 1718 252 1746 let.
269 1718 313 1745 llla
329 1723 358 1746 ut
372 1727 418 1746 rex
432 1727 492 1746 cum
510 1721 613 1746 Amano
630 1720 663 1747 ad
685 1721 833 1747 convivium
851 1728 927 1748 suum
949 1730 997 1749 ve-

206 1763 264 1790 nire
279 1762 444 1798 dignaretur,
464 1771 516 1791 non
529 1765 622 1796 semel,
638 1765 684 1792 sed
703 1766 819 1792 secundo
832 1774 937 1800 quoque
951 1775 997 1801 pe-

206 1809 255 1835 tiit.
271 1808 356 1836 Aman
368 1817 422 1842 pne
430 1809 525 1843 gaudio
535 1809 636 1837 etfusus
646 1817 676 1837 ac
685 1812 811 1844 gestiens,
823 1811 892 1846 quod
900 1812 996 1846 dignus

207 1855 349 1882 haberetur
365 1863 379 1881 a
396 1856 485 1889 regina
504 1856 608 1888 vocari,
630 1856 716 1883 adhuc
736 1857 850 1890 amplius
869 1857 996 1884 adversus

206 1900 402 1927 Mardocha‘um
415 1901 566 1935 erigebatur
580 1910 587 1928 :
603 1901 756 1936 curavitque
770 1902 869 1936 lignum
883 1902 996 1930 sublime

205 1946 301 1977 excidi,
316 1947 409 1973 volens
422 1948 448 1973 in
468 1954 500 1973 eo
519 1952 646 1982 sequente
658 1947 701 1974 die
716 1947 878 1981 suspendere
891 1948 996 1975 Mardo-

206 1992 321 2019 chaaum.
337 1992 393 2019 Rex
407 1999 472 2019 vero
487 1991 555 2018 bona
569 1992 682 2026 quadam
700 1992 876 2026 providentia,
891 1997 994 2020 noctem

206 2038 276 2064 illam
291 2037 365 2064 duxit
379 2038 537 2069 insomnem.
554 2042 651 2064 etcum
666 2038 782 2065 dormire
797 2039 927 2073 nequiret.
937 2040 995 2073 jus-

202 2082 240 2108 sit
252 2081 301 2108 sibi
315 2082 520 2109 commentarios
542 2087 660 2110 actorum
676 2090 782 2110 suorum
803 2084 860 2118 legi.
877 2084 996 2118 Cumque

207 2127 369 2160 tegerentur,
385 2131 492 2153 ventum
507 2132 547 2154 est
561 2127 594 2154 ad
608 2135 668 2155 eum
688 2128 786 2161 locum,
802 2129 827 2155 in
850 2137 902 2163 quo
931 2131 998 2157 scri-

206 2175 277 2203 ptum
288 2176 346 2198 erat
354 2171 510 2198 beneﬁcium
522 2173 576 2206 regi
587 2180 600 2198 a
611 2172 914 2201 Mardochmocollatum.
925 2175 995 2203 Duos

205 2215 275 2242 enim
288 2215 424 2243 eunuchos
449 2217 503 2251 regi
526 2217 700 2250 insidiantes,
724 2219 779 2252 regi
801 2219 954 2253 prodiderat
968 2225 995 2247 et

203 2260 366 2288 convicerat.
381 2259 428 2287 llic
443 2268 491 2287 rex
510 2261 545 2287 ob
560 2261 717 2288 Mardochrei
731 2262 846 2290 ofﬁcium
861 2268 935 2298 grato
953 2264 994 2290 af-

205 2304 288 2331 tectus
300 2305 399 2336 animo,
413 2305 550 2339 qumrehat
561 2313 675 2340 quonam
689 2307 760 2333 illum
773 2307 873 2335 honore
885 2316 932 2342 pro
944 2309 994 2336 hoc

205 2348 334 2376 beneﬁcio
344 2349 466 2376 donaret.
481 2349 546 2377 Cum
560 2355 649 2378 autem
665 2359 742 2378 mane
753 2353 785 2378 ad
798 2360 858 2379 eum
873 2354 995 2388 ingrede-

205 2398 277 2420 retur
289 2395 384 2426 Aman,
399 2395 492 2428 quaerit
506 2395 538 2422 ab
551 2395 596 2422 illo
615 2404 672 2429 rex,
686 2405 800 2431 quonam
819 2403 845 2425 et
860 2400 929 2432 quali
944 2399 993 2426 ho-

205 2444 269 2464 uore
280 2438 375 2471 dignus
390 2439 424 2465 sit
439 2440 469 2470 is,
485 2441 528 2474 qui
546 2448 634 2474 regem
650 2442 779 2468 beneﬁcio
796 2442 936 2470 aﬁ‘ecisset.
952 2444 992 2470 Ad

206 2482 255 2508 hoc
271 2483 365 2513 Aman.
379 2491 437 2509 cum
452 2491 481 2510 se
493 2485 666 2512 arbitraretur
678 2493 737 2512 eum
752 2495 821 2519 esse,
837 2487 870 2514 de
881 2496 933 2522 quo
947 2496 992 2515 rex

204 2528 349 2562 qttcerebat,
364 2528 470 2563 dignum
484 2537 545 2557 esse
563 2531 629 2558 dixit
648 2532 691 2566 qui
711 2533 843 2560 secundus
857 2542 902 2561 rex
914 2543 992 2562 voca-

205 2577 286 2600 retur.
300 2573 354 2599 Rex
375 2574 453 2608 igitur
468 2575 661 2603 Mardochmttm
679 2577 723 2604 illo
739 2577 839 2604 honore
852 2580 991 2613 celebrari,

203 2623 230 2644 et
243 2619 327 2645 Aman
343 2623 404 2646 ante
420 2619 490 2646 ilhun
502 2622 646 2655 procedere
658 2623 745 2657 jussit.
759 2625 855 2651 Esther
869 2634 932 2652 vero
947 2636 992 2660 op-

204 2664 392 2697 portunitatem
410 2671 485 2692 nacta
509 2674 556 2700 pro
576 2667 674 2695 Judais
693 2670 787 2696 oravit.
811 2671 910 2698 Deinde
932 2681 991 2699 cum

205 2717 251 2735 rex
263 2716 379 2737 maerore
392 2710 500 2738 aﬁ'ectus
516 2719 623 2747 propter
638 2714 772 2749 indignum
786 2721 876 2743 contra
885 2717 992 2745 .ludzeos

205 2753 336 2786 edictum,
362 2759 389 2782 et
415 2754 542 2784 adversus
570 2759 698 2786 Amanum
721 2760 803 2787 iratus
823 2769 910 2795 esset,
936 2763 992 2797 ipse

205 2800 300 2842 Aman,
316 2808 377 2835 rege
394 2801 514 2835 absente,
535 2803 654 2831 Estbera:
673 2805 838 2840 supplicavit,
859 2807 891 2834 ad
906 2816 990 2842 genua

205 2841 274 2871 illius
290 2848 464 2880 procumbens
478 2854 556 2884 atque
570 2850 691 2877 adorans.
704 2851 768 2884 Rex,
783 2861 842 2879 cum
858 2841 990 2888 ingressus

572 164 598 192 S.
619 162 757 192 JOANNIS
773 158 1010 190 CHRYSOSTUMI
1030 158 1186 186 ARCHIEP.
1207 158 1471 186 CONSTANTINOP.

1785 158 1836 185 530

1046 217 1148 244 videret
1165 218 1294 244 Amanum
1307 225 1392 252 genua
1405 217 1502 252 regina:
1514 217 1676 253 contingere.
1690 218 1837 252 suspicatus

1045 262 1115 297 quod
1129 263 1299 298 turpitudinis
1311 271 1388 290 causa
1403 263 1429 290 id
1448 262 1564 296 faceret,
1575 263 1651 298 jussit
1666 265 1750 290 Aman
1768 265 1795 292 in
1808 264 1838 291 li-

1045 316 1108 343 gno,
1124 308 1194 344 quod
1216 309 1382 336 Mardochmo
1403 313 1550 343 paraverat,
1572 309 1715 343 suspendi;
1733 311 1839 344 scripsit

1045 359 1132 381 autem
1141 358 1170 381 ut
1179 354 1262 382 Judmi
1269 355 1374 389 quidem
1382 362 1474 382 omnes
1485 354 1665 381 incolumitate
1676 355 1836 388 fruerentur,

1046 400 1137 428 hostes
1151 408 1216 427 vero
1235 407 1327 427 eorum
1343 401 1376 427 ab
1395 401 1446 428 illis
1467 400 1692 427 interimerentur.
1707 400 1838 428 Numerus

1045 451 1133 473 autem
1149 454 1240 473 eorum
1252 447 1295 481 qui
1311 455 1324 474 a
1340 447 1437 473 Judtcis
1447 447 1527 473 occisi
1542 452 1613 479 sunt,
1629 446 1837 482 l'uitquindecim

1047 492 1180 519 millium:
1202 492 1313 527 ideoque
1334 493 1392 519 festi
1414 492 1466 519 illis
1479 492 1536 519 dies
1557 492 1629 519 fuere
1654 492 1711 518 dies
1730 497 1838 527 quartus

1047 537 1174 570 decimus,
1192 543 1218 564 et
1240 539 1349 572 quintus
1363 538 1481 565 decimus
1497 538 1597 565 mensis
1612 537 1772 569 duodecimi,
1794 538 1838 572 qui

1047 588 1156 610 vocatur
1170 583 1250 610 Adur.
1266 583 1380 610 Vocatur
1394 588 1481 610 autem
1497 583 1539 609 illa
1551 583 1608 611 dies
1622 584 1739 618 ipsorum
1751 583 1838 618 lingua

1047 628 1144 655 Phura.
1161 629 1327 663 Quapropter
1351 629 1392 655 illa
1417 629 1460 656 die
1482 629 1566 656 .luda-i
1584 629 1715 656 Amanum
1730 628 1839 656 combu-

1048 678 1118 705 runt,
1135 678 1161 700 et
1175 674 1270 700 festum
1283 674 1352 701 diem
1366 679 1446 708 agunt
1462 674 1554 701 salutis
1565 674 1682 708 ipsortnn
1699 674 1842 701 memoria-

1049 719 1111 745 lcm.
1124 717 1151 745 In
1165 719 1258 754 hisque
1273 719 1430 746 terminatur
1440 719 1518 746 liber.

1348 773 1426 792 LIBER
1444 773 1533 792 TOBIT.

1084 809 1162 836 Tobit
1175 814 1285 837 vocatur
1299 809 1341 836 hic
1352 810 1428 842 liber,
1444 811 1505 845 quia
1517 810 1598 844 ipsius
1610 810 1689 837 Tobit
1703 810 1839 838 historiam

1048 856 1174 882 continet.
1188 855 1249 882 Erat
1262 860 1349 882 autem
1360 855 1437 882 Tobit
1450 855 1484 882 de
1497 855 1564 882 tribu
1581 855 1760 890 Nephthalim,
1777 856 1840 883 fuit-

1049 908 1100 935 que
1122 901 1146 928 in
1169 901 1346 935 captivitatem
1368 901 1507 933 adductus,
1522 906 1549 928 et
1562 901 1675 935 degebat
1694 902 1843 930 incivitate

1048 945 1152 978 Ninive,
1165 946 1316 973 misericors
1326 953 1356 973 ac
1371 946 1519 981 religiosus.
1536 946 1638 973 Etenim
1650 954 1710 974 cum
1722 948 1746 973 in
1758 948 1842 982 capti-

1049 992 1129 1019 vitate
1141 997 1222 1025 esset,
1237 1000 1404 1019 communem
1419 1000 1513 1027 panem
1525 1000 1558 1020 ex
1568 993 1691 1027 gentibus
1706 1000 1758 1020 non
1770 1001 1843 1021 eom-

1049 1037 1113 1070 edit,
1135 1037 1181 1064 sed
1202 1038 1319 1072 seipsum
1346 1038 1496 1065 custodivit.
1529 1038 1592 1065 Erat
1617 1044 1704 1066 autem
1728 1047 1841 1067 annona:

1050 1083 1189 1117 praefectus
1204 1083 1273 1117 apud
1296 1091 1384 1118 regem
1407 1084 1607 1116 Euemasarum,
1624 1089 1651 1112 et
1673 1085 1794 1120 deposuit
1814 1086 1841 1113 in

1049 1129 1132 1156 Media
1144 1129 1236 1156 dotem
1249 1129 1345 1156 talenta
1359 1129 1427 1163 apud
1442 1129 1595 1157 Gabaelem.
1611 1129 1654 1156 lsti
1670 1138 1749 1164 porro
1763 1131 1842 1158 Tobit

1049 1174 1164 1202 studium
1178 1179 1234 1201 erat
1247 1174 1392 1209 sepeliendi
1408 1179 1526 1201 mortuos
1537 1182 1569 1202 ex
1581 1175 1690 1202 Judzeis.
1708 1175 1790 1210 llujus
1803 1176 1841 1203 rei

1049 1221 1131 1254 gratia
1144 1220 1247 1246 delatus
1266 1220 1298 1247 ad
1317 1228 1407 1254 regem
1421 1220 1584 1253 Achirelem,
1604 1220 1665 1255 fuga
1681 1221 1730 1247 sibi
1744 1228 1842 1248 consu-

1051 1265 1110 1292 luit.
1127 1265 1326 1300 Regressusquc
1340 1273 1354 1292 e
1372 1265 1430 1300 fuga
1441 1286 1448 1297 ,
1469 1273 1528 1292 cum
1546 1271 1709 1293 mortuorum
1729 1267 1844 1301 aliquem

1049 1310 1197 1344 sepelisset,
1211 1315 1286 1338 extra
1304 1317 1395 1337 muros
1407 1310 1575 1342 obdormivit,
1589 1316 1615 1338 et
1629 1318 1689 1338 cum
1708 1319 1755 1345 pro
1769 1319 1844 1338 more

1050 1363 1099 1381 suo
1113 1360 1220 1389 apertos
1234 1355 1345 1382 haberet
1358 1356 1427 1382 inter
1439 1355 1623 1383 dormiendum
1637 1356 1738 1389 oculos,
1754 1363 1844 1390 passe-

1049 1400 1123 1427 ribus
1135 1409 1250 1436 superne
1263 1402 1289 1428 in
1303 1401 1393 1428 oculos
1411 1402 1468 1436 ejus
1482 1406 1585 1429 stercus
1601 1403 1793 1434 emittentibus,
1804 1403 1844 1429 al-

1050 1445 1174 1480 bugiuem
1192 1446 1333 1478 contraxit,
1355 1453 1440 1481 neque
1457 1446 1524 1473 ultra
1545 1447 1662 1474 videbat.
1676 1447 1739 1474 Erat
1755 1453 1844 1474 autent

1050 1489 1192 1517 Ecbatanis
1213 1490 1265 1517 ﬁlia
1281 1491 1404 1525 ltaguelis
1418 1492 1522 1526 cognati
1537 1492 1619 1526 ipsius
1632 1491 1712 1520 Sarra
1726 1493 1843 1519 nomine.

1049 1535 1123 1563 lianc
1133 1535 1236 1563 daemon
1252 1537 1408 1564 Asmodzeus
1419 1544 1469 1564 non
1485 1537 1653 1572 permittebat
1665 1541 1694 1565 ut
1705 1538 1843 1573 quisquam

1050 1589 1159 1609 uxorem
1182 1582 1291 1610 duceret
1308 1583 1383 1618 :jam
1407 1583 1478 1610 enim
1501 1588 1602 1618 septem
1630 1583 1772 1618 occiderat,
1799 1585 1843 1619 qui

1050 1626 1121 1654 illam
1134 1635 1257 1661 sponsam
1273 1633 1438 1662 acceperant.
1454 1628 1566 1663 Propter
1581 1628 1650 1656 hanc
1663 1635 1769 1656 causam
1782 1637 1843 1656 curn

1049 1672 1222 1700 vehementer
1242 1673 1396 1700 eontristata
1423 1677 1504 1706 esset,
1527 1674 1628 1706 oravit;
1653 1674 1777 1709 misitque
1804 1675 1842 1702 illi

1051 1717 1121 1744 Deus
1144 1718 1327 1745 auxiliatorem
1356 1718 1517 1752 Raphaelem
1544 1719 1742 1754 archangelum.
1765 1719 1844 1747 Tobit

1048 1763 1137 1797 igitur,
1151 1771 1210 1790 cum
1223 1763 1278 1790 ﬁlio
1289 1770 1337 1790 suo
1349 1763 1439 1791 Tobiae
1452 1764 1608 1798 praeciperet
1625 1772 1658 1791 ne
1671 1765 1721 1792 sibi
1736 1765 1843 1792 aliunde

1049 1816 1169 1840 uxorem,
1185 1817 1262 1843 quam
1276 1817 1308 1835 ex
1324 1809 1395 1835 tribu
1416 1814 1442 1836 et
1466 1810 1623 1844 cognatione
1645 1817 1692 1837 sua
1707 1810 1817 1837 dttceret
1833 1833 1840 1843 ,

1049 1853 1093 1880 dat
1107 1854 1142 1879 illi
1159 1853 1364 1888 chirographum
1378 1854 1470 1881 decem
1485 1855 1654 1887 talentorum,
1670 1855 1842 1890 praecipitqu

1049 1903 1078 1925 ut
1092 1898 1168 1925 abeat
1182 1903 1208 1925 et
1226 1903 1327 1933 repetat
1349 1899 1402 1925 illa.
1425 1899 1506 1926 Filius
1519 1904 1618 1931 autem,
1632 1907 1693 1926 cum
1709 1907 1758 1926 nec
1771 1900 1840 1926 viam

1049 1948 1149 1975 nosset,
1164 1950 1213 1970 nec
1233 1942 1367 1970 hominem
1383 1943 1416 1970 ad
1432 1951 1510 1978 quem
1532 1949 1589 1971 erat
1609 1944 1839 1979 proﬁciscemlmn.

1048 1996 1169 2024 egressus
1184 1993 1224 2016 est
1239 1993 1268 2016 ut
1281 1990 1331 2015 viae
1343 1989 1392 2016 sibi
1405 1990 1505 2016 socium
1522 1995 1663 2024 quzereret,
1678 1995 1705 2017 et
1721 1991 1765 2017 Dei
1775 1998 1840 2025 pro-

1048 2035 1163 2062 videntia
1177 2035 1269 2062 incidit
1284 2035 1310 2062 in
1324 2035 1496 2070 Raphaelem,
1512 2036 1558 2070 qui
1575 2036 1689 2063 hominis
1705 2037 1787 2063 l'omta
1804 2036 1840 2063 fo-

1049 2081 1085 2107 ris
1098 2081 1193 2112 stabat,
1211 2081 1348 2115 pretioque
1368 2081 1439 2108 illum
1460 2081 1596 2113 conduxit,
1613 2090 1645 2109 eo
1658 2081 1729 2116 quod
1744 2090 1772 2109 se
1790 2083 1840 2108 via:

1048 2125 1126 2160 hujus
1140 2134 1249 2160 gnarum
1263 2134 1322 2153 esse
1341 2127 1450 2154 diceret.
1472 2127 1620 2155 Comitatus
1638 2128 1726 2162 itaque
1744 2133 1783 2155 est
1807 2128 1839 2154 ii-

1047 2172 1101 2198 lutn
1112 2171 1286 2206 archangelus
1302 2173 1326 2199 in
1343 2174 1430 2206 specie
1444 2173 1569 2206 hominis,
1584 2174 1628 2208 qui
1645 2175 1752 2201 Azarias
1764 2174 1838 2201 dice-

1048 2223 1130 2245 retur.
1142 2218 1207 2245 Cum
1223 2223 1310 2246 autem
1323 2219 1355 2245 ad
1370 2219 1504 2254 Tigridem
1522 2227 1605 2255 usque
1620 2220 1727 2247 ﬂuvium
1744 2228 1839 2254 perve-

1047 2263 1159 2294 nisseut,
1171 2263 1275 2290 volebat
1285 2263 1381 2290 Tobias
1395 2265 1419 2290 in
1433 2265 1505 2291 illum
1519 2265 1621 2292 lavandi
1633 2266 1715 2300 gratia
1727 2266 1836 2293 descen-

1047 2309 1120 2342 dere,
1134 2314 1159 2336 et
1172 2318 1231 2336 mox
1245 2310 1323 2343 piscis
1334 2311 1426 2345 ingens
1438 2311 1537 2337 insiluit
1551 2312 1576 2338 in
1591 2313 1837 2347 ptterum.Angelus

1046 2363 1110 2382 vero
1130 2356 1263 2390 prmccpit,
1282 2361 1309 2382 ut
1327 2357 1424 2390 piscem
1448 2357 1517 2383 hunc
1536 2358 1748 2393 apprehenderet
1769 2359 1838 2385 etin

1048 2401 1129 2426 frusta
1144 2406 1257 2432 secaret,
1276 2406 1354 2435 atque
1373 2401 1441 2428 illius
1458 2401 1549 2436 hepar,
1563 2410 1610 2429 cor
1622 2407 1648 2430 et
1662 2403 1740 2430 bilem
1755 2403 1836 2430 desu-

1047 2451 1141 2477 nteret,
1157 2450 1184 2472 et
1199 2450 1326 2472 servaret.
1350 2446 1469 2480 ltogante
1489 2454 1580 2481 postea
1603 2455 1696 2481 puero,
1713 2448 1738 2474 in
1757 2456 1836 2482 quem

1046 2499 1122 2518 usum
1145 2490 1188 2517 illa
1208 2491 1302 2524 furettt,
1329 2492 1466 2527 respondit
1482 2501 1489 2519 :
1512 2492 1600 2527 llepar
1618 2498 1645 2520 et
1664 2501 1710 2521 cor
1729 2494 1837 2522 incensa

1046 2535 1193 2563 daemonem
1217 2536 1345 2571 fugabunt
1360 2546 1366 2564 :
1381 2537 1440 2564 bilis
1458 2546 1521 2565 vero
1534 2538 1670 2565 oculorum
1686 2539 1836 2573 altmgmcm

1046 2583 1207 2617 repurgabit.
1229 2583 1313 2617 llujus
1331 2591 1381 2618 ope
1403 2589 1430 2610 et
1450 2584 1563 2611 consilio
1581 2584 1677 2611 Tobias
1694 2585 1838 2612 iiliamRa-

1045 2629 1128 2662 guelis
1143 2628 1248 2659 Sarram
1264 2636 1371 2656 uxorem
1389 2629 1474 2661 duxit,
1489 2637 1550 2656 cum
1571 2629 1615 2656 illo
1633 2630 1722 2657 suﬁitu
1734 2630 1835 2658 dminu-

1046 2683 1106 2702 nem
1121 2675 1244 2709 fugasset,
1257 2676 1300 2710 qui
1315 2676 1340 2702 in
1354 2676 1536 2710 superioribus
1553 2676 1658 2711 (Egypti
1672 2677 1791 2712 partibus
1803 2678 1836 2704 ah

1045 2720 1138 2754 angelo
1154 2721 1247 2754 ligatus
1268 2726 1318 2747 est.
1341 2721 1406 2747 Dum
1427 2725 1515 2748 autem
1535 2729 1594 2747 cum
1616 2729 1698 2749 uxore
1716 2727 1836 2750 maneret

1045 2765 1152 2797 Tobias,
1175 2765 1294 2792 Azariam
1317 2771 1448 2801 tamquam
1465 2766 1598 2793 hominem
1618 2767 1642 2793 in
1658 2767 1769 2794 Mediam
1785 2768 1835 2794 mi-

1046 2810 1078 2836 sit
1095 2818 1100 2834 :
1115 2817 1228 2844 cumque
1251 2818 1296 2844 per
1313 2811 1384 2837 illum
1406 2811 1498 2837 decem
1515 2811 1612 2838 talenta
1631 2812 1786 2846 recepisset.
1802 2812 1835 2839 ad

1047 2860 1147 2888 patrem
1163 2864 1211 2882 una
1227 2864 1286 2882 cum
1303 2857 1347 2884 illo
1365 2862 1391 2883 et
1411 2865 1492 2884 uxore
1510 2865 1555 2883 sua
1578 2865 1700 2884 reversus
1715 2863 1766 2884 est-
1781 2857 1832 2885 lic-
