2060 3125
203 142 254 171 559

201 199 282 231 αὐτὸς
299 199 425 235 Ἔσδρας,
443 199 583 234 φιλόκαλος
597 201 634 228 ὢν
656 201 701 227 καὶ
718 200 828 237 εὐφιλὴς,
847 203 894 228 καὶ
917 203 983 229 ἀνα-

202 241 333 276 γνώστης,
350 241 464 274 ἐφύλαξε
477 242 575 274 πάντα,
596 243 642 268 καὶ
652 242 743 268 λοιπὸν
758 244 921 278 προήνεγκε,
937 244 984 270 καὶ

202 282 282 310 πάλιν
295 282 436 309 ἐκδέδωκε·
454 283 500 309 καὶ
517 283 587 309 οὕτω
602 282 762 315 διασώζεται
777 283 811 310 τὰ
823 283 923 318 βιϐλία.

445 355 455 365 ⁸
478 350 588 384 ἘΟ-θὴρ
604 351 735 383 βιϐλίον.

242 407 340 442 Ἐσθὴρ
355 407 474 433 καλεῖται
490 408 519 434 τὺ
538 408 648 443 βιϐλίον,
660 408 752 443 ἐπειδὴ
764 408 808 434 διὰ
821 408 869 442 τῆς
884 407 982 442 Ἑσθὴρ

144 462 148 465 -
199 448 214 473 6
225 447 290 479 Θεὸς
301 448 445 483 μέλλοντας
460 449 606 475 ἀπολέσθαι
619 449 742 483 παγγενῆ
751 450 813 479 τοὺς
830 449 980 480 Ἰουδαίους,

199 489 298 520 αὐτοὺς
312 489 360 524 μὲν
378 489 500 522 διέσωσε,
516 490 561 516 τὸν
579 490 607 516 δὲ
627 490 712 526 Ἀμάν
735 490 923 516 ἐπιϐουλεῦσαι
939 489 981 515 θε⁴

198 529 318 565 λήσαντα
334 530 477 563 ἐπάταξεν.
499 531 679 567 Ἀρταξέρξης
692 533 745 567 γάρ
762 532 775 557 6
794 532 919 566 βασιλεὺς
933 531 982 566 τὴν

200 571 267 597 ἰδίαν
284 571 405 598 ἐκϐαλὼν
423 573 549 606 γυναῖκα,
567 571 696 607 ἐζήτησεν
713 573 741 598 έν
755 573 787 607 τῇ
802 572 923 608 βασιλείᾳ
935 572 982 598 αὖ-

198 611 245 638 τοῧ
266 612 315 646 τὴν
341 613 449 640 πάντων
472 613 618 648 καλλίστην
641 611 723 640 οὖσαν
745 614 792 640 καὶ
814 614 981 649 ὡραιοτέραν

197 652 288 679 λαϐεῖν
305 653 393 687 ἐαυτῷ
410 656 536 688 γυναῖκαο
557 655 605 681 καὶ
626 654 724 690 εὑρέθη
741 655 841 690 Ἐσθὴρ
855 654 885 681 τὸ
905 655 981 688 γένος

204 693 317 721 Ἰουδαία
331 695 512 730 τυγχάνουσα.
527 694 581 722 Ἦν
594 696 623 722 δὲ
638 697 685 722 καὶ
697 695 868 730 Μαρδοχαῖος
883 703 980 729 συγγε-

197 734 246 769 νὴς
262 735 346 769 αὐτῆς
360 736 413 762 ἀπὸ
429 737 478 771 τῆς
491 737 678 772 αἰχμαλωσίας
694 736 744 771 τῆς
767 736 916 771 γενομένης
935 736 980 762 ἐπὶ

198 775 321 802 Σεδεκίου
334 777 363 802 ὲν
378 777 445 812 αὐτῇ
466 779 499 813 τῇ
521 777 608 812 χώρᾳ.
631 777 660 804 '0
680 775 726 804 οὖν
750 777 874 812 βασιλεὺς
895 777 980 812 μέγαν

199 817 312 852 ποιήσας
326 818 372 844 τὸν
381 818 524 853 λεγόμενον
545 818 639 853 Ἀμάν,
650 818 775 844 ἐκέλευσε
789 818 893 848 πάντας
900 817 980 843 αὐτὸν

198 860 368 894 προσκυνεῖν.
392 860 471 886 Ἀλλά
486 859 533 886 τοῦ
544 859 715 895 Μαρδοχαίου
727 861 759 894 τῇ
772 859 839 894 πρὸς
853 858 918 885 Θεὸν
932 859 980 885 λα-

197 900 276 935 τρεία
294 899 330 935 μὴ
355 900 567 935 προσκυνοῦντος
587 900 632 926 τὸν
652 900 806 935 ἄνθρωπον,
827 899 948 935 ὠργίσθη
965 900 979 926 6

203 940 298 975 Ἀμάν,
311 942 357 967 καὶ
372 941 464 976 μαθὼν
476 941 516 968 ὅτι
534 941 658 972 Ἰουδαῖός
675 942 747 973 ἐστι,
768 941 856 968 πείθει
872 940 918 967 τὸν
930 940 980 975 βα-

198 982 273 1008 σιλέα
290 982 480 1018 Ἀρταξέρξην,
494 983 541 1009 καὶ
555 983 656 1017 γράφει
670 982 739 1009 ὥστε
756 982 858 1013 πάντας
871 982 933 1013 τοὺς
950 982 979 1008 ἐν

196 1024 229 1057 τῇ
246 1022 368 1058 βασιλείᾳ
378 1023 459 1050 αὐτοῦ
477 1024 619 1054 Ἰουδαίους
628 1024 784 1058 όλορρίζους
793 1022 939 1050 ἀπολέσθαι
950 1024 979 1049 ὲν

199 1064 247 1099 μιᾷ
262 1064 354 1099 ἡμέρα⁵
365 1064 403 1099 τῷ
416 1064 556 1099 δωδεκάτῳ
570 1065 644 1099 μηνί.
660 1064 744 1090 Τοῦτο
755 1064 844 1091 τοίνυν
859 1063 951 1099 μαθὼν
964 1065 978 1090 6

197 1105 375 1140 Μαρδοχαῖος,
388 1106 505 1138 ἐπένθει,
523 1107 570 1132 καὶ
586 1106 731 1141 νηστεύων,
753 1105 914 1141 προῦπεμψε
929 1105 978 1140 τὴν

203 1148 301 1183 Ἑσθὴρ
315 1148 396 1181 ἀξιῶν
411 1149 487 1185 παρά
500 1150 583 1184 αὐτῆς
594 1149 718 1184 βοήθειαν
731 1149 865 1183 γενέσθαι.
886 1149 917 1174 'H
927 1149 979 1175 τοί-

196 1201 244 1218 νυν
263 1192 361 1227 Ὲσθὴρ
375 1192 554 1227 νηστεύσασα,
572 1193 619 1219 καὶ
633 1193 768 1228 εὐξαμένη
783 1192 823 1228 τῷ
835 1192 903 1227 Θεῷ,
918 1192 977 1218 ἐκό-

197 1244 299 1271 σμησεν
315 1237 413 1272 ἑαυτὴν
432 1236 470 1272 τῷ
490 1237 634 1272 γυναικείῳ
653 1237 763 1272 κόσμῳ,
790 1237 836 1263 καὶ
857 1236 893 1272 μὴ
911 1237 977 1272 κλη-

196 1279 271 1305 θεῖσα
281 1280 342 1312 (οὐκ
352 1277 386 1315 ἦν
397 1279 451 1316 γὰρ
463 1280 521 1312 ἐξὸν
538 1280 574 1316 μὴ
586 1280 730 1316 κληθεῖσαν
744 1280 894 1314 εἰσελθεῖν),
904 1280 977 1314 ὅμως

193 1322 302 1357 εἰσῆλθε
316 1323 390 1358 παρὰ
402 1324 447 1350 τὸν
461 1323 555 1359 καιρὸν
572 1323 641 1358 πρὸς
655 1323 700 1349 τὸν
722 1322 841 1357 βασιλέα,
858 1323 917 1349 ἀντὶ
929 1322 976 1348 τοῦ

194 1365 290 1401 καιροῦ
301 1367 333 1401 τῇ
347 1367 411 1402 εὐχῇ
426 1367 574 1402 θαρροῦσα.
592 1364 658 1392 Εἶτα
666 1366 712 1392 τοῦ
725 1365 857 1401 βασιλέως
872 1366 977 1400 θαυμά-

193 1409 284 1441 ζοντος
296 1410 326 1436 τὸ
340 1409 423 1442 ξένον,
440 1410 535 1436 ἔπεσεν
550 1410 638 1444 ἐκείνη
656 1410 709 1436 ἀπὸ
725 1409 772 1436 τοῦ
789 1409 882 1444 φόϐου.
904 1409 934 1436 '0
948 1409 976 1436 δὲ

192 1453 259 1484 Θεὸς
276 1453 405 1488 μετέϐαλε
420 1453 464 1480 τὸν
484 1453 569 1489 θυμὸν
585 1453 631 1480 τοῦ
652 1453 784 1488 βασιλέως
801 1454 841 1484 είς
854 1453 976 1479 διάθεσιν

194 1496 242 1522 καὶ
257 1497 406 1531 πραότητα·
425 1497 472 1523 καὶ
486 1496 603 1529 ἀναστὰς
622 1496 754 1523 ἐϐάστασε
777 1497 826 1532 τὴν
846 1498 976 1530 γυναῖκα,

196 1540 243 1566 καὶ
259 1540 406 1575 παρεκάλει
417 1541 501 1575 αὐτὴν
515 1540 551 1576 μὴ
564 1540 712 1574 φοϐεῖσθαι,
726 1540 794 1566 ἀλλά
804 1540 850 1566 καὶ
861 1540 976 1575 ἠξίωσεν

195 1583 279 1618 αὐτὴν
292 1584 435 1614 αἰτεῖσθαι,
456 1583 483 1609 εἴ
501 1592 527 1609 τι
550 1583 679 1618 βούλοιτο.
706 1583 739 1610 Ἥ
755 1584 782 1610 δὲ
805 1584 851 1610 ἐπὶ
870 1584 978 1610 δεῖπνον

194 1627 308 1661 ἠξίωσεν
325 1627 411 1653 ἐλθεῖν
428 1627 506 1653 αὐτόν
521 1635 550 1653 τε
569 1627 614 1654 τὸν
630 1627 741 1662 βασιλέα
751 1627 798 1653 καὶ
811 1627 857 1653 τδν
880 1627 974 1661 Ἀμάν,

194 1672 243 1706 οὐχ
260 1671 342 1703 ἆπαξ,
355 1670 422 1698 ἀλλά
439 1671 485 1698 καὶ
498 1671 632 1706 δεύτερον.
655 1672 683 1698 '0
697 1671 746 1706 μὲν
757 1668 803 1697 οὖν
823 1670 907 1706 Ἀμὰν
920 1670 976 1696 δια-

195 1713 287 1749 χυθεὶς
299 1714 346 1740 καὶ
356 1714 498 1748 γανωθεὶς,
520 1715 558 1746 ὡς
572 1715 625 1741 ὑπὸ
640 1714 689 1749 τῆς
701 1713 833 1749 βασιλίδος
853 1713 976 1746 ἀξιωθεὶς

193 1758 335 1793 κληθῆναι,
351 1759 390 1785 ἐτι
410 1759 508 1794 μᾶλλον
523 1759 640 1794 ἐπήρετο
649 1759 720 1785 κατά
734 1758 780 1785 τοῦ
792 1758 974 1793 Μαρδοχαίου,

193 1802 240 1828 καὶ
266 1801 376 1837 ἐποίησε
402 1801 478 1834 ξύλον
495 1802 612 1837 κοπῆναι
640 1802 722 1837 μέγα,
751 1801 910 1836 βουλόμενος
931 1801 976 1827 τὸν

192 1845 362 1880 Μαρδοχαῖον
378 1846 411 1880 τῇ
426 1845 488 1880 ἑξῆς
504 1844 595 1880 ἡμέρα
609 1846 637 1871 ὲν
652 1844 727 1879 αὐτῴ
738 1845 885 1880 κρεμάσαι.
904 1844 933 1871 '0
948 1844 976 1870 δὲ

194 1887 318 1922 βασιλεὺς
340 1889 410 1915 κατά
431 1897 491 1915 τινα
510 1889 636 1925 πρόνοιαν
655 1888 776 1923 ἀγαθὴν,
800 1888 976 1923 ἀγρυπνήσας

195 1931 302 1967 ἐκείνην
314 1931 362 1966 τὴν
375 1931 468 1963 νύκτα,
480 1933 526 1958 καὶ
541 1931 577 1967 μὴ
591 1931 736 1966 δυνάμενος
760 1931 882 1958 ὑπνῶσαι
891 1951 898 1963 ,
917 1930 977 1957 ἐκέ-

195 1974 290 2001 λευσεν
316 1975 548 2010 ἀναγινώσκεσθαι
576 1976 650 2011 αὐτῷ
676 1975 729 2002 τῶν
752 1975 876 2010 πράξεων
895 1975 976 2001 αὐτοῦ

193 2019 228 2046 τὰ
245 2020 435 2055 ὑπομνήματα.
454 2020 723 2054 Ἀναγινωσκομένων
742 2016 770 2045 δὲ
790 2018 895 2049 αὐτῶν,
914 2014 977 2052 εὗρε

194 2063 292 2098 πρᾶξιν
305 2063 408 2099 ἀγαθὴν
425 2065 465 2095 εἰς
479 2064 558 2090 αὐτὸν
573 2063 722 2098 γενομένην
737 2063 789 2089 ὑπὸ
808 2062 854 2089 τοῦ
871 2063 977 2097 Μαρδο-

193 2107 280 2141 χαίου.
294 2106 346 2133 Δύο
364 2107 417 2142 γὰρ
428 2107 568 2142 εὐνούχους
583 2107 727 2142 μέλλοντας
741 2107 926 2133 ἐπιϐουλεύειν
939 2105 977 2141 τῷ

195 2150 298 2184 βασιλεῖ
317 2151 483 2186 κατήνεγκεν
498 2150 617 2186 αύτῷτῷ
631 2151 736 2187 βασιλεῖ
749 2151 795 2177 καὶ
809 2151 929 2185 ἤλεγξεν,
948 2151 977 2175 '0

193 2194 282 2220 τοίνυν
300 2194 423 2229 βασιλεὺς
447 2194 646 2230 ἀποδεξάμενος
668 2195 717 2230 τὴν
745 2194 903 2230 προαίρεσιν
930 2193 976 2220 τοῦ

194 2237 374 2272 Μαρδοχαίου,
400 2237 490 2273 ἐζήτει
508 2238 590 2273 τιμὴν
607 2238 685 2271 ἀξίαν
701 2237 740 2272 τῷ
761 2237 870 2270 τοιούτῳ
888 2246 977 2272 παρα-

195 2282 268 2314 σχεῖν
293 2281 334 2312 Ὡς
347 2281 375 2307 δὲ
383 2281 490 2315 εἰσῆλθε
505 2280 577 2316 πρωῒ
591 2281 658 2316 πρὸς
674 2280 753 2307 αὑτὸν
762 2280 776 2305 6
790 2280 885 2315 Ἀμάν,
897 2281 978 2306 ἐπυν-

195 2325 289 2352 θάνετο
303 2325 376 2361 [564]
388 2327 402 2352 6
418 2326 543 2360 βασιλεὺς
568 2325 649 2353 αὐτοῦ
660 2347 666 2356 ,
685 2326 779 2357 ὁποίας
797 2326 844 2352 καὶ
859 2325 977 2361 πηλίκης

194 2369 275 2404 τιμῆς
291 2369 364 2401 ἄξιός
378 2370 452 2396 ἐστιν
473 2371 486 2396 6
507 2370 551 2397 τὸν
566 2369 676 2404 βασιλέα
692 2369 884 2404 εὐεργετήσας.
906 2369 934 2395 '0
950 2369 978 2396 δὲ

201 2412 285 2447 ’Λμάν
297 2412 414 2447 νομίζων
428 2413 492 2449 περὶ
501 2412 583 2439 αὑτοῦ
595 2412 777 2439 πυνθάνεσθαι
792 2412 838 2438 τὸν
856 2412 976 2447 βασιλέα,

195 2454 270 2484 εἶπεν
282 2457 356 2489 ἀξιον
372 2455 440 2484 εἶναι
463 2457 508 2483 τὸν
524 2457 643 2484 τοιοῦτον
661 2456 785 2492 δεύτερον
801 2456 913 2490 βασιλέα
928 2465 979 2483 κα-

195 2499 306 2527 λεῖσθαι.
328 2500 356 2526 ὐ
374 2500 423 2535 μὲν
435 2498 480 2526 οὖν
495 2499 619 2535 βασιλεὺς
632 2500 736 2526 κελεύει
750 2499 794 2526 τὸν
809 2500 978 2534 Μαρδοχαῖον

196 2544 245 2578 τῆς
260 2543 389 2578 τοιαύτης
413 2543 560 2578 ἀξιωθῆναι
579 2543 670 2578 τιμῆς,
690 2543 736 2570 καὶ
758 2543 803 2569 τὸν
824 2543 908 2578 Ἀμάν
928 2542 975 2577 ἔμ-

196 2588 313 2622 προσθεν
327 2587 410 2614 αὑτοῦ
431 2589 600 2623 περιπατεῖν.
627 2588 659 2614 'H
682 2587 711 2613 δὲ
730 2587 830 2622 Ἐσθὴρ
844 2587 978 2623 πρόςρασιν

196 2632 323 2667 εὑροῦσα,
337 2632 437 2666 ἠξίωσε
451 2632 515 2666 περὶ
531 2631 584 2658 τῶν
605 2631 747 2657 Ἰουδαίων.
761 2628 826 2657 Εἶτα
840 2630 886 2656 τοῦ
904 2631 979 2665 βασι-

195 2673 264 2706 λέως
280 2675 445 2709 λυπηθέντος
461 2675 508 2701 ἐπὶ
521 2673 559 2709 τῷ
573 2674 721 2709 παρανόμῳ
731 2673 922 2709 προστάγματι
940 2672 979 2708 τῷ

197 2718 267 2745 κατά
277 2718 331 2745 τῶν
347 2718 489 2748 Ἰουδαίων.
502 2718 548 2744 καὶ
562 2716 733 2751 ὀργισθέντος
741 2716 810 2743 κατὰ
819 2715 866 2743 τοῦ
882 2716 909 2742 Ἀ
915 2715 977 2750 μὲν,

196 2761 276 2793 αὐτὸς
288 2762 302 2788 6
324 2761 410 2796 Ἀμάν
429 2761 575 2796 παρεκάλει
599 2759 646 2795 τὴν
666 2759 765 2795 Ἐσθὴρ
777 2781 783 2793 ,
804 2759 918 2790 ἀπόντος
933 2759 978 2786 τοῦ

227 2844 240 2858 ⁸
254 2843 361 2874 “ipsum
371 2842 476 2867 habclur
493 2842 516 2866 in
529 2842 604 2866 altera
616 2840 729 2872 Syuopsi.

721 145 885 173 SYNUPSIS
899 144 1104 174 SCRIPTUIL‘E
1126 146 1261 174 SACHrE.

1769 149 1824 177 δίο

1043 203 1182 237 βασιλέως,
1196 203 1352 230 ἐπικόπτων
1369 203 1414 230 καὶ
1427 203 1584 238 προσκυνῶν
1600 203 1633 229 τά
1651 206 1750 237 γόνατα
1774 206 1819 232 αὖ·

1038 247 1098 282 τῆς.
1122 248 1150 274 ’0
1163 249 1191 274 δὲ
1204 248 1329 282 βασιλεὺς
1345 248 1392 274 καὶ
1416 247 1544 283 ἑωρακὼς
1564 247 1609 273 τὸν
1631 248 1716 283 ’Δμάν
1738 248 1818 274 ἀπτό·

1039 299 1118 325 μενον
1130 291 1184 317 τῶν
1200 291 1278 326 ἰχνῶν
1294 291 1344 326 τῆς
1357 291 1523 326 βασιλίσσης,
1539 291 1689 327 ὑπονοήσας
1703 291 1821 326 αίσχρῶς

1036 334 1116 360 αὑτὸν
1131 334 1209 361 τοῦτο
1224 336 1319 367 ποιεῖν,
1335 335 1476 361 ἐκέλευσεν
1496 334 1577 361 αὐτὸν
1602 334 1651 368 μὲν
1672 334 1716 360 τὸν
1736 334 1821 368 Ἀμάν

1037 379 1076 409 εἰς
1093 378 1122 404 τὸ
1137 378 1225 411 ξύλον,
1239 379 1307 414 ὅπερ
1320 377 1354 414 ἦν
1369 379 1512 415 ἑτοιμάσας
1523 378 1561 413 τῷ
1573 377 1748 413 Μαρδοχαίῳ,
1762 386 1822 412 κρε-

1038 421 1184 456 μασθῆναι·
1201 422 1300 457 γράφει
1323 422 1351 448 δὲ
1366 422 1455 449 ἄνεσιν
1473 422 1521 456 μὲν
1541 421 1611 456 ἔχειν
1636 421 1738 452 πάντας
1759 422 1821 452 τοὺς

1043 464 1195 497 Ἰουδαίους,
1207 466 1270 497 τοὺς
1289 465 1318 491 δὲ
1335 465 1448 501 ἐχθροὺς
1465 465 1554 491 αὐτῶν
1567 464 1742 498 ἀναιρεθῆναι
1756 464 1820 499 παρ’

1035 506 1134 534 αὐτῶν.
1161 508 1215 534 Καὶ
1235 508 1260 534 οι
1283 508 1332 543 μὲν
1346 508 1531 544 ἀναιρεθέντες
1546 508 1599 534 εἰσὶ
1615 507 1705 542 μύριοι
1724 516 1820 533 πεντα-

1035 550 1173 585 κισχίλιοι.
1194 551 1291 584 Γέγονε
1302 551 1330 577 δὲ.
1342 552 1423 586 ἑορτὴ
1439 553 1471 586 τῇ
1489 551 1520 577 ιδ’
1536 551 1581 577 καὶ
1598 551 1628 576 ιε’
1659 551 1687 576 ὲν
1703 549 1741 584 τῷ
1756 550 1820 585 μηνὶ

1035 593 1074 628 τῷ
1087 593 1239 630 δωδεκάτῳ,
1259 594 1333 626 ὅστις
1360 594 1483 620 καλεῖται
1500 593 1594 628 Ἀδαρ.
1615 593 1745 619 Καλεῐται
1763 593 1790 619 δὲ
1803 593 1820 627 ἡ

1034 636 1125 672 ἡμέρα
1151 636 1220 672 αὕτη
1244 638 1278 672 τῇ
1304 637 1357 672 ἰδίᾳ
1376 637 1509 671 διαλέκτῳ
1535 636 1625 663 αὐτῶν
1648 636 1746 671 Φουρά.
1771 636 1820 661 Διά

1033 679 1111 706 τοῦτο
1127 680 1196 707 κατὰ
1212 680 1261 715 τὴν
1275 681 1380 716 ἡμέραν
1399 680 1501 715 ταύτην
1521 680 1642 706 καίουσιν
1657 681 1680 706 οἱ
1700 679 1820 705 Ἰουδαῖοι

1033 724 1078 750 τὸν
1100 724 1197 759 ’Λμάν.
1212 725 1259 751 καὶ
1284 724 1458 759 ἑορτάζουσι,
1479 724 1649 759 μνημόσυνον
1670 721 1751 750 οὖσαν
1771 723 1819 757 τῆς

1035 767 1171 802 σωτηρίας
1183 767 1281 794 αὐτῶν.
1293 767 1347 793 Καὶ
1359 769 1387 794 έν
1395 767 1498 798 τούτοις
1510 767 1585 798 τέλος
1599 767 1656 801 ἔχει
1669 767 1698 792 τὸ
1707 766 1818 801 βιϐλίον.

1316 829 1406 856 Τωϐὶτ
1416 829 1549 861 βιϐλίον.

1069 881 1156 908 Τωϐὶτ
1172 882 1293 909 καλεῖται
1307 882 1336 908 τὺ
1354 881 1464 917 βιϐλίον,
1483 881 1576 916 ἐπειδὴ
1590 881 1637 916 τὴν
1659 882 1723 916 περὶ
1737 881 1817 907 αὺτοπ

1032 924 1079 950 τοῦ
1092 925 1181 950 Τωϐὶτ
1201 925 1320 960 ἱστορίαν
1335 925 1466 960 περιέχει.
1491 925 1568 951 Ἔστι
1592 924 1619 951 δὲ
1633 925 1647 950 6
1662 924 1751 950 Τωϐὶτ
1765 924 1814 951 ἁπέ

1034 967 1083 1002 μὲν
1098 968 1184 1001 φυλῆς
1196 967 1364 1002 Νεφθαλεὶμ,
1378 967 1474 1002 γέγονε
1487 967 1515 994 δὲ
1534 968 1562 993 ὲν
1579 968 1613 1002 τῇ
1634 967 1817 1002 αἰχμαλωσίᾳ,

1032 1011 1079 1036 καὶ
1092 1008 1126 1045 ἦν
1143 1011 1171 1036 ὲν
1184 1011 1217 1045 τῇ
1235 1010 1329 1037 Νινευῖ
1345 1010 1468 1046 ἐλεήμων
1483 1010 1530 1037 καὶ
1545 1011 1683 1046 θεοσεϐὴς.
1700 1010 1753 1037 Καὶ
1765 1011 1820 1046 γάρ

1032 1054 1062 1080 ὲν
1075 1055 1108 1088 τῇ
1124 1053 1297 1089 αἰχμαλωσίᾳ
1312 1054 1466 1088 γενόμενος,
1478 1054 1528 1079 οὐκ
1543 1052 1620 1088 ἡσθιε
1635 1053 1723 1079 κοινὸν
1738 1053 1819 1089 ἄρτον

1032 1096 1085 1123 ἀπὺ
1098 1096 1152 1123 τῶν
1163 1096 1257 1127 ἐθνῶν,
1273 1096 1330 1123 ἀλλ’
1345 1096 1439 1122 ἑαυτὸν
1464 1097 1640 1131 συνετήρησε.
1655 1094 1710 1123 Ἦν
1728 1097 1755 1123 δὲ
1773 1097 1820 1123 καὶ

1031 1139 1185 1175 ἀγοραστής
1197 1139 1244 1165 τοῦ
1262 1139 1391 1174 βασιλέως
1412 1139 1609 1173 Ἐνεμασάρου,
1624 1139 1671 1165 καὶ
1687 1139 1820 1174 παρέθετο

1031 1184 1059 1210 ὲν
1077 1185 1109 1218 τῇ
1124 1183 1230 1218 Μηδείᾳ
1245 1182 1353 1217 Γαϐαὴλ
1364 1183 1482 1209 τάλαντα
1493 1186 1519 1209 ι’.
1542 1180 1626 1213 Οὗτος
1643 1180 1689 1208 οὖν
1702 1183 1716 1208 6
1729 1183 1819 1208 Τωϐὶτ

1032 1226 1148 1259 σπουδὴν
1160 1224 1216 1260 εἶχε
1229 1225 1341 1252 θάπτειν
1359 1226 1421 1257 τοὺς
1437 1225 1659 1260 ἀποθνήσκοντας
1682 1225 1735 1252 τῶν
1756 1225 1820 1251 ἰου-

1030 1269 1121 1295 δαίων.
1138 1269 1297 1303 Διαϐληθεὶς
1307 1268 1335 1295 δὲ
1343 1268 1382 1303 τῷ
1390 1268 1495 1303 βασιλεῖ
1513 1268 1647 1304 Ἀχειρὴλ,
1661 1268 1756 1302 Εῳυγε.
1765 1268 1819 1294 Καὶ

1031 1312 1196 1345 ἐπανελθὼν,
1213 1313 1260 1339 καὶ
1274 1313 1362 1348 θάψας
1386 1312 1446 1339 τινὰ
1463 1312 1516 1338 τῶν
1533 1311 1731 1344 ἀποθανόντων,
1749 1312 1820 1338 ὲκοι-

1033 1355 1105 1391 μήθη
1119 1355 1170 1387 ἔξω
1186 1355 1232 1382 τοῦ
1254 1356 1370 1391 τείχους,
1396 1355 1444 1382 καὶ
1466 1355 1505 1386 ὡς
1532 1355 1612 1382 εἴωθε
1637 1356 1817 1390 κοιμώμενος,

1031 1399 1218 1434 ἀνεῳγμένους
1229 1396 1285 1434 εῖχε
1295 1401 1358 1431 τοὺς
1370 1399 1536 1434 ὀφθαλμοὺς,
1553 1398 1699 1434 στρουθίων
1712 1398 1739 1425 δὲ
1751 1399 1818 1433 ἀφο-

1031 1443 1182 1470 δευσάντων
1199 1444 1301 1470 ἄνωθεν
1312 1445 1351 1474 είς
1364 1443 1428 1474 τοὺς
1439 1442 1594 1477 ὀφθαλμοὺς
1609 1442 1702 1474 αὑτοῦ,
1716 1442 1819 1468 λευκώ-

1032 1495 1104 1522 ματα
1119 1486 1192 1522 ἔσχε,
1208 1486 1256 1513 καὶ
1274 1487 1364 1513 οὐκέτι
1380 1486 1502 1513 ἔϐλεπεν.
1524 1484 1578 1512 Ἦν
1601 1486 1630 1512 δὲ
1644 1486 1691 1512 καὶ
1705 1486 1734 1511 ἐν
1755 1486 1817 1511 Ἐκ-

1031 1530 1156 1561 ϐατάνοις
1183 1530 1305 1565 θυγάτηρ
1332 1529 1378 1556 τοῦ
1408 1529 1541 1564 Ῥαγουὴλ
1566 1529 1713 1562 συγγενοῦς
1735 1528 1817 1555 αὑτοῦ

1031 1573 1123 1608 Σάρρα
1142 1573 1262 1608 ὀνόματι.
1274 1573 1381 1607 Ταύτην
1394 1572 1548 1607 γαμηθῆναι
1569 1573 1618 1598 οὐκ
1641 1572 1790 1607 ἐπέτρεπεν
1804 1574 1818 1599 6

1030 1615 1134 1650 δαίμων
1157 1615 1313 1650 Ἀσμοδαῖος
1324 1623 1331 1631 ·
1346 1615 1416 1642 ἑπτά
1430 1615 1494 1649 γοῦν
1510 1614 1573 1649 ἑξῆς
1587 1615 1716 1647 λαϐόντας
1733 1615 1817 1650 αὐτὴν

1030 1659 1171 1686 ἀπέκτεινε
1189 1661 1197 1670 ’
1213 1658 1272 1694 [καὶ
1281 1659 1352 1686 πάνυ
1363 1659 1524 1694 λυπηθεῖσα·
1536 1659 1605 1685 ἑπτά
1619 1659 1674 1695 γὰρ
1687 1659 1816 1690 λαϐόντας

1031 1703 1094 1738 ἑξῆς
1110 1703 1194 1738 αὐτὴν
1208 1703 1373 1739 ἀπέκτεινεῙ.
1390 1703 1444 1729 Καὶ
1466 1702 1535 1729 πάνυ
1553 1703 1703 1738 λυπηθεῖσα
1718 1704 1734 1738 ἡ
1753 1704 1817 1735 παῖς

1029 1747 1141 1782 ηὔξατο
1157 1748 1204 1774 καὶ
1219 1747 1379 1774 ἀπέστειλεν
1394 1747 1460 1782 αὐτῇ
1477 1747 1571 1782 βοηθὸν
1586 1748 1600 1774 6
1610 1747 1675 1779 Θεὸς
1691 1748 1736 1774 τὸν
1748 1747 1815 1782 ἀρχ-

1031 1790 1144 1824 άγγελον
1171 1790 1303 1826 Ῥαφαήλ.
1342 1791 1372 1817 ὐ
1398 1791 1486 1816 τοίνυν
1512 1789 1601 1816 Τωϐὶτ
1631 1791 1816 1825 παραγγείλας

1031 1832 1070 1868 τῷ
1087 1833 1138 1868 υἱῷ
1151 1834 1231 1860 αὐτυῦ
1243 1833 1336 1869 Τωϐία
1357 1833 1394 1868 μὴ
1412 1833 1503 1860 λαϐεῖν
1521 1833 1668 1868 ἀλλαχόθεν
1689 1835 1814 1867 γυναῖκα,

1031 1877 1056 1902 εί
1073 1876 1110 1912 μὴ
1126 1877 1159 1903 ὲκ
1170 1876 1217 1911 τῆς
1233 1876 1320 1911 φυλῆς
1341 1876 1424 1903 αὐτοῦ
1446 1876 1493 1902 καὶ
1515 1876 1563 1903 τοῦ
1582 1877 1693 1910 γένους,
1711 1877 1816 1903 δίδωσιν

1031 1919 1105 1954 αὐτῷ
1121 1919 1150 1945 τὺ
1163 1919 1343 1954 χειρόγραφον
1361 1919 1415 1945 τῶν
1426 1919 1491 1946 δέκα
1504 1919 1653 1951 ταλάντων,
1666 1919 1714 1946 καὶ
1725 1919 1815 1946 ὲντέλ-

1031 1962 1106 1988 λεται
1130 1961 1204 1997 αὐτῷ
1227 1962 1354 1988 ἀπελθεῖν
1372 1962 1419 1989 καὶ
1441 1962 1602 1997 ἀπαιτῆσαι.
1623 1962 1738 1996 ’Δγνοῶν
1759 1962 1786 1989 δὲ
1803 1964 1817 1989 6

1033 2006 1097 2036 παῖς
1113 2005 1162 2040 τὴν
1190 2005 1249 2032 666v
1265 2004 1340 2040 [565]
1361 2006 1408 2032 καὶ
1434 2005 1480 2032 τὸν
1501 2005 1653 2041 ἄνθρωπον,
1677 2006 1815 2040 ἐξέρχεται

1032 2048 1150 2083 ζητῆσαι
1168 2048 1365 2083 συνοδοιπόρον.
1379 2048 1457 2074 Κατὰ
1469 2048 1537 2075 Θεοῦ
1557 2048 1684 2084 πρόνοιαν
1696 2048 1816 2084 εὑρίσκει

1031 2091 1077 2118 τὸν
1101 2091 1231 2126 Ῥαφαὴλ,
1245 2091 1282 2122 ὡς
1297 2091 1438 2126 ἄνθρωπον
1452 2092 1555 2118 ἑστῶτα
1567 2092 1629 2124 ἔξω,
1644 2092 1692 2118 καὶ
1706 2092 1816 2126 μισθοῦ-

1031 2143 1076 2161 ται
1091 2134 1172 2161 αὺτὺν
1191 2133 1304 2167 λέγοντα
1318 2134 1416 2161 εἰδέναι
1435 2135 1484 2170 τὴν
1502 2135 1569 2161 ὀδόν.
1583 2137 1590 2145 ·
1607 2135 1673 2170 [Καὶ
1682 2136 1814 2162 συνοδεύει

1031 2177 1103 2213 αὐτῷ
1110 2179 1124 2204 6
1134 2177 1247 2211 ἄγγελος
1257 2177 1294 2209 ὡς
1302 2177 1443 2213 ἄνθρωπον
1450 2178 1562 2212 λέγοντα
1572 2179 1669 2205 ειδέναι
1677 2179 1725 2213 τὴν
1734 2179 1814 2213 ὁδόν.1

1032 2222 1086 2247 Καὶ
1102 2220 1237 2247 συνοδεύει
1264 2220 1365 2256 αὐτῷο
1378 2221 1545 2256 ἀρχάγγελος
1567 2221 1687 2257 Ῥαφαὴλ
1710 2222 1748 2253 ὡς
1769 2222 1815 2249 ἀν-

1032 2264 1138 2299 θρωπος
1154 2264 1299 2299 λεγόμενος
1321 2263 1457 2299 Ἀζαρίας.
1477 2264 1621 2291 Ἐλθόντων
1633 2265 1662 2291 δὲ
1679 2264 1815 2297 αύτῶνεὶς

1031 2309 1076 2335 τὸν
1101 2308 1204 2344 Τίγρην
1230 2308 1363 2343 ποταμὸν,
1394 2308 1525 2344 ἠθέλησεν
1551 2310 1564 2336 6
1579 2310 1642 2340 παῖς
1669 2309 1708 2340 εἰς
1735 2309 1815 2335 αὑτὸν

1032 2352 1183 2387 καταϐῆναι
1197 2352 1244 2378 καὶ
1258 2351 1420 2385 λούσασθαι,
1445 2353 1492 2378 καὶ
1513 2351 1594 2383 εὐθὺς
1618 2351 1693 2387 ἰχθὺς
1709 2352 1816 2387 ἐπεπή-

1031 2395 1096 2430 δησε
1109 2395 1148 2430 τῷ
1161 2395 1295 2430 παιδαρίῳ
1311 2395 1406 2430 μέγας.
1429 2395 1458 2422 '0
1472 2395 1500 2422 δὲ
1516 2395 1629 2430 ἄγγελος
1649 2393 1725 2422 εἶπεν
1741 2395 1815 2430 αὐτῷ

1032 2438 1208 2465 ἐπιλαϐέσθαι
1222 2438 1267 2465 τοῦ
1287 2438 1377 2473 ἰχθύος
1393 2439 1439 2465 καὶ
1457 2439 1550 2473 τεμεῖν
1568 2438 1648 2465 αὑτὸν
1663 2439 1710 2464 καὶ
1724 2438 1815 2466 λαϐεῖν

1032 2482 1062 2508 τό
1074 2490 1102 2507 τε
1115 2479 1190 2517 ἧπαρ
1202 2481 1249 2508 καὶ
1260 2481 1310 2517 τὴν
1325 2481 1436 2516 καρδίαν
1449 2481 1531 2508 αὑτοῦ
1544 2481 1591 2508 καὶ
1603 2482 1652 2517 τὴν
1665 2482 1757 2517 χολὴν,
1769 2483 1816 2508 καὶ

1032 2523 1118 2551 ταῦτα
1137 2524 1239 2559 τηρεῖν.
1258 2522 1325 2551 Εἶτα
1340 2524 1539 2559 πυνθανομένου
1562 2524 1609 2551 τοῦ
1637 2525 1749 2556 παιδὸς,
1776 2525 1816 2555 είς

1031 2568 1058 2594 τί
1072 2569 1194 2602 χρήσιμα
1209 2567 1304 2599 ταῦτα,
1317 2567 1418 2598 ἐκεῖνος
1437 2567 1498 2602 ἔφη’
1514 2567 1551 2593 T6
1566 2565 1643 2602 ἧπαρ
1656 2567 1731 2602 καὶὴ
1746 2576 1814 2602 καρ-

1032 2610 1075 2637 δία
1090 2610 1250 2645 θυμιώμενα
1261 2609 1351 2642 διώξει
1372 2611 1420 2636 τὸν
1433 2610 1556 2644 δαίμονα·
1571 2612 1588 2645 ὴ
1602 2610 1630 2637 δὲ
1650 2610 1714 2646 χολὴ
1729 2611 1814 2638 καθα·

1034 2655 1104 2689 ρίσει
1116 2654 1150 2681 τὰ
1163 2653 1337 2689 λευκὼματα.
1360 2654 1388 2679 '0
1410 2654 1458 2688 μὲν
1471 2652 1515 2681 οὖν
1529 2656 1592 2686 παῖς
1612 2655 1759 2690 συμϐουλίᾳ
1769 2655 1816 2682 καὶ

1034 2698 1162 2733 συνεργίᾳ
1180 2696 1227 2723 τοῦ
1250 2696 1366 2730 ἀγγέλου
1390 2696 1523 2732 λαμϐάνει
1541 2697 1589 2732 τὴν
1614 2697 1660 2724 τοῦ
1682 2697 1816 2732 Ῥαγουὴλ

1033 2741 1170 2776 θυγατέρα
1185 2740 1233 2775 τὴν
1244 2741 1350 2776 Σάρραν
1376 2742 1490 2774 γυναῖκα
1500 2762 1507 2773 ,
1524 2741 1680 2775 διωχθέντος
1700 2741 1746 2768 τοῦ
1760 2741 1817 2768 δαι-

1065 2811 1078 2830 h
1089 2811 1133 2845 Sic
1143 2812 1194 2835 fere
1203 2812 1282 2845 plura
1294 2810 1419 2845 Synopsis.

1067 2845 1074 2852 '
1085 2843 1144 2871 Quae
1155 2842 1247 2866 uncinis
1258 2842 1400 2868 inclusimus
1409 2844 1507 2867 omnino
1513 2842 1633 2872 ejiciend:
1644 2841 1762 2865 chnlur.
1774 2841 1807 2865 lin
