2060 3125
179 171 227 198 331

178 245 270 264 versus
285 244 347 263 vero
365 237 456 277 olcnlus
469 238 550 272 patris
565 238 625 266 felle
645 239 723 273 piscis
735 240 839 271 oblinit,
855 245 882 267 et
895 240 966 267 deci-

177 282 244 309 dunt
263 290 397 317 squamm,
416 287 444 310 et
468 290 529 310 max
551 283 635 310 visum
660 285 759 319 recepit
778 291 870 312 senex.
889 285 968 312 Tobit

178 335 258 361 porro
266 335 326 354 cum
337 333 485 356 excwcatus
493 334 532 356 est
539 337 668 356 annorum
678 334 733 357 eral
743 330 790 364 58,
798 338 858 357 cum
873 335 962 358 autem

177 373 261 400 visum
270 375 370 407 recepit
384 381 513 400 annorum
523 375 566 401 66.
579 375 645 401 Tutn
653 374 759 402 demum
773 383 833 403 cum
842 375 919 403 Tobit
927 377 968 403 vi-

175 418 262 450 deret,
272 419 382 453 angelus
392 426 452 446 sese
461 419 645 454 tnanifestavit,
656 421 724 454 qttod
736 421 815 449 ltomo
824 429 875 449 non
884 427 964 456 esset,

178 463 224 490 sed
240 471 255 490 a
272 463 326 491 Deo
341 465 448 496 missus,
464 469 491 492 ut
506 465 569 499 ipsis
582 470 608 492 et
626 466 713 493 Same
723 474 799 501 opem
812 467 903 494 l'erret.
915 468 965 496 Ubi

178 515 240 535 vero
260 515 340 535 senex
363 509 445 536 factus
465 514 535 537 esset
549 509 635 542 Tobit,
653 511 837 545 prwcepitﬁlio
852 520 900 540 suo
914 513 966 539 To-

176 553 238 587 bize,
258 559 286 581 ut
303 555 329 581 in
345 554 456 581 Mediam
477 556 572 589 abiret,
592 556 661 590 quod
677 557 791 584 futurum
800 562 907 585 essetut
922 559 967 586 Ni-

177 600 236 626 nive
246 599 390 626 secundum
403 601 512 628 verbum
526 600 599 628 Jontc
612 602 748 636 prOphette
756 604 964 638 subverteretur,

176 648 203 670 et
222 643 348 672 deﬁciens
370 650 489 672 mortutts
513 651 555 672 est
574 654 702 673 annorum
730 649 790 675 I55.
807 649 890 676 Filius
903 658 966 676 vero

175 689 233 722 ejus
245 690 342 717 Tobias
357 691 382 717 in
397 691 508 717 Mediam
523 692 652 725 migravit,
671 693 713 719 ubi
731 694 837 720 tandem
855 696 966 728 sepultis

176 741 269 761 socero
282 739 310 761 et
324 742 413 768 socru,
427 740 454 762 et
466 735 499 762 de
516 735 619 762 Ninivae
640 738 742 764 excidio
755 743 877 772 percepta
897 739 965 766 fama

177 784 296 806 mortuus
309 784 350 807 est
362 787 491 807 annorum
508 781 568 809 107.
588 782 621 808 Et
641 782 665 809 in
681 783 737 809 htec
751 783 847 810 desinit
863 784 937 811 liber.

442 844 516 864 Lmen
535 845 629 864 ,ιιῑυιτιι
653 838 699 874 (α).

212 890 260 917 llic
279 891 345 918 liber
359 891 449 919 Judith
465 898 583 925 vocatur,
603 895 664 928 quia
684 895 753 923 ﬁlios
768 896 848 923 Israel
866 897 899 923 ab
914 897 967 924 llo-

177 935 302 970 lopherne
325 937 489 972 impugnatos
502 944 528 966 et
552 939 675 966 obsessos
687 961 693 972 ,
723 941 793 968 Deus
813 942 870 976 ejus
884 949 965 976 opera

175 981 312 1014 liberavit;
328 982 576 1019 Holophernetnque
591 987 731 1019 percussit.
748 987 861 1015 Ilistoria
877 993 965 1016 autem

175 1026 227 1053 hoc
235 1034 264 1054 se
280 1027 359 1055 habet
372 1029 461 1056 modo.
473 1029 716 1058 Nabuchodonosor
727 1040 773 1059 rex
784 1034 964 1069 Assyriorum,

175 1080 234 1098 eum
247 1072 343 1099 bellum
357 1079 462 1108 gereret
476 1075 604 1103 adversus
617 1077 759 1112 Arphaxad
773 1081 861 1113 regem
877 1080 967 1107 Medo-

175 1125 244 1150 rum,
258 1117 291 1144 ab
301 1119 424 1146 omnibus
439 1121 560 1154 gentibus
572 1129 654 1156 usque
668 1122 699 1149 ad
714 1123 857 1158 Egyptum
869 1125 963 1152 auxilia

175 1163 296 1196 petierat.
310 1162 375 1190 Cum
389 1169 477 1192 autem
491 1173 570 1193 nemo
582 1167 707 1194 auxilium
725 1169 848 1201 misisset,
863 1170 909 1197 sed
921 1178 964 1198 rc-

177 1207 296 1234 nuissent
309 1216 412 1240 omnes.
430 1214 599 1245 posteaquam
614 1212 718 1240 vicisset
733 1218 759 1240 et
774 1214 964 1248 Arpltuxadum

176 1251 245 1280 bello
265 1259 433 1288 superasset,
455 1256 551 1282 bellum
575 1256 662 1284 intulit
682 1258 713 1284 iis
728 1258 773 1292 qui
798 1259 861 1286 nihil
875 1260 964 1287 auxilii

174 1297 301 1324 miserant
317 1307 324 1324 ;
338 1299 463 1334 misitque
483 1300 822 1335 IIoluphernem‘adversus
843 1312 889 1331 eos
904 1313 963 1332 etttn

174 1349 269 1376 magno
283 1343 411 1370 exercitu.
426 1344 474 1372 Hic
488 1346 553 1373 alias
567 1347 674 1381 quidem
684 1355 777 1375 omnes
788 1355 880 1384 gentes
894 1350 965 1378 bello

173 1387 252 1422 cepit,
268 1392 294 1414 et
309 1388 379 1416 idola
394 1389 508 1424 ipsarum
520 1392 658 1426 confregit.
671 1392 795 1420 Israelita:
805 1398 893 1422 autem
905 1403 965 1423 sese

173 1433 400 1468 communierant,
429 1443 478 1462 nec
502 1436 664 1471 llolopherni
692 1438 847 1473 obsequuti,
879 1447 965 1475 neque

175 1478 253 1504 minis
270 1479 341 1506 illius
360 1481 493 1514 perterriti
517 1488 589 1509 sunt.
611 1482 724 1517 Scripsit
740 1485 827 1519 itaque
841 1485 965 1513 sacerdos

172 1522 275 1550 .Ioakim
288 1524 390 1552 civibus
404 1525 528 1561 Betylute,
545 1532 571 1554 ttt
586 1529 652 1554 viam
668 1529 829 1564 llolopherni
843 1531 966 1559 obstrue-

174 1574 247 1602 rcnt;
262 1570 346 1598 isthac
357 1572 427 1598 enitn
442 1572 493 1600 iter
506 1573 622 1601 facturus
636 1580 709 1607 erat;
725 1581 752 1603 et
764 1577 962 1605 obstruxerunt.

174 1615 356 1650 llolophernes
371 1617 451 1652 igitur
459 1619 542 1646 aciem
552 1620 675 1647 instruxit
684 1621 717 1648 ad
730 1629 855 1657 pugnam.
866 1623 964 1651 Achior

172 1665 260 1688 autem
277 1661 399 1697 princeps
412 1664 624 1693 Ammonitarum
638 1671 730 1694 auctor
745 1673 802 1694 erat
817 1668 963 1703 llolopher-

173 1705 209 1737 ni,
226 1713 259 1733 ne
271 1708 341 1741 genti
355 1707 526 1736 Hebraeorum
547 1710 645 1737 bellum
661 1711 778 1744 inferret,
793 1720 826 1740 eo
838 1714 908 1748 qttod
926 1715 963 1742 illi

174 1757 188 1775 ἢ
209 1749 262 1777 Deo
284 1757 495 1787 protegerentur.
518 1754 670 1789 Indignatus
692 1757 873 1791 llolophernes
893 1759 964 1787 misit

173 1802 234 1821 eum
254 1795 372 1823 Betnlam
385 1818 392 1830 ,
417 1794 550 1826 interitum
574 1800 609 1827 illi
629 1803 803 1830 comminatus
820 1804 842 1831 si
860 1805 963 1838 quando

175 1839 300 1867 Ilebra‘os
314 1841 441 1869 vinceret.
454 1843 553 1871 Achior
562 1845 649 1879 itaque
660 1846 685 1872 in
699 1846 788 1873 Betula
800 1849 961 1882 quiescebat.

174 1884 356 1919 llolophernes
370 1895 433 1914 vero
447 1889 581 1916 civitatem
602 1890 749 1924 obsidebat,
768 1897 794 1918 et
812 1893 867 1926 jam
881 1901 963 1928 aquas

174 1931 243 1958 illius
253 1938 437 1966 occupaverat.
453 1934 576 1961 Cumsiti
591 1935 645 1970 jam
663 1936 824 1972 afﬁ:geretnr
838 1940 960 1974 populus,

172 1980 198 2001 et
211 1976 342 2009 principes
353 1977 485 2005 civitatem
499 1980 619 2007 tradituri
633 1987 723 2008 essent
734 2002 741 2014 ,
756 1982 846 2010 Iudith
857 1984 962 2018 deposi—

173 2020 205 2047 tis
221 2020 353 2048 viduitatis
370 2022 634 2056 vcstibtts(tnaritum
648 2027 719 2053 enim
735 2032 867 2055 tnortuum
890 2030 962 2064 Iuge-

172 2064 224 2096 bat,
239 2069 266 2092 et
274 2067 390 2100 quotidie
403 2068 559 2104 jejunabat),
573 2072 686 2106 seipsam
703 2072 785 2100 instar
798 2082 902 2108 sponsa:
915 2084 960 2102 or-

172 2111 260 2143 navit,
284 2117 312 2139 et
338 2114 428 2141 multis
447 2115 586 2143 adltortata
613 2119 742 2151 primores
769 2120 902 2154 civitatis,
928 2130 961 2149 ne

171 2156 303 2184 civitatem
326 2159 359 2186 ad
374 2167 457 2194 usque
472 2162 588 2196 qttioque
606 2163 663 2190 dies
681 2164 749 2191 hosti
766 2165 909 2199 traderent,
927 2168 960 2194 ad

172 2201 368 2236 llulophernem
385 2213 490 2239 egressa
508 2211 559 2239 est,
574 2212 600 2234 et
613 2216 672 2234 eum
688 2216 733 2235 sua
748 2210 819 2237 illutn
833 2212 959 2246 sapientia

170 2247 319 2283 decepisset
332 2271 339 2281 ,
359 2252 434 2278 tertia
454 2252 514 2284 die,
536 2254 716 2288 ignorantibus
738 2256 796 2290 ejtts
814 2258 957 2291 militibus,

171 2293 255 2325 ipsmn
271 2296 358 2329 capite
370 2298 509 2325 truncavit.
524 2299 556 2325 Et
568 2299 607 2326 sic
619 2300 725 2327 detnttm
738 2301 819 2335 cives,
831 2311 960 2337 suspenso

171 2337 345 2373 Ilolophernis
355 2342 452 2376 capite,
467 2343 552 2376 ipsum
572 2344 629 2378 ejus
650 2345 761 2372 tribunis
775 2348 957 2375 ostenderunt.

171 2383 234 2411 Ilinc
261 2386 362 2421 Assyrii
388 2388 522 2422 fugerunt;
547 2389 674 2417 Israelita:
694 2399 757 2430 vero
784 2393 959 2428 undequaque

168 2436 356 2458 concurrentes
375 2433 498 2468 ASsyrios
518 2435 690 2462 trucidarunt.
715 2436 828 2464 Liberali
850 2438 937 2473 itaque
949 2460 956 2472 ,

167 2474 331 2509 direptisque
353 2476 468 2504 hostittm
493 2480 605 2510 castris,
631 2489 689 2514 qua:
707 2481 739 2507 ad
763 2482 957 2516 Holophernem

169 2519 348 2551 pertinuerant
363 2522 450 2549 omnia
473 2523 586 2551 Juditbte
607 2524 744 2552 dederunt.
761 2526 817 2561 Ipsa
834 2536 895 2555 vero
912 2529 958 2556 Ju-

167 2563 221 2590 tlith
237 2564 431 2601 Jerosolymam
455 2569 581 2603 profecta,
605 2572 693 2598 omnia
718 2572 829 2600 Domino
851 2574 955 2607 obtulit,

166 2608 327 2646 domumque
339 2621 455 2646 reversa,
473 2615 498 2641 in
518 2616 611 2643 eodem
633 2618 737 2651 pietatis
750 2620 880 2647 exercitio
895 2630 955 2656 pcr-

165 2657 315 2690 severavit,
339 2665 371 2686 ac
389 2659 467 2687 vidua
485 2661 518 2687 ad
544 2667 655 2690 mortem
672 2671 754 2698 usque
766 2666 861 2693 mansit
877 2686 884 2699 ,
906 2675 955 2694 ne-

165 2708 261 2736 ntoque
288 2703 324 2730 illi
353 2706 460 2740 nuptias
486 2708 644 2741 persuadere
671 2711 764 2743 potuit.
789 2711 890 2738 Mortua
915 2718 956 2740 est

164 2751 251 2774 autem
263 2769 269 2780 ,
285 2754 424 2784 postquam
446 2752 471 2778 in
490 2753 615 2781 viduitate
635 2755 745 2783 honeste
762 2757 883 2789 vixisset.
906 2767 953 2785 an-

164 2799 213 2819 nos
221 2801 328 2821 emensa
338 2800 444 2823 centum
453 2802 479 2824 et
489 2798 613 2834 quinque.
624 2800 657 2827 Et
666 2801 691 2827 in
701 2801 757 2829 hmc
771 2802 866 2830 desinit
878 2804 952 2831 liber.

195 2874 232 2906 (rt)
244 2874 335 2902 Iisdent
347 2877 400 2903 fere
413 2879 494 2905 verbis
506 2883 598 2906 constat
610 2880 684 2906 altera
697 2887 767 2915 Syt‘tot‘
774 2885 815 2909 sis.

724 173 885 201 SY‘NOPSIS
904 173 1109 202 SCRIPTURE
1128 175 1261 203 εΑεΜῑ.

1759 184 1810 211 569

1328 241 1403 260 LIBER
1413 241 1467 262 J03-

1056 296 1156 331 (a)Job
1170 298 1310 332 inscriptus
1324 304 1365 327 est
1380 300 1424 327 hic
1436 300 1513 334 liber,
1527 303 1587 336 quia
1601 303 1658 337 ejus
1672 304 1808 332 historiam

1020 345 1215 378 complectitur,
1239 353 1335 380 nempe
1355 355 1413 381 qua:
1438 355 1578 382 perpessus
1600 351 1634 376 sit
1658 354 1774 379 tentatus
1796 361 1810 379 a

1020 388 1125 416 diabolo
1138 411 1145 422 ,
1168 395 1195 417 et
1216 392 1350 425 quomodo
1371 393 1478 425 vicerit,
1495 394 1633 429 illatasque
1654 395 1745 430 plagas
1769 398 1812 431 pio

1020 434 1170 462 toleraverit
1183 457 1190 469 ,
1207 437 1367 472 dctnutnque
1382 439 1470 465 omnia
1485 438 1597 473 duplicia
1613 442 1740 475 receperit
1754 463 1760 474 ,
1778 443 1810 469 il—

1020 478 1191 514 lttstriorque,
1204 489 1282 515 quam
1297 488 1385 514 antea,
1401 483 1485 510 factus
1497 484 1540 510 sit.
1554 484 1649 512 Passus
1660 491 1746 513 autem
1759 493 1809 519 est,

1019 530 1078 549 cum
1092 529 1162 551 esset
1172 533 1300 553 annorum
1312 529 1488 562 septuaginta,
1501 529 1565 555 vixit
1576 538 1638 556 vero
1651 537 1708 565 post
1721 532 1810 567 pingas

1019 569 1095 594 annis
1112 574 1217 596 centum
1233 575 1260 597 ct
1274 573 1438 607 septuaginta
1452 594 1458 605 ,
1476 574 1510 600 ita
1526 578 1554 601 ut
1572 582 1665 602 omnes
1678 577 1738 603 vitae
1752 578 1811 611 ejus

1019 614 1080 640 anni
1096 615 1147 641 sint
1163 615 1269 643 ducenti
1290 617 1475 652 quadraginta.
1501 619 1558 646 Fuit
1573 626 1661 648 autem
1681 622 1731 648 .Iob
1749 628 1810 651 ante

1020 658 1135 694 Moysctn
1147 669 1153 692 ;
1165 665 1223 687 erat
1236 662 1305 688 cnim
1319 663 1428 696 quintus
1441 664 1474 690 ab
1487 665 1639 692 Abrahanto
1651 675 1683 693 ex
1699 669 1811 700 posteris

1019 703 1098 731 Esai't.
1123 705 1162 732 Ob
1186 707 1322 741 plagarum
1343 708 1518 736 calamitatem
1534 715 1663 738 venerunt
1682 712 1715 739 ad
1737 713 1809 739 illum

1019 750 1172 776 consolandi
1186 752 1268 785 gratia
1284 752 1372 779 amici.
1392 754 1478 788 Atque
1491 755 1525 781 ita
1539 756 1703 783 contentiosa
1715 762 1740 784 et
1753 758 1810 785 sine

1018 795 1250 822 commiseratione
1265 804 1324 823 cum
1341 797 1387 824 illo
1404 799 1491 826 verbis
1511 805 1640 834 egerunt,
1664 807 1690 828 ιιι
1705 802 1766 829 illttd
1784 804 1808 829 in

1020 845 1156 873 peccatum
1174 840 1237 874 ipsis
1251 847 1399 875 reputatum
1416 842 1504 870 fuerit.
1523 844 1573 871 Job
1589 853 1651 872 vero
1666 846 1746 873 Dettm
1763 856 1809 881 pro

1021 883 1071 910 illis
1092 889 1215 918 precatus
1234 891 1293 918 est,
1309 892 1335 913 et
1356 889 1494 914 remissum
1518 890 1580 923 ipsis
1601 895 1642 917 est
1662 896 1807 924 peccatum.

1019 929 1086 956 Sunt
1098 930 1193 965 dialogi
1209 930 1270 964 Job,
1285 940 1352 966 quos
1365 940 1423 960 cum
1439 935 1530 961 amicis
1543 935 1717 970 habuit,.octo
1733 946 1738 962 :
1755 938 1807 964 Eli-

1020 975 1086 1008 phaz
1099 983 1162 1002 vero
1177 976 1209 1002 ad
1223 976 1273 1003 Job
1289 982 1342 1004 tres
1355 999 1361 1010 ,
1379 978 1483 1012 Sophar
1496 980 1548 1006 dtto
1559 1002 1566 1012 ,
1583 981 1679 1008 Baldad
1696 987 1759 1010 tres.
1776 984 1807 1011 Et

1021 1020 1094 1047 Eliuz
1107 1030 1210 1056 quoque
1222 1023 1269 1049 ﬁlii
1287 1024 1423 1052 Barachiel
1443 1026 1539 1052 Buzitae
1551 1035 1616 1054 unus
1627 1033 1666 1055 est
1677 1029 1806 1063 dialogus.

1021 1065 1129 1092 Demutn
1154 1067 1280 1095 Dominus
1301 1069 1396 1096 Jobtttn
1411 1070 1553 1105 alloquitur
1569 1080 1616 1106 per
1629 1074 1760 1102 turbinem
1782 1081 1807 1103 et

1019 1110 1127 1137 nubctn.
1145 1112 1298 1147 Respondet
1313 1122 1376 1141 vero
1393 1115 1520 1149 Domino,
1537 1123 1562 1144 et
1582 1119 1623 1145 bis
1641 1120 1724 1154 ipsmn
1739 1122 1808 1148 allo~

1018 1156 1116 1189 quitur.
1132 1155 1228 1192 Sicque
1243 1159 1399 1186 terminatur
1412 1161 1490 1188 liber.

1054 1201 1155 1235 Scopus
1169 1207 1256 1239 autem
1270 1204 1327 1238 ejus
1344 1209 1413 1232 lotus
1428 1210 1468 1233 est
1487 1207 1519 1234 ad
1539 1209 1691 1241 patientiam
1709 1210 1808 1240 hortari

1018 1254 1065 1273 eos
1077 1248 1121 1282 qui
1133 1248 1159 1275 itt
1176 1249 1340 1278 calamitates
1354 1251 1484 1285 incidunt,
1501 1253 1603 1280 etiamsi
1618 1262 1741 1289 magnum
1756 1258 1808 1291 pie~

1019 1293 1080 1319 tatis
1100 1294 1278 1322 testimonium
1300 1303 1354 1330 pne
1375 1304 1404 1324 se
1420 1297 1521 1331 ferant;
1547 1304 1574 1326 ut
1588 1300 1638 1328 ltoc
1653 1302 1739 1335 ipsum
1754 1303 1806 1330 illis

1018 1337 1179 1365 oﬂ'endiculo
1194 1347 1245 1366 non
1261 1340 1311 1372 sit;
1327 1341 1373 1368 sed
1389 1342 1446 1369 lucc
1459 1343 1592 1376 proferant
1607 1355 1614 1372 :
1630 1345 1752 1374 Dominus
1765 1349 1808 1375 ἀε-

1018 1383 1065 1416 dit,
1076 1383 1202 1412 Dominus
1214 1385 1316 1412 abstulit
1328 1394 1337 1412 :
1348 1387 1412 1413 sicut
1426 1387 1534 1415 Domino
1545 1390 1653 1424 placuit,
1666 1392 1701 1418 ita
1715 1394 1808 1427 factum

1017 1433 1072 1460 est;
1085 1430 1118 1456 sit
1129 1438 1222 1457 nomen
1236 1430 1337 1458 Domini
1349 1431 1504 1460 benedictum
1518 1443 1548 1460 ea:
1559 1435 1605 1462 Ιιοι·
1618 1445 1685 1463 nunc
1697 1443 1718 1464 et
1732 1447 1808 1472 usque

1018 1474 1043 1500 in
1058 1476 1177 1502 uetulum
1203 1476 1272 1511 (Job
1291 1478 1317 1504 1.
1336 1478 1366 1505 21
1384 1479 1410 1513 );
1432 1479 1590 1516 insupcrqtte
1605 1482 1668 1510 illud
1686 1492 1692 1509 :
1717 1484 1808 1512 Nudus

1017 1527 1131 1554 egressu:
1150 1529 1205 1547 sum
1227 1522 1258 1548 de
1277 1527 1345 1549 utero
1360 1525 1446 1551 matris
1467 1533 1543 1558 mea,
1559 1531 1582 1552 et
1605 1528 1687 1555 nudus
1701 1536 1809 1557 revertar

1017 1565 1078 1593 illuc
1091 1566 1211 1603 (Ibidem)
1223 1576 1230 1600 ;
1245 1573 1324 1604 atque
1336 1570 1398 1598 hinc
1411 1572 1517 1599 demum
1531 1573 1647 1602 ediStant
1663 1581 1761 1610 quanta
1774 1579 1808 1605 sit

1018 1611 1150 1646 patientia:
1173 1613 1272 1641 utilitas
1288 1623 1295 1641 :
1309 1615 1407 1642 etenim
1428 1616 1490 1644 inde
1509 1619 1659 1646 mercedem
1673 1625 1807 1656 accepturi

1016 1661 1078 1684 sttnt
1093 1657 1160 1685 sicut
1173 1657 1232 1686 Job.
1248 1659 1281 1687 Ut
1293 1660 1373 1687 etiam
1387 1662 1511 1690 ostendat
1525 1664 1607 1691 Deum
1621 1666 1806 1696 intentatoretn

1017 1702 1146 1730 malorum
1157 1711 1227 1737 esse,
1241 1706 1427 1742 neminemque
1441 1712 1558 1739 tentare:
1574 1710 1619 1737 sed
1632 1711 1686 1739 Deo
1697 1714 1807 1747 permit—

1018 1751 1089 1774 tente
1107 1750 1265 1777 tentationes
1288 1750 1440 1779 hominibtts
1459 1761 1509 1788 per
1527 1754 1662 1783 daemonas
1677 1758 1786 1786 excitari
1798 1780 1804 1791 .

1016 1793 1048 1819 ad
1062 1793 1227 1828 singulorum
1247 1796 1427 1829 probationem
1442 1799 1692 1836 perfectionemque.
1707 1802 1807 1830 Narra-

1017 1841 1059 1864 tur
1073 1837 1243 1866 Salomonem
1258 1840 1328 1868 hunc
1341 1841 1512 1870 adornavisse
1534 1844 1651 1879 librum,
1672 1847 1720 1874 nisi
1741 1848 1807 1876 forte

1017 1882 1099 1916 ipsius
1113 1883 1211 1920 Moysis
1224 1885 1260 1912 sit
1275 1893 1350 1921 opus.
1367 1887 1427 1915 liceo
1442 1890 1611 1918 continentur
1623 1892 1648 1919 in
1665 1893 1715 1920 hoc
1728 1895 1805 1927 libro,

1015 1928 1090 1962 cujus
1105 1930 1190 1963 capita
1206 1931 1245 1957 sic
1259 1933 1355 1959 resumi
1372 1939 1491 1967 possunt.
1508 1935 1535 1962 In
1549 1938 1659 1965 exordio
1674 1944 1805 1974 narratur,

1015 1974 1084 2008 quod
1097 1974 1147 2002 Job
1162 1976 1291 2004 habitaret
1302 1978 1327 2004 itt
1341 1983 1410 2006 terra
1425 1981 1544 2009 Ausitidc
1558 1992 1564 2008 :
1580 1983 1674 2012 deinde
1688 1987 1805 2020 sequitur

1016 2020 1193 2048 testintoniutn
1209 2022 1353 2057 Scriptura:
1372 2025 1405 2052 de
1421 2027 1504 2060 probo
1516 2028 1574 2063 ejus
1589 2030 1649 2057 vitae
1666 2031 1803 2065 instituto;

1014 2066 1084 2099 quod
1098 2067 1165 2094 ﬁlios
1182 2067 1291 2095 haberet
1305 2075 1418 2104 septem,
1434 2072 1554 2108 ﬁliasque
1568 2081 1632 2106 sex;
1647 2076 1680 2103 de
1694 2086 1804 2106 nmnero

1015 2118 1138 2145 pecorum
1153 2113 1220 2147 ejus.
1236 2114 1311 2148 Quod
1329 2115 1374 2143 lilii
1389 2117 1447 2150 ejus
1459 2126 1509 2145 una
1523 2122 1725 2155 cenvenientes,
1739 2132 1804 2152 cun-

1014 2156 1111 2184 vivinm
1122 2159 1239 2192 quotidie
1247 2160 1412 2188 celebrarent
1423 2170 1481 2189 cutn
1493 2164 1576 2191 tribus
1587 2168 1722 2195 sororibus
1733 2171 1802 2197 suis:

1014 2206 1041 2228 et
1054 2203 1123 2237 quod
1138 2204 1253 2231 mitteret
1266 2204 1316 2232 Job
1329 2211 1355 2233 et
1371 2208 1511 2235 ttntndaret
1525 2210 1592 2238 ﬁlios
1606 2220 1678 2246 suos,
1691 2214 1804 2243 otTert-ns

1014 2254 1062 2280 pro
1083 2247 1136 2274 illis
1157 2249 1317 2277 sacriﬁcium
1340 2251 1460 2279 Domino.
1486 2254 1602 2283 Primum
1626 2258 1803 2288 testimonium

1015 2291 1117 2319 Domini
1138 2293 1272 2322 diabolum
1292 2296 1450 2331 alloqucntis
1469 2299 1537 2326 circa
1553 2301 1647 2329 Jobntn
1668 2313 1673 2329 :
1689 2305 1802 2338 prittttttn

1014 2336 1109 2363 invidia
1125 2338 1230 2371 plenuttt
1247 2340 1342 2367 diaboli
1358 2342 1517 2376 colloquium
1533 2352 1592 2372 cum
1609 2336 1721 2376 Domino
1734 2351 1803 2378 circa

1012 2381 1118 2409 Jobutn.
1142 2383 1219 2411 Dedit
1238 2385 1364 2413 Dotnintts
1380 2392 1536 2421 potestatem
1551 2391 1657 2420 diabolo
1672 2395 1697 2421 in
1714 2398 1802 2424 omnia

1011 2435 1070 2461 quae
1082 2428 1115 2454 ad
1126 2428 1221 2456 Jobutn
1236 2432 1408 2464 pertinerent,
1422 2433 1478 2467 ipso
1489 2435 1555 2463 Jobo
1567 2441 1667 2466 tantum
1679 2448 1799 2476 excepto

1013 2471 1100 2499 Primo
1120 2474 1236 2501 nuntiari
1251 2480 1326 2503 enrat
1340 2477 1460 2505 diabolus
1475 2479 1542 2507 Jobo
1554 2502 1561 2513 ,
1575 2490 1657 2517 equos
1672 2491 1699 2512 et
1714 2471 1802 2514 asinos

1011 2516 1068 2550 ejus
1082 2523 1173 2552 captos
1186 2540 1193 2549 ,
1208 2527 1352 2555 servosque
1368 2530 1507 2556 percussos
1520 2526 1612 2555 fuisse.
1635 2529 1671 2558 De
1685 2534 1801 2561 secundo

1012 2564 1114 2595 nuntio,
1126 2564 1170 2598 qui
1181 2565 1248 2592 Jobo
1260 2566 1326 2593 dixit
1339 2577 1344 2592 :
1358 2568 1419 2601 Igne
1429 2577 1592 2606 consumptae
1602 2580 1665 2601 sunt
1674 2584 1739 2604 oves
1751 2583 1801 2606 tua:

1010 2615 1070 2634 etttn
1091 2611 1250 2643 pastoribus.
1269 2612 1304 2639 De
1321 2613 1399 2641 tertio
1415 2616 1507 2643 nuntio
1519 2638 1525 2649 ,
1541 2619 1583 2652 qui
1604 2623 1720 2649 narravit
1734 2624 1801 2652 Jobo

1010 2659 1099 2687 captos
1119 2656 1234 2683 camelos
1247 2677 1254 2690 ,
1275 2662 1302 2684 et
1321 2665 1405 2686 cmsos
1425 2662 1550 2689 custodes
1574 2663 1663 2692 fuisse.
1687 2670 1799 2700 Quartus

1011 2699 1116 2726 nutttius
1131 2700 1227 2728 Jobum
1241 2702 1312 2733 adit,
1332 2709 1473 2740 narretque
1488 2709 1621 2737 corruisse
1635 2711 1758 2743 domum,
1774 2721 1798 2741 t'l

1009 2752 1150 2779 oppressos
1164 2754 1257 2775 ontnes
1273 2748 1340 2776 Iilios
1356 2749 1412 2784 ejus
1432 2751 1522 2779 fuisse.
1546 2754 1572 2781 In
1589 2758 1708 2784 omnibus
1726 2759 1797 2786 hisee

1041 2825 1081 2861 (α),
1089 2829 1144 2861 Quae
1153 2831 1287 2861 sequuntur
1295 2835 1371 2861 usque
1381 2829 1409 2853 ad
1419 2830 1501 2858 verba,
1511 2832 1651 2858 terminatur
1660 2834 1726 2861 liber.
1734 2837 1797 2861 sitni-

1010 2856 1064 2881 liter
1077 2856 1195 2891 habentur
1216 2859 1239 2881 in
1252 2856 1433 2891 altera'Synopsi
1443 2867 1448 2890 ;
1459 2866 1501 2886 etet
1507 2869 1547 2886 era
1559 2856 1617 2888 vero
1626 2856 1703 2889 omnia

1009 2888 1105 2918 Synopsi
1117 2887 1214 2913 absunt.
