2060 3125
267 153 319 180 505

266 209 459 237 calamitatibus
473 216 524 235 non
535 206 653 242 peccavit
663 205 711 233 Job
722 213 783 239 erga
795 204 946 231 Dominum.
957 203 1054 230 Secun-

267 257 330 283 dum
345 253 524 282 testimonium
545 252 648 280 Domini
668 251 800 278 diabolum
815 249 972 282 alloquentis
985 268 991 279 ,
1005 255 1057 281 quo

267 301 326 329 Jobi
342 302 425 327 virtus
438 299 602 329 celebratur;
622 301 649 324 et
667 295 812 323 secuttdutn
832 293 930 320 invidia
949 293 1055 326 plenttm

268 347 363 374 dialtoli
375 345 533 379 colloquium
544 350 604 370 cum
616 342 726 368 Domino
736 341 806 367 circa
817 339 922 366 Jobum.
943 335 976 363 Et
987 343 1056 370 quo-

267 393 349 421 modo
356 392 495 422 tradiderit
508 389 634 416 Dominus
646 387 753 418 Joltum,
770 394 820 412 una
837 388 937 412 tantum
952 388 1055 410 servata

267 439 355 465 anima
372 444 420 464 seu
433 436 497 462 vita.
520 434 650 468 Egressus
665 431 785 459 diabolus
798 430 893 458 Jobuttt
910 428 1022 463 percutit
1040 435 1056 454 a

269 484 379 519 pedibus
394 488 476 516 usque
493 480 526 506 ad
540 482 636 514 caput;
659 477 807 512 sedensque
822 476 872 504 Job
893 476 918 502 in
938 479 1056 501 stercore

270 529 376 557 radebat
389 527 499 554 saniem.
514 525 613 553 Suadet
630 524 697 551 Jobo
713 531 779 550 uxor
796 522 853 556 ejus
865 543 872 554 ,
887 527 915 548 ιιι
935 522 1056 556 loquatur

266 579 358 602 contra
377 573 518 600 Dominum
532 593 539 604 ,
553 577 578 598 et
593 570 723 597 moriatur
738 578 743 596 :
759 569 882 602 illamque
899 567 949 594 Job
962 575 1055 601 repre-

268 620 366 647 hendit.
385 619 530 647 Audierunt
544 622 598 644 tres
612 616 688 642 amici
702 615 772 643 Jobi.
786 614 893 649 Elipltaz
906 613 1056 640 'l‘lttctnani-

268 671 353 692 tarum
367 671 413 692 rex
424 685 430 696 ,
446 663 543 690 Baldad
563 661 725 689 Saclteorum
741 665 867 695 tyrannus
879 679 886 691 ,
907 662 934 684 et
954 658 1055 692 Sophar

269 711 428 741 Nemeorum
445 711 596 736 rcxtcuncta
609 715 667 741 quac
683 706 730 740 ipsi
745 705 903 732 acciderant.
920 704 951 730 Et
964 710 1055 730 acces-

266 759 359 782 serunt
380 755 412 781 ad
433 754 505 781 illutn
527 753 622 787 singuli
641 760 672 778 ex
698 752 804 785 regione
818 757 882 780 sua.
897 753 925 776 ut
939 749 1056 775 viserent

267 803 338 829 illum
349 810 356 828 :
367 802 464 836 illoque
472 803 616 834 conspecto
625 797 759 824 sciderunt
767 796 860 831 singuli
870 800 969 822 vestem
980 801 1054 820 suant

265 849 299 874 ob
314 853 411 875 tantam
427 846 615 873 calamitatem.
638 843 700 870 Post
714 843 816 877 plagam
833 846 920 868 autem
934 840 984 867 Job
1001 839 1054 874 pri-

267 901 324 920 ntus
338 893 442 927 aperuit
452 899 482 918 os
495 898 583 922 suum,
598 894 621 916 et
636 887 832 915 maledixitdiei
844 894 875 913 ac
886 886 954 912 nocti
966 886 992 911 itt
1004 892 1054 918 qua

267 945 343 966 natus
352 943 419 965 erat.
431 937 497 964 Hinc
509 935 572 963 illud
586 944 592 961 τ
606 935 677 961 Sicut
687 941 771 960 servus
781 934 822 966 qui
836 933 903 958 tintct
914 931 1053 963 dominum,

265 985 301 1010 sic
314 985 373 1010 data
385 987 420 1009 est
431 982 475 1008 lux
487 982 517 1008 iis
529 981 571 1014 qui
584 981 609 1006 in
624 978 791 1005 amaritudine
805 981 943 1008 versantur,
955 976 998 1010 qui
1011 976 1055 1002 de-

265 1031 375 1057 siderant
390 1033 493 1055 mortem
504 1049 510 1060 ,
524 1035 568 1053 nec
583 1025 702 1052 obtinent.
726 1024 795 1050 Mors
811 1024 876 1050 enim
894 1024 945 1048 riro
959 1022 1054 1056 requies

266 1076 325 1108 (Job
335 1074 518 1102 5.19.20.21.
527 1073 583 1107 25).
594 1071 735 1105 Excipiens
746 1071 818 1097 illuni
833 1069 933 1104 primus
945 1068 1054 1102 Elipltaz

265 1121 442 1149 Tlttentanitt-s
452 1120 514 1146 dicit
526 1119 594 1146 Jobo
609 1127 614 1143 :
633 1127 643 1142 ‹
660 1117 687 1144 In
705 1115 857 1143 memoriam
874 1121 979 1144 revoca,
995 1113 1054 1146 quis

266 1166 379 1193 mutulos
404 1164 528 1198 perierit,
551 1168 596 1190 aut
618 1162 784 1197 qttandonattt
807 1167 914 1187 veraces
937 1159 1054 1185 funditus

265 1211 358 1245 perditi
371 1210 433 1236 sint.
455 1208 562 1235 Ferocia
573 1207 716 1250 dracpnum
728 1205 856 1233 exstincta
871 1209 926 1231 est:
937 1210 1054 1238 myrme-

263 1256 356 1282 coleon
366 1259 453 1281 autent
464 1253 551 1288 periit,
561 1261 593 1280 eo
602 1249 673 1287 quod
684 1259 735 1278 non
746 1251 855 1277 haberet
863 1257 949 1276 escam
960 1249 1052 1276 :catuli

264 1302 368 1327 leonttm
381 1307 440 1326 sese
452 1298 563 1325 invicem
576 1301 743 1332 separarunt.
761 1296 805 1322 Sic
818 1303 869 1322 tton
883 1299 925 1322 est
935 1293 1054 1320 mortalis

265 1345 379 1372 ttuttttltts
393 1345 418 1371 in
432 1348 575 1378 conspectu
588 1341 691 1370 Domini
702 1362 709 1374 ,
724 1348 809 1375 neque
822 1347 853 1367 ev
866 1339 989 1373 operibus
1000 1338 1054 1365 suis

265 1390 412 1423 ittculpattts
424 1390 464 1416 vir
476 1398 485 1414 ι
497 1387 555 1423 (Job
567 1387 683 1414 1.7.10.
698 1387 823 1419 11.17).t
836 1385 925 1416 Stulti,
939 1394 947 1410 ι
959 1383 1053 1418 inquit,

267 1446 276 1461 ι
284 1436 344 1462 licet
352 1435 467 1462 radicem
477 1433 676 1469 ponant,statim
683 1432 853 1459 devorabitur
860 1431 944 1457 victus
950 1437 1052 1461 eorum;

262 1481 386 1516 quoniam
395 1482 464 1516 quod
476 1481 512 1507 illi
522 1483 724 1514 congregat-unt,
733 1478 795 1512 justi
805 1477 944 1504 comedent
957 1486 966 1502 ι
978 1475 1053 1512 (Cap.

263 1529 289 1554 5.
304 1536 328 1554 υ.
344 1527 370 1554 5.
387 1526 424 1562 5).
443 1535 452 1552 ι
469 1526 581 1558 ΙΙοιιιο,›
599 1525 691 1559 inquit,
708 1533 717 1549 ‹
738 1523 854 1550 ttascitur
867 1522 899 1549 ad
915 1522 1031 1548 labOrem
1044 1541 1052 1553 ,

263 1573 325 1606 pulli
354 1578 441 1600 autem
470 1573 603 1599 vulturum
630 1571 682 1598 alle
711 1569 811 1596 volant.
846 1567 1053 1602 Coutprehend‘it

261 1624 348 1646 autem
370 1618 495 1646 Dominus
511 1617 644 1652 sapientes
663 1616 690 1643 in
708 1615 845 1650 prudentia
868 1621 960 1641 eorum
971 1634 977 1645 ,
993 1621 1054 1640 con-

261 1666 349 1692 silium
375 1670 462 1691 autem
483 1662 659 1696 versipellium
680 1660 801 1695 dissipat.
827 1660 996 1687 lnnocentem
1019 1666 1051 1686 ex

262 1709 465 1737 necessitatibus
487 1709 580 1742 eripiet
601 1707 728 1734 Dominus
741 1727 747 1738 ,
768 1711 795 1733 et
817 1706 841 1733 itt
864 1705 978 1738 septimo
999 1711 1051 1731 non

262 1759 351 1790 tanget
371 1763 431 1781 eutn
453 1754 561 1781 malunt.
582 1753 620 1780 Tu
638 1760 701 1779 vero
717 1757 802 1779 tecum
817 1757 909 1786 reputa
920 1772 926 1784 ,
942 1759 975 1778 an
989 1751 1051 1786 quid

263 1799 459 1835 perpetraveris
477 1808 485 1824 ι
503 1798 581 1833 (Ibid.
598 1807 620 1824 υ.
636 1798 661 1824 7.
680 1798 722 1824 13.
740 1797 783 1824 19.
797 1797 854 1831 27).

298 1845 384 1872 Prima
406 1845 465 1872 Jobi
486 1844 519 1871 ad
542 1844 649 1878 Eliphaz
670 1844 807 1877 responsio
822 1852 828 1869 :
845 1852 854 1868 ι
871 1843 898 1870 Si
914 1851 978 1870 vero
993 1843 1052 1877 quis

259 1889 412 1924 appcttdens
424 1889 587 1924 appenderet
608 1889 673 1915 irant
693 1896 796 1920 nteant,
810 1893 836 1915 et
854 1888 960 1915 dolores
978 1896 1052 1916 meos

260 1937 364 1963 tolleret
380 1936 406 1961 in
420 1940 518 1962 statera
533 1936 640 1969 pariter.
655 1935 745 1968 utique
757 1941 837 1961 arena
851 1934 932 1961 maris
945 1934 1051 1969 gravior

258 1982 308 2008 erit
323 1991 332 2008 I
343 1981 417 2016 (Cap.
428 1981 454 2008 6.
463 1981 521 2008 ..2.
532 1981 569 2015 ὃ).
582 1980 645 2007 item
656 1980 716 2006 illttd
729 1991 733 2006 :
747 1989 756 2005 ι
767 1980 833 2006 Num
844 1979 940 2006 frustra
950 1981 1051 2006 clama-

259 2028 297 2054 !tit
310 2035 408 2062 onager
416 2048 423 2059 ,
437 2027 486 2053 nisi
497 2034 573 2053 escas
584 2026 739 2060 requirens?
750 2025 880 2060 Numquid
892 2029 918 2052 et
929 2029 1051 2060 erumpet

257 2073 283 2100 in
296 2080 387 2099 vocent
399 2072 457 2104 bos,
469 2079 529 2098 cum
541 2071 637 2098 habent
647 2071 671 2097 itt
684 2079 804 2105 prtesepe
816 2071 907 2097 cibos?
919 2070 1049 2105 Numquid

258 2118 384 2145 lortitudo
398 2117 513 2152 lapidum
527 2116 654 2144 fortitudo
666 2124 735 2148 mea,
749 2121 795 2143 aut
806 2124 898 2143 carnes
911 2124 977 2143 mea:
987 2121 1050 2143 snttt

256 2173 338 2192 autem
352 2173 363 2190 ι
376 2163 457 2199 (Ibid.
468 2163 609 2197 u.3.12)?«
621 2162 701 2196 Quasi
712 2163 819 2190 tcntatio
826 2162 924 2189 estvita
934 2162 1049 2189 hominis

255 2219 336 2245 super
348 2215 457 2242 terram,
468 2213 513 2236 aut
523 2208 742 2243 sicutquotidiani
753 2209 908 2235 mercenarii
918 2208 969 2234 vita
978 2207 1045 2242 ejus.

254 2259 281 2284 Si
298 2265 347 2292 ego
367 2257 474 2292 peccavi
486 2277 492 2287 .
506 2255 568 2290 quid
581 2260 673 2290 potero
687 2255 793 2282 facere?
804 2255 853 2287 Qui
865 2255 917 2281 Scis
932 2259 1047 2280 mentem

255 2304 391 2330 hominum
403 2323 410 2335 ,
425 2310 507 2336 quare
529 2302 638 2336 posuisti
655 2309 697 2328 me
719 2304 747 2327 ut
765 2300 890 2335 loquerer
904 2299 1047 2327 adversum

255 2354 280 2375 te
299 2358 308 2374 ι
326 2348 402 2384 (ϐαρ.
418 2347 443 2373 7.
459 2355 483 2373 υ.
501 2347 525 2374 ι.
541 2346 608 2378 20)?

291 2394 354 2420 Post
365 2393 473 2427 Eliphaz
484 2391 615 2418 secundus
627 2391 761 2426 excipiens
772 2390 869 2417 Baltlad
881 2390 1046 2417 Sauclteotes

254 2438 350 2466 Jobunt
362 2438 401 2464 sic
413 2438 556 2472 alloquitur
570 2447 575 2463 ε
594 2445 603 2461 σ
621 2437 762 2471 Usrptequo
778 2436 916 2471 loqueris?
930 2436 1045 2470 Spiritus

254 2484 426 2517 ntttltiloquus
437 2484 462 2510 in
475 2491 521 2510 Ore
531 2488 584 2509 tuo.
598 2482 729 2516 Numquid
741 2483 867 2509 Dominus
878 2482 974 2517 injuste
985 2487 1045 2517 aget

251 2528 394 2564 judicans?
409 2533 453 2554 aut
466 2529 509 2562 qtti
525 2528 611 2555 omnia
626 2528 702 2559 facit,
717 2536 768 2554 non
784 2527 919 2554 exhibebit
935 2527 958 2554 id
974 2528 1043 2562 quod

251 2575 350 2609 justum
362 2577 403 2600 est
419 2582 429 2598 ι
445 2573 518 2607 (ϐαρ.
530 2573 555 2599 8.
573 2574 634 2599 v.2.
645 2573 692 2607 5)?
707 2572 770 2599 item
787 2572 867 2600 illud:
881 2582 889 2598 ι
904 2572 976 2600 Sicut
991 2581 1042 2599 non

251 2620 321 2646 viret
335 2626 449 2654 papyrus
464 2618 521 2645 sine
536 2626 601 2653 aqua
613 2639 620 2650 ,
638 2626 686 2646 nec
698 2619 793 2645 crescit
810 2619 874 2653 prati
890 2619 971 2645 herba
986 2619 1043 2646 sine

252 2669 332 2699 potu;
351 2672 410 2690 nam
426 2664 512 2690 adhuc
527 2665 552 2690 in
567 2671 614 2690 sua
630 2664 718 2691 radice
733 2665 872 2696 consistit,
889 2673 938 2692 nec
949 2665 1040 2691 dente-

252 2715 321 2736 tctut'
331 2731 338 2740 .
352 2713 379 2737 et
392 2714 532 2743 antequam
547 2708 624 2735 cadat
639 2709 720 2737 herba
735 2709 876 2736 siccabitor
892 2719 898 2736 ε
913 2711 950 2736 sic
964 2715 1043 2737 erunt

253 2756 392 2782 novissima
405 2756 493 2782 omnia
504 2762 608 2788 eorum,
619 2755 662 2790 qtti
675 2755 866 2783 obliviscuntur
881 2757 925 2783 Dei
941 2766 949 2782 ι
960 2755 1039 2792 (Ibitl.

250 2801 406 2834 v.11-15).

287 2847 373 2874 l'riuta
398 2846 534 2880 responsio
550 2845 608 2873 Jobi
632 2845 663 2872 ad
687 2845 830 2873 Baldadum
847 2855 853 2873 ί
873 2856 881 2872 ι
903 2847 969 2874 \‘ere
985 2848 1040 2874 scio

633 148 663 176 S.
677 147 816 176 JOANNIS
835 144 1070 174 CHRYSOSTOMI
1090 145 1246 173 AHCHIEP.
1268 145 1531 173 (ZONSTANTINOP.

1849 147 1900 174 3i)!

1112 201 1182 236 quod
1204 202 1238 228 ita
1258 202 1291 228 sit
1308 211 1314 227 :
1330 202 1462 236 quomodo
1476 202 1546 228 enim
1564 203 1615 230 erit
1635 203 1722 237 justus
1738 203 1818 229 homo
1833 203 1901 236 apud

1111 245 1251 272 Dominum
1263 254 1272 270 ι
1284 246 1356 281 (Cap.
1367 247 1393 274 9.
1405 255 1428 273 υ.
1438 245 1485 280 2)?
1496 247 1632 282 Etiamque
1643 247 1717 281 illud,
1731 256 1741 272 ι
1753 247 1803 280 Qui
1813 253 1900 274 exten-

1110 291 1147 318 dit
1157 292 1250 318 ctelum
1262 292 1345 325 solus,
1361 297 1388 319 et
1402 293 1518 319 ambulat
1531 300 1610 327 super
1626 300 1698 320 mare
1713 299 1846 327 tam'jttam
1859 301 1900 320 su-

1110 344 1157 371 per
1167 338 1357 371 pavimentum,
1365 338 1409 372 qui
1419 337 1481 365 fecit
1490 339 1596 365 Pleiada
1609 343 1635 365 et
1643 339 1806 372 Hesperum»
1820 338 1899 370 (Ibid.

1109 383 1233 418 9.v.8.9).
1246 392 1255 409 ι
1267 384 1437 418 Quisjudieio
1446 385 1491 411 Dei
1499 385 1619 411 resistet?
1627 385 1702 418 Quod
1712 385 1732 410 si
1740 385 1820 411 etiam
1828 384 1901 411 inero

1107 428 1202 463 justus,
1213 437 1243 456 os
1252 437 1339 456 meum
1350 430 1427 465 impia
1438 431 1560 464 loqttetur
1572 440 1578 456 τ
1590 431 1692 457 etiamsi
1704 431 1777 457 fuero
1785 430 1842 456 sine
1851 430 1902 456 cri—

1109 475 1189 507 mine,
1199 482 1294 509 pravus
1302 475 1409 502 evadatn
1417 475 1510 511 t(Ibid.
1519 476 1589 503 v.19.
1597 476 1653 510 20).
1663 476 1738 502 Circa
1747 475 1819 506 illud,
1827 475 1899 502 «Vita

1109 527 1167 546 mea
1177 520 1260 547 levior
1269 525 1310 547 est
1322 528 1441 548 cursore.
1451 520 1582 555 Numquid
1593 521 1702 548 navibus
1710 525 1752 547 est
1761 521 1899 555 vestigium

1109 565 1168 597 vite,
1181 569 1227 592 aut
1238 566 1332 600 aquila!
1345 567 1466 598 volantis,
1479 567 1621 601 quaerentis
1630 575 1717 594 escam
1729 566 1809 602 (Ibid.
1818 575 1842 594 υ.
1853 567 1897 595 25.

1108 611 1173 646 26)?
1187 612 1318 639 Memento
1330 612 1398 647 quod
1410 613 1492 640 lutum
1503 613 1599 640 tinxisti
1611 620 1662 644 me.
1675 618 1700 640 et
1712 614 1736 640 itt
1747 617 1845 641 terram
1856 621 1898 641 me

1109 659 1202 685 iterum
1217 663 1365 686 convertes.
1390 659 1483 686 Nonne
1499 659 1565 687 sicut
1584 661 1623 686 lac
1641 659 1754 686 mulsisti
1768 662 1829 688 me?
1845 664 1895 686 etc.

1109 704 1201 731 Essem
1216 709 1348 738 tamquam
1364 711 1415 730 non
1433 705 1549 731 fuissent.
1563 704 1617 731 Cur
1629 706 1662 731 de
1676 709 1750 730 utero
1765 704 1790 730 in
1804 711 1897 730 monu-

1108 756 1224 777 mentum
1239 758 1290 776 nott
1307 757 1364 777 sttm
1381 750 1522 777 translatus
1535 760 1543 775 ι
1556 750 1628 784 (Cap.
1640 749 1682 776 10.
1698 758 1720 776 υ.
1731 750 1756 776 9.
1775 749 1817 776 10.
1831 749 1897 784 19)?

1143 796 1204 822 Post
1229 796 1337 830 Eliphaz
1355 795 1452 822 Baldad
1467 816 1473 826 ,
1494 800 1520 822 ct
1536 801 1594 830 post
1610 795 1706 821 Baldad
1723 794 1828 829 Sophar
1840 795 1894 822 Me-

1108 849 1191 873 nzeus,
1203 841 1348 867 secundum
1362 841 1411 867 sibi
1426 840 1560 876 proprium
1573 841 1711 871 ordinent;
1728 841 1761 867 ita
1776 845 1804 867 ιιι
1814 848 1896 867 unus-

1107 885 1218 920 quisque
1239 894 1331 913 eorunt
1353 892 1471 921 speraret
1493 893 1523 913 se
1546 886 1654 913 meliora
1676 886 1806 913 dicturum
1818 886 1894 914 Jubo.

1110 940 1119 956 ι
1131 931 1180 964 Qui
1190 931 1269 958 mttlta
1281 931 1354 964 dicit,
1368 932 1483 958 vicissim
1496 931 1594 958 audiet.
1611 941 1620 956 t
1634 931 1697 958 lletn
1711 931 1773 959 illttd
1786 940 1792 958 :
1810 942 1819 958 ι
1835 932 1895 959 Ful-

1106 976 1177 1011 gebit
1198 977 1277 1003 iacies
1299 981 1343 1004 tua
1366 982 1499 1010 tamquam
1519 985 1585 1011 aqua
1608 985 1681 1011 pura.
1708 977 1795 1004 Evucs
1808 982 1895 1004 autem

1107 1021 1212 1048 sordent
1222 1041 1228 1052 ,
1244 1026 1271 1048 et
1286 1029 1337 1048 non
1354 1021 1466 1053 timebis,
1484 1026 1510 1048 et
1523 1022 1638 1049 laborem
1652 1023 1816 1049 obliviscaris
1831 1027 1882 1050 tam

1107 1075 1184 1100 quant
1201 1068 1308 1094 lluelum
1323 1068 1366 1102 qui
1381 1068 1508 1102 praeterit.
1524 1068 1614 1095 Oratio
1626 1069 1695 1095 enim
1709 1074 1750 1095 tua
1764 1073 1894 1104 tamquam

1107 1112 1212 1139 Lucifer
1224 1113 1272 1140 erit
1288 1123 1297 1138 ι
1310 1113 1382 1148 (ϐαρ.
1400 1114 1442 1142 11.
1456 1114 1517 1141 v.2.
1535 1113 1636 1149 15-17).

1143 1158 1228 1185 Prima
1249 1159 1307 1186 Jobi
1331 1160 1364 1186 ad
1386 1159 1531 1193 Sopharem
1559 1160 1718 1194 responsio:
1737 1170 1746 1187 ι
1766 1161 1819 1188 Vos
1833 1169 1896 1194 ergo

1107 1203 1155 1229 Soli
1172 1205 1235 1230 estis
1252 1203 1387 1235 homines;
1404 1210 1448 1231 attt
1460 1205 1594 1232 vobiscum
1610 1206 1737 1233 morietur
1749 1206 1895 1240 sapientia?

1106 1249 1139 1275 Et
1154 1249 1216 1275 tttilti
1230 1249 1336 1283 quidem
1352 1257 1398 1277 cor
1409 1250 1483 1284 juxta
1498 1258 1546 1277 vos
1560 1251 1609 1278 erit
1623 1261 1632 1276 ›
1645 1251 1654 1287 (
1665 1250 1728 1281 Cap.
1744 1251 1786 1278 1:2.
1803 1251 1829 1278 Ξ.
1847 1251 1863 1278 5
1875 1250 1892 1281 ).

1106 1295 1182 1322 Circa
1198 1295 1261 1322 illttd
1276 1305 1281 1323 ε
1295 1305 1304 1321 ι
1319 1296 1383 1330 Quis
1395 1304 1447 1323 non
1458 1297 1581 1331 Cognovit
1592 1297 1616 1324 in
1629 1297 1752 1324 omnibus
1764 1297 1814 1329 his,
1826 1298 1895 1331 quod

1107 1348 1201 1367 manus
1214 1341 1317 1368 Domini
1333 1341 1395 1368 fecit
1410 1342 1485 1369 hate?
1501 1342 1566 1375 Quia
1580 1342 1605 1368 itt
1620 1350 1699 1369 manu
1713 1342 1771 1376 ejus
1784 1348 1825 1370 est
1837 1344 1894 1369 atti-

1107 1393 1149 1412 ma
1164 1387 1281 1413 omnium
1295 1387 1448 1419 viventinnt,
1466 1392 1493 1414 et
1506 1388 1615 1421 spiritus
1629 1388 1715 1415 omnis
1728 1388 1851 1417 hominis.
1867 1390 1895 1416 Si

1107 1431 1270 1466 prohibuerit
1283 1440 1377 1467 aquam
1387 1454 1394 1464 ,
1408 1434 1518 1460 siccabit
1532 1439 1629 1461 terram
1645 1455 1651 1465 .
1667 1439 1694 1462 et
1708 1434 1730 1461 si
1745 1434 1893 1468 dimiserit,

1107 1477 1221 1512 perdidit
1235 1484 1357 1506 evertens
1370 1487 1428 1506 eam
1441 1479 1534 1514 t(Ibid.
1546 1488 1569 1506 υ.
1579 1480 1605 1507 9.
1617 1480 1658 1508 10.
1670 1480 1724 1515 15).
1733 1480 1809 1508 Circa
1817 1481 1893 1508 illud:

1108 1532 1117 1548 ‹
1133 1523 1197 1556 Quis
1209 1524 1261 1550 erit
1273 1525 1387 1550 mundus
1402 1532 1415 1550 a
1432 1524 1532 1551 sorde?
1546 1525 1580 1551 At
1593 1532 1681 1554 nemo.
1695 1526 1745 1553 etsi
1759 1533 1827 1552 unus
1839 1526 1895 1552 dies

1105 1569 1139 1595 sit
1155 1569 1206 1595 vita
1222 1569 1279 1603 ejus
1294 1576 1375 1603 super
1389 1574 1497 1596 terrain.
1514 1569 1560 1596 Est
1574 1570 1662 1597 arbori
1692 1577 1764 1604 spes.
1780 1572 1808 1597 Si
1824 1571 1893 1597 enim

1105 1615 1192 1642 excisa
1218 1615 1311 1647 fuerit,
1328 1615 1413 1642 adhuc
1433 1615 1586 1650 pullulabit,
1603 1620 1629 1643 et
1648 1623 1755 1651 germen
1770 1616 1828 1650 ejus
1843 1625 1893 1643 non

1105 1661 1218 1688 deficiet.
1236 1661 1282 1688 Vir
1294 1669 1355 1688 vero
1365 1670 1424 1688 cum
1436 1666 1554 1688 mortuus
1566 1661 1654 1694 fuerit,
1665 1662 1729 1688 abiit
1739 1670 1745 1690 :
1757 1667 1783 1688 et
1796 1668 1893 1689 morta-

1105 1706 1136 1732 lis
1146 1714 1205 1732 cuttt
1216 1706 1351 1739 ceciderit,
1364 1714 1414 1733 non
1427 1707 1495 1734 ultra
1507 1711 1546 1734 est
1561 1717 1570 1732 ι
1581 1706 1733 1742 (Cap.14.1t.
1743 1707 1769 1734 4.
1777 1707 1892 1740 5.7›.1ι)).

1140 1751 1244 1778 Initium
1273 1752 1429 1778 secundum.
1462 1752 1570 1786 Eliphaz
1597 1752 1693 1779 Jobum
1722 1753 1890 1787 alloquitur:

1107 1805 1115 1821 ι
1135 1796 1265 1830 Nutttqttid
1280 1797 1387 1830 sapiens
1406 1797 1607 1831 responsionem
1622 1797 1694 1824 dabit
1707 1797 1825 1824 scientim
1839 1798 1892 1831 spi-

1105 1842 1191 1868 ritus?
1208 1844 1306 1875 Argnat
1322 1847 1346 1868 te
1360 1850 1390 1868 os
1405 1847 1477 1868 tuttut
1491 1863 1498 1875 ,
1515 1847 1541 1869 et
1555 1850 1606 1868 non
1622 1849 1680 1876 ego.
1704 1852 1713 1868 ι
1731 1842 1794 1869 lllttd
1810 1843 1890 1875 item,

1107 1898 1116 1913 ε
1134 1889 1198 1922 Quis
1216 1889 1287 1915 euittt
1306 1895 1365 1914 cum
1381 1889 1415 1914 sit
1433 1888 1528 1919 Itonto,
1544 1888 1595 1914 erit
1614 1888 1784 1922 incttlpalns?
1796 1895 1830 1915 an
1843 1888 1893 1915 crit

1100 1934 1188 1967 justus
1203 1937 1278 1959 natus
1291 1932 1324 1959 de
1337 1932 1448 1959 muliere
1468 1942 1476 1958 ι
1491 1933 1566 1967 (ϐαρ.
1582 1933 1622 1960 15.
1635 1941 1659 1960 υ,
1675 1932 1702 1958 2.
1718 1932 1744 1960 6.
1761 1932 1823 1967 14)?

1139 1978 1261 2006 Secunda
1277 1978 1414 2012 responsio
1428 1977 1488 2005 Jobi
1503 1978 1534 2004 ad
1554 1978 1679 2012 Elipltaz:
1696 1987 1704 2003 ι
1722 1978 1816 2004 Audivi
1832 1979 1891 2005 talia

1103 2025 1184 2052 multa
1200 2033 1207 2052 ι
1225 2025 1409 2051 consolatores
1425 2025 1554 2051 tttalorunt
1572 2033 1675 2051 omnes.
1698 2024 1766 2051 licet:
1781 2025 1806 2051 in
1821 2025 1892 2051 caelis

1102 2075 1142 2096 est
1156 2070 1232 2097 testis
1248 2077 1332 2101 meus,
1350 2074 1376 2096 et
1388 2070 1510 2096 conscius
1525 2077 1600 2097 meus
1616 2071 1640 2096 in
1656 2069 1778 2096 excelsis.
1794 2070 1835 2096 Sit
1848 2078 1892 2096 au-

1103 2121 1153 2143 tem
1171 2116 1321 2150 redargntio
1340 2116 1397 2143 viro
1413 2123 1503 2142 coram
1526 2116 1637 2143 Domino
1655 2128 1664 2142 ι
1678 2115 1750 2152 (ϐαρ.
1769 2117 1809 2144 16.
1826 2125 1849 2142 υ.
1863 2116 1888 2143 2.

1100 2161 1143 2188 2t).
1163 2161 1220 2196 22).
1234 2161 1300 2188 illud
1315 2162 1388 2193 item,
1406 2171 1415 2186 α
1431 2161 1539 2188 Noctem
1555 2162 1640 2196 posuit
1655 2162 1681 2188 in
1696 2162 1776 2189 diem.
1792 2161 1856 2188 Nam
1869 2162 1890 2189 si

1105 2207 1255 2233 sustinuero
1265 2227 1272 2239 ,
1289 2206 1406 2234 infernus
1421 2207 1470 2233 erit
1484 2207 1548 2233 milii
1562 2207 1665 2234 domus.
1681 2207 1791 2234 Mortem
1807 2207 1890 2241 appel-

1100 2252 1150 2279 lavi
1163 2257 1275 2286 patretn,
1286 2257 1396 2278 matrem
1409 2257 1497 2279 autem
1509 2260 1595 2279 nteant
1607 2257 1633 2279 et
1644 2259 1764 2279 sororem
1777 2252 1864 2279 tabem
1879 2261 1888 2278 ι

1100 2298 1175 2332 (Cap.
1193 2297 1394 2331 17.1).12-11).

1136 2345 1259 2372 Secundo
1273 2351 1364 2371 rursus
1384 2344 1520 2378 excipiens
1540 2344 1639 2371 Baldad
1658 2344 1693 2370 ait
1715 2344 1747 2370 ad
1768 2343 1865 2371 Jobnnt
1882 2352 1889 2371 :

1103 2399 1112 2415 ι
1129 2390 1272 2424 Quousque
1286 2397 1337 2415 non
1352 2389 1487 2416 cessabis?
1500 2389 1567 2422 Quid
1580 2389 1651 2416 enim
1664 2409 1671 2421 ,
1686 2389 1707 2415 si
1725 2393 1751 2415 tu
1771 2394 1891 2416 mortuus

1097 2435 1178 2462 fueris
1191 2456 1198 2468 ,
1223 2434 1436 2462 inhabitabilisne
1456 2435 1507 2461 erit
1527 2442 1557 2462 ca
1578 2443 1636 2469 qua:
1659 2435 1708 2462 sub
1731 2436 1797 2462 cmlo
1821 2439 1861 2461 est
1878 2444 1888 2461 ι

1099 2481 1181 2516 (Cap.
1193 2481 1235 2508 18.
1248 2488 1271 2508 υ.
1285 2481 1312 2507 2.
1329 2480 1378 2517 1)?
1392 2481 1545 2515 Respondet
1559 2481 1675 2508 secundo
1690 2481 1740 2508 Job
1754 2480 1888 2508 Baldado:

1104 2538 1114 2554 ι
1128 2527 1271 2562 Usqueqno
1285 2528 1432 2554 molestiam
1448 2527 1549 2554 facietis
1564 2527 1659 2554 anima:
1674 2535 1750 2560 mete,
1764 2527 1890 2555 occidetis

1097 2582 1141 2601 me
1161 2573 1326 2600 ratiociniis?
1348 2573 1484 2607 loquimini
1507 2577 1597 2599 contra
1619 2580 1662 2599 me
1683 2573 1741 2599 sine
1762 2571 1863 2606 pudore
1877 2581 1887 2598 ι

1096 2619 1170 2655 (Cap.
1188 2618 1230 2646 19.
1245 2627 1269 2646 υ.
1284 2618 1311 2645 2.
1326 2619 1342 2645 5
1359 2618 1390 2653 )‘I
1404 2618 1451 2645 Hic
1466 2618 1542 2650 illud,
1559 2627 1567 2643 ι
1586 2618 1704 2646 Gloriam
1718 2626 1804 2644 meam
1819 2626 1834 2644 a
1848 2625 1890 2645 me

1095 2665 1202 2692 abstulit
1215 2685 1223 2697 ,
1236 2671 1361 2691 coronam
1375 2663 1482 2690 sustulit
1497 2663 1530 2690 de
1544 2663 1630 2697 capite
1646 2671 1706 2690 meo
1721 2684 1728 2695 ,
1745 2667 1772 2690 et
1790 2663 1889 2691 excidit

1096 2714 1231 2744 tamquam
1245 2709 1367 2735 arborem
1383 2715 1458 2743 spem
1472 2715 1568 2735 meam.
1586 2717 1595 2733 ι
1607 2708 1673 2735 Item
1687 2708 1751 2734 illud
1764 2717 1770 2734 :
1787 2717 1796 2733 ι
1811 2708 1833 2737 Α
1847 2715 1888 2735 me

1097 2755 1192 2782 fratres
1214 2755 1264 2781 ntei
1287 2757 1471 2785 recesserunt,
1494 2753 1598 2780 alienos
1618 2758 1785 2787 agnoverunt
1806 2753 1889 2787 magis

1096 2809 1174 2836 quam
1189 2808 1231 2828 me
1245 2808 1251 2826 :
1266 2799 1343 2826 amici
1358 2806 1421 2826 vero
1435 2799 1487 2826 mei
1502 2798 1726 2826 imntisericordes
1740 2798 1800 2826 facti
1816 2803 1885 2825 sunt.

1096 2848 1208 2875 Servum
1223 2853 1311 2873 nteum
1324 2845 1415 2872 vocavi
1425 2865 1431 2877 ,
1445 2848 1472 2871 et
1486 2852 1538 2871 non
1552 2844 1688 2879 respondit
1703 2852 1710 2871 :
1723 2850 1748 2871 et
1764 2843 1886 2878 rogabant
