2060 3125
132 166 188 192 ἷιϐἴ

130 229 245 248 uxorem
267 229 372 252 meam,
397 226 423 247 et
444 229 496 247 non
517 221 629 248 attendit
645 230 651 247 :
668 219 825 248 invocabam
839 226 926 248 autent

131 267 203 294 tilica
215 267 424 294 concubinarum
438 273 568 299 mearum,
582 267 618 293 illi
629 274 693 293 vero
705 275 747 294 me
764 267 789 293 in
800 266 927 294 sa‘cnluni

130 313 248 340 aversati
263 317 334 339 sunt.
351 312 511 339 Miseremini
528 313 594 343 mei,
609 313 787 345 miseremini,
802 320 818 339 ο
839 313 926 340 amici.

127 360 220 392 Quare
243 367 285 386 me
305 360 494 395 perscquimini
508 381 515 393 ,
534 361 601 386 sicut
617 360 763 387 Dominus?
777 359 842 392 Quis
856 359 926 386 enim

127 406 178 433 dot
199 411 227 433 ul
249 406 400 433 scribantur
421 406 500 433 verba
522 405 602 433 mea?
625 407 646 432 Α
663 406 775 432 Domino
789 405 854 432 mihi
871 405 928 432 hmc

127 457 316 480 consummata
339 457 410 480 sunt.
429 452 528 479 Oculus
548 454 617 479 enim
640 459 714 479 meus
727 452 811 484 vidit,
832 455 858 478 ct
875 457 926 477 n0n

128 498 209 525 alius.
234 497 361 525 Radiccni
382 498 513 524 sermonis
535 497 700 523 inveniemus
719 497 743 523 in
763 504 795 523 eo
810 505 818 524 :
835 500 926 523 cavete

127 544 212 570 etiam
228 550 276 570 vos
290 551 304 570 a
319 543 435 577 tegmine
451 553 460 569 ›
475 543 549 579 (Cap.
565 543 608 570 I9.
625 551 647 569 υ.
660 543 686 570 9.
707 543 747 570 10.
762 543 805 570 15.
822 543 864 570 I4.
878 542 926 570 I6—

129 589 175 615 18.
189 588 281 616 21-25.
298 588 406 623 26-29).

167 633 290 660 Secundo
322 640 414 660 rursus
444 633 579 667 excipiens
610 633 714 668 Sophar
744 633 812 660 .Iobo
841 633 925 660 dicit:

132 687 141 702 ι
159 678 216 705 Non
238 678 277 706 sic
303 679 426 712 putabam
450 683 475 706 te
499 683 591 706 contra
615 687 814 714 responsurum.
832 689 841 705 ι
859 679 927 706 Ilinc

129 725 195 752 illud
218 731 225 751 :
249 734 258 750 ε
288 724 390 751 Ιιτιιιίιὶθ
419 725 560 758 impiorum
591 725 666 752 ruina
697 725 807 759 insignis
829 733 836 751 :
860 732 926 759 gan-

129 770 177 796 diu
190 779 204 795 n
220 777 284 796 vero
302 770 454 804 iniquorum
470 773 511 796 est
527 770 649 804 perditio.
672 770 738 796 Cum
752 775 840 797 autem
856 770 926 796 visus

128 815 210 843 fuerit
222 816 277 850 jam
291 815 413 842 firmatus
426 823 494 847 esse,
507 821 569 843 tunc
582 816 607 842 in
621 816 699 843 linem
713 815 819 850 peribit.
836 825 845 841 ι
859 814 925 841 Illud

128 861 210 887 etiam
226 870 232 887 :
250 869 259 885 ι
276 860 342 887 Ossa
358 860 415 894 cjns
437 860 543 894 impleta
565 865 627 887 sunt
647 860 785 894 juventute
804 860 873 894 ejus.
896 860 924 887 Si

127 905 261 932 dulcnerit
287 905 314 931 in
340 913 386 931 ore
408 905 464 939 cjus
492 905 662 939 malignitas.
689 905 838 932 abscondet
864 912 922 931 eam

128 950 180 977 sub
195 950 283 985 lingua
298 958 356 977 sua.
381 950 455 977 Sicut
471 951 504 977 fel
519 950 618 985 aspidis
638 951 663 976 in
679 955 772 976 ventre
793 950 850 984 ejus
863 971 869 982 ,
886 949 925 976 sic

129 996 231 1023 divitia:
256 997 345 1032 inique
368 1000 535 1030 congregata:
556 1000 724 1023 evomentur.
745 996 773 1022 In
788 1004 885 1023 vanum
899 1000 926 1023 et

129 1041 228 1069 frustra
243 1042 381 1073 laboravit,
395 1042 522 1076 colligens
536 1041 642 1068 divitias
654 1050 685 1069 ex
701 1042 797 1076 quibus
811 1050 862 1069 non
877 1049 926 1076 gu-

128 1088 217 1114 stabit.
237 1088 378 1114 Multorum
392 1088 462 1114 enim
479 1088 664 1122 impotentium
679 1087 773 1115 domos
786 1081 922 1115 co'ntrivit.

131 1133 257 1160 annerct
272 1141 333 1160 eum
347 1141 426 1160 arcus
439 1140 534 1165 terens,
550 1138 577 1160 et
590 1138 756 1168 pertranseat
770 1141 816 1168 per
827 1141 924 1168 corpus

127 1179 185 1213 ejus
196 1179 324 1212 jacnlnm.
340 1180 417 1206 Astra
429 1183 518 1205 autem
531 1179 556 1205 in
571 1179 746 1205 tabernaculis
757 1179 815 1212 ejus
825 1179 920 1206 ambu-

129 1225 229 1251 Ialtttnl.
249 1224 309 1251 lla‘c
325 1234 333 1250 ι
344 1225 415 1251 enim
429 1233 437 1249 I
453 1229 493 1251 est
505 1224 594 1259 portio
607 1223 655 1250 viri
671 1224 743 1258 impii
755 1232 769 1250 a
781 1224 897 1251 Domino
910 1233 920 1250 ι

127 1269 202 1304 (Cap.
215 1270 260 1296 20.
271 1279 294 1296 υ.
305 1270 333 1297 2.
343 1269 738 1298 5.’1,1Ι.12.11.15.18.19.
749 1269 793 1297 24.
805 1270 850 1297 25.
863 1269 921 1306 29).

164 1316 285 1344 Secunda
315 1317 454 1352 responsio
475 1316 535 1344 Jobi
563 1316 596 1343 ad
620 1316 725 1351 Sophar
749 1325 754 1343 :
781 1326 791 1342 ι
811 1316 920 1350 Audite,

127 1363 217 1390 audite
231 1362 310 1389 verba
326 1370 394 1393 mea,
410 1367 438 1390 ut
451 1363 487 1390 sit
502 1362 566 1390 mihi
580 1362 728 1389 consolatio
742 1370 794 1389 non
805 1370 819 1389 a
834 1363 921 1390 vobis.

129 1407 198 1441 Quid
226 1408 463 1443 enithnmquid
482 1415 543 1435 cum
574 1408 682 1435 homine
708 1413 750 1435 est
771 1408 923 1443 redargutio

127 1455 207 1481 mea?
220 1454 308 1488 Quare
323 1454 396 1488 impii
408 1454 510 1486 vivunt,
525 1459 724 1490 scnueruntqne
744 1454 769 1482 in
785 1454 884 1482 divitiis
896 1460 923 1482 et

128 1501 327 1535 prosperitate?
345 1501 423 1528 Salva
446 1501 531 1528 evasit
557 1508 698 1535 prmgnans
725 1500 794 1535 apud
820 1501 889 1528 illos.
910 1509 919 1527 ι

127 1545 176 1573 Ubi
188 1554 197 1570 ε
213 1546 282 1573 Dicit
297 1556 305 1571 ι
317 1546 412 1580 impius
423 1555 433 1572 ‹
450 1546 577 1573 Domino:
588 1546 695 1574 Recede
705 1554 720 1573 a
729 1554 782 1580 me,
796 1547 852 1574 vias
864 1551 922 1574 tuas

127 1592 196 1619 scire
212 1592 284 1618 nolo.
310 1591 375 1624 Quis
400 1596 440 1619 est
462 1593 505 1619 ille
528 1597 632 1627 polens,
648 1593 707 1627 quia
719 1593 865 1620 serviemus
876 1593 923 1621 ei?

127 1637 222 1664 Annon
239 1637 366 1664 Domi’nus
382 1642 434 1669 est,
449 1638 494 1672 qni
517 1637 596 1665 docet
612 1638 775 1666 intellectum
789 1642 819 1665 et
833 1638 921 1666 scien-

129 1684 193 1711 tiam
205 1683 218 1710 Ἰ
234 1683 292 1718 Ipse
304 1692 367 1711 vero
397 1683 504 1711 labores
522 1684 660 1718 dijudicat.
685 1683 776 1719 Itaque
797 1685 853 1712 scio
874 1692 922 1712 vos

127 1730 253 1757 audacter
268 1730 332 1756 mihi
347 1730 480 1757 insistere.
502 1739 511 1756 ι
529 1729 592 1757 Item
604 1730 686 1763 illud,
711 1739 721 1756 ‹
740 1729 792 1758 Ubi
816 1734 858 1757 est
871 1730 920 1758 do-

128 1783 187 1803 mus
200 1775 367 1810 principum?
380 1775 408 1802 In
423 1776 494 1802 diem
509 1776 666 1810 perditionis
676 1777 830 1804 sublevatur
842 1776 920 1803 mali-

126 1829 194 1856 gnus
209 1830 216 1848 :
230 1826 257 1849 et
272 1825 331 1856 post
346 1822 419 1849 illum
434 1822 520 1849 omnis
531 1821 612 1849 homo
626 1822 710 1849 abibit
725 1831 735 1847 ›
750 1822 823 1857 (Cap.
836 1822 880 1849 2|.
897 1831 920 1848 I'.

126 1868 153 1894 2.
171 1868 196 1894 4.
214 1868 240 1894 7.
259 1867 302 1894 I0.
319 1867 362 1894 IL.
375 1867 419 1894 15.
430 1866 475 1893 22.
489 1867 535 1893 27.
548 1867 593 1894 28.
605 1867 649 1895 50.
666 1866 722 1903 55).

162 1913 255 1940 Tertio
265 1913 359 1941 iterum
369 1913 508 1947 excipiens
517 1913 626 1947 Eliphaz
638 1913 675 1940 ait
689 1921 695 1939 :
710 1922 719 1938 ‹
731 1912 826 1940 Nonne
839 1913 924 1939 Domi-

128 1967 177 1986 nus
189 1964 238 1990 est.
250 1960 293 1994 qui
305 1959 384 1986 docet
395 1959 558 1986 intellectum
566 1963 593 1986 et
603 1959 760 1986 scientiam?
770 1958 838 1992 Quid
850 1959 922 1986 enim

126 2009 202 2031 curat
214 2004 340 2031 Dominus
351 2005 372 2031 si
387 2008 414 2030 lu
428 2003 498 2030 fuisti
508 2004 534 2030 in
543 2003 668 2039 operibus
677 2003 835 2038 inculpatis?
850 2013 860 2030 ι
875 2004 923 2030 llic

127 2050 196 2077 Jobo
205 2050 270 2077 dicit
283 2050 393 2083 Eliphaz
410 2058 416 2076 :
432 2058 441 2075 ι
461 2049 559 2077 Viduas
569 2049 691 2076 dimisisti
707 2057 804 2076 vacuas
814 2070 821 2081 ,
835 2049 923 2084 pupil-

127 2097 168 2124 los
187 2102 276 2124 autem
301 2096 429 2124 aIIIixisti.
458 2096 489 2124 Et
513 2096 603 2123 dixisti
619 2096 705 2129 :Quid
731 2096 805 2123 novit
826 2095 923 2123 fortis?

127 2142 177 2175 Qui
191 2142 292 2175 dicunt,
304 2142 372 2176 Quid
387 2142 465 2169 faciet
480 2142 556 2169 nobis
571 2142 715 2169 Dominus?
728 2146 755 2169 et
769 2141 831 2176 quid
843 2141 923 2169 indu-

128 2193 171 2215 cet
195 2188 274 2215 nobis
293 2188 490 2223 Omnipotens?
510 2197 519 2213 ›
553 2187 618 2214 Item
638 2187 725 2215 illud:
746 2197 755 2213 ι
774 2187 874 2215 Puram
897 2191 922 2214 te

129 2234 224 2262 reddet
241 2234 368 2261 Dominus
388 2235 457 2261 sicut
474 2239 612 2269 argentum
628 2234 688 2269 igne
701 2234 850 2268 probatum.
865 2233 920 2260 Re-

128 2281 203 2316 spice
218 2281 244 2307 in
255 2280 349 2307 caelum
369 2280 500 2307 hilariter.
523 2280 589 2307 Cum
604 2284 728 2314 precatus
742 2284 829 2306 autem
841 2279 922 2306 lueris

129 2334 200 2358 cum,
219 2325 343 2358 exaudiat
359 2330 430 2360 te,et
439 2328 622 2357 servaberisin
637 2324 765 2351 munditia
791 2331 917 2350 manuum

130 2377 233 2398 tuarum
253 2380 262 2397 ›
283 2371 358 2406 (Cap.
372 2370 416 2397 22.
431 2379 454 2397 υ.
468 2370 494 2397 2.
512 2371 539 2397 5.
554 2371 581 2398 9.
596 2371 638 2397 15.
653 2370 695 2396 17.
710 2369 805 2396 25-27.
820 2369 876 2403 50).

163 2417 254 2444 Tertia
280 2416 339 2443 Johi
364 2416 397 2443 ad
425 2416 535 2451 Eliphaz
558 2415 718 2450 responsio:
734 2424 742 2441 ι
760 2415 794 2441 Et
815 2414 922 2449 quidem

129 2463 195 2494 scio,
207 2462 270 2496 quia
283 2462 453 2497 eleemosyna
465 2461 498 2488 de
513 2469 592 2487 manu
619 2468 676 2487 mea
698 2464 739 2486 est
755 2469 759 2485 :
779 2464 806 2486 et
828 2466 923 2486 manus

129 2508 187 2542 ejus
199 2507 288 2542 gravis
302 2507 368 2534 facta
383 2512 423 2534 est
435 2513 515 2541 super
524 2506 650 2540 gemitum
664 2512 763 2532 meum.
773 2504 800 2532 Si
814 2505 838 2531 in
855 2505 924 2531 inul-

130 2558 155 2580 ta
171 2553 268 2579 virtute
285 2552 474 2586 superveniant
487 2552 551 2578 mihi
563 2551 680 2578 tenebrae
694 2561 703 2576 ι
716 2550 790 2585 (Cap.
804 2550 881 2577 23.11.
894 2549 922 2576 2.

130 2599 156 2626 6.
169 2599 227 2634 I7)!
247 2608 256 2624 ι
270 2598 344 2632 Impii
370 2598 514 2625 terminum
535 2597 692 2632 transgressi
715 2601 823 2629 sunt,et
837 2599 922 2623 nudos

130 2645 228 2673 mttltos
241 2645 360 2673 dormire
370 2644 490 2672 fecerunt
507 2644 567 2672 sine
578 2643 756 2671 vestimentis.
771 2644 923 2677 Appareant

130 2692 227 2726 plantat
248 2699 343 2719 eorum
363 2691 396 2719 de
414 2696 483 2719 terra
497 2690 579 2718 aridae
593 2700 599 2718 :
612 2691 765 2718 fasciculum
785 2690 856 2717 enim
873 2698 922 2724 pn-

130 2737 254 2771 pillorum
268 2733 414 2771 rapuerunt
433 2747 442 2763 ι
458 2736 533 2772 (Cap.
548 2736 592 2764 21.
608 2745 632 2764 v.
644 2736 670 2763 2.
686 2736 754 2770 7-9).

163 2782 255 2809 Tertio
266 2782 403 2816 excipiens
414 2781 513 2809 Baldad
527 2781 592 2809 dicit
604 2791 610 2808 :
626 2791 635 2807 ι
652 2782 701 2815 Qui
715 2781 777 2808 facit
792 2781 922 2808 universi-

130 2833 208 2855 tatem
227 2829 253 2855 in
269 2828 413 2856 altissimo.
441 2828 478 2856 Ne
496 2828 555 2863 quis
574 2828 724 2863 suspicetur
746 2835 806 2855 esse
819 2834 922 2854 moram

130 2874 230 2909 piratis.
248 2874 389 2908 Quomodo
407 2875 477 2902 enim
496 2874 546 2901 erit
558 2874 645 2908 justus
671 2873 751 2901 homo
765 2880 854 2900 coram
871 2873 922 2899 Do-

688 165 850 194 SYNOI'SIS
869 166 1071 193 scalmum;
1091 161 1225 196 SACIt/E.

1727 177 1776 202 5(ὶο

987 223 1075 249 mino?
1084 223 1110 250 Si
1123 232 1185 250 vero
1195 226 1274 252 hotuo
1283 224 1404 260 putredo,
1415 233 1441 254 et
1454 227 1521 255 filius
1531 228 1647 257 hominis
1656 233 1751 257 vernn:
1766 248 1774 257 .

983 266 1058 303 (Cap.
1074 268 1117 295 23.
1127 277 1150 295 υ.
1163 269 1225 296 2-4.
1235 270 1280 304 6)?

1018 313 1106 340 Tertia
1121 312 1180 342 Jobi
1192 315 1224 342 ad
1241 316 1340 343 Baldad
1359 319 1498 352 responsio
1516 328 1522 345 ;
1542 329 1550 344 ι
1566 320 1650 352 Quem
1667 322 1774 356 adjutu-

983 366 1028 384 rns
1040 359 1124 386 es?et
1143 368 1220 394 quem
1235 363 1378 396 sequeris?
1397 363 1489 390 Nonne
1507 372 1568 391 cum
1589 366 1630 393 cui
1660 369 1773 394 maxima

982 406 1121 438 potestas?
1136 405 1226 433 Nudus
1243 416 1252 432 ι
1266 408 1336 434 enim
1351 418 1360 434 ‹
1379 414 1419 435 est
1436 409 1554 437 infernus
1568 419 1657 438 coram
1671 420 1712 439 eo.
1726 415 1775 445 Qui

982 451 1120 484 suspendit
1135 456 1231 479 terrain
1246 453 1270 479 in
1286 453 1408 485 nihilum,
1422 455 1506 489 ligans
1520 464 1614 490 aquam
1625 458 1772 485 innubibus

981 497 1046 522 suis.
1059 497 1195 531 Pra-ccplo
1206 502 1293 525 autem
1309 501 1421 533 peremit
1431 501 1573 528 draconem
1583 502 1747 530 desertorem
1765 513 1773 529 ι

982 542 1055 576 (Cap.
1073 542 1116 569 26.
1163 543 1188 570 2.
1200 545 1225 571 δ.
1239 544 1294 572 es.
1311 545 1365 581 ιδ).

1017 587 1082 614 Cum
1099 588 1202 623 Sophar
1218 591 1295 617 tertio
1308 591 1377 625 loqui
1394 600 1446 618 non
1460 593 1659 627 aggrederetur,
1677 595 1730 621 imo
1747 601 1773 622 et

981 633 1025 661 alii
1041 634 1094 661 duo
1117 636 1220 669 priores
1243 641 1372 671 tacerent,
1389 644 1479 672 utpote
1494 640 1537 672 qui
1560 647 1612 667 non
1639 640 1770 668 haberent

981 679 1043 713 quid
1063 681 1177 714 amplius
1196 681 1324 713 dicerent,
1343 690 1375 709 eo
1397 683 1467 717 quod
1490 684 1541 711 Job
1560 692 1589 712 se
1602 685 1701 719 justum
1714 694 1774 714 esse

982 730 1109 758 poneret,
1124 726 1257 753 subnectit
1281 728 1398 754 secundo
1420 728 1471 755 .Iob
1492 730 1584 756 eadem
1604 731 1637 757 de
1656 739 1685 758 re
1708 739 1771 766 pro-

980 770 1090 797 oemium
1100 780 1105 796 :
1115 771 1150 798 illi
1161 779 1223 798 vero
1234 779 1293 799 cum
1304 773 1408 800 silentio
1423 776 1507 808 ipsum
1516 776 1638 807 audiunt,
1653 783 1703 803 nec
1714 777 1772 803 sine

980 816 1103 842 utilitate.
1123 816 1234 849 «Vivit,»
1251 818 1346 852 inquit,
1361 819 1556 854 «Dominusqui
1571 821 1609 847 sic
1623 821 1775 856 mejudica—

980 861 1027 894 vit,
1044 866 1070 888 et
1084 862 1259 896 Omnipotens
1270 884 1276 895 ,
1293 864 1338 897 qni
1354 864 1442 890 aIl'ecit
1456 865 1632 893 amaritudine
1658 867 1774 893 animam

980 914 1065 934 meam
1082 917 1088 932 τ
1103 915 1162 934 cmn
1173 908 1260 935 adhuc
1274 909 1372 936 halitus
1381 910 1600 943 nicusimnianet,
1613 911 1774 946 spiritusque

979 952 1084 979 divinus
1103 958 1226 986 superest
1250 954 1274 979 in
1287 954 1397 981 naribus
1408 955 1473 982 meis
1486 975 1492 987 ,
1509 955 1577 983 labia
1589 964 1647 982 mea
1663 964 1715 983 non
1736 957 1774 983 lo-

979 1002 1093 1032 quentur
1106 998 1205 1033 iniqua.
1222 999 1393 1026 Annuntiabo
1415 1000 1490 1027 vobis
1512 1001 1576 1035 quid
1600 1002 1636 1028 sit
1652 1002 1678 1028 in
1695 1009 1774 1029 manu

980 1046 1095 1073 Domini.
1112 1047 1180 1074 Ecce
1193 1055 1286 1075 omnes
1301 1049 1395 1081 nostis,
1410 1049 1470 1083 quia
1486 1056 1552 1076 vana
1562 1049 1774 1076 vanisinsidiose

978 1091 1103 1125 adjicitis.
1122 1092 1184 1119 Ha'c
1198 1093 1286 1127 portio
1307 1098 1347 1121 est
1374 1094 1489 1121 hominis
1510 1094 1585 1129 impii
1609 1102 1624 1121 a
1648 1095 1771 1122 Domino.

977 1136 1053 1169 Quod
1067 1137 1088 1163 si
1101 1137 1176 1164 multi
1190 1137 1289 1165 fuerint
1305 1139 1352 1165 lilii
1368 1138 1437 1173 ejus,
1456 1139 1482 1166 in
1499 1140 1662 1167 occisionem
1677 1145 1771 1167 erunt:

978 1181 1062 1208 viduis
1077 1187 1165 1209 autem
1181 1190 1273 1210 eorum
1297 1191 1376 1210 nemo
1387 1185 1555 1212 miserebitur
1572 1194 1581 1210 ›
1604 1184 1677 1220 (Cap.
1689 1185 1733 1212 27.
1749 1194 1772 1213 υ.

977 1227 1035 1254 2-4.
1046 1228 1139 1256 11-15.
1150 1229 1193 1256 II.
1203 1229 1268 1263 I5.).
1280 1239 1288 1255 ι
1301 1229 1328 1257 Si
1337 1229 1475 1265 collegerit
1484 1231 1578 1266 impius
1589 1236 1617 1258 ut
1626 1236 1722 1259 terram
1732 1239 1775 1260 ar-

976 1279 1084 1309 gentum
1097 1282 1104 1301 :
1120 1275 1194 1302 locus
1204 1275 1273 1302 unde
1282 1275 1322 1309 Iit,
1333 1276 1392 1311 quis
1401 1277 1459 1303 est?
1470 1277 1529 1311 quis
1538 1277 1612 1304 locus
1622 1277 1690 1311 auri,
1699 1277 1771 1305 unde

976 1319 1151 1354 percolatur?
1164 1320 1275 1348 Ferrum
1289 1321 1395 1356 quidem
1411 1321 1443 1348 de
1457 1326 1526 1349 terra
1538 1322 1577 1353 Iit,
1592 1329 1628 1349 a-s
1641 1327 1728 1350 autem
1744 1327 1772 1350 nt

977 1364 1044 1400 lapis
1057 1364 1177 1392 carditur.
1190 1365 1275 1393 Omne
1288 1366 1445 1401 pretiosum,
1460 1376 1469 1392 ι
1481 1367 1574 1402 inquit,
1586 1377 1595 1393 ι
1605 1368 1773 1395 viditoculns

977 1418 1063 1438 meus.
1075 1411 1210 1446 Sapientia
1225 1416 1313 1439 autem
1327 1412 1386 1447 ejus
1401 1413 1470 1440 unde
1487 1413 1593 1440 inventa
1609 1414 1669 1441 est?
1685 1414 1770 1449 Abys-

975 1464 1021 1484 sus
1033 1457 1110 1490 dixit,
1120 1457 1177 1485 Non
1187 1461 1227 1485 est
1239 1459 1265 1485 in
1275 1465 1318 1485 me
1332 1461 1372 1490 ;et
1379 1455 1532 1488 maredixit,
1541 1455 1597 1483 Non
1606 1461 1768 1486 estmecinn.

977 1503 1090 1530 Altrabe
1116 1503 1274 1538 sapientiam
1302 1511 1384 1538 super
1409 1511 1440 1531 ea
1459 1512 1518 1539 qua:
1542 1504 1657 1532 maxime
1681 1505 1771 1531 intima

975 1552 1047 1575 sunt.
1063 1548 1122 1576 Non
1131 1549 1281 1584 aequabitur
1294 1550 1317 1576 ei
1333 1550 1465 1584 topazium
1478 1550 1624 1584 [Ethiopizu
1636 1571 1644 1583 ,
1661 1555 1689 1577 et
1703 1558 1769 1577 amo

976 1603 1044 1630 puro
1062 1603 1114 1622 non
1128 1595 1291 1623 conferetur.
1309 1595 1438 1623 Dominus
1463 1596 1530 1623 bene
1545 1596 1682 1624 constituit
1701 1597 1771 1623 viam

976 1641 1043 1676 ejus.
1061 1640 1120 1676 Ipse
1134 1641 1204 1668 enim
1223 1648 1302 1668 omne
1324 1641 1395 1676 quod
1411 1641 1460 1668 sub
1475 1641 1542 1668 caelo
1565 1646 1606 1668 est
1631 1641 1767 1675 perspicit,

977 1690 1039 1713 nota
1051 1685 1152 1713 habens
1165 1687 1253 1712 omnia
1268 1694 1327 1720 qum
1339 1686 1364 1712 in
1378 1691 1457 1718 terra,
1471 1690 1612 1713 ventorum
1627 1686 1756 1713 Iibramen

977 1736 1043 1764 tum,
1056 1739 1183 1767 aquarum
1201 1739 1350 1759 mensuras.
1368 1732 1439 1759 Dixit
1453 1731 1554 1758 homini
1569 1740 1575 1757 :
1593 1732 1661 1758 Ecce
1684 1731 1769 1758 cultus

977 1777 1022 1805 Dei
1038 1782 1079 1804 est
1093 1777 1221 1811 sapientia
1240 1787 1249 1802 ι
1262 1776 1335 1812 (Cap.
1349 1777 1392 1803 27.
1406 1785 1431 1804 υ.
1444 1776 1487 1804 16.
1501 1781 1525 1803 et
1540 1776 1602 1809 Cap.
1617 1775 1661 1804 28.
1673 1776 1769 1803 υ.1.2.

977 1823 1021 1849 10.
1038 1823 1079 1849 12.
1100 1823 1141 1849 II.
1157 1822 1199 1849 18.
1214 1822 1257 1849 I9.
1272 1822 1308 1850 25
1321 1823 1364 1850 '25.
1379 1823 1437 1857 28).

1013 1868 1066 1894 Illis
1080 1873 1168 1894 autem
1182 1867 1266 1894 tribus
1283 1867 1430 1894 tacentibus
1448 1867 1577 1901 adjicicns
1594 1867 1644 1894 Job
1664 1867 1689 1893 in
1708 1873 1768 1900 pro-

977 1921 1003 1943 ω
1015 1914 1058 1940 nio
1071 1913 1137 1940 dicit
1151 1921 1157 1938 :
1175 1921 1184 1938 ‹
1204 1912 1269 1945 Quis
1284 1920 1326 1939 nte
1341 1917 1420 1946 ponat
1434 1912 1459 1939 in
1476 1920 1568 1939 mense
1584 1913 1699 1946 priorem
1714 1911 1770 1938 die-

977 1967 1046 1990 rum,
1063 1959 1159 1994 quibus
1182 1965 1224 1985 me
1241 1958 1309 1984 Deus
1325 1958 1511 1985 custodiebat?
1525 1957 1592 1985 Cum
1614 1956 1770 1991 Splendebat

978 2006 1085 2033 lucerna
1100 2005 1158 2039 ejus
1181 2011 1262 2038 super
1286 2008 1365 2038 caput
1381 2011 1480 2036 meum,
1504 2003 1609 2030 exibam
1626 2001 1770 2029 matutinus

978 2051 1130 2083 incivitate,
1147 2050 1173 2077 in
1196 2050 1291 2084 plateis
1316 2054 1403 2076 autem
1431 2049 1579 2083 ponebatur
1603 2048 1669 2074 mihi
1694 2047 1768 2074 sella.

977 2097 1086 2125 Servavi
1100 2097 1171 2124 enim
1186 2103 1331 2130 pauperem
1350 2095 1383 2122 de
1404 2103 1483 2121 manu
1507 2094 1664 2129 potentium.
1686 2092 1770 2119 Bene-

976 2143 1058 2170 dictio
1073 2142 1242 2177 pereuntium
1258 2148 1339 2175 super
1351 2148 1393 2167 me
1409 2141 1506 2167 veniat.
1522 2139 1621 2166 Oculus
1635 2138 1670 2166 fui
1681 2145 1767 2165 caeco-

977 2196 1045 2218 rum,
1060 2192 1087 2214 et
1101 2194 1147 2221 pes
1162 2186 1316 2213 clandorum
1329 2206 1335 2217 ,
1360 2191 1435 2220 pater
1456 2190 1543 2212 autem
1571 2184 1766 2218 impotentium.

976 2233 1100 2269 Confregi
1113 2233 1197 2260 molas
1212 2232 1361 2266 iniquorttm
1378 2231 1429 2258 :de
1441 2230 1528 2257 medio
1540 2229 1657 2257 dentium
1673 2236 1765 2256 eorum

976 2280 1095 2314 rapinam
1110 2278 1206 2313 eripui.
1226 2277 1301 2305 Sicut
1324 2282 1393 2304 terra
1417 2276 1510 2303 sitiens
1535 2275 1682 2309 suscipiens
1711 2274 1769 2308 pln-

976 2325 1056 2356 viam,
1072 2324 1109 2351 sic
1124 2324 1149 2350 hi
1163 2331 1252 2351 meum
1265 2330 1425 2350 sermonem.
1446 2321 1603 2348 Habitabant
1625 2320 1698 2354 quasi
1722 2327 1766 2346 rex

977 2371 1003 2398 in
1017 2370 1144 2397 accinctis
1159 2379 1167 2395 ι
1185 2369 1261 2404 (Cap.
1277 2369 1321 2396 29.
1337 2376 1360 2395 υ.
1374 2368 1402 2394 2.
1418 2368 1443 2394 5.
1461 2367 1485 2393 7.
1501 2366 1544 2393 I2.
1560 2366 1602 2393 15.
1617 2365 1710 2392 15-17.
1722 2364 1754 2391 2Ξ

975 2415 1043 2450 25).
1069 2425 1077 2440 ι
1096 2415 1243 2442 Stultorum
1266 2414 1311 2440 lilii
1324 2434 1330 2446 ,
1347 2414 1506 2447 homineque
1527 2410 1657 2446 ignobiles
1676 2420 1682 2436 :
1698 2418 1769 2437 nunc

975 2465 1064 2488 antetn
1078 2461 1178 2487 cithara
1201 2460 1305 2486 illorum
1323 2467 1372 2493 ego
1386 2467 1460 2489 sum,
1476 2462 1503 2484 et
1526 2465 1568 2484 me
1583 2457 1697 2483 fabulam
1718 2456 1766 2482 ha-

976 2507 1048 2534 bent.
1064 2506 1119 2534 Ncc
1135 2507 1160 2533 in
1175 2506 1270 2533 faciem
1288 2513 1374 2532 meam
1395 2509 1571 2539 pepercerunt
1589 2510 1695 2537 spuere.
1712 2502 1765 2530 Ite-

977 2554 1074 2589 putasti
1096 2558 1185 2580 autem
1210 2561 1252 2580 me
1274 2553 1342 2579 sicut
1366 2552 1449 2578 lutum
1468 2560 1474 2577 :
1491 2551 1516 2577 in
1540 2555 1609 2576 terra
1630 2554 1657 2576 et
1676 2549 1767 2576 cinere

977 2600 1064 2634 portio
1080 2607 1150 2626 mea.
1166 2598 1243 2625 Manu
1257 2602 1344 2624 autem
1361 2596 1461 2632 potenti
1476 2603 1519 2622 me
1537 2595 1686 2630 ﬂagellasti.
1703 2593 1768 2621 Fra-

978 2649 1028 2677 ler,
1056 2644 1161 2678 inquit,
1183 2643 1218 2670 fni
1244 2643 1384 2674 Sirenum,
1406 2641 1546 2676 sociusque
1561 2641 1739 2667 strnthionum
1756 2650 1765 2665 ο

978 2691 1066 2727 (Cap.
1096 2690 1140 2718 50.
1167 2690 1209 2717 8-
1225 2689 1272 2716 10.
1295 2688 1338 2716 19.
1365 2688 1411 2715 21.
1435 2686 1505 2722 29).
1537 2696 1545 2712 ι
1574 2686 1601 2714 Si
1628 2690 1768 2720 sequutum

976 2741 1017 2763 est
1041 2743 1088 2764 cor
1114 2743 1203 2762 meum
1229 2741 1339 2762 uxorem
1362 2733 1410 2761 viri
1436 2732 1555 2763 alterius,
1575 2732 1677 2767 placeat
1699 2738 1767 2765 quo-

976 2789 1027 2816 que
1049 2789 1116 2808 uxor
1140 2776 1202 2808 mea
1222 2779 1309 2808 alteri.
1329 2779 1416 2806 Furor
1437 2778 1507 2806 enim
1536 2777 1584 2804 viri
1604 2776 1766 2807 indomitus,

977 2826 1173 2853 commaculare
1200 2825 1252 2852 illis
1273 2832 1394 2852 uxorem.
1410 2824 1438 2851 Si
1454 2823 1562 2858 despexi
1584 2823 1682 2850 nudum
1703 2828 1764 2856 pcr-

977 2877 1096 2906 m2ntem,
1113 2877 1139 2899 cl
1152 2879 1204 2899 non
1227 2871 1318 2906 operui
1340 2878 1411 2904 eum,
1426 2874 1453 2897 et
1467 2869 1499 2897 de
1516 2875 1623 2896 tonsura
1637 2873 1770 2901 agnorum
