2047 3123
280 143 331 169 367

281 204 401 224 meorum
413 203 465 223 non
478 194 598 223 calefacti
614 199 675 221 sunt
690 193 793 220 humeri
819 200 926 224 eorum,
948 192 1067 219 discedat

281 244 406 270 humerus
420 249 494 268 meus
506 249 521 268 a
533 240 666 274 junctura.
682 238 758 272 Quod
780 238 801 265 si
822 238 928 273 gavisus
957 245 1015 264 sum
1037 237 1070 264 de

281 288 356 314 ruina
369 287 536 314 inimicorum
551 293 682 317 meornnt,
698 289 725 311 et
739 284 805 311 dixit
817 291 864 310 cor
875 291 974 314 meum,
985 283 1068 318 Euge,

280 333 370 359 attdiat
383 332 454 358 auris
468 338 528 358 mea
552 330 765 357 maledic-tionem
782 337 878 355 meam.
907 329 948 361 Et,
972 329 995 356 si
1017 336 1068 355 non

280 377 403 406 seindens
418 385 475 403 eam
492 375 604 405 reddidi,
623 375 688 401 nihil
712 374 846 409 accipiens
864 381 878 400 a
902 373 1032 405 debitore,
1047 374 1069 400 si

280 431 360 458 super
373 430 415 450 me
428 429 551 456 umquam
569 426 638 448 terra
659 421 779 455 gemuit,
799 427 847 454 pro
866 418 997 446 frumento
1011 427 1070 454 ger-

280 470 361 496 minet
387 469 450 495 mihi
478 468 560 494 urtica
580 478 588 494 ι
614 467 686 504 (Cap.
704 468 748 495 5i.
765 475 789 494 υ.
810 466 886 494 9-H.
903 467 946 494 19.
961 466 1004 494 20.
1021 467 1064 493 22.

280 514 377 541 29.57.
394 514 438 541 58.
454 513 511 548 ιο).

318 560 353 587 De
368 560 460 586 EILuzo
478 560 533 587 tilio
552 559 689 586 Barachiel
705 558 812 586 Buzita:
832 557 965 593 quomodo
986 558 1069 585 iratus

280 605 359 632 fuerit
373 605 399 632 in
414 604 510 632 Jobum
522 626 529 638 ,
544 604 613 639 quod
636 612 664 631 se
680 603 779 630 diceret
792 603 893 637 justum
909 610 998 629 coram
1016 603 1068 629 Do-

279 651 360 678 mino.
382 660 390 676 t
409 650 551 685 Excipiens
566 651 639 677 Elinz
654 650 723 677 filius
738 650 873 676 Barachiel
888 649 993 676 Buzitcs
1003 670 1010 681 ,
1026 647 1067 675 di-

278 696 315 723 xit
332 705 338 722 ε
353 696 447 723 Junior
463 696 568 730 quidem
584 704 643 722 sutn
658 700 736 722 :etate
753 704 759 721 :
774 702 856 729 quare
871 695 956 729 quievi
973 695 1068 721 timens

277 741 435 768 annuntiare
445 741 520 767 vobis
531 741 668 768 scientiam
681 748 776 767 tneatn.
790 749 798 763 ι
811 740 886 775 (Cap.
902 740 1014 767 52.0.2.
1028 739 1066 775 6).

279 786 430 821 Exsurgens
440 786 514 813 Eliuz
530 786 696 820 impudcmer
710 791 801 812 contra
822 785 917 812 Jobum
934 785 1065 819 quuitur,

278 831 361 857 tribus
377 831 428 858 illis
444 831 589 857 tacentibus
607 840 612 857 :
632 831 749 857 «Rursus
764 831 872 865 loquar;
890 830 982 864 plenus
996 830 1067 857 enim

278 883 335 903 sum
348 876 435 903 verbis
448 885 457 901 ι
470 875 521 912 (Ib.
532 875 668 908 υ.17.18).
684 875 752 902 Dixit
766 875 840 902 Eliuz
853 875 885 902 ad
900 875 949 902 Job
964 885 970 901 :
987 885 996 900 t
1008 875 1068 910 Spi-

279 921 343 947 ritus
355 921 460 948 divinus
469 920 561 955 estqui
574 929 615 947 me
627 921 687 947 fecit
701 929 707 946 :
724 921 833 955 spiratio
843 926 930 947 autem
942 920 1067 956 Omnipo-

279 966 357 993 tentis
373 974 431 1001 quae.
450 974 492 993 tne
513 967 600 994 docet.
620 966 646 994 Si
661 967 770 1001 poteris,
791 967 825 994 da
839 967 901 993 mihi
916 969 1067 1001 responsio-

278 1019 348 1038 nem.
364 1013 473 1039 Avertat
490 1011 624 1038 hominem
640 1012 673 1038 ab
689 1011 835 1045 iniquitate.
846 1012 966 1046 Pepercit
979 1017 1066 1039 autem

277 1056 371 1083 anima:
385 1057 442 1091 ejus
456 1065 470 1083 a
487 1063 615 1088 morte,et
630 1064 664 1084 ne
676 1056 805 1084 cadatille
821 1057 847 1083 in
857 1057 1067 1092 bello.Coarguit

276 1107 364 1128 autetn
380 1101 452 1128 illtnn
469 1102 494 1128 in
511 1102 637 1136 languore
650 1109 731 1136 super
744 1102 833 1129 cubili.
857 1102 1003 1129 Renovabit
1017 1111 1067 1129 att-

278 1147 329 1168 tctn
345 1142 403 1176 ejtts
417 1151 514 1177 corpus
524 1164 531 1174 ,
547 1144 616 1170 sicut
630 1144 769 1171 tectorium
785 1144 810 1170 in
826 1145 926 1179 pariete
937 1165 943 1176 ,
960 1149 987 1171 et
1006 1152 1067 1172 ossa

277 1187 334 1221 ejus
346 1188 464 1222 implebit
473 1188 595 1215 medulla.
606 1188 690 1221 Tunc,
698 1198 707 1214 ι
717 1188 810 1223 inquit,
821 1198 829 1214 (
842 1190 975 1216 accusabit
986 1190 1067 1218 homo

278 1233 395 1267 ευῑρδιιιιι
410 1233 502 1260 dicens
518 1243 524 1261 :
536 1233 628 1266 Qualia
642 1233 810 1260 efﬁciebant?
822 1239 873 1260 non
885 1234 991 1269 dignam
1006 1243 1068 1269 pec-

277 1278 345 1305 catis
369 1279 434 1305 meis
456 1279 656 1313 castigationem
682 1279 778 1306 intulit.
798 1288 807 1304 ι
825 1279 919 1306 Adhuc
942 1280 1067 1314 loquutus

278 1327 318 1349 est
332 1324 407 1350 Eliuz
422 1324 453 1350 ad
469 1324 564 1351 Jobum
581 1333 587 1351 :
605 1333 614 1350 ‹
631 1324 746 1351 Auribus
760 1325 876 1360 percipe,
891 1325 951 1357 Job,
967 1331 993 1353 et
1005 1326 1066 1353 attdi

278 1376 321 1396 tne
335 1378 341 1395 :
357 1369 519 1402 obtumesce,
534 1375 560 1397 et
574 1371 676 1405 loquar.
688 1370 715 1397 Si
728 1375 767 1397 est
782 1371 829 1397 tibi
844 1378 943 1404 sermo,
955 1379 1067 1406 respon-

276 1414 311 1442 de
325 1415 389 1442 mihi
406 1424 412 1442 :
427 1416 487 1443 volo
512 1416 583 1442 enim
606 1416 751 1443 examinari
776 1423 791 1442 a
813 1420 840 1442 te
858 1417 985 1451 justitiam
1008 1425 1066 1444 scr-

277 1460 363 1487 ntonis
377 1461 426 1488 tnei
446 1471 454 1487 ι
468 1461 542 1497 (Cap.
558 1462 601 1489 55.
613 1470 635 1489 υ.
646 1461 672 1488 4.
682 1462 707 1489 5.
724 1462 817 1489 17-19.
833 1462 877 1489 2i.
886 1462 931 1489 27.
949 1463 991 1490 5L
1008 1462 1063 1499 52).

278 1507 371 1534 Adhuc
384 1507 512 1542 adjiciens
526 1508 599 1534 Eliuz
615 1507 693 1534 tertio
708 1508 772 1534 dicit
786 1517 792 1534 :
810 1517 820 1533 ‹
839 1509 934 1536 Audite
948 1517 990 1536 me
1000 1530 1007 1541 ,
1021 1517 1066 1536 sa-

278 1552 379 1586 pientes
389 1573 395 1585 ,
412 1552 511 1579 bonum
528 1558 567 1580 est
582 1557 609 1579 ttt
625 1553 668 1587 qui
683 1553 821 1580 scientiam
836 1553 944 1587 habent,
959 1555 1066 1582 auribus

277 1599 424 1633 percipiant
447 1608 453 1625 :
477 1599 538 1633 quia
561 1598 634 1625 auris
656 1605 796 1626 sermones
820 1599 922 1633 probat.
946 1609 956 1626 ›
972 1600 1066 1628 Adhuc

276 1643 343 1670 dixit
364 1644 437 1671 Eliuz
454 1651 460 1670 :
478 1653 487 1669 t
504 1643 568 1677 Quis
587 1644 627 1670 vir
642 1647 670 1670 ut
683 1643 744 1676 Job,
766 1643 860 1671 bibens
878 1645 1064 1672 subsannatio-

278 1696 337 1715 nem
354 1689 423 1716 sicut
435 1689 551 1724 aquam?
573 1689 618 1723 qui
634 1696 719 1724 neque
734 1690 868 1724 peccavit,
884 1698 970 1725 neqtte
985 1691 1066 1726 itnpie

276 1736 350 1769 egit?
364 1734 452 1770 [Absit
465 1743 478 1761 a
495 1735 547 1771 me]
563 1742 653 1762 coram
669 1735 857 1770 Otnnipotente
871 1737 977 1764 turbare
988 1737 1065 1772 justi-

278 1780 340 1806 tiam
362 1780 413 1806 Sed
426 1778 511 1806 reddit
530 1781 629 1807 homini
641 1781 737 1815 cuique
747 1781 891 1808 secundum
904 1790 984 1816 opera
995 1783 1063 1817 ejus.

276 1825 374 1858 Impius
387 1830 426 1852 est
441 1826 485 1860 qtti
500 1826 562 1853 dicit
575 1827 629 1859 regi
645 1835 652 1853 :
670 1826 758 1861 inique
771 1828 836 1862 agis.
851 1837 860 1854 ι
873 1828 916 1860 Et,
927 1838 936 1853 ‹
948 1829 998 1862 Qui
1013 1837 1064 1856 non

276 1875 317 1896 est
332 1870 430 1897 veritus
445 1871 538 1898 faciem
553 1872 578 1897 in
592 1876 736 1906 conspectu
752 1880 821 1899 tneo.
837 1873 964 1901 Dominus
977 1875 1065 1902 omnia

276 1916 393 1950 inspicit.
408 1917 452 1950 qui
468 1917 671 1951 comprehendit
684 1925 737 1944 non
750 1919 924 1953 vestigabilia,
939 1920 1063 1954 gloriosa,

275 1966 302 1988 et
316 1962 454 1997 magnifica
465 1983 472 1995 ,
489 1971 602 1997 qttorum
621 1972 672 1990 non
689 1969 729 1991 est
743 1972 880 1992 numerus.
894 1965 941 1993 Vir
960 1967 1065 2001 sapiens

276 2008 378 2035 audivit
399 2008 507 2035 verbum
533 2017 621 2036 meum
639 2019 645 2036 :
661 2009 712 2038 Job
733 2016 820 2038 autem
844 2019 896 2039 non
921 2013 1065 2047 prudenter

277 2053 401 2088 loquutus
414 2059 455 2081 est
474 2064 482 2081 ι
497 2054 572 2090 (Cap.
588 2056 631 2083 54.
648 2063 672 2083 υ.
684 2056 709 2083 2.
727 2057 753 2083 5.
766 2057 791 2083 7.
807 2058 889 2084 8.10.
907 2059 949 2085 ll.
967 2059 1062 2087 18.19.

275 2100 319 2127 Ξι.
334 2101 377 2128 54.
392 2101 445 2135 55).
456 2101 555 2135 Quarto
568 2102 697 2137 adjiciens
719 2103 791 2130 Eliuz
811 2104 874 2131 dicit
895 2104 927 2131 ad
949 2104 1062 2132 .iolnnn:

278 2154 288 2170 Ι
306 2146 392 2178 Quare
408 2146 457 2174 hoc
471 2148 627 2175 existimasti
643 2149 668 2175 in
682 2148 803 2183 jmlicio?
817 2149 856 2176 Tu
871 2150 929 2184 quis
942 2158 970 2177 es
981 2172 987 2182 ,
1003 2151 1063 2185 quia

274 2190 373 2223 dixisti,
381 2191 535 2219 Jttstnssum
545 2194 720 2227 inconspectu
730 2193 848 2220 Domini?
858 2194 947 2229 1(Cap.
957 2195 1027 2222 55.1).
1035 2195 1063 2231 2)

273 2235 398 2269 Quintum
410 2237 499 2271 adjicit
507 2238 581 2264 Eliuz
592 2239 704 2265 orationi
716 2246 781 2272 sum,
791 2244 817 2266 et
828 2247 913 2274 neque
920 2240 970 2267 Job
980 2248 1064 2275 neqtte

274 2287 327 2309 tres
342 2282 419 2309 amici
434 2288 559 2310 accusant
571 2291 631 2310 eum
648 2289 674 2310 ut
687 2284 807 2311 athcum.
822 2285 987 2312 Manifestum
1001 2294 1065 2321 ergo

274 2328 336 2355 hinc
350 2333 401 2361 est,
415 2334 469 2356 trcs
483 2329 542 2356 illos
555 2330 708 2364 resipuisse.
721 2330 840 2365 Dicitque
852 2331 884 2357 ad
896 2331 945 2358 Job
957 2340 963 2358 :
980 2341 989 2357 t
1001 2331 1065 2359 Sus-

274 2374 328 2400 tine
351 2381 393 2401 me
408 2374 540 2408 paululum
555 2374 651 2406 adhuc,
667 2380 694 2401 ιιι
707 2380 731 2401 te
744 2375 852 2402 doceam
866 2384 873 2407 ;
888 2376 974 2403 adlmc
992 2377 1062 2403 enim

272 2424 315 2446 est
337 2420 362 2446 in
383 2428 425 2446 me
439 2422 478 2446 vis
494 2421 616 2455 loquendi
634 2431 643 2446 ι
658 2421 732 2456 (Cap.
750 2422 793 2449 56.
808 2430 831 2449 υ.
847 2421 896 2455 2).
911 2422 954 2448 Ait
970 2422 1062 2449 Eliuz:

280 2472 289 2488 ι
309 2464 423 2490 Auribus
436 2464 493 2491 hzec
507 2466 623 2500 percipe,
642 2466 701 2493 .lnb.
719 2465 774 2498 Sta,
790 2466 862 2493 disce
878 2467 999 2493 virtutem
1014 2468 1064 2493 Do-

277 2509 350 2535 mini.
367 2509 495 2544 Nttmquid
513 2510 579 2537 liber
594 2516 638 2538 attt
659 2511 745 2538 scriba
768 2512 869 2538 adstitit
890 2512 955 2543 tibi;
972 2517 1016 2539 aut
1031 2513 1064 2539 ab

277 2553 399 2585 aquilone
414 2554 496 2580 nubes
505 2555 601 2581 coloris
614 2556 686 2582 aurei
702 2566 710 2581 ι
722 2555 796 2591 (Cup.
807 2556 851 2583 5⁵1.
862 2564 885 2583 υ.
899 2557 941 2583 M.
950 2557 995 2584 20.
1004 2557 1064 2592 22)?

312 2594 382 2624 Deus
393 2605 451 2624 sese
464 2597 591 2625 exhibens
601 2599 694 2627 Jobum
707 2601 806 2635 justum
818 2601 943 2632 declarat,
956 2602 1066 2630 docens-

278 2651 328 2676 qttc
344 2644 498 2677 mysterium
512 2644 620 2676 Christi,
632 2646 669 2673 ait
679 2647 711 2673 ad
725 2647 817 2674 Jobutn
835 2657 841 2674 :
857 2658 866 2673 ε
880 2648 944 2680 Quis
957 2653 996 2676 est
1010 2649 1063 2682 hic,

278 2688 320 2722 qui
344 2688 414 2715 celat
437 2697 479 2716 tne
505 2690 661 2723 consilium,
685 2693 855 2727 continelqne
878 2702 1016 2721 sermones
1037 2694 1063 2721 in

278 2734 380 2761 ret-dc?
404 2743 414 2759 ι
437 2734 561 2769 Dialogus
576 2736 679 2763 Domini
700 2746 707 2763 :
731 2747 740 2763 α
759 2739 852 2773 Sepivi
875 2747 947 2767 mare
970 2740 1062 2773 portis.

280 2778 336 2805 Divi
350 2785 440 2806 autem
455 2780 504 2812 illi,
521 2780 663 2816 llucusque
677 2783 776 2816 venies,
794 2789 819 2811 et
834 2793 885 2811 non
899 2786 1062 2820 prtrteribis:

276 2824 324 2852 M‘d
339 2824 365 2852 in
383 2826 466 2860 tcipso
479 2825 693 2854 comminucntur
707 2826 800 2855 fluctus
816 2829 862 2856 tui.
881 2838 888 2854 ι
906 2830 998 2857 Serum
1012 2830 1063 2857 Do-

652 139 680 166 S.
700 136 1088 182 JOANNISVCIIRYSOSTOMI
1108 137 1266 166 ARLHIEP.
1287 139 1553 168 CONSTANTINOP.

1865 145 1919 172 τι(ιί

1126 192 1189 218 mini
1205 202 1211 219 :
1229 203 1237 218 ι
1256 194 1295 220 Au
1311 199 1336 221 tu
1353 203 1462 222 sumens
1480 197 1563 223 lutum
1578 196 1696 224 formasti
1711 198 1831 225 anitnai?
1845 201 1917 234 Ape-

1125 239 1229 265 riuntur
1244 240 1289 266 tibi
1315 246 1386 268 metu
1402 247 1484 275 porta:
1500 243 1615 269 mortis?
1637 248 1681 269 aut
1698 245 1799 271 ostiarii
1822 246 1917 274 inferni

1124 283 1244 310 videntes
1267 289 1292 312 te
1318 285 1483 313 timuerunt?
1507 287 1573 313 Num
1600 288 1696 314 venisti
1722 289 1754 315 ad
1778 290 1918 318 thesauros

1125 329 1193 356 nivis
1205 351 1212 362 ,
1229 335 1274 356 aut
1298 330 1437 358 thesauros
1452 332 1588 367 grandinis
1608 333 1718 360 vidisti?
1734 334 1809 362 Unde
1827 341 1917 363 autent

1123 376 1243 410 procedit
1271 378 1387 411 prttina?
1412 379 1476 411 Quis
1507 380 1666 413 pratparavit
1696 381 1795 407 lluxum
1820 382 1917 416 plurim

1123 422 1296 450 vehementi?
1316 434 1324 450 ι
1343 424 1515 459 lnsupcrque,
1533 435 1542 450 ‹
1559 426 1624 459 Quis
1645 432 1686 453 est
1708 427 1801 461 pluria:
1818 429 1916 462 pater?

1123 468 1161 495 Ex
1178 469 1253 503 cujus
1269 473 1344 496 utero
1361 470 1479 504 procedit
1495 471 1615 505 glacies?
1629 472 1753 498 Pruiuam
1768 472 1792 499 in
1807 473 1874 500 caelo
1889 478 1917 500 tt

1122 514 1214 548 glebas
1240 515 1308 541 roris
1332 516 1392 549 quis
1415 516 1542 550 peperit?
1565 516 1678 543 Vocabis
1702 521 1790 544 autem
1817 519 1915 545 nubem

1122 568 1203 592 voce,
1228 565 1255 587 et
1271 566 1386 588 tremore
1407 569 1481 595 aqum
1497 562 1591 589 validm
1612 562 1718 589 obediet
1739 562 1804 590 tibi?
1826 563 1916 591 Miltes

1123 605 1232 633 fulmina
1248 611 1274 633 et
1293 607 1390 633 ibunt?
1404 607 1468 639 Quis
1484 607 1557 634 dedit
1571 608 1726 635 tnttlieribus
1740 613 1851 636 textura:
1872 618 1917 636 sa—

1111 650 1272 685 pientiam?
1287 651 1351 684 Quis
1365 653 1522 686 pru'paravit
1534 660 1615 679 corvo
1629 652 1738 679 escam?
1760 653 1827 680 Pulli
1842 655 1915 680 enim

1121 697 1179 731 ejus
1192 698 1374 723 clamaverunt
1386 697 1417 723 ad
1432 697 1573 724 Dominum
1585 702 1716 730 errantes,
1730 698 1827 724 cibaria
1842 706 1916 732 qna--

1121 747 1229 774 rentes)
1247 741 1321 776 (Cap.
1334 743 1379 769 38.
1393 750 1416 769 υ.
1431 742 1456 769 2.
1472 743 1497 770 8.
1512 743 1555 769 Η.
1569 743 1610 769 14.
1629 743 1670 769 17.
1684 742 1730 769 22.
1744 743 1789 770 24.
1805 743 1850 771 25.
1867 743 1913 770 28.

1121 787 1165 814 29.
1178 788 1220 814 54.
1237 788 1293 822 Μ).
1313 797 1322 813 ε
1340 788 1428 814 Penna
1451 788 1542 814 volans
1562 787 1699 822 procedet,
1718 788 1740 815 si
1761 790 1916 823 conceperit

1122 833 1193 859 asida
1203 838 1229 860 ct
1243 841 1332 860 nessa.
1343 833 1485 867 Relinquat
1496 833 1521 860 in
1534 838 1605 860 terra
1616 841 1664 860 ova
1676 842 1733 860 sua.
1746 833 1812 861 Cum
1823 839 1915 862 tacere

1122 878 1184 905 iecit
1195 880 1217 905 ei
1232 879 1300 905 Deus
1314 879 1479 912 sapientiam,
1495 879 1611 905 irridebit
1623 887 1732 912 equum.
1749 880 1786 906 Ex
1800 881 1913 906 scientia

1121 929 1164 950 ttta
1180 925 1251 951 stetit
1265 925 1390 958 acripitcr
1402 945 1408 956 ,
1426 925 1514 950 voltur
1527 930 1615 951 autctn
1636 933 1716 958 super
1732 926 1820 951 nidum
1835 933 1912 952 suum

1120 970 1215 997 sedens
1231 976 1347 996 moratur
1366 981 1374 995 ι
1391 970 1463 1004 (Cap.
1477 971 1519 997 39.
1532 980 1554 997 ι’.
1568 972 1605 997 i5.
1618 972 1658 997 1-4.
1671 972 1711 997 l7.
1722 972 1763 998 l8.
1783 972 1828 999 26.
1840 972 1897 1004 27).

1156 1014 1249 1041 Adhuc
1264 1016 1388 1049 loquutus
1399 1021 1439 1041 est
1452 1017 1578 1042 Dominus
1590 1016 1656 1043 Jobo
1668 1028 1673 1042 :
1685 1026 1693 1041 (
1707 1017 1772 1043 Nutu
1783 1018 1912 1050 judicium

1120 1067 1179 1087 cum
1195 1060 1383 1094 Omnipotente
1397 1061 1548 1095 judicabis?
1562 1068 1586 1088 et
1598 1062 1642 1096 qui
1659 1063 1743 1096 arguit
1759 1063 1912 1093 Dominum,

1121 1106 1293 1140 respondebit
1307 1107 1354 1140 ipsi
1365 1107 1376 1131 ‘!
1396 1116 1404 1132 ι
1422 1107 1557 1141 Loqnutus
1570 1112 1610 1133 est
1623 1108 1672 1134 Job
1690 1108 1817 1134 Domino:
1832 1118 1841 1133 (
1858 1110 1913 1143 Ego

1119 1151 1224 1185 judicor
1239 1152 1429 1182 commonitus,
1446 1158 1470 1178 et
1489 1160 1603 1185 arguens
1620 1153 1773 1183 Dominum,
1790 1161 1851 1180 cum
1866 1162 1914 1179 an—

1120 1198 1164 1225 dio
1176 1198 1236 1225 talia
1250 1199 1317 1233 »(Ιίι.
1329 1207 1351 1225 υ.
1364 1200 1407 1226 32.
1417 1199 1471 1233 54).
1482 1199 1665 1234 Loqutttusest
1677 1200 1802 1226 Dominus
1816 1200 1849 1227 ad
1862 1201 1913 1227 Job

1119 1244 1153 1272 de
1167 1245 1236 1272 nube
1247 1246 1363 1272 secundo
1375 1254 1505 1280 apparens
1516 1247 1556 1273 ei:
1573 1256 1581 1271 ι
1596 1248 1709 1281 Accinge
1720 1248 1837 1274 sicutvir
1846 1248 1912 1274 Iunt-

1120 1290 1183 1317 bum
1191 1294 1276 1317 tum".
1288 1291 1459 1326 interrogabo
1470 1298 1557 1319 autem
1569 1299 1602 1323 te,
1615 1298 1640 1319 tu
1654 1301 1717 1319 vero
1726 1293 1790 1319 tnihi
1802 1301 1914 1328 respon-

1119 1336 1163 1362 de.
1181 1345 1191 1362 ι
1209 1336 1302 1363 Sermo
1324 1338 1425 1363 Domini
1441 1347 1446 1363 :
1464 1347 1472 1362 ι
1485 1338 1638 1365 Conlitehor
1658 1339 1727 1373 quod
1752 1340 1835 1372 possit
1848 1341 1913 1366 dex-

1121 1386 1176 1408 tera
1188 1387 1231 1409 ttta
1244 1383 1355 1409 salvare.
1370 1383 1468 1409 Verum
1482 1384 1572 1417 utiqtte
1584 1384 1674 1410 beslite
1688 1384 1756 1418 apttd
1771 1389 1797 1411 te
1810 1385 1912 1411 faenum

1119 1427 1188 1453 sicut
1202 1427 1285 1453 boves
1302 1427 1454 1454 comedunt.
1472 1428 1561 1454 Virtus
1575 1434 1663 1455 autem
1680 1429 1737 1463 ejus
1759 1437 1839 1463 super
1854 1438 1914 1456 unt-

1119 1472 1199 1499 bilico
1211 1474 1324 1500 ventris.
1339 1474 1430 1500 Erexit
1441 1474 1551 1500 caudam
1564 1475 1631 1500 sicut
1642 1482 1809 1509 cupressum.
1824 1475 1913 1502 Costa:

1119 1518 1194 1552 ejus,
1208 1523 1289 1545 costae
1307 1527 1387 1546 tenere
1405 1529 1411 1546 :
1426 1521 1500 1553 spina
1516 1525 1604 1546 autem
1620 1521 1676 1553 ejus
1698 1521 1796 1546 ferrum
1823 1520 1911 1547 fusile.

1119 1563 1175 1590 Sub
1197 1565 1268 1590 onmi
1292 1572 1388 1598 genere
1411 1565 1535 1592 arborum
1559 1565 1665 1591 dormit.
1685 1565 1769 1591 Duces
1782 1570 1881 1597 autem,
1901 1575 1910 1591 ι

1119 1611 1221 1645 inquit,
1238 1621 1245 1636 t
1264 1612 1368 1637 leonetn
1391 1612 1467 1637 hamo
1480 1633 1486 1643 ,
1509 1616 1535 1638 ct
1556 1612 1742 1645 circumpones
1766 1612 1911 1645 capistrtnn

1119 1657 1190 1683 circa
1203 1665 1296 1683 nasum
1310 1658 1378 1691 ejus.
1402 1657 1486 1684 Omne
1505 1663 1592 1683 autem
1610 1658 1736 1691 navigans
1749 1657 1913 1684 convenit-ns

1120 1709 1174 1728 non
1187 1702 1273 1729 ferent
1286 1703 1381 1736 pellem
1399 1710 1476 1728 unam
1492 1702 1581 1728 caud;e
1592 1702 1648 1735 ejus
1661 1702 1736 1736 (Cap.
1752 1702 1795 1729 40.
1810 1710 1833 1728 ιτ.
1844 1702 1871 1728 2.
1883 1702 1914 1729 9-

1119 1749 1163 1775 15.
1178 1748 1217 1775 16.
1235 1749 1279 1775 20.
1297 1749 1341 1776 2|.
1357 1748 1414 1783 2(3).
1428 1749 1502 1775 Putat
1518 1748 1622 1782 quidem
1639 1748 1738 1775 ferrutn
1754 1749 1859 1782 paleas,
1874 1757 1913 1774 a-s

1118 1799 1206 1821 autem
1229 1795 1296 1821 sicut
1321 1796 1419 1828 lignum
1443 1794 1584 1828 putridum.
1611 1794 1667 1820 Non
1682 1794 1831 1821 vulncrahit
1849 1803 1911 1821 eunt

1118 1847 1196 1867 arcus
1209 1848 1298 1866 tenens
1313 1850 1320 1865 ι
1336 1840 1408 1875 (Cap.
1425 1841 1468 1866 41.
1483 1848 1506 1866 υ.
1526 1840 1567 1867 l8.
1584 1841 1640 1872 19).

1154 1885 1200 1912 His
1211 1887 1323 1913 cessavit
1338 1887 1408 1920 loqui
1421 1887 1487 1912 .lob:
1502 1895 1510 1911 t
1525 1886 1590 1912 Novi
1603 1886 1672 1920 quod
1686 1886 1773 1912 omnia
1785 1892 1872 1921 potes,
1884 1893 1913 1913 ct

1119 1931 1182 1958 nihil
1193 1932 1239 1958 tibi
1250 1932 1413 1966 impossibile
1423 1937 1472 1958 est,
1486 1932 1549 1965 Quis
1558 1933 1628 1959 enitn
1639 1932 1729 1967 estqui
1740 1933 1840 1959 tecelat
1851 1941 1914 1959 con-

1118 1977 1225 2004 silium?
1236 1978 1325 2003 l’ulavi
1336 1983 1423 2004 autem
1434 1986 1475 2004 tne
1487 1982 1583 2004 terram
1593 1978 1742 2004 etcinercm
1756 1988 1765 2003 ι
1778 1976 1851 2013 (Cap.
1864 1978 1911 2005 42.

1118 2030 1142 2050 υ.
1158 2023 1186 2049 2.
1204 2023 1230 2050 5.
1244 2023 1282 2057 6).
1305 2022 1429 2057 Coargnit
1443 2023 1567 2049 Dominus
1583 2023 1692 2057 Eliphaz
1704 2022 1911 2056 Thretuanitem,

1119 2068 1182 2103 quia
1198 2071 1318 2103 peccavit
1336 2069 1390 2102 ipse
1402 2073 1428 2095 et
1439 2068 1491 2094 duo
1506 2069 1582 2094 amici
1595 2068 1662 2102 ejus,
1676 2069 1736 2102 quia
1751 2077 1802 2094 non
1816 2068 1912 2103 loquu-

1118 2120 1161 2151 tus
1175 2120 1216 2142 est
1228 2123 1315 2141 coratn
1331 2115 1386 2142 Deo
1401 2123 1501 2141 verum.
1512 2114 1558 2141 llic
1571 2115 1689 2148 expiatio
1706 2115 1733 2141 lit
1749 2115 1827 2141 trium
1842 2116 1914 2142 auti-

1118 2168 1210 2188 corum
1228 2169 1274 2194 per
1289 2161 1338 2187 Job
1359 2161 1523 2187 sacerdotem
1538 2161 1592 2187 Dei.
1610 2160 1684 2192 Quod
1699 2161 1801 2187 auxerit
1822 2161 1913 2187 1)οηιί-

1119 2214 1169 2234 nus
1183 2206 1278 2233 .Iohum
1291 2227 1296 2238 ,
1311 2211 1337 2232 et
1353 2211 1478 2239 precante
1496 2206 1541 2232 illo
1555 2214 1601 2239 pro
1615 2206 1708 2232 amicis
1722 2206 1793 2238 suis,
1817 2205 1913 2232 Domi-

1119 2261 1169 2280 nus
1181 2253 1373 2280 comlonavcrit
1388 2252 1426 2278 eis
1442 2256 1589 2285 peccatum.
1606 2251 1639 2278 Ut
1653 2252 1791 2278 audierunt
1804 2260 1912 2281 omnes.

1118 2298 1164 2332 qui
1184 2306 1216 2325 ex
1236 2306 1332 2332 genere
1355 2297 1412 2324 .lobi
1430 2302 1523 2329 erant,
1544 2302 1714 2324 accesserunt
1735 2297 1766 2323 ad
1787 2305 1867 2328 cum,
1884 2303 1914 2324 rt

1118 2345 1292 2371 comederunt
1308 2351 1338 2370 ac
1353 2344 1480 2370 biberunt
1495 2343 1563 2377 apud
1584 2351 1642 2369 eutn
1654 2364 1661 2376 ,
1679 2343 1806 2378 illumque
1823 2343 1914 2370 admi-

1119 2390 1169 2416 rati
1185 2389 1315 2416 dederunt
1330 2389 1352 2415 ei
1369 2389 1463 2423 singuli
1479 2396 1575 2422 agnum
1589 2396 1677 2418 unum.
1700 2389 1914 2427 etlclratiraclt-

1118 2442 1190 2461 mum
1218 2442 1337 2461 aureum.
1368 2434 1500 2468 Scriptum
1536 2438 1577 2461 est
1606 2442 1666 2461 eum
1697 2441 1915 2462 resurrecturum

1119 2487 1178 2506 esse
1198 2487 1257 2506 cum
1273 2480 1304 2506 iis
1326 2486 1392 2514 quos
1407 2479 1576 2506 resttscitabit
1593 2479 1731 2506 Dominus.
1749 2480 1776 2506 In
1792 2480 1832 2507 bis
1846 2488 1916 2507 con-

1120 2525 1217 2551 tinetur
1229 2524 1268 2550 vis
1282 2525 1368 2551 omnis
1383 2524 1441 2550 libri
1454 2523 1514 2550 Job.

1359 2598 1495 2618 ΕΛΡΙΕΝΤΙΔ
1514 2597 1667 2618 διιοιιωηε.

1154 2648 1288 2683 Sapientia
1303 2647 1454 2675 Salomonis
1469 2653 1578 2674 vocatur
1590 2647 1633 2674 hic
1645 2646 1713 2674 liber
1728 2655 1736 2674 :
1752 2655 1814 2674 nam
1828 2648 1916 2676 etiam

1120 2693 1190 2721 hunc
1203 2701 1217 2720 a
1230 2692 1374 2721 Salomone
1389 2693 1517 2727 scriptum
1532 2699 1591 2719 esse
1604 2692 1705 2728 dicunt.
1723 2692 1850 2720 Continet
1864 2700 1913 2719 an-

1119 2744 1172 2767 tem
1196 2739 1344 2766 doctrinam
1363 2738 1489 2772 justitite,
1506 2742 1532 2764 et
1546 2744 1596 2771 qua
1612 2738 1714 2763 ratione
1729 2739 1915 2772 cognoscendi

1120 2785 1173 2813 sint
1196 2790 1257 2811 tttnc
1273 2784 1384 2819 improbi
1396 2805 1403 2814 ,
1419 2788 1483 2810 tunc
1497 2783 1571 2817 probi
1587 2782 1634 2809 viri
1648 2790 1655 2808 :
1670 2782 1701 2809 ad
1718 2782 1776 2809 tunc
1791 2783 1915 2817 prophe-

1121 2835 1182 2856 nam
1197 2830 1229 2857 de
1242 2829 1358 2857 Christo.
1377 2829 1457 2856 Docet
1472 2828 1553 2855 etiam
1568 2827 1651 2854 multo
1663 2834 1723 2854 esse
1735 2834 1805 2862 opus
1818 2828 1915 2857 labore
