2060 3125
179 130 230 159 389

178 192 203 215 ct
216 187 352 214 desiderio
364 186 398 214 ad
413 188 620 223 comparandam
635 191 803 225 sapientiam.
817 191 857 218 Ad
870 191 927 218 hate
938 191 973 219 de

177 234 336 268 quibusdam
349 238 453 261 natura:
472 235 591 270 partibus
605 235 764 271 disputatur,
778 237 895 271 itemque
906 244 973 264 con-

177 284 217 306 tra
240 279 322 313 idola,
344 284 372 307 et
395 280 503 307 illorum
526 281 684 316 sculptores,
708 287 735 310 et
754 287 846 310 contra
866 290 913 310 eos
927 283 972 318 qtti

173 332 249 360 spem
270 325 297 352 in
313 325 363 353 illis
383 330 495 360 ponunt,
512 326 622 362 ipsaque
646 328 746 354 colunt.
764 328 896 355 Praeterea
923 329 971 364 Ity-

174 378 253 398 mnus
265 377 327 398 eum
342 371 510 399 confessione
525 372 686 400 mirabilium
699 373 895 407 operationnm,
911 382 970 410 quae

172 416 302 445 Israelitis
325 424 415 445 coram
438 418 557 453 ipsorttm
572 419 687 447 inimicis
700 427 714 446 a
729 420 785 447 Deo
809 420 883 448 factm
897 427 968 449 sunt.

172 463 235 490 llaec
257 463 345 498 itaque
360 464 545 499 complectitur
560 464 689 493 hicliber.
705 465 899 500 Recapitulatio
919 474 969 494 att-

172 512 226 536 tem
242 509 281 536 sic
294 509 384 537 habet.
404 509 433 537 ln
447 510 584 545 procemiis
597 510 748 538 adhortatio
760 511 825 546 justi
839 511 871 539 ad
885 512 969 547 pieta-

171 558 237 587 tem,
252 559 279 583 et
293 555 469 590 reprehensio
482 556 556 591 impii
572 556 732 592 blasphemi.
745 557 822 590 Nam,
835 557 877 586 Νι
888 567 968 586 amu-

171 599 241 632 lert's,
265 600 365 636 inquit,
386 601 567 636 antichristos,
587 603 630 638 qui
643 608 703 630 runt
716 603 774 637 ipsa
788 612 866 631 morr.
891 604 967 633 Unde

171 644 269 673 factum
292 646 337 679 sit,
358 646 429 681 quod
451 646 526 682 impii
540 654 573 675 eo
585 647 752 682 devenerint,
776 653 804 676 ttt
826 650 966 678 Dominum

139 697 144 703 ί
170 690 263 725 gloria:
275 691 473 726 cruciﬁgerent,
487 692 551 720 dum
566 700 685 728 praesens
698 694 825 722 szcculum
838 695 874 722 illi
888 700 963 723 ante-

170 736 282 764 ferrent.
299 737 375 771 Quod
391 738 472 765 etiam
492 739 542 773 ipsi
557 740 693 774 apostolos
707 741 859 775 perseqttuti
873 741 926 768 sittt
937 746 966 769 et

169 782 325 810 occiderint.
340 782 416 816 Quod
440 783 521 811 futuri
542 784 595 812 sint
613 784 721 820 quidam
739 785 784 821 qui
804 786 891 821 legem
909 786 963 814 Do-

170 827 234 855 mini
247 833 433 863 contemnant,
448 829 556 864 quidam
570 837 634 858 vero
647 831 690 858 alii
705 831 760 859 sint
773 831 811 859 illi
825 832 963 868 obtempe-

169 874 262 900 raturi.

203 918 280 952 Quod
302 919 372 948 Deus
393 920 555 950 multitudini
576 928 686 954 eorum.
708 922 754 958 qui
776 922 803 950 in
824 922 959 951 Christum

168 965 249 1000 impie
269 970 368 1001 agunt,
391 974 444 994 non
464 967 500 995 sit
519 968 680 1003 parciturus.
704 968 788 996 Unius
805 969 877 997 enim
895 970 960 1004 justi

166 1011 273 1039 Christo
283 1012 419 1040 credentis
433 1020 496 1040 cura
509 1017 552 1041 est
565 1013 631 1048 Deo,
646 1014 750 1042 etiamsi
765 1015 791 1042 itt
807 1015 961 1043 adolescen—

166 1057 202 1083 tia
214 1057 355 1085 moriatur.
368 1057 492 1086 Senectus
500 1060 567 1086 enim
577 1060 725 1087 venerabilia
735 1066 830 1088 estnon
841 1061 960 1088 diuturna

165 1101 242 1138 (Cap.
254 1103 282 1131 4.
293 1103 333 1139 8).
349 1104 406 1132 Etsi
417 1105 516 1139 impius
528 1110 643 1134 mortem
655 1107 714 1141 ejus
726 1108 771 1142 qui
783 1107 891 1136 Christo
901 1116 960 1136 cre-
988 1131 1000 1140 κ

165 1149 204 1177 dit
216 1151 376 1185 contemnit,
388 1155 416 1178 at
428 1151 466 1178 illi
476 1152 611 1187 eliguntur
622 1153 648 1180 in
661 1153 779 1181 Christo.
795 1153 869 1189 lmpii
884 1155 959 1190 igno-

163 1195 289 1223 miniosae.
305 1197 391 1224 ruina;
405 1197 544 1225 tradentur
554 1219 561 1230 ,
582 1203 608 1226 et
623 1206 721 1234 magno
732 1200 833 1234 judicio
848 1208 878 1228 ac
890 1208 957 1229 con-

164 1241 331 1269 demnationi
344 1242 522 1277 subjicientur
535 1243 570 1277 ii,
587 1244 632 1278 qui
645 1244 742 1272 Christi
757 1252 851 1273 servos
864 1253 956 1280 persc-

163 1290 291 1321 quuntur,
305 1287 427 1316 videntes
440 1288 553 1323 gloriam
567 1289 625 1324 ejus
639 1294 667 1317 et
681 1290 810 1325 ipsorum,
827 1298 908 1326 seque
922 1291 956 1319 ad

163 1332 324 1367 supplicium
337 1333 403 1368 rapi.
418 1334 495 1368 Quod
510 1334 610 1362 divitiae
624 1343 685 1363 cum
701 1337 853 1372 arrogantia
876 1337 955 1365 nobis

161 1378 300 1406 accedant.
321 1378 387 1413 Qure
409 1380 444 1408 sit
465 1380 504 1408 ira
521 1380 570 1409 Dei
586 1381 614 1408 in
627 1389 676 1409 eos
688 1382 733 1417 qui
749 1383 830 1418 impie
844 1388 956 1419 egerunt

160 1422 188 1450 itt
212 1422 360 1453 Christum.
388 1424 569 1458 Adhortatio,
592 1426 647 1454 imo
673 1427 763 1462 potius
788 1427 955 1458 denuntiatio

160 1466 326 1503 principibus
346 1469 443 1502 Israel,
466 1475 496 1498 ut
517 1470 625 1500 Christo
646 1472 774 1507 credant;
797 1474 851 1502 imo
864 1475 954 1510 potius

158 1516 329 1545 denuntiatio
339 1518 504 1554 principibus
515 1519 661 1548 Catholicae
671 1521 809 1555 Ecclesizc,
819 1523 953 1557 quomodo

158 1568 254 1597 regere
262 1562 377 1591 debeant
387 1568 447 1599 post
461 1564 533 1592 illius
542 1566 708 1594 abscessum.
722 1567 787 1601 Qum
801 1568 835 1595 sit
848 1569 950 1603 sapien-

158 1608 212 1641 tia,
235 1616 332 1644 nempe
355 1609 438 1638 Filius
461 1610 519 1638 Dei.
543 1611 577 1639 Et
598 1612 732 1647 quomodo
750 1613 866 1641 Verbum
889 1621 952 1642 caro

158 1654 260 1683 factum
275 1656 321 1690 sit,
333 1656 415 1691 inque
425 1657 503 1685 ttobis
517 1657 686 1686 habitaverit.
701 1659 767 1692 Quia
781 1667 841 1694 ego.
855 1660 949 1695 inquit,

156 1700 252 1728 eadem
278 1709 338 1736 qua:
364 1709 412 1730 vos
435 1709 529 1737 passus
552 1704 725 1737 sum,homo
748 1712 808 1732 cum
834 1706 901 1740 sim,
917 1714 950 1734 ex

153 1746 231 1781 jussu
263 1747 310 1774 Dei
342 1747 489 1783 disciplinae
520 1749 652 1777 subditus.
689 1750 727 1779 De
750 1751 884 1779 Christo:
908 1752 949 1780 Ex

157 1794 290 1828 sapientia
304 1795 371 1829 Dei,
387 1796 492 1831 inquit,
506 1797 625 1824 omnium
647 1798 827 1832 cognitionem
842 1799 927 1827 habeo
941 1809 947 1827 :

155 1839 191 1866 In
204 1848 284 1867 mu
298 1840 364 1868 enim
379 1841 462 1875 illius,
478 1847 501 1869 et
514 1850 560 1869 nos
574 1851 677 1876 sumus,
693 1848 717 1871 et
730 1852 857 1871 sermones
870 1846 948 1872 nostri

154 1884 239 1920 (Cap.
254 1886 281 1912 7.
293 1886 354 1921 16).
368 1886 434 1920 Quae
448 1887 484 1914 sit
498 1887 627 1922 sapientia
637 1909 645 1922 ,
662 1892 690 1916 et
703 1889 838 1924 quomodo
857 1891 883 1918 in
897 1890 948 1918 lto-

154 1931 242 1958 mines
255 1932 370 1959 venerit.
391 1931 456 1960 Cum
470 1933 536 1960 enim
552 1933 628 1960 unica
642 1934 674 1961 sit
685 1954 693 1966 ,
706 1935 791 1962 omnia
811 1941 891 1970 potest
900 1957 908 1969 ,
923 1941 947 1963 et

153 1984 212 2002 cum
222 1977 249 2003 in
259 1977 341 2012 «ipsa
350 1982 460 2009 maneat,
470 1978 555 2005 omnia
565 1983 648 2006 tamen
658 1979 760 2007 innovat
769 1980 794 2016 (1
798 1981 849 2007 bid.
857 1989 880 2008 υ.
887 1981 945 2017 27).

154 2021 328 2056 Sapientiam,
343 2023 440 2058 inquit,
452 2031 467 2050 a
480 2023 618 2058 juvenlute
630 2025 727 2058 amavi,
739 2030 766 2053 et
777 2026 865 2053 omnia
877 2026 945 2054 bona

152 2075 186 2094 ex
202 2068 247 2095 illa
263 2069 369 2104 accepi,
391 2070 508 2097 carnalia
523 2075 552 2098 et
571 2071 728 2106 spiritualia.
751 2072 861 2108 Cognita
874 2073 946 2101 enim

154 2115 336 2149 magnitudine
350 2115 505 2151 sapientiae,
521 2117 651 2151 postulavi
664 2125 678 2145 a
695 2117 809 2146 Domino
823 2123 850 2146 ut
868 2119 945 2147 dare-

153 2165 198 2188 tur
211 2161 274 2188 mihi
289 2161 403 2197 Spiritus
415 2168 533 2195 sanctus,
547 2164 592 2198 qui
605 2171 649 2191 me
663 2163 696 2192 de
712 2160 756 2192 illa
770 2165 943 2194 illuminaret.

153 2206 189 2233 Et
198 2207 295 2235 missus
307 2212 358 2242 est,
371 2213 400 2236 ut
413 2216 518 2237 mecum
531 2209 674 2238 laboraret.
688 2210 858 2246 Cogitationes
870 2220 944 2240 nam-

151 2259 204 2286 que
217 2253 362 2280 mortalium
375 2254 470 2282 tt‘mida:
483 2260 540 2282 sunt
553 2254 635 2291 (Cap.
650 2255 677 2284 9.
691 2256 724 2283 M
733 2257 753 2292 ).
769 2257 807 2284 De
820 2257 945 2292 operibus

151 2297 302 2332 sapientiai.
325 2298 466 2333 Quomodo
487 2300 602 2335 primum
618 2300 753 2328 hominem
777 2303 943 2336 custodierit,

150 2349 185 2370 ex
195 2344 302 2378 quantis
314 2345 392 2372 malis
403 2345 472 2373 Deus
482 2346 624 2374 credentes
639 2346 689 2374 sibi
700 2352 798 2380 servet,
810 2353 837 2375 et
846 2355 942 2384 quanta

151 2389 204 2416 illis
219 2389 289 2416 bona
311 2394 419 2424 praestet
430 2411 437 2423 ,
452 2395 481 2419 ut
495 2392 586 2419 videre
606 2396 648 2419 est
667 2392 692 2419 in
707 2392 780 2426 Noe,
796 2393 942 2427 Abraham,

150 2434 217 2466 Lot,
233 2434 316 2462 Jacob
326 2456 333 2468 ,
347 2435 447 2471 Joseph
458 2456 466 2469 ,
482 2441 509 2463 et
531 2437 558 2463 in
578 2437 719 2469 lsraelitis,
736 2445 803 2472 quos
817 2446 849 2466 ex
863 2446 943 2466 manu

150 2479 338 2515 Egyptioruut
352 2482 449 2516 eripuit
462 2489 508 2516 per
521 2482 656 2518 Moysem,
671 2487 697 2510 et
712 2491 779 2518 aqua
794 2491 827 2511 ex
842 2491 943 2518 pracru-

150 2531 194 2561 pta
211 2532 284 2561 petra
300 2528 410 2562 potavit.
428 2528 566 2562 Quomodo
584 2533 688 2564 septem
707 2529 830 2564 gentibus
848 2538 943 2565 vespas

150 2572 264 2604 miserit,
280 2577 308 2600 et
320 2573 430 2601 lenitate
445 2574 680 2609 misericordiaque
694 2582 768 2608 usus,
784 2575 836 2602 illis
850 2581 942 2610 postea

148 2625 196 2652 per
210 2618 254 2645 illa
271 2619 400 2653 populum
417 2619 559 2652 erudiens,
575 2625 604 2648 ut
623 2620 751 2655 benignus
764 2625 836 2648 esset
850 2627 876 2648 et
890 2621 942 2648 htt-

148 2671 254 2690 manus.
277 2664 375 2692 Contra
398 2665 554 2693 adoratorcs
573 2666 784 2699 elementorum,
803 2674 938 2697 ranarum.

149 2710 314 2745 sciniphum,
328 2711 455 2744 murium,
470 2712 631 2739 locustarum
642 2733 649 2744 ,
665 2720 816 2746 vesparum,
833 2720 942 2746 serpen-

148 2761 216 2784 tum.
233 2758 332 2784 Contra
347 2757 505 2785 adoratores
525 2758 656 2785 idolorum
672 2766 704 2785 cx
721 2766 803 2791 auro,
819 2763 940 2793 argento,

149 2802 232 2836 ligno,
250 2803 393 2837 lapidibus.
410 2803 485 2837 Quod
499 2811 546 2838 per
560 2804 659 2837 lignttm
674 2803 746 2830 salus
761 2803 796 2830 sit
810 2802 942 2830 credenti-

106 2872 108 2875 .
147 2849 208 2877 bus.
225 2850 263 2877 De
276 2850 456 2884 sculptoribus
466 2851 506 2878 vel
520 2851 663 2885 pictoribus
678 2851 818 2879 idolorum.
834 2850 871 2878 De
884 2859 941 2878 ont-

310 2895 446 2925 ParnOL.
470 2894 528 2924 Cn.
553 2893 628 2924 LVI.

686 133 843 163 smorsrs
862 134 1065 164 scalptum
1085 137 1219 166 SACRE.
1501 145 1514 169 ᾖ
1770 149 1804 176 57

1027 191 1104 220 nibus
1125 194 1282 222 idololatria:
1298 196 1382 224 malis.
1401 197 1439 225 De
1463 197 1541 232 itnpia
1556 200 1700 235 religione,
1715 207 1741 229 ct
1756 210 1819 238 quo!

1027 237 1064 264 illi
1079 238 1161 266 insint
1176 240 1254 268 mala.
1277 241 1315 269 De
1328 241 1409 277 figulo
1421 248 1448 270 et
1462 243 1589 274 ﬁctilibus
1603 246 1689 274 idolis.
1712 248 1747 276 De
1762 237 1820 277 om-

1025 283 1102 311 nibus
1116 284 1210 319 idolis,
1226 294 1285 321 quae
1298 294 1313 315 a
1326 288 1449 322 gentibus
1463 289 1601 323 coluntur,
1616 292 1813 321 inimicissima-

1024 337 1082 356 rttnt
1107 330 1262 366 bestiarum,
1288 340 1443 369 serpentum
1457 356 1464 368 ,
1488 341 1656 370 catorum,et
1676 339 1814 369 similium.

1023 375 1099 408 Quod
1115 376 1204 404 lsraeli
1224 378 1293 406 Deus
1312 379 1469 408 beneficium
1493 383 1654 417 contulerit,
1671 392 1719 419 pro
1742 388 1812 414 ranis

1022 422 1188 450 coturnicem
1202 424 1320 452 mitteris.
1335 426 1411 459 Quod
1424 432 1516 455 contra
1531 437 1648 458 morsum
1662 437 1813 467 serpentum

1022 473 1071 501 per
1084 475 1188 496 :eneum
1204 476 1355 505 serpentem
1371 472 1396 499 in
1413 480 1493 501 cruce
1508 481 1667 510 suspensum
1683 478 1755 505 salus
1768 486 1813 513 po-

1021 512 1084 546 pulo
1106 512 1173 541 facta
1188 515 1239 548 sit;
1260 516 1358 544 inimici
1374 525 1438 546 vero
1457 519 1573 554 ipsorum
1594 529 1642 556 per
1657 512 1811 552 locustasct

1020 564 1110 585 mures
1133 559 1214 595 occisi
1236 560 1300 588 sint.
1324 562 1401 595 Quod
1423 565 1548 599 populum
1568 567 1723 601 angelorum
1747 569 1808 597 cibo

1019 602 1133 636 aluerit,
1158 612 1352 642 quamcumque
1377 609 1540 644 voluptatem
1564 610 1698 646 habente,
1725 618 1753 641 et
1776 616 1809 642 ad

1018 656 1213 686 quemcumque
1226 657 1330 687 gustum
1342 656 1552 684 accommodato.
1567 657 1642 691 Quod
1654 659 1810 694 grandinem

1017 702 1077 723 cum
1093 696 1153 732 igne
1166 698 1199 725 ad
1210 700 1420 734 corrutnpcndas
1432 701 1522 738 fruges
1537 703 1562 730 in
1575 703 1715 740 Egyptios
1730 707 1811 735 misc-

1017 742 1062 768 rit.
1085 742 1161 776 Quod
1176 743 1322 779 palpabiles
1344 746 1467 775 tenebras
1490 748 1515 775 in
1536 748 1676 785 Egyptios
1696 752 1808 785 miserit,

1016 790 1111 821 etqum
1122 788 1148 815 in
1162 796 1193 816 ea
1206 797 1236 817 re
1251 789 1356 818 inerant
1368 792 1435 819 mala
1449 802 1455 820 :
1469 794 1567 821 sanctis
1578 802 1641 822 vero
1654 796 1709 824 suis
1723 797 1809 826 lucem

1016 831 1042 858 in
1055 832 1182 868 IEgypto,
1197 839 1223 862 et
1238 835 1389 864 columnam
1402 837 1469 872 ignis
1484 839 1510 866 in
1522 839 1683 868 solitudine:
1700 847 1726 869 et
1737 843 1807 878 qttod

1016 883 1125 912 propter
1139 880 1222 907 occidi
1234 880 1324 915 jussos
1336 882 1516 911 lsraelitarum
1531 885 1653 919 infantes,
1667 887 1808 924 IEgyptio-

1014 931 1072 951 rum
1087 925 1277 962 primogenin
1291 935 1374 962 mors,
1387 934 1414 957 et
1426 930 1497 965 ipsos
1507 930 1647 968 Egyptios
1656 934 1806 962 subtncrsio

1013 971 1151 999 sustulerit
1164 981 1171 999 :
1185 978 1213 1000 ut
1225 981 1272 1008 pro
1286 979 1371 1003 morte
1382 976 1617 1012 primogenitorum
1632 980 1704 1007 salus
1714 981 1806 1009 Israeli

1013 1022 1061 1050 per
1075 1017 1230 1052 sanguinem
1246 1020 1306 1054 agni
1321 1028 1449 1049 concessa
1467 1023 1511 1050 sit.
1537 1024 1571 1051 Et
1585 1032 1633 1060 pro
1655 1031 1742 1054 morte
1760 1027 1805 1062 ju-

1011 1066 1115 1089 storum
1138 1063 1163 1090 in
1183 1064 1343 1098 solitudine,
1368 1067 1457 1094 Aaron
1473 1068 1614 1096 Dominum
1635 1071 1757 1104 precibus
1778 1077 1806 1100 et

1012 1106 1122 1135 incenso
1147 1108 1278 1142 placarit:
1296 1118 1345 1145 pro
1367 1117 1454 1140 morte
1481 1121 1544 1140 vero
1566 1113 1752 1150 Egyptiorum
1776 1117 1804 1145 in

1011 1153 1079 1180 mari
1093 1153 1201 1188 Rubro,
1217 1155 1296 1183 fuerit
1312 1156 1349 1184 ira
1365 1157 1412 1185 Dei
1435 1157 1536 1193 absque
1557 1160 1742 1189 misericordia
1752 1183 1760 1196 ,
1775 1169 1804 1191 et

1010 1199 1060 1226 iter
1083 1200 1172 1235 populi
1196 1201 1323 1230 insolens.
1348 1203 1424 1235 Quod
1446 1210 1556 1239 propter
1578 1205 1802 1236 inhumanitatent

1008 1251 1071 1280 erga
1094 1244 1210 1273 advenas
1224 1247 1294 1274 mala
1310 1248 1358 1275 ista
1372 1249 1443 1283 passi
1459 1250 1655 1287 sintA‘Zgyptii,
1671 1255 1801 1288 quemad-

1009 1289 1117 1318 modum
1131 1295 1158 1318 et
1175 1291 1330 1320 Sodomita.
1346 1292 1423 1327 Quod
1444 1295 1575 1323 elementa
1590 1297 1682 1325 divino
1700 1298 1801 1328 Christi

1005 1335 1107 1370 judicio
1134 1338 1261 1373 subsint,
1282 1339 1316 1367 ad
1345 1340 1416 1368 illius
1445 1341 1588 1376 imperium
1610 1346 1799 1377 parata,sicut

1006 1381 1116 1410 chorda:
1137 1383 1247 1412 cithara;
1268 1385 1396 1414 citharam
1418 1387 1544 1422 pulsanti.
1567 1388 1596 1416 In
1618 1389 1660 1418 liis
1675 1398 1799 1426 compre-

1006 1427 1132 1456 ltenditur
1145 1430 1186 1458 vis
1206 1431 1294 1459 omnis
1308 1431 1452 1467 Sapientizc
1466 1433 1615 1463 Salomonis
1635 1444 1694 1472 qua:
1713 1437 1800 1465 Pana-

1005 1479 1078 1502 retos
1092 1479 1212 1503 vocatur.

1129 1551 1263 1572 PABG-JIHE
1282 1552 1330 1573 εει]
1349 1553 1497 1575 PROVERBIA
1517 1555 1670 1577 SALOIIONIS.

1039 1610 1178 1639 Partemize
1195 1619 1243 1640 seu
1256 1613 1398 1641 Proverbia
1418 1615 1569 1644 Salomonis
1583 1622 1692 1645 vocatur
1707 1618 1750 1646 hic
1764 1619 1798 1646 li-

1003 1656 1051 1683 ber
1062 1676 1070 1689 ,
1083 1656 1144 1691 quia
1160 1656 1205 1684 illa
1217 1658 1342 1686 Salomon
1357 1664 1385 1687 et
1399 1659 1480 1693 dixit,
1496 1665 1524 1688 et
1538 1662 1656 1697 scripsit.
1671 1663 1719 1690 llic
1732 1671 1796 1691 vero

1002 1709 1062 1729 eum
1086 1710 1196 1738 regnum
1211 1704 1294 1732 David
1313 1705 1394 1739 patris
1415 1707 1595 1742 suscepisset,
1609 1714 1732 1743 prccattts
1753 1714 1796 1738 cst

1003 1748 1086 1775 Deum
1101 1753 1130 1776 ut
1144 1749 1300 1784 sapientiam
1323 1751 1456 1786 acciperet
1469 1751 1573 1787 potius,
1590 1762 1668 1788 quant
1689 1754 1795 1782 divitias

1001 1799 1028 1821 ct
1042 1793 1158 1822 hostiunt
1179 1795 1317 1823 ultionem.
1334 1796 1407 1825 Hanc
1430 1805 1489 1825 cttm
1511 1799 1678 1834 accepisset,
1692 1805 1719 1827 et
1738 1808 1794 1835 pra:

1001 1839 1125 1867 omnibus
1136 1841 1295 1869 mortalibus
1310 1843 1354 1876 qui
1368 1847 1430 1870 ante
1442 1847 1470 1871 et
1489 1848 1549 1878 post
1568 1844 1653 1879 ipsum
1668 1844 1792 1878 fuerunt,

1000 1884 1106 1919 sapiens
1133 1889 1225 1913 esset:
1242 1893 1273 1914 ac
1287 1880 1347 1914 cum
1369 1888 1396 1914 in
1424 1888 1548 1916 omnibus
1570 1889 1648 1917 dictis
1663 1890 1794 1926 factisque

1000 1931 1055 1957 suis
1069 1930 1237 1960 admirationi
1260 1937 1346 1966 esset,
1369 1934 1417 1961 tria
1442 1934 1523 1962 millia
1546 1936 1750 1970 parabolarum,
1765 1942 1794 1964 et

999 1975 1115 2011 quinque
1135 1977 1219 2004 millia
1241 1979 1344 2006 cantica
1370 1979 1542 2015 proloquutus
1555 1986 1597 2008 est
1613 1989 1618 2008 :
1637 1981 1794 2016 disputavit-

998 2029 1050 2057 que
1059 2022 1093 2050 de
1105 2023 1239 2056 omnibus,
1255 2027 1308 2051 tam
1324 2025 1358 2052 de
1372 2024 1405 2052 iis
1417 2033 1476 2060 quae
1491 2032 1524 2053 ex
1537 2030 1606 2054 terra
1619 2029 1789 2061 proveniunt,

998 2076 1078 2104 quam
1097 2069 1131 2097 de
1149 2070 1234 2098 omnis
1246 2071 1351 2105 generis
1365 2071 1550 2099 animantibus.
1567 2072 1678 2108 Scripsit
1690 2078 1791 2107 autem,

998 2117 1027 2141 ut
1039 2114 1146 2149 quidam
1159 2115 1254 2148 aiunt,
1269 2120 1324 2144 tres
1337 2121 1437 2144 tantum
1460 2117 1558 2150 libros,
1573 2118 1643 2146 hunc
1656 2119 1789 2151 videlicet.

997 2159 1186 2194 Ecclesiasten,
1200 2165 1228 2188 et
1238 2161 1377 2189 Canticum
1391 2163 1578 2198 Canticorum;
1593 2169 1622 2192 ut
1635 2170 1721 2193 autent
1733 2168 1791 2201 qui-

997 2205 1058 2233 dam
1070 2206 1162 2233 dicunt
1176 2207 1256 2234 etiam
1270 2207 1442 2242 Sapientiam,
1459 2217 1517 2244 qua:
1531 2210 1570 2238 sic
1584 2211 1746 2246 inscribitur,
1763 2217 1792 2240 et

997 2251 1144 2279 Panaretos
1166 2252 1281 2280 dicitur:
1295 2261 1359 2280 nam
1381 2253 1432 2282 hoc
1452 2255 1532 2282 etiam
1552 2263 1707 2290 germanum
1731 2257 1790 2292 ejus

997 2306 1057 2327 esse
1071 2306 1137 2334 opus
1160 2299 1290 2327 dictitant.
1307 2299 1382 2327 Hunc
1403 2308 1484 2336 porro
1503 2301 1641 2330 Parcemim
1663 2310 1710 2330 seu
1724 2304 1790 2330 Pro-

996 2344 1086 2372 verbia
1101 2344 1246 2380 inscripsit.
1261 2345 1328 2372 Sttnt
1342 2351 1429 2373 autern
1444 2347 1580 2382 parmmiaa
1591 2349 1670 2376 verba
1683 2349 1789 2384 sapien—

997 2392 1040 2420 tia:
1051 2412 1058 2422 .
1071 2392 1144 2420 velut
1156 2392 1307 2427 mnigmata,
1322 2400 1381 2428 qua:
1396 2401 1429 2420 ex
1442 2402 1470 2421 se
1490 2394 1596 2428 quidem
1623 2395 1692 2422 aliud
1712 2396 1788 2423 exhi-

996 2437 1075 2470 bent,
1091 2437 1162 2465 aliud
1184 2445 1247 2465 vero
1269 2446 1318 2473 per
1341 2439 1518 2473 suspicionem
1544 2440 1670 2467 indicant.
1685 2441 1786 2468 [lorum

996 2486 1084 2510 autem
1100 2483 1202 2517 species
1215 2488 1278 2510 suttt
1289 2484 1440 2518 proverbia.
1455 2484 1498 2511 Sic
1512 2485 1582 2512 enitn
1595 2485 1717 2520 discipuli
1732 2487 1786 2514 Do—

996 2529 1061 2556 mini
1076 2529 1220 2564 loquuntur
1230 2530 1255 2556 in
1268 2530 1415 2565 Evangelia
1427 2530 1548 2564 Joannis,
1563 2532 1679 2566 quando,
1695 2533 1787 2559 Domi-

995 2582 1030 2602 no
1049 2574 1130 2602 multa
1148 2575 1261 2602 obscure
1282 2576 1404 2608 dicente,
1419 2576 1525 2604 tandem
1548 2577 1639 2604 dicunt
1657 2578 1681 2605 ei
1699 2587 1705 2605 :
1721 2578 1786 2606 Ecca

996 2628 1062 2653 nunc
1075 2621 1160 2655 palam
1173 2621 1291 2655 loqueris,
1302 2626 1324 2648 et
1335 2622 1492 2657 proverbium
1507 2623 1605 2649 nullon:
1619 2624 1681 2650 dicis
1694 2624 1784 2658 (Joan.

995 2666 1039 2693 16.
1052 2665 1108 2701 29),
1125 2670 1152 2692 ut
1166 2666 1296 2701 intelligas
1312 2667 1450 2701 proverbia
1461 2688 1467 2698 .
1486 2675 1538 2694 non
1551 2673 1643 2703 aperto
1655 2690 1662 2701 ,
1677 2670 1723 2696 sed
1737 2670 1786 2697 ob-

994 2718 1074 2738 scuro
1095 2718 1176 2738 sensu
1203 2711 1265 2738 dici.
1284 2712 1413 2744 Quoniam
1440 2713 1519 2747 igitur
1539 2714 1605 2741 tales
1630 2714 1785 2749 plerumque

994 2763 1055 2785 sunt
1070 2758 1096 2785 in
1110 2758 1160 2785 hoc
1173 2759 1241 2786 libro
1255 2760 1392 2786 sententia:
1402 2781 1408 2791 ,
1423 2759 1482 2787 ideo
1495 2760 1632 2788 Parmmise
1647 2769 1694 2788 seu
1717 2761 1783 2787 Pro-

994 2805 1083 2831 verbia
1109 2804 1250 2839 inscriptus
1265 2805 1307 2832 hic
1325 2805 1392 2832 liber
1406 2809 1457 2833 est.
1476 2806 1524 2833 Est
1535 2812 1623 2834 autent
1640 2807 1700 2833 inde
1714 2806 1782 2833 dicta

994 2851 1228 2887 parmntia,quod
1253 2860 1299 2886 per
1326 2852 1380 2879 tias
1405 2852 1471 2879 tales
1493 2853 1630 2880 sententiae
1654 2852 1782 2879 conscribi

1570 2900 1609 2928 23
