2047 3123
248 116 295 142 371

248 172 333 200 solitae
347 175 448 202 essent,
465 170 497 197 ad
513 169 708 197 correctionem
732 173 758 195 et
773 168 921 196 doctrinam
936 174 1040 199 eortnn,

247 218 292 253 qui
318 217 368 244 iter
395 216 575 243 instituerent.
590 215 641 242 Per
655 215 711 241 vias
733 218 822 241 autem
846 213 1040 244 scribebantur,

247 264 308 299 quia
323 271 375 291 non
388 270 481 291 omnes
496 261 613 289 veritatis
627 268 765 289 sermones
777 259 918 294 capiebant
935 268 941 285 ε
958 264 987 285 ιιι
1000 259 1041 285 vel

246 309 272 335 in
289 308 450 336 transeundo
461 312 486 335 et
496 308 555 335 talia
567 306 765 341 conspicienda,
778 313 837 340 quae
845 305 943 340 scripta
953 310 1044 331 essent

245 356 437 390 exquirerent,
452 359 530 389 atque
546 353 580 380 ita
595 352 763 380 erudirentur
785 351 916 378 homines.
930 350 1042 384 Quidam

245 406 335 428 autem
351 400 492 435 parmmias
507 399 539 426 ad
558 399 629 425 hunc
644 397 752 425 modum
773 397 921 424 deﬁniunt:
936 396 1041 423 Dictum

199 466 203 471 -
246 447 399 483 parodium,
419 453 466 474 seu
482 446 508 473 in
535 445 575 472 via
590 445 720 480 positum,
734 444 768 472 ab
792 451 845 472 uno
871 443 985 479 quatiam
1008 443 1041 470 atl

248 494 329 522 multa
345 493 510 520 translatum.
526 492 573 520 Est
588 493 666 528 igitur
687 492 713 519 in
734 492 785 519 hoc
805 492 872 519 libro
885 491 976 519 notitia
996 498 1041 518 sa-

246 540 353 573 pientia:
367 544 393 566 et
408 539 564 573 disciplinae,
581 538 733 566 intellectus
750 545 903 565 sermonum
923 537 1041 572 pruden-

246 585 299 617 tim,
315 584 431 619 stropha:
453 584 605 617 verborum,
625 583 735 619 justitiae
750 591 821 610 verm
834 583 994 616 intellectus,
1008 583 1040 609 ad

244 631 411 667 dirigentium
424 631 532 665 judicia,
546 635 573 657 et
585 630 739 665 pollicitatio
751 629 995 665 cognoscendarum
1007 637 1040 656 ex

245 677 303 705 istis
319 678 515 712 parabolarnm,
530 677 661 704 dictorum
675 677 845 711 sapientium,
860 677 1038 711 aenigmatum,

245 728 272 751 et
282 724 455 752 obscurorum
476 731 641 751 sermonum.
659 724 692 751 Et
709 728 772 751 sunt
791 723 891 750 notitia:
904 723 1041 758 sapientim

246 773 273 797 et
286 769 443 804 disciplinae.
459 769 524 796 Cttm
539 769 609 796 cnim
624 773 650 797 et
662 768 747 796 Crteci
768 769 925 803 sapientiam
942 768 1041 796 habere

246 816 433 851 polliceantur,
454 820 479 843 et
499 815 614 843 ha-rctiri
629 815 727 843 habere
743 823 772 843 se
787 815 956 851 disciplinam
971 815 1041 842 arbi-

247 867 367 894 trentur;
385 862 444 889 ideo
468 862 509 889 hic
526 870 613 889 teram
640 862 796 896 sapientiam
820 869 850 889 ac
872 861 1038 896 disciplinam

246 909 322 937 docet
335 918 342 942 ;
355 918 388 937 nc
400 917 432 936 ex
443 909 616 936 similitudine
631 908 746 936 nominis
758 908 938 943 sapientireﬁn
949 907 1039 942 sophi-

245 959 329 982 smata
343 954 496 982 Graecorum
513 960 539 982 ct
555 955 739 982 haereticorum
755 955 815 989 quis
828 954 936 981 incidat.
952 953 1038 982 Grmci

245 1000 315 1028 enim
331 1005 423 1036 putant
438 1008 467 1028 se
481 1000 529 1027 hac
543 1000 569 1028 in
586 1008 614 1028 re
628 1006 765 1036 prmstare,
780 1007 811 1027 ac
827 1000 943 1027 Dicentes
955 1008 981 1027 se
995 1008 1039 1026 sa-

245 1047 338 1081 pientes
353 1055 405 1073 esse
418 1068 425 1080 ,
441 1047 512 1073 stulti
529 1047 588 1081 facti
603 1051 661 1077 sunt
674 1046 683 1082 (
700 1046 774 1073 llam.
792 1047 816 1073 i.
831 1046 898 1081 22).
915 1046 1038 1073 Hturetici

246 1100 309 1119 vero
322 1091 440 1120 eruditos
455 1099 515 1119 esse
536 1099 565 1120 se
590 1092 660 1124 rati,
674 1093 760 1119 aversi
778 1096 839 1119 sunt
860 1096 886 1119 ct
909 1096 1037 1126 peccant,

245 1137 354 1173 proprio
375 1137 475 1172 judicio
496 1137 675 1164 condemnati.
689 1137 801 1172 Sapiens
826 1144 890 1164 vero
909 1137 931 1164 si
951 1137 1037 1164 divina

245 1183 349 1217 eloquia
371 1182 484 1209 attdierit
496 1202 503 1215 ,
518 1183 663 1217 sapientior
684 1183 744 1209 crit.
760 1183 864 1209 Etenim
881 1182 902 1209 si
923 1183 1037 1217 legitima

246 1229 292 1256 Dei
307 1228 416 1256 audierit
431 1234 456 1256 et
468 1228 634 1259 custodierit,
647 1233 674 1256 ct
688 1229 712 1256 in
724 1229 862 1263 disciplina
876 1230 977 1256 Domini
993 1237 1039 1257 ue-

245 1275 348 1309 gligcus
361 1282 412 1301 non
425 1274 514 1306 fuerit,
525 1282 572 1301 nec
584 1274 684 1301 fa'lacia
698 1275 810 1309 quadam
826 1275 936 1302 allectus
950 1275 1037 1308 fuerit,

246 1320 316 1348 ﬁlius
329 1321 433 1355 sapiens
447 1321 550 1352 evadet,
571 1327 597 1347 et
613 1321 731 1348 eruditus
747 1321 841 1353 factus,
855 1321 943 1348 statim
958 1322 1038 1349 etiam

246 1366 425 1402 cognitionem
447 1366 493 1393 Dei
509 1366 628 1401 accipiet.
647 1366 701 1394 Hac
723 1367 793 1394 enim
811 1368 943 1403 sapientes
964 1367 1039 1394 insti-

247 1417 365 1440 tuuntur.
381 1413 539 1440 Sermonntn
556 1421 618 1440 vero
636 1413 793 1448 prudentum
809 1413 959 1441 intellectus
971 1435 977 1446 ,
991 1414 1039 1440 do-

246 1458 329 1485 ctrina
343 1463 384 1485 est
398 1458 431 1485 de
447 1458 505 1485 solo
519 1466 583 1486 vero
608 1458 672 1485 Deo.
689 1459 842 1486 Graecorum
864 1467 978 1495 namque
993 1459 1037 1487 alii

246 1511 344 1538 corpus
366 1510 426 1531 esse
448 1504 573 1531 dixerunt
603 1504 700 1538 Deum,
716 1505 761 1532 alii
784 1505 932 1533 simulacris
958 1506 1038 1533 etiam

246 1549 333 1584 ipsum
346 1549 536 1577 assitnilarunt.
552 1550 674 1577 Hmretici
690 1559 753 1578 vero
767 1555 794 1578 et
810 1551 858 1585 ipsi
874 1551 899 1578 in
923 1551 977 1578 veri
993 1559 1039 1579 co-

245 1596 363 1631 gnitione
386 1596 568 1632 desiptterttnt.
583 1596 725 1631 Propterea
749 1597 790 1625 hic
804 1597 838 1624 de
864 1604 926 1624 vera
948 1598 1038 1633 cogni-

246 1645 318 1670 tione
332 1642 379 1670 Dei
402 1643 459 1671 hacc
474 1649 581 1671 enarrat
596 1652 602 1670 :
619 1643 689 1678 quod
705 1644 811 1678 quidem
827 1643 1015 1675 ineﬁ‘abilisrsit
1029 1653 1036 1670 :

249 1699 257 1714 ι
273 1689 364 1717 Gloria
377 1689 422 1718 Dei
433 1689 572 1717 abscondit
583 1689 691 1716 verbum
703 1697 711 1723 ;
731 1699 740 1715 ι
755 1689 788 1717 de
800 1689 965 1724 providentia
974 1697 1039 1717 vero

245 1736 303 1771 ejus
329 1736 368 1763 sic
400 1735 517 1770 loquitur
535 1745 541 1762 :
560 1745 570 1761 t
596 1735 624 1762 In
651 1737 724 1763 onmi
751 1736 810 1764 loco
837 1736 906 1763 oculi
933 1736 1037 1763 Domini

245 1781 461 1815 contemplantnr
480 1781 565 1808 bonos
586 1786 611 1808 et
629 1781 712 1808 malos
726 1791 734 1807 ι
754 1781 845 1815 (Prov.
856 1781 901 1809 25.
913 1781 941 1808 2.
954 1787 977 1809 et
993 1782 1036 1810 15.

245 1826 285 1861 3).
302 1827 336 1854 Et
359 1827 454 1854 iterum
468 1837 473 1854 :
492 1835 502 1852 ‹
520 1827 598 1854 Dives
619 1832 645 1855 et
660 1835 759 1862 pauper
770 1828 838 1855 alter
852 1828 927 1855 alteri
942 1835 1037 1855 occur-

246 1877 340 1900 rerant
355 1882 360 1899 :
378 1877 503 1908 utrosque
522 1880 585 1900 vero
611 1873 671 1901 fecit
691 1873 924 1910 Dominus»(Cap.
936 1873 984 1901 22.
997 1874 1036 1908 2).

248 1919 291 1951 Ει,
306 1928 315 1944 ι
334 1919 399 1945 Dum
409 1919 571 1946 conveniunt
585 1919 729 1947 faenerator
743 1926 775 1947 ac
785 1919 899 1952 debitor,
912 1924 1038 1954 utrosque

246 1964 399 1999 speculatur
415 1964 541 1992 Dominus
556 1974 565 1990 ι
584 1964 659 2000 (ϐαρ.
674 1964 786 1999 29.15).
802 1964 845 1997 Et,
860 1973 868 1989 ι
885 1964 950 1992 Sunt
966 1965 1037 1992 enim

246 2010 272 2037 in
287 2013 430 2045 conspectu
444 2010 583 2038 oculorum
598 2011 642 2038 Dei
656 2011 705 2038 via:
718 2004 776 2042 viri,
793 2015 820 2037 rt
833 2018 925 2037 otnnes
938 2010 1037 2037 orbitas

245 2056 303 2091 ejus
310 2056 461 2091 speculatur
474 2055 530 2090 »(ϐ.
543 2056 568 2084 5.
577 2056 632 2091 21).
650 2056 782 2084 .ludicium
792 2064 896 2091 quoque
903 2057 960 2091 ejus
968 2063 1037 2083 eom-

245 2107 387 2135 memorat,
403 2103 513 2131 dicens:
531 2112 540 2129 ι
556 2103 688 2131 Sacriﬁcia
704 2104 844 2138 impiorum
859 2102 1035 2129 abominatio-

245 2156 292 2177 nes
317 2154 378 2177 sunt
398 2150 521 2180 Domini:
546 2155 606 2177 vota
630 2155 718 2177 autem
745 2155 817 2177 recte
844 2149 1035 2176 ambulantium

243 2200 351 2231 accepta
373 2200 436 2226 sunt
449 2196 518 2232 apttd
532 2204 592 2232 eum
609 2206 618 2222 ›
637 2195 720 2231 (Cap.
740 2196 782 2223 15.
798 2196 845 2230 8).
864 2196 897 2222 Et
918 2196 1010 2222 iterum
1027 2204 1034 2221 :

253 2251 257 2254 '
273 2242 372 2270 Domos
386 2243 596 2270 conviciatorum
612 2241 723 2276 dissipat
737 2241 874 2274 Dominus,
888 2242 974 2267 ﬁrmat
989 2248 1036 2267 an—

243 2292 297 2315 tem
312 2288 452 2317 terminum
467 2287 552 2315 vidua:
566 2297 575 2312 ι
592 2287 667 2322 (Cap.
685 2287 727 2314 t5.
742 2286 799 2321 2.3).
816 2286 956 2320 Opiticium
972 2294 1035 2314 vero

245 2334 316 2362 illitis
338 2342 390 2363 non
411 2334 584 2369 simpliciter,
601 2332 647 2360 sed
669 2339 702 2360 eo
723 2332 793 2367 quod
810 2339 856 2366 per
869 2332 984 2359 Verbum
1004 2340 1035 2359 ac

243 2381 399 2416 sapientiam
421 2388 496 2408 suam
512 2384 607 2407 cuncta
625 2378 721 2411 faciat;
737 2379 781 2414 qui
801 2379 955 2413 podssimus
980 2380 1033 2407 veri

244 2427 290 2454 Dei
310 2426 450 2454 Character
462 2430 522 2458 cst,
536 2425 607 2461 quod
629 2426 663 2452 sit
684 2425 743 2452 Filii
766 2425 856 2452 Pater.
872 2425 916 2452 Ait
935 2425 1032 2460 igitur:

247 2482 256 2500 ι
271 2472 407 2508 Sapientia
421 2473 490 2500 Deus
501 2472 621 2500 fundavit
633 2476 731 2499 terram
749 2481 757 2497 I
776 2471 861 2507 (Cap.
874 2471 900 2499 5.
917 2471 951 2499 19
964 2472 983 2506 ).
1001 2472 1035 2499 Et

243 2519 338 2545 iterum
357 2526 363 2544 :
382 2528 391 2543 t
410 2518 478 2545 Dens
494 2518 555 2545 fecit
576 2518 698 2552 regiones
718 2522 745 2545 ct
766 2518 869 2546 deserta
885 2523 911 2545 et
925 2518 1034 2545 summi-

243 2570 310 2592 tates
335 2564 465 2593 habitatas
487 2564 565 2599 ejus,
589 2572 649 2599 qua:
671 2565 720 2592 sub
752 2565 817 2592 cmlo
843 2570 893 2593 est.
922 2564 1033 2598 Quando

243 2612 408 2645 pra-parabat
428 2610 532 2643 etrlum,
545 2610 650 2638 aderam
676 2610 774 2645 ipsi,et
799 2611 938 2646 separabat
958 2612 1032 2638 thro-

242 2663 304 2682 num
331 2663 409 2683 sntnn
432 2664 510 2691 supra
534 2662 637 2690 ventos,
659 2657 765 2690 quando
789 2657 889 2684 validas
920 2657 1034 2684 faciebat

241 2702 356 2737 desaper
370 2703 463 2735 nubes,
479 2710 537 2729 cum
549 2710 581 2730 eo
594 2711 667 2730 eram
680 2708 774 2730 cuncta
787 2711 961 2738 componens.
977 2703 1032 2738 Ego

241 2755 313 2775 eram
326 2748 351 2775 in
363 2756 413 2782 qua
425 2748 571 2781 laetabatur,
586 2749 696 2784 singulis
707 2749 918 2777 dicbttslmtabar
929 2749 954 2776 iti
968 2756 1032 2776 con-

239 2800 331 2828 spectu
346 2794 416 2822 illius
431 2803 440 2820 ι
458 2793 540 2829 (Cap.
556 2794 582 2822 8.
599 2792 635 2822 26
646 2795 699 2822 -50
711 2794 732 2830 ).
747 2794 869 2830 Stropha:
889 2795 1030 2822 verborum

239 2846 301 2868 sunt
316 2840 341 2868 in
358 2842 409 2868 isto
422 2841 489 2868 libro
506 2849 512 2867 :
528 2848 589 2868 nam
603 2841 624 2868 si
640 2840 698 2876 quis
713 2849 744 2868 ea
760 2846 849 2869 mente
864 2845 968 2874 verset,
986 2849 1028 2868 re-

604 112 631 140 S.
652 111 791 140 J0.\NNIS
805 108 1044 139 CHRYSOSTOMI
1065 107 1220 136 ARCIIIEP.
1243 109 1508 138 CUNSTANTINOI’.

1841 113 1892 140 572

1098 165 1197 193 set-abit
1212 171 1238 193 et
1255 166 1372 194 inveniet
1387 167 1546 195 sententiam
1563 167 1589 194 in
1605 166 1668 202 ipsis
1690 167 1779 195 sitam.
1797 167 1891 202 Qualia

1094 215 1157 238 sunt
1171 212 1247 240 lucc:
1264 212 1430 240 «Incolumis
1451 214 1534 241 evasit
1555 213 1588 240 ab
1609 217 1677 240 testu
1700 214 1772 241 ﬁlius
1793 215 1891 242 intelli-

1093 265 1159 292 gens
1171 266 1178 290 ;
1195 260 1375 293 corrumpitur
1386 263 1477 286 autem
1491 267 1506 286 a
1520 263 1599 287 vento
1612 260 1639 287 in
1655 267 1743 287 messe
1756 261 1826 288 ﬁlius
1841 261 1877 289 ini
1889 278 1894 282 η

1093 311 1161 338 quas
1180 313 1189 329 ι
1207 304 1290 341 (Cap.
1306 305 1350 332 10.
1369 304 1418 340 6).
1444 305 1478 332 Et
1502 305 1597 332 iterum
1614 313 1621 331 :
1647 314 1657 331 ι
1683 305 1803 333 Sollicito
1825 314 1889 334 cura

1093 358 1153 384 qum
1168 350 1193 376 iti
1209 357 1274 385 agro
1287 355 1350 378 sunt
1365 351 1470 383 viridia,
1485 356 1512 378 et
1527 350 1637 378 herbam
1653 351 1783 384 detnetas,
1797 356 1824 379 et
1838 352 1887 379 fte-

1093 403 1155 422 ntnn
1170 401 1324 423 montanum
1339 396 1444 431 collige,
1458 401 1486 424 ut.
1498 404 1562 424 oves
1575 396 1673 424 habeas
1686 397 1719 424 ad
1738 398 1861 425 vestitum
1876 408 1886 424 ι

1093 441 1174 477 (Cap.
1195 442 1240 469 27.
1257 443 1302 471 25.
1322 443 1387 477 26).
1404 443 1438 471 Et
1453 451 1546 471 rursus
1563 452 1569 470 :
1588 453 1598 470 ι
1617 444 1644 471 Si
1659 445 1769 472 conviva
1788 445 1890 473 sederis

1092 488 1124 514 ad
1139 495 1242 515 cmnam
1254 489 1278 515 in
1293 497 1384 516 mensa
1400 494 1563 525 magnatum,
1580 495 1669 518 mente
1684 491 1816 525 intelligas
1829 500 1889 526 qaze

1092 540 1263 569 appomnttur
1278 536 1323 563 tibi
1343 546 1352 562 ι
1376 536 1459 571 (Cap.
1474 536 1519 564 25.
1535 537 1546 572 i
1564 537 1633 571 )zet
1654 537 1706 564 alia
1726 538 1886 565 consimilia.

1093 581 1170 608 Verte
1187 582 1297 616 justilize
1317 582 1405 609 dictus
1418 587 1459 610 est
1477 583 1627 610 intellectus
1645 592 1651 610 :
1667 584 1793 618 quoniam
1813 584 1889 612 diffe-

1092 632 1182 655 renter
1206 628 1313 663 quidam
1332 628 1441 663 justitize
1465 629 1624 657 vocabulum
1648 630 1804 665 accipiunt;
1828 631 1887 657 aliis

1092 674 1243 702 dicentibus
1252 675 1381 710 justitiam
1396 683 1455 704 esse
1465 697 1472 710 ,
1489 680 1518 704 ut
1532 677 1625 704 reddat
1637 684 1696 711 quis
1711 677 1782 712 quod
1795 683 1885 704 ctlslu-

1091 720 1217 748 diendttm
1231 721 1335 756 accepit
1348 730 1354 747 :
1371 721 1430 749 aliis
1444 729 1508 749 vero
1519 743 1527 754 ,
1543 723 1564 749 si
1584 722 1684 749 tnalttm
1698 722 1826 750 reddatur
1840 732 1886 758 pro

1091 765 1162 792 malo
1173 786 1179 797 ,
1195 770 1222 793 et
1240 766 1339 793 bonum
1355 774 1404 801 pro
1419 767 1498 795 bono.
1517 767 1673 802 llnjusmodi
1687 773 1778 795 autem
1793 769 1886 796 deﬁni-

1091 811 1177 840 tiones
1190 817 1323 840 accuratae
1339 820 1392 840 non
1408 818 1480 840 sunt.
1495 813 1534 841 Ne
1547 811 1648 841 dixeris
1659 814 1747 847 enitn,
1764 814 1821 848 Quo
1841 815 1885 843 ille

1090 865 1152 893 erga
1169 865 1211 885 me
1224 866 1287 886 ttsus
1302 863 1343 886 est
1361 859 1441 886 modo
1452 880 1460 892 ,
1476 859 1570 886 eodem
1585 863 1644 886 utar
1656 867 1706 894 ego
1718 880 1726 892 ,
1745 867 1837 894 pronas
1851 861 1885 887 tle

1091 903 1138 930 illo
1157 905 1260 930 sumam
1281 911 1330 938 pro
1348 904 1444 939 injuria
1464 912 1515 939 qua
1531 912 1573 931 me
1590 904 1688 932 affecit.
1705 905 1884 938 Quamobrem

1091 949 1134 976 hic.
1146 969 1152 981 ,
1168 957 1227 984 qua:
1240 957 1302 976 vera
1325 949 1359 976 sit
1379 949 1480 985 justitia
1493 970 1500 982 ,
1516 949 1596 977 docet
1610 959 1616 977 :
1630 958 1689 978 eam
1704 950 1827 978 videlicet
1838 959 1884 978 ve-

1090 1002 1146 1022 ram
1160 1002 1220 1022 esse
1232 995 1362 1029 justitiam
1376 1015 1383 1028 ,
1399 995 1421 1022 si
1436 996 1579 1030 unicuique
1589 995 1660 1030 quod
1675 1003 1753 1023 suum
1767 1000 1808 1024 est
1821 996 1868 1024 red
1878 1013 1885 1018 -

1089 1041 1176 1068 datur.
1194 1050 1203 1066 ι
1218 1040 1380 1076 Cumprimis
1402 1042 1505 1069 honora
1526 1042 1667 1070 Dominum
1683 1043 1718 1070 de
1736 1043 1817 1078 justis
1834 1044 1885 1071 tuis

1090 1087 1235 1121 laboribus,
1246 1092 1273 1115 et
1284 1088 1413 1123 primitias
1422 1089 1458 1115 illi
1468 1089 1501 1116 da
1512 1089 1545 1116 de
1555 1090 1607 1116 tttis
1616 1089 1724 1124 jnstitim
1734 1090 1861 1117 fructibus
1873 1101 1882 1116 ι

1089 1134 1173 1168 (Cap.
1196 1135 1222 1162 5.
1239 1134 1286 1170 9).
1308 1134 1407 1162 Deinde
1426 1135 1527 1162 honora
1552 1144 1640 1170 regem
1655 1156 1663 1169 ,
1686 1140 1714 1164 et
1731 1137 1886 1172 parentibus

1090 1180 1208 1208 debitum
1223 1181 1320 1209 exhibe
1333 1181 1450 1209 ofﬁcium
1461 1203 1468 1214 ,
1482 1183 1605 1210 otnnibtts
1619 1191 1683 1210 vero
1696 1183 1766 1218 quod
1779 1191 1885 1219 mquam

1089 1230 1139 1253 est.
1153 1226 1187 1253 Et
1197 1226 1240 1254 hic
1252 1227 1358 1261 quidem
1371 1235 1440 1255 unus
1453 1233 1494 1255 est
1509 1233 1596 1264 typus.
1611 1229 1685 1256 Alter
1698 1237 1772 1260 vero,
1785 1234 1813 1257 ttt
1825 1230 1883 1257 ani-

1091 1279 1161 1298 mam
1184 1280 1258 1299 sttant
1274 1273 1385 1308 quisque
1398 1268 1523 1308 justiﬁcet
1536 1295 1543 1307 ,
1560 1275 1768 1310 aequabilitatem
1790 1280 1884 1302 custo-

1090 1317 1198 1351 diettdo,
1212 1318 1247 1345 ita
1263 1323 1291 1346 ut
1304 1320 1329 1346 in
1346 1320 1579 1355 intequabilitatcm
1602 1329 1654 1348 non
1676 1322 1811 1355 declinet,
1835 1322 1884 1350 sed

1089 1364 1185 1392 rationi
1199 1365 1382 1400 obtemperet,
1400 1366 1441 1394 Ne
1455 1367 1523 1394 malo
1541 1368 1645 1395 consilia
1657 1389 1664 1401 ,
1679 1377 1729 1403 qna
1742 1370 1885 1404 juventatis

1090 1411 1205 1437 doctrina
1226 1412 1374 1446 repudiatur
1386 1432 1393 1445 ,
1417 1413 1526 1448 capiaris
1543 1414 1552 1448 (
1564 1413 1627 1448 Cap.
1642 1414 1671 1440 2.
1686 1415 1728 1442 16.
1746 1414 1797 1450 17)
1813 1423 1820 1442 :
1835 1415 1885 1442 sed

1090 1464 1149 1484 cum
1163 1458 1275 1485 consilio
1286 1459 1374 1485 omnia
1388 1458 1478 1492 facias,
1492 1464 1519 1486 et
1529 1460 1703 1494 cogitationes
1717 1465 1769 1487 tute
1781 1460 1835 1488 sint
1841 1461 1885 1495 ju-

1089 1503 1168 1537 dicia,
1181 1504 1216 1531 ita
1229 1509 1256 1531 ιιι
1271 1505 1386 1540 seipsum
1398 1513 1511 1540 quisque
1523 1506 1633 1541 judicel,
1646 1511 1673 1534 et
1687 1514 1767 1534 omne
1779 1507 1885 1535 deside-

1089 1549 1157 1576 rium
1172 1550 1284 1584 probum
1304 1551 1418 1578 habeat:
1437 1551 1517 1579 Omne
1531 1552 1628 1587 quippe
1642 1553 1772 1587 justorum
1786 1553 1885 1581 deside-

1089 1595 1154 1621 rium
1169 1595 1260 1623 bonum
1273 1602 1308 1622 est
1320 1596 1396 1632 (Cap.
1410 1598 1420 1624 ί
1428 1598 1451 1624 1.
1461 1597 1497 1625 25
1507 1596 1533 1632 );
1547 1603 1583 1629 et,
1599 1597 1806 1632 Concupiscantia
1817 1599 1883 1634 justi

1090 1647 1192 1677 accepta
1209 1648 1245 1670 est
1267 1643 1347 1679 (Cap.
1367 1644 1409 1671 10.
1423 1644 1487 1678 24).
1513 1643 1588 1677 Quod
1608 1649 1696 1672 autem
1718 1644 1882 1672 iracundiam

1089 1693 1199 1723 spectat.
1215 1689 1256 1716 Ne
1269 1690 1304 1717 sis
1318 1691 1414 1717 amicus
1424 1712 1431 1723 ,
1453 1691 1538 1726 inquit
1549 1711 1555 1723 ,
1567 1691 1620 1717 viro
1638 1691 1750 1726 furioso,
1763 1696 1786 1718 et
1801 1692 1883 1719 antica

1088 1734 1211 1762 iracundo
1224 1744 1255 1763 ne
1266 1737 1392 1764 coltabt'tes
1403 1737 1477 1772 (Cap.
1492 1737 1537 1764 22.
1551 1737 1608 1772 24).
1623 1737 1730 1765 Omnem
1740 1738 1806 1765 enim
1817 1738 1884 1765 iram

1088 1791 1161 1810 suam
1178 1783 1266 1809 emittit
1281 1783 1402 1817 insipiens
1419 1792 1428 1810 :
1443 1784 1543 1818 sapiens
1558 1773 1615 1811 itero
1629 1784 1700 1811 illam
1715 1792 1745 1811 ea:
1758 1789 1829 1819 parte
1842 1793 1883 1811 re-

1089 1830 1174 1857 condit
1188 1829 1197 1865 (
1207 1829 1271 1864 Cap.
1285 1829 1331 1858 29.
1346 1830 1375 1857 Η
1389 1830 1409 1864 ).
1423 1830 1472 1864 Qui
1487 1831 1604 1865 seipsum
1617 1830 1649 1857 ad
1663 1830 1733 1858 hunc
1747 1831 1884 1865 componit

1089 1875 1198 1903 modum
1210 1896 1217 1908 ,
1233 1880 1261 1903 et
1279 1875 1397 1910 singulas
1412 1876 1541 1911 cujusque
1555 1876 1638 1911 partis
1652 1876 1749 1903 anima:
1763 1876 1883 1903 actiones

1089 1928 1168 1948 sanas
1178 1926 1204 1948 et
1215 1922 1341 1947 innocuas
1352 1921 1477 1952 custodit,
1493 1922 1514 1947 is
1525 1921 1631 1948 demum
1641 1928 1732 1948 veram
1744 1920 1883 1956 aguiturus

1088 1973 1129 1995 est
1139 1967 1281 2001 justitiam.
1295 1967 1397 1994 Judicia
1411 1975 1474 1994 vero
1487 1967 1601 2002 dirigere
1616 1971 1658 1995 est
1670 1967 1800 2002 imprimis
1810 1968 1883 2002 justo

1088 2013 1233 2040 secundum
1247 2013 1332 2047 legem
1344 2013 1389 2040 Dei
1401 2012 1530 2047 judicare,
1543 2017 1571 2039 ut
1584 2014 1636 2040 ait:
1652 2022 1661 2037 ι
1674 2012 1753 2047 Aperi
1766 2019 1796 2040 os
1807 2017 1881 2040 tttttin

1088 2059 1170 2086 verbo
1181 2058 1271 2091 Dei,et
1287 2066 1350 2086 sane
1361 2059 1393 2086 de
1408 2059 1638 2093 omnibusjudica.
1655 2060 1803 2093 l‘auperem
1816 2067 1883 2086 vero

1088 2110 1113 2133 et
1125 2105 1283 2132 itnhecillem
1294 2105 1409 2140 dijudica
1424 2115 1433 2131 ι
1448 2105 1521 2140 (Cap.
1533 2106 1576 2133 5i.
1591 2106 1616 2133 8.
1631 2106 1669 2139 9).
1682 2115 1691 2130 ι
1704 2105 1753 2139 Qui
1767 2113 1882 2141 namque

1087 2150 1152 2178 dicit
1164 2150 1198 2178 de
1211 2151 1302 2183 impio.
1317 2150 1407 2178 Justus
1420 2155 1471 2181 est,
1487 2151 1657 2178 exsecrabilis
1670 2155 1711 2178 est
1724 2150 1840 2185 populis,
1854 2156 1884 2178 et

1087 2196 1195 2223 odiosus
1208 2196 1276 2224 inter
1289 2201 1392 2231 gentes.
1408 2197 1551 2223 Personam
1565 2198 1636 2224 enitn
1651 2197 1676 2222 in
1689 2196 1790 2231 judicio
1804 2203 1882 2224 reve-

1086 2242 1138 2269 reri
1153 2241 1250 2269 bonutn
1266 2250 1318 2269 non
1332 2247 1373 2269 est
1388 2252 1397 2268 ι
1414 2241 1490 2277 (Cap.
1503 2242 1549 2269 2t.
1562 2242 1607 2269 24.
1621 2241 1687 2277 25).
1703 2241 1759 2269 Hoc
1771 2241 1880 2276 quidem

1085 2288 1173 2324 palam
1188 2294 1215 2316 et
1229 2293 1321 2323 aperte
1333 2289 1475 2316 dicendum
1488 2293 1529 2316 est
1542 2297 1548 2316 :
1561 2288 1668 2322 deinde,
1684 2292 1712 2315 ut
1725 2288 1795 2323 quod
1806 2288 1880 2322 judi-

1086 2336 1155 2362 cium
1171 2335 1197 2362 in
1213 2335 1280 2362 alios
1295 2332 1425 2370 quispiam
1443 2334 1552 2370 profert,
1567 2334 1683 2369 idipsum
1698 2335 1724 2362 in
1739 2341 1800 2362 sese
1811 2334 1885 2361 diri-

1086 2387 1128 2416 gat
1140 2402 1146 2414 ,
1163 2389 1245 2416 seque
1260 2381 1316 2416 ipse
1331 2381 1465 2408 examinet
1479 2390 1485 2408 :
1503 2380 1682 2416 corripiatqne
1696 2380 1718 2407 si
1733 2378 1890 2407 excesserit

1087 2428 1125 2454 ira
1141 2436 1147 2454 :
1162 2427 1296 2459 cohibeat,
1312 2427 1332 2454 si
1348 2426 1532 2454 vehementior
1546 2425 1626 2453 fuerit
1639 2425 1859 2460 concupiscentia
1880 2432 1889 2451 :

1085 2474 1199 2506 excitet,
1214 2474 1235 2500 si
1249 2473 1387 2500 dormierit
1402 2473 1440 2499 vis
1455 2472 1598 2506 ratiocinii,
1613 2472 1705 2500 dicens
1720 2480 1727 2499 :
1744 2472 1883 2506 Quousque

1086 2519 1165 2554 piger,
1175 2521 1245 2553 jaces
1257 2518 1332 2553 (Cap.
1351 2518 1376 2545 6.
1389 2518 1444 2553 9)?
1461 2519 1497 2545 ita
1509 2519 1580 2545 enim
1594 2518 1705 2552 sejuste
1717 2525 1823 2552 gerens,
1836 2524 1886 2544 ac-

1085 2570 1243 2599 ettsatorqnc
1255 2566 1294 2592 sui
1308 2564 1402 2597 factus,
1414 2570 1517 2592 rectum
1525 2564 1652 2599 judicium
1666 2563 1787 2599 proferre
1797 2564 1869 2591 dicet
1878 2585 1887 2598 ,

1086 2618 1134 2637 nec
1147 2610 1236 2638 audiet
1248 2611 1282 2637 ah
1293 2610 1347 2637 alio
1361 2619 1366 2636 :
1385 2610 1434 2643 Qui
1447 2610 1524 2636 alium
1539 2610 1612 2636 doces
1625 2631 1632 2642 ,
1644 2610 1753 2644 Ieipsum
1766 2618 1816 2636 non
1830 2609 1874 2635 do-

1084 2657 1145 2684 ces?
1158 2658 1201 2692 qui
1212 2657 1260 2689 ais,
1276 2656 1335 2683 Non
1351 2656 1523 2689 iniec/laberis,
1539 2656 1671 2683 mace/tari:
1684 2655 1773 2690 (Rom.
1787 2654 1815 2682 2.
1832 2656 1876 2682 21.

1083 2702 1394 2738 22)?Quemadmodum
1416 2703 1487 2730 enim
1509 2703 1552 2737 qtti
1576 2703 1626 2730 iter
1653 2702 1734 2735 facit,
1758 2702 1780 2729 si
1805 2707 1880 2729 recta

1083 2749 1219 2785 gradiatur
1237 2749 1277 2775 via
1291 2769 1298 2781 ,
1322 2748 1355 2775 ad
1377 2749 1457 2775 linem
1471 2748 1519 2775 vite
1535 2748 1675 2783 pervenit:
1692 2747 1731 2774 sic
1745 2747 1789 2782 qui
1805 2753 1879 2774 recta

1084 2795 1185 2830 profert
1196 2795 1311 2829 jttdicia,
1332 2795 1420 2829 justus
1440 2799 1601 2830 agnoscetur
1621 2799 1648 2822 et
1662 2794 1779 2829 sapiens.
1795 2793 1880 2820 Para-

1084 2841 1151 2868 bolte
1164 2846 1251 2868 autem
1266 2840 1391 2867 dicuntur
1401 2848 1546 2874 sermones,
1557 2840 1632 2876 quasi
1644 2840 1771 2875 imagines
1784 2847 1878 2866 corinn
