2060 3125
204 185 257 213 375

201 251 262 277 qua:
276 242 411 269 dicuntur.
430 241 466 269 Ex
485 242 548 276 ipsis
560 241 632 269 enim
647 250 693 276 per
710 242 910 270 similitudinem
923 241 995 276 quod

202 289 299 315 dicitur
314 288 479 322 intelligitur.
496 287 533 315 Ita
548 295 662 323 namque
676 288 802 314 Dominus
815 309 822 321 ,
838 292 867 315 ut
877 289 913 314 ait
927 288 995 314 Mar-

201 341 259 366 cus,
274 333 339 361 dicit
352 342 358 361 :
371 333 419 361 Cui
433 333 576 360 assimilabo
588 341 692 369 regnum
713 333 783 360 Dei?
797 338 840 360 aut
855 341 904 368 qua
920 341 995 368 para-

200 381 258 407 bola
271 380 426 407 adumbrabo
437 380 502 407 illud
513 380 609 414 (Marc.
624 380 650 407 4.
660 379 727 415 50)?
742 384 832 414 utpote
843 387 903 406 cum
919 387 994 413 para-

200 426 260 453 bnla
272 426 308 452 sit
318 425 351 453 de
363 425 442 453 rebus
458 433 505 460 per
517 425 715 452 similitudinem
730 425 818 453 dictis.
832 424 898 452 Cum
910 425 994 452 dixis-

200 477 241 498 set
252 471 325 498 enim
342 479 349 498 :
367 470 457 498 Simile
469 475 505 497 est
519 479 623 506 regnum
636 470 693 503 Dei,
709 470 806 498 deinde
818 470 915 503 intulit,
931 470 994 498 Ideo

199 518 225 544 iu
239 517 367 553 parabolis
382 517 469 553 loquor
483 517 533 544 illis
547 515 652 552 (Matt/1.
669 516 712 544 13.
728 517 771 544 31.
785 517 821 544 55
833 521 857 543 et
871 516 925 552 15).
941 516 995 543 Ηυ-

198 564 315 599 jusmodi
334 564 423 598 itaque
437 568 500 590 sunt
514 562 649 598 parabolae
665 572 672 590 :
692 571 701 589 ι
714 563 789 590 Sicut
801 562 994 590 emissio-nivis

198 619 226 637 in
238 617 325 638 inesse
338 610 434 638 allevat
446 614 539 637 aestum
551 630 558 641 ,
573 610 612 636 sic
623 609 731 636 nuntius
745 608 830 636 ﬁdelis
843 608 875 635 iis
888 609 932 643 qui
945 608 994 635 mi-

199 660 293 683 serunt
314 663 376 683 eum
389 661 400 681 υ
418 655 427 691 (
442 654 519 681 Ρνυυ.
535 654 581 682 25.
597 654 658 689 13).
680 654 714 681 Et
734 661 839 689 rursum
857 663 862 680 :
890 663 899 679 ‹
918 653 994 681 Sicut

200 703 283 736 venti,
298 706 325 730 et
338 702 426 729 nubes
440 706 466 729 et
481 701 577 737 pluvia:
590 722 597 734 ,
612 701 650 728 sic
663 700 707 736 qui
721 701 870 736 gloriantur
882 700 907 727 in
922 700 994 727 dono

199 747 321 776 mendaci
338 757 348 773 ι
365 747 447 783 (Ibid.
463 756 487 774 υ.
505 747 575 781 11),
592 751 620 774 et
633 746 675 773 bis
690 746 798 773 similia.
819 746 893 773 Dicta
913 753 994 780 porro

197 795 348 828 sapientum
370 797 447 825 sunt,
473 800 524 819 non
547 792 711 827 sophismata
726 792 869 819 verborum
882 812 889 823 ,
906 799 993 826 neque

197 847 335 867 sermones
345 838 538 874 probabilitatis
549 838 638 872 specie
646 837 820 872 dccipientcs,
835 837 881 864 sed
896 837 950 864 veri
966 841 993 864 ct

197 885 332 912 accurati:
347 892 398 912 non
410 884 484 919 quasi
498 883 618 919 jussioue
628 882 765 918 cujusdam
779 882 872 916 habiti,
885 882 931 910 sed
946 891 993 917 per

197 939 228 959 se
251 931 306 958 noti
319 951 326 964 ,
346 935 374 958 et
393 930 468 965 quasi
491 930 631 958 sententiae
652 937 745 957 eorum
767 929 872 964 prolati.
892 928 992 962 Quales

196 983 279 1006 sunt:
296 987 305 1004 ι
318 977 405 1006 Corde
424 978 548 1010 lactante,
562 977 640 1003 ﬂoret
653 977 756 1007 vultus;
773 983 834 1003 cum
854 980 943 1003 autem
964 975 990 1002 in

196 1024 303 1051 tristitia
314 1028 366 1057 est,
378 1023 537 1058 deprimitur
547 1032 556 1049 ι
574 1021 663 1058 (Prov.
679 1022 721 1049 15.
735 1023 795 1057 15).
811 1022 844 1049 Et
859 1031 868 1047 ι
885 1020 937 1049 Cor
950 1028 992 1049 re-

195 1075 267 1098 ctum
281 1070 377 1105 quaerit
390 1077 513 1102 sensum;
529 1076 559 1096 os
571 1072 660 1096 autem
676 1068 932 1103 indisciplinatorum
946 1075 991 1095 co-

194 1121 306 1151 gnoscet
318 1115 388 1143 mala
402 1125 412 1142 ι
429 1115 499 1151 (Ibid
520 1123 543 1142 v.
558 1115 613 1150 M).
631 1115 673 1147 Et,
688 1124 697 1140 ι
710 1114 805 1142 (idium
819 1115 916 1142 excitat
926 1121 990 1142 con-

195 1162 344 1190 tentionem
361 1171 368 1189 :
389 1169 484 1189 omnes
503 1166 593 1189 autem
611 1168 675 1192 eos,
696 1161 742 1196 qui
761 1160 921 1188 contentiosi
937 1167 990 1188 non

194 1213 267 1241 sunt,
279 1209 395 1244 contegit
406 1208 523 1236 amicitia
535 1217 545 1234 ι
562 1207 652 1244 (Prov.
667 1207 711 1235 10.
725 1207 780 1242 12).
796 1207 840 1240 Et,
858 1216 868 1233 ‹
881 1206 930 1241 Qui
943 1214 990 1234 ne-

194 1256 294 1290 gotium
307 1255 454 1283 contemnit
462 1259 649 1283 contemnetur
659 1254 693 1282 ab
703 1254 776 1289 ipso:
786 1254 830 1289 qui
841 1261 905 1281 vero
915 1260 989 1280 man-

193 1300 286 1328 datum
296 1304 413 1334 veretur,
429 1301 473 1328 ille
485 1308 567 1329 sanus
579 1305 620 1328 est
630 1309 640 1327 )
657 1299 732 1335 (Cap.
745 1297 856 1335 13.15).
869 1299 988 1326 Aliorum

194 1354 310 1382 namque
331 1346 468 1374 hominum
492 1353 631 1374 sermones
652 1349 681 1373 ut
704 1345 848 1381 plurimum
871 1344 987 1380 ambigui

194 1397 257 1419 sunt
271 1400 278 1419 :
293 1392 455 1427 sapientium
469 1399 544 1426 vero,
557 1391 650 1426 quales
663 1395 726 1419 sunt
738 1390 857 1424 isti,veri
871 1394 944 1423 sunt,
961 1394 988 1418 et

193 1438 266 1465 omni
281 1445 314 1465 ex
327 1442 401 1472 parte
413 1437 544 1470 accurati,
559 1437 595 1464 ita
608 1441 637 1464 ut
650 1436 759 1464 minime
774 1436 839 1471 ipsis
850 1435 988 1464 contradi-

192 1489 278 1512 catur.
293 1484 325 1511 Et
338 1484 383 1512 alii
395 1484 502 1520 quidem
517 1483 641 1512 homines
654 1491 688 1511 ex
703 1483 756 1511 line
768 1483 858 1518 operis
870 1491 927 1510 rem
939 1482 986 1511 de-

192 1530 316 1564 clarant;
330 1530 480 1566 cujusmodi
495 1535 537 1558 est
551 1530 616 1557 illud
632 1539 639 1557 :
656 1529 765 1564 Iniquus
778 1537 822 1557 res
836 1534 878 1557 est
892 1529 962 1556 mala
977 1536 984 1561 ;

191 1581 220 1605 et
232 1577 353 1605 mtechus
367 1583 477 1612 pravum
489 1576 553 1612 quid
567 1580 618 1609 est,
631 1575 702 1611 quod
714 1575 800 1603 cuivis
814 1575 985 1603 manifestum

191 1627 243 1651 est.
263 1622 405 1658 Sapientes
419 1626 507 1650 autem
526 1622 630 1649 initium
645 1629 757 1657 operum
774 1621 923 1656 priedicunt
934 1641 943 1655 ,
958 1625 986 1648 et

191 1669 266 1704 quasi
279 1668 401 1705 symbola
412 1668 494 1696 animi
505 1672 605 1696 motum
618 1668 807 1704 prtenuntiant,
818 1671 847 1695 ut
861 1669 984 1704 quisque,

192 1715 288 1749 agnitis
302 1714 434 1743 malorum
450 1714 588 1750 principiis
598 1735 606 1748 ,
623 1714 674 1742 sibi
690 1718 804 1746 caveat,
821 1713 910 1749 qualia
923 1718 986 1741 sunt

191 1760 314 1795 superius
332 1760 403 1788 dicta
418 1767 425 1787 :
443 1759 538 1787 Odium
556 1760 662 1788 suscitat
679 1760 879 1794 contentionem,
899 1768 985 1787 omnes

192 1810 290 1838 autem,
305 1806 349 1841 qui
361 1813 412 1833 non
428 1805 598 1839 contendunt,
612 1806 721 1841 contegit
732 1805 853 1833 amicitia.
864 1805 984 1834 Conten-

193 1852 276 1880 ti05us
288 1852 360 1879 enim
375 1859 407 1879 ex
421 1851 482 1880 odio
495 1852 603 1879 malitiae
618 1852 697 1888 hujus
709 1852 870 1887 principium
885 1852 982 1887 habet,

194 1905 242 1927 nec
254 1898 386 1934 quispiam
396 1898 493 1926 dixerit
502 1898 697 1926 contentiosum
711 1905 741 1926 se
751 1898 872 1933 diligere.
884 1897 984 1926 Contra

193 1944 235 1979 qui
249 1945 434 1972 comentiosus
449 1951 502 1971 non
515 1947 556 1971 est
568 1964 575 1977 ,
589 1943 740 1972 dilectionis
753 1944 878 1972 indicium
892 1944 982 1972 habet.

192 1989 246 2018 Nec
260 1986 458 2018 contentiosum
479 1989 610 2024 quispiam
625 1989 723 2017 dixerit
737 1997 798 2017 eum
818 1991 863 2025 qui
877 1990 982 2025 diligit,

194 2039 222 2062 ut
238 2042 345 2062 rursum
362 2034 472 2062 dicitur:
485 2034 519 2061 In
529 2036 739 2070 concupiscentiis
749 2040 785 2063 est
797 2037 879 2063 omnis
890 2036 983 2064 otiosus

195 2080 285 2114 (Prov.
297 2081 339 2108 15.
349 2080 377 2115 4)
388 2088 394 2113 ;
404 2085 438 2113 et,
450 2079 593 2108 Iracundus
603 2081 696 2116 absque
705 2082 811 2109 consilio
825 2082 877 2118 agit
892 2081 982 2118 (Prov.

195 2127 236 2155 ib.
256 2125 321 2162 17).
342 2126 407 2153 Nam
428 2125 509 2154 otiosi
527 2127 644 2154 animam
662 2127 794 2162 signiﬁcat
811 2128 838 2155 in
859 2127 984 2156 omnibus

193 2171 416 2206 concupiscentiis
429 2179 489 2200 esse
503 2172 652 2200 demersam
663 2193 671 2206 ,
686 2178 714 2200 et
731 2172 887 2201 iracundum
899 2193 906 2206 ,
922 2173 982 2200 uul-

190 2219 246 2245 lum
271 2222 372 2245 rectum
397 2217 496 2246 habere
523 2219 663 2246 consilium
689 2220 814 2248 ostendit.
839 2220 872 2248 Hi
895 2220 984 2256 itaque

192 2263 271 2297 plane
284 2271 373 2292 mores
384 2264 539 2298 declarant,
553 2270 580 2293 et
593 2265 707 2293 actionis
721 2266 879 2301 principium
890 2287 898 2300 ,
912 2266 984 2294 unde

191 2310 323 2344 ordiatur,
335 2310 398 2338 dum
414 2311 504 2344 aiunt,
520 2308 611 2340 odium
634 2312 789 2347 praecedere
803 2313 876 2340 rixas
890 2321 897 2340 :
914 2313 984 2340 cari-

190 2361 272 2385 tatem
286 2363 349 2384 esse
362 2356 520 2392 principium
535 2361 563 2385 et
577 2364 685 2385 causam
698 2378 705 2388 .
720 2364 772 2392 qua
787 2358 904 2386 vitantur
919 2366 983 2386 con-

190 2409 207 2429 ιι
218 2403 342 2430 ntiones:
359 2403 415 2431 otio
429 2403 523 2438 punire
538 2411 646 2438 pravam
659 2404 840 2439 voluptatem;
856 2405 984 2433 iracundo

188 2449 287 2482 przeire
300 2448 404 2476 consilii
419 2449 534 2483 inopiam
550 2458 557 2475 :
571 2454 598 2477 et
610 2457 717 2478 causam
727 2457 811 2485 quare
822 2450 882 2485 quis
894 2450 984 2485 despi-

188 2494 286 2526 ciatur,
302 2501 364 2521 esse
376 2499 557 2528 contemptum
574 2495 639 2530 legis
652 2504 659 2522 :
673 2495 744 2530 quod
758 2495 900 2523 sanitatem
914 2503 985 2531 prte-

189 2539 268 2567 redat
279 2539 359 2567 timor
371 2540 436 2567 Dei:
450 2540 512 2567 item
525 2540 595 2575 quod
611 2540 768 2574 principium
783 2541 910 2576 perniciei
923 2542 983 2569 ani-

191 2589 242 2610 η’ὶὲ
256 2582 305 2614 sit,
319 2590 371 2609 non
385 2582 519 2610 custodire
530 2590 561 2609 os
576 2590 652 2609 suum
665 2603 672 2616 ,
687 2582 757 2617 quod
773 2583 868 2611 terrori
885 2587 984 2618 prmeat

188 2628 335 2655 temeritas.
351 2628 379 2655 Si
393 2635 426 2655 eo
439 2628 518 2656 modo
533 2628 636 2663 singula
649 2628 721 2656 dicta
735 2629 896 2663 expenderis
909 2651 917 2662 ,
934 2629 982 2657 de-

188 2674 342 2707 prehendes
353 2682 384 2702 ea
399 2675 460 2702 ideo
475 2683 535 2703 esse
550 2676 647 2709 scripta
662 2679 742 2710 atque
757 2675 859 2710 prolata
874 2697 880 2707 ,
895 2680 924 2703 ut
938 2677 983 2711 qui

191 2721 324 2749 audierint
348 2721 479 2749 bonorum
507 2721 691 2756 malorumque
717 2721 846 2756 principia
871 2722 982 2755 edocti,

191 2774 272 2801 prava
291 2766 412 2802 fugiant,
434 2767 502 2794 bona
525 2771 679 2802 operentur.
696 2766 848 2802 [Enigmata
864 2775 943 2802 porro
956 2773 984 2796 et

188 2813 296 2840 obscuri
311 2820 451 2840 sermones
461 2833 468 2845 ,
484 2812 518 2839 ita
532 2817 610 2840 caute
624 2817 686 2840 sunt
700 2813 798 2848 posita,
814 2819 843 2841 ut
862 2822 923 2841 eum
937 2815 982 2850 qui

190 2856 284 2891 legerit
299 2865 416 2886 maerore
430 2857 560 2890 afﬁciant,
573 2857 644 2892 quod
659 2858 724 2886 nihil
737 2859 825 2886 statim
840 2859 984 2888 exhibeant

190 2904 345 2940 nullumque
360 2911 469 2932 scnsum
483 2902 652 2932 subindicent
668 2913 674 2932 :
691 2909 808 2933 attamen
823 2905 884 2933 dum
901 2914 980 2935 accu-

771 183 931 212 SYNOPSIS
951 183 1155 212 SCRIPTURIE
1176 185 1307 212 SACILE.

1793 192 1842 219 571

1050 245 1107 269 rate
1121 242 1318 277 expenduntur,
1336 250 1409 270 suam
1434 244 1594 271 sententiam
1609 245 1736 274 iudicant.
1752 247 1844 279 Qualia

1049 292 1126 314 sunt:
1143 297 1151 314 ι
1164 287 1337 324 Sanguisugm
1346 294 1399 316 tres
1410 294 1487 316 erant
1498 289 1560 317 lilia:
1570 291 1713 319 admodum
1725 292 1842 325 dilectas,

1049 339 1076 361 et
1087 334 1128 362 Ine
1142 338 1195 362 tres
1209 340 1236 362 et
1249 340 1341 370 quarta
1357 343 1409 363 non
1422 335 1516 364 dicunt
1528 357 1536 371 ,
1550 337 1621 365 Satis
1632 343 1683 365 est.
1699 337 1822 366 Infernus
1836 359 1844 372 ,

1049 384 1076 407 et
1087 387 1164 407 amor
1178 381 1298 408 mulieris
1313 385 1340 409 et
1354 385 1469 409 tartarus
1481 402 1489 416 ,
1503 386 1531 410 et
1544 387 1613 410 terra
1626 372 1686 419 qua:
1701 391 1754 411 non
1768 389 1842 411 satu-

1048 431 1123 454 ratur
1133 434 1211 462 aqua,
1224 435 1291 463 aqua
1303 432 1330 455 et
1341 428 1409 464 ignis
1418 436 1562 464 numquam
1577 429 1679 463 dicunt,
1694 430 1765 457 Satis
1778 434 1820 457 est
1831 439 1842 456 ι

1049 471 1059 508 (
1073 472 1150 500 Prov.
1166 474 1210 501 50.
1224 475 1266 502 15.
1282 475 1342 510 16).
1367 475 1400 502 Et
1413 475 1509 503 iterum
1525 485 1531 502 :
1552 485 1561 502 ι
1578 476 1639 504 Tria
1653 481 1787 512 suntquae
1801 477 1843 504 in-

1048 518 1156 546 tellectu
1171 519 1235 546 mihi
1254 525 1315 547 sunt
1333 521 1509 555 impossibilia
1521 542 1528 554 ,
1546 526 1573 549 et
1588 527 1712 556 quartum
1729 530 1780 549 non
1795 529 1842 549 co-

1046 571 1146 599 gnosco
1161 574 1167 592 :
1183 565 1294 601 vestigia
1317 567 1412 601 aquilae
1430 567 1564 599 volantis,
1588 572 1615 595 et
1633 568 1689 595 vias
1709 568 1842 603 serpentis

1046 615 1127 644 supra
1140 614 1242 644 petram
1258 630 1265 643 ,
1286 616 1313 638 et
1327 611 1383 638 vias
1400 612 1474 640 navis
1489 613 1515 639 in
1532 613 1599 639 mari
1616 613 1704 640 euntis
1719 635 1726 646 ,
1742 618 1768 641 ct
1784 613 1843 641 vias

1046 655 1096 682 viri
1112 655 1137 682 in
1150 655 1330 683 adolescentia
1347 666 1357 682 ι
1372 657 1452 691 (Ibid.
1463 666 1486 685 υ.
1501 658 1616 693 18.19);
1630 662 1657 686 et
1667 666 1841 694 qua‘cumque

1047 701 1179 736 ejusmodi
1197 707 1259 729 sunt
1271 703 1412 738 mnigmata
1429 712 1435 730 :
1453 703 1504 730 alia
1526 711 1642 738 namque
1660 704 1749 732 statim
1771 704 1840 731 iudi-

1046 751 1108 774 cant
1120 768 1126 780 ,
1143 748 1224 774 aliam
1239 752 1327 775 tamen
1343 749 1502 776 sententiam
1518 749 1646 777 exhibent
1663 759 1669 776 :
1685 753 1712 777 et
1724 750 1837 777 obscura

1045 793 1152 828 quidem
1171 798 1252 825 sunt,
1271 794 1457 821 absconditum
1479 803 1543 822 vero
1558 803 1666 823 sensum
1681 795 1790 823 habent.
1807 796 1841 823 Et

1045 839 1231 873 compendium
1247 840 1355 874 quidem
1373 841 1432 868 libri
1454 840 1658 868 Proverbiorum
1675 840 1708 869 ad
1725 841 1795 868 hunc
1809 849 1839 869 se

1046 885 1125 912 habet
1139 885 1258 914 modum.

1086 930 1280 966 Recapitulatio
1302 937 1390 959 autem
1410 932 1468 967 ejus
1483 932 1524 960 his
1547 933 1793 968 comprehenditur.
1810 933 1838 961 In

1045 978 1182 1012 procemiis
1193 978 1278 1014 agitur
1289 978 1321 1005 de
1332 979 1396 1013 ipsis
1407 979 1558 1006 Proverbiis
1570 979 1715 1006 Salomonis
1727 979 1773 1014 ﬁlii
1784 979 1838 1006 Da-

1043 1023 1095 1056 vid,
1110 1023 1151 1057 qui
1165 1024 1276 1059 regnavit
1290 1024 1316 1050 in
1331 1023 1485 1057 Jerusalem,
1500 1024 1533 1050 ad
1545 1025 1672 1051 sciendum
1687 1025 1839 1060 sapientiam

1043 1073 1066 1095 et
1081 1069 1242 1105 disciplinam
1256 1069 1331 1105 (Cap.
1343 1070 1453 1104 1.1.2).
1470 1070 1545 1103 Quod
1562 1070 1718 1105 principium
1733 1070 1838 1105 sapien-

1043 1115 1087 1143 tite
1099 1115 1134 1142 sit
1149 1116 1228 1143 timor
1242 1116 1344 1143 Domini
1357 1116 1436 1151 (Ibid.
1448 1125 1471 1143 v.
1485 1117 1522 1151 7).
1537 1116 1576 1144 De
1588 1117 1726 1144 audiendis
1736 1117 1838 1152 legibus

1043 1161 1135 1196 patris,
1147 1166 1175 1189 et
1188 1162 1221 1189 de
1232 1169 1285 1189 non
1301 1162 1450 1197 respuenda
1462 1162 1602 1197 disciplina
1617 1163 1720 1190 matris.
1737 1164 1772 1190 De
1784 1170 1836 1190 non

1041 1207 1166 1242 errando,
1185 1211 1214 1235 et
1229 1207 1300 1243 quod
1315 1207 1367 1235 non
1382 1208 1416 1235 sit
1429 1208 1471 1235 via
1485 1208 1648 1243 capessenda
1667 1216 1727 1236 cum
1745 1209 1777 1236 iis
1791 1209 1835 1243 qui

1041 1258 1187 1288 operantur
1205 1254 1293 1290 iniqua
1311 1263 1317 1282 :
1338 1262 1481 1282 commune
1496 1262 1610 1289 namque
1621 1254 1784 1289 marsupium
1799 1254 1834 1281 illi

1041 1300 1187 1334 possident.
1200 1300 1336 1335 Sapientia
1362 1300 1388 1328 in
1409 1300 1525 1328 exitibus
1540 1300 1685 1335 praedicat;
1702 1300 1773 1335 impii
1788 1308 1834 1327 au-

1042 1348 1094 1372 tem
1112 1345 1226 1373 oderunt
1239 1353 1358 1373 sensum.
1374 1346 1503 1380 Quoniam
1520 1354 1563 1374 tne
1577 1350 1698 1378 vocante,
1719 1354 1771 1373 non
1787 1353 1835 1373 au-

1039 1389 1157 1425 dierunt,
1181 1390 1242 1418 ideo
1266 1398 1326 1418 cum
1351 1391 1487 1418 vocabunt
1510 1399 1564 1423 me,
1588 1399 1641 1418 non
1666 1391 1772 1418 audiam
1787 1399 1835 1419 eos

1040 1435 1121 1471 (Ibid.
1144 1444 1168 1463 υ.
1187 1437 1233 1464 ‘24.
1247 1436 1304 1472 28).
1320 1437 1385 1465 Item
1408 1437 1483 1469 illud,
1499 1437 1594 1473 Accipe
1615 1437 1682 1464 dicta
1697 1437 1833 1464 mandato-

1038 1490 1104 1513 rum.
1121 1487 1144 1509 et
1157 1482 1243 1510 audiet
1255 1483 1405 1518 sapientiam
1420 1483 1490 1510 auris
1505 1487 1558 1515 tua,
1572 1488 1600 1510 ut
1619 1483 1744 1518 intelligas
1752 1484 1833 1519 justi—

1038 1528 1098 1555 tiam
1118 1534 1140 1555 et
1147 1529 1272 1564 judicium
1285 1528 1361 1564 (Cap.
1375 1529 1402 1556 2.
1415 1530 1440 1557 1.
1455 1529 1483 1557 2.
1499 1529 1537 1564 9).
1550 1529 1594 1557 Vte
1602 1530 1645 1565 qui
1659 1530 1834 1564 derelinquunt

1038 1574 1090 1600 vias
1110 1579 1201 1608 rectas,
1216 1579 1240 1601 et
1262 1575 1419 1602 delectantur
1438 1575 1465 1601 in
1479 1575 1638 1602 subversione
1660 1576 1728 1602 mala
1750 1575 1831 1610 (Ibid.

1037 1627 1061 1646 υ.
1075 1620 1118 1647 15.
1134 1619 1191 1656 11).
1206 1619 1272 1647 Illud
1287 1620 1378 1654 ctiam,
1395 1620 1436 1647 Ne
1455 1625 1479 1647 te
1501 1621 1675 1656 apprehendat
1699 1622 1832 1648 consilium

1037 1666 1142 1698 malum,
1156 1671 1183 1693 ut
1196 1667 1308 1694 invenias
1319 1667 1422 1694 semitas
1433 1667 1540 1702 justitia'
1552 1668 1642 1703 planas
1653 1667 1736 1704 (Ibid.
1751 1676 1774 1695 v.
1787 1669 1830 1696 19.

1036 1711 1094 1748 20).
1106 1712 1182 1745 Item,
1197 1713 1236 1740 Ne
1252 1713 1417 1740 obliviscaris
1433 1713 1499 1748 legis
1513 1713 1673 1748 custodiam,
1688 1718 1718 1741 ut
1730 1714 1831 1749 longm-

1036 1766 1085 1786 vus
1096 1759 1133 1786 sis
1146 1759 1173 1786 in
1196 1766 1271 1794 pace.
1288 1759 1364 1793 Quod
1381 1763 1436 1786 toto
1457 1759 1537 1787 corde
1559 1759 1657 1787 debeas
1672 1760 1697 1787 in
1718 1760 1832 1787 Domino

1036 1804 1182 1838 conﬁdere,
1200 1812 1250 1832 nec
1267 1811 1328 1832 esse
1341 1805 1459 1839 prudens
1473 1805 1498 1831 in
1516 1806 1669 1840 temetipso,
1683 1805 1729 1833 sed
1746 1805 1831 1833 bono-

1036 1858 1097 1878 rare
1115 1850 1254 1878 Dominum
1268 1859 1301 1878 cx
1320 1850 1399 1886 juslis
1420 1851 1565 1878 laboribus.
1580 1851 1656 1885 Quod
1672 1859 1724 1878 non
1746 1851 1831 1886 negli-

1036 1897 1121 1933 genda
1132 1897 1167 1926 sit
1179 1897 1318 1932 disciplina
1333 1897 1456 1930 Domini;
1479 1897 1548 1924 Nam
1561 1906 1633 1933 quem
1644 1898 1727 1934 diligit
1740 1897 1831 1924 Domi-

1036 1951 1083 1970 nus
1098 1945 1204 1979 castigat
1219 1943 1295 1979 (Cap.
1312 1944 1338 1972 3.
1352 1943 1408 1977 12).
1425 1943 1468 1976 Et,
1483 1944 1580 1971 Beatus
1598 1943 1678 1970 homo
1691 1944 1736 1978 qui
1755 1944 1831 1971 inve-

1036 1989 1106 2016 nerit
1128 1989 1297 2023 sapientiam.
1313 1989 1390 2023 Quod
1415 1996 1468 2016 non
1485 1988 1584 2016 debeas
1599 1989 1712 2016 emolliri
1736 1996 1767 2016 ac
1780 1989 1831 2015 dil-

1036 2034 1131 2068 IIuere,
1146 2034 1193 2062 sed
1216 2042 1324 2063 servare
1346 2035 1487 2062 consilium
1511 2040 1539 2063 et
1562 2035 1780 2070 intelligentiam;
1805 2040 1833 2062 nt

1035 2081 1071 2107 sit
1092 2080 1194 2108 medela
1207 2081 1280 2108 carni
1297 2085 1360 2108 tute.
1376 2080 1451 2113 Quod
1475 2088 1527 2107 non
1549 2080 1648 2108 debeas
1664 2080 1793 2108 desistere
1816 2089 1831 2108 a

1035 2127 1167 2155 beneﬁcio
1185 2127 1314 2162 indigenti
1333 2127 1496 2162 praestando,
1510 2134 1570 2154 cum
1593 2126 1718 2154 habuerit
1736 2134 1832 2154 manus

1036 2177 1081 2200 tua
1095 2172 1167 2200 unde
1181 2172 1230 2207 ipsi
1248 2179 1327 2207 opem
1339 2171 1417 2205 ferat,
1432 2179 1520 2207 neque
1533 2171 1680 2199 machinari
1702 2172 1772 2199 mala
1785 2172 1832 2198 ad—

1035 2224 1130 2245 versus
1142 2217 1257 2244 amicum
1274 2221 1358 2250 tuum,
1371 2216 1433 2252 quia
1447 2216 1600 2244 immundus
1614 2224 1704 2244 coram
1716 2216 1832 2244 Domino

1036 2262 1123 2290 omnis
1139 2262 1245 2297 iniquus
1268 2262 1329 2289 erit.
1353 2261 1419 2296 Quia
1442 2261 1568 2288 Dominus
1589 2262 1703 2296 superbis
1727 2262 1830 2295 resistit,

1037 2308 1173 2336 humilibus
1182 2313 1265 2335 autem
1276 2308 1320 2334 dat
1331 2308 1440 2343 gratiam
1453 2307 1535 2342 (Ibid.
1544 2315 1568 2334 v.
1580 2308 1638 2342 54).
1651 2308 1688 2334 De
1700 2307 1831 2335 audienda

1036 2355 1176 2390 disciplina
1191 2353 1286 2389 patris.
1306 2353 1370 2380 Item
1385 2352 1462 2386 illud,
1480 2352 1543 2386 Fili,
1556 2353 1629 2380 dictis
1643 2353 1705 2380 meis
1720 2353 1829 2384 attende,

1036 2406 1060 2428 et
1073 2401 1142 2428 omni
1153 2400 1268 2427 custodia
1280 2408 1351 2426 serva
1365 2407 1408 2426 cor
1422 2404 1502 2431 tuum,
1513 2403 1540 2426 et
1554 2399 1682 2426 Dominus
1695 2403 1783 2426 vectas
1794 2399 1832 2426 Ia-

1036 2448 1090 2475 ciet
1110 2446 1211 2475 orbitas
1223 2451 1281 2474 tuas
1298 2446 1373 2481 (Cap.
1387 2446 1415 2473 4.
1427 2445 1473 2473 20.
1494 2445 1539 2473 25.
1553 2445 1610 2480 27).
1630 2446 1707 2479 Quod
1720 2453 1773 2473 non
1789 2450 1832 2472 at-

1036 2493 1199 2522 tendendum
1214 2500 1302 2528 pravai
1316 2492 1439 2525 mulieri;
1458 2491 1518 2519 Vias
1531 2493 1597 2518 enim
1612 2492 1668 2519 vita:
1681 2500 1731 2519 non
1746 2492 1829 2528 ingrc-

1037 2539 1124 2572 ditur;
1137 2539 1168 2566 ab
1181 2539 1237 2574 ejus
1250 2538 1375 2566 consortio
1397 2542 1421 2565 te
1440 2538 1530 2573 procul
1553 2546 1650 2565 remove
1668 2537 1744 2574 (Cap.
1759 2539 1785 2566 5.
1803 2539 1830 2566 ϐ.

1036 2585 1075 2621 8).
1095 2584 1160 2612 Item
1181 2584 1264 2612 illud:
1281 2584 1344 2611 Bibe
1363 2592 1442 2619 aquas
1465 2592 1496 2611 ea:
1518 2585 1584 2611 vasis
1606 2585 1673 2618 tuis;
1695 2589 1739 2616 et,
1762 2584 1832 2612 Fons

1036 2638 1108 2666 aqua
1121 2635 1170 2657 tute
1182 2631 1214 2656 sit
1226 2629 1269 2656 tibi
1291 2630 1373 2657 suavis
1390 2628 1470 2665 (Ibid.
1486 2637 1511 2656 v.
1527 2629 1638 2664 15.18).
1653 2628 1686 2656 In
1699 2630 1753 2664 ejus
1766 2637 1833 2656 Cltlm

1036 2677 1161 2712 sapientia
1175 2684 1287 2709 versans,
1303 2675 1421 2702 diuturna
1432 2684 1491 2711 ages
1506 2674 1588 2710 (Ibid.
1601 2683 1625 2702 υ.
1641 2675 1696 2709 19).
1717 2674 1787 2701 Vade
1799 2673 1834 2701 ad

1037 2722 1179 2758 formicam,
1197 2729 1211 2748 ο
1226 2721 1297 2756 piger
1311 2719 1478 2752 adolescens,
1491 2725 1514 2748 et
1529 2726 1582 2748 esto
1603 2720 1761 2756 sapientior:
1774 2719 1834 2754 quia

1036 2769 1142 2796 ntultum
1161 2769 1187 2795 iu
1206 2776 1284 2795 messe
1299 2773 1373 2802 parat
1389 2775 1514 2794 acervum.
1532 2767 1569 2794 De
1587 2775 1619 2795 eo
1640 2767 1685 2802 qui
1703 2767 1774 2793 vadit
1798 2762 1832 2793 ad

1036 2822 1125 2850 apem,
1144 2815 1174 2841 Et
1190 2815 1258 2841 disce
1274 2813 1400 2849 quomodo
1420 2814 1549 2849 operatria:
1572 2814 1604 2840 sit
1616 2813 1692 2848 (Cap.
1707 2813 1732 2840 G.
1750 2812 1775 2839 6.
1788 2812 1828 2846 8).

1038 2861 1105 2889 Illud
1117 2862 1197 2889 etiam
1213 2860 1375 2897 :Usquequo,
1388 2860 1467 2896 piger,
1478 2860 1550 2895 jaces
1563 2859 1645 2894 (Ibid.
1661 2867 1685 2885 υ.
1700 2858 1749 2892 9)?
1764 2859 1831 2885 Ρειιι-

1039 2907 1121 2935 lulum
1145 2907 1256 2940 dormis.
1280 2906 1414 2943 paululum
1437 2913 1501 2934 vero
1524 2905 1611 2933 sedes.
1634 2904 1697 2931 Ideo
1720 2908 1830 2940 repente
