2060 3125
228 180 280 210 575

229 240 319 267 ventet
339 236 471 272 pernicies
495 239 539 262 tua
563 234 637 271 (Cap.
654 233 682 261 6.
695 230 816 267 10.15).
836 231 874 258 De
897 229 1016 257 custodia

231 284 319 318 legum
344 282 426 317 patris
441 291 447 309 :
465 281 539 315 Quod
554 280 655 307 lucerna
669 278 846 305 mandatorum
866 277 915 304 sint
935 281 957 303 et
972 276 1018 303 lux

230 334 253 356 et
268 329 308 356 via
320 329 376 355 vita:
389 327 477 364 (Ibid.
493 334 517 354 υ,
532 326 596 361 25).
615 324 681 352 lllud
700 324 780 352 etiam
802 333 809 351 :
833 322 945 357 Deponet
962 322 1018 355 quis

223 377 312 410 ignem
333 375 360 400 in
381 374 447 406 sinu,
461 373 604 400 vestimenta
625 375 708 397 autem
731 378 776 397 sua
797 377 848 396 non
871 368 1019 395 comburet?

231 426 275 448 aut
295 420 432 447 ambulabit
446 427 521 453 super
534 417 654 444 carbones
668 417 742 452 ignis,
758 416 833 451 pedes
856 421 940 442 autem
959 423 1018 442 suos

229 474 281 493 non
292 466 404 492 incende!
419 464 498 500 (Ibid.
515 472 538 490 υ.
553 464 596 490 27.
612 462 678 498 28)?
699 462 748 495 Qui
765 461 909 496 ingreditur
918 460 950 488 ad
961 468 1019 488 mu—

230 511 323 539 lieretn
340 510 518 544 coniugatam,
532 516 584 535 non
601 508 728 534 innocens
742 507 793 534 crit
815 505 895 542 (Ibid.
912 513 935 533 υ.
951 505 985 532 9.9
997 505 1017 539 ).

231 555 308 587 Item,
325 555 384 581 Non
404 554 497 580 ntirum
517 554 538 580 si
551 553 607 588 quis
621 552 716 586 [artant
735 552 829 587 facietis
844 551 1018 586 deprehenda—

230 606 287 632 tur;
302 600 402 633 furatur
416 599 481 626 enim
491 603 519 624 ut
529 598 632 633 impleat
647 599 757 624 animum
770 605 842 624 suam
856 598 1018 624 esurientem:

230 647 339 673 nues/tus
356 650 440 672 autem
455 645 484 672 ob
497 645 608 679 inopiam
624 644 712 671 mentis
726 644 810 679 perdet
822 635 934 670 animant
947 651 1018 670 suam

231 690 311 726 (Ibid.
323 698 346 717 υ.
362 689 406 717 50.
423 689 479 723 52).
493 689 569 722 Item,
585 688 645 716 Cole
656 688 800 721 Dominum,
815 693 838 715 et
854 693 940 724 potens
959 688 1018 721 eris,

229 742 252 765 et
271 737 369 764 custodi
389 737 508 763 mandata
528 744 592 768 mea,
608 741 630 762 et
648 736 758 762 describe
775 736 820 762 illa
835 736 862 762 in
884 735 1019 762 latitudine

230 784 313 810 cordis
328 784 375 815 tui,
384 788 412 810 ut
425 783 567 810 custodiunt
579 787 602 809 te
615 791 630 809 a
644 782 748 809 muliere
761 782 844 808 aliena
858 786 880 808 et
892 781 1020 808 meretrice

231 828 306 864 (Cap.
316 829 344 855 7.
357 827 385 855 Ξ.
395 828 422 855 5.
439 827 477 863 5).
492 827 567 862 Quod
583 827 680 856 debeas
696 827 840 862 prardicare
851 827 1018 862 sapientiam,

231 882 290 909 qua:
304 874 330 901 in
346 874 459 902 excelsis
472 874 615 901 verticibus
629 877 680 906 est,
696 873 756 907 quia
770 873 910 907 pretiosior
923 877 965 900 cst
977 880 1020 900 ar-

234 925 327 955 gento,
343 925 370 947 et
393 919 547 955 generosior
570 926 635 946 auro
658 919 768 953 probato
784 928 790 946 :
807 924 834 946 et
855 919 925 953 quod
941 919 1020 946 timor

232 966 337 993 Domini
357 965 422 994 .odio
445 965 540 992 habeat
561 964 715 999 iniustitiam
744 963 817 999 (Cap.
834 965 860 992 8.
877 965 902 991 1.
923 964 950 990 ‘2.
975 965 1018 991 11.

232 1011 288 1045 15).
306 1011 372 1038 lllud
393 1011 466 1042 item,
489 1009 613 1037 Dominus
628 1010 718 1036 creavit
740 1018 778 1035 me
801 1010 899 1035 initium
923 1010 1019 1036 viarum

231 1065 334 1084 suarum
347 1057 372 1084 in
384 1064 461 1090 opera
471 1064 518 1083 sua
527 1055 607 1091 (Ibid.
619 1063 642 1082 υ.
652 1055 709 1090 ‘29).
720 1055 784 1083 ltcm
798 1055 859 1082 illud
871 1065 876 1081 :
888 1055 1020 1090 Sapientia

231 1102 365 1136 wdi/icavit
375 1102 421 1128 sibi
430 1101 530 1128 domum
541 1101 614 1137 (Cap.
623 1102 649 1128 9.
659 1101 696 1136 1).
706 1101 781 1133 Item,
790 1101 873 1136 Argue
884 1102 1021 1135 sapientem

231 1152 254 1177 et
264 1152 285 1174 te
297 1147 391 1181 diliget.
403 1147 433 1173 Si
442 1147 542 1181 sapiens
555 1146 642 1180 fueris,
651 1146 792 1180 tibimetipsi
805 1146 853 1172 eris
866 1151 888 1172 et
899 1146 1021 1180 proximis

233 1192 299 1224 tuis;
315 1192 336 1218 si
356 1197 439 1218 autent
461 1191 590 1225 improbus
611 1190 725 1223 evaseris,
738 1191 806 1217 solus
827 1190 928 1217 Itaun'es
942 1191 1018 1217 mula.

231 1236 326 1264 Mulier
343 1237 420 1264 stulta
439 1241 462 1263 et
477 1236 562 1262 audax
581 1236 635 1262 cibo
656 1236 775 1270 indigebit
802 1235 918 1270 (Ibid.v.
933 1236 959 1263 8.
977 1236 1018 1262 12.

233 1282 288 1316 13).
309 1282 450 1318 Paupertas
465 1282 668 1308 virttmltuntiliat
682 1290 691 1308 :
707 1282 774 1316 ﬁlius
786 1287 868 1308 autem
881 1282 1021 1317 disciplinis

232 1328 354 1355 educatus
365 1328 465 1363 sapiens
479 1329 534 1355 erit.
549 1327 673 1355 Memoria
679 1327 744 1362 justi
758 1335 815 1354 cum
829 1327 953 1354 laudibus.
971 1327 1021 1360 Qui

232 1375 344 1401 ambulat
360 1375 516 1409 simpliciter,
528 1374 639 1401 ambulat
652 1373 815 1405 conﬁdenter.
829 1373 878 1406 Qui
897 1381 928 1400 ea:
949 1374 1021 1402 labiis

232 1421 328 1455 profert
345 1422 506 1455 sapientiam,
520 1422 590 1456 uirga
610 1421 715 1455 percutit
732 1421 813 1448 virum
826 1421 901 1448 corde
915 1421 1020 1449 destitu-

232 1471 294 1493 tum.
313 1465 372 1493 Vias
392 1465 448 1494 viae
469 1466 577 1492 custodit
591 1466 744 1501 disciplina;
758 1471 842 1501 tegunt
868 1471 950 1494 autem
969 1467 1020 1493 ini-

232 1513 352 1540 micitiam
365 1513 432 1540 labia
447 1514 529 1548 justo.
545 1513 646 1540 Stultus
669 1518 794 1548 perpetrat
818 1513 904 1545 mala;
928 1521 955 1540 os
975 1521 1021 1539 au-

233 1565 281 1586 tem
297 1560 362 1595 justi
380 1560 457 1586 stillat
479 1560 628 1595 sapientiora
647 1559 722 1595 (Ca'p.
734 1559 778 1587 10.
794 1560 820 1586 4.
835 1560 862 1586 7.
874 1559 900 1588 9.
918 1559 1018 1587 10.15.

233 1606 278 1633 17.
301 1606 344 1633 18.
370 1605 415 1633 23.
431 1604 485 1640 5t).
502 1605 601 1632 Contra
627 1604 797 1637 idololatras,
818 1606 862 1640 qui
886 1612 918 1632 ex
943 1612 1019 1638 auro,

233 1655 261 1679 et
274 1656 394 1686 argento,
411 1655 456 1678 aut
480 1651 611 1685 lapidibus
636 1655 683 1678 aut
706 1651 795 1685 lignis,
819 1651 887 1677 idola
911 1650 1020 1678 faciunt.

232 1696 308 1729 Quod
328 1705 375 1731 per
390 1697 489 1731 lignum
504 1696 575 1723 salus
590 1696 624 1723 sit
638 1695 817 1723 credentibus.
827 1695 901 1723 Circa
917 1703 962 1723 eos
975 1697 1020 1730 qui

234 1741 303 1768 idola
317 1742 443 1774 conﬂant,
459 1746 485 1768 et
495 1749 555 1768 eum
569 1741 613 1776 qui
628 1741 696 1768 idola
711 1741 803 1776 pingit.
822 1741 858 1768 De
872 1741 948 1768 malis
961 1748 1020 1768 om-

235 1787 313 1813 nibus
335 1793 382 1821 per
407 1786 583 1813 idololatriam
607 1786 698 1820 partis.
724 1786 761 1813 De
784 1786 864 1820 impio
890 1786 971 1818 cultu,
995 1791 1022 1813 et

236 1838 333 1867 quanta
349 1833 374 1859 in
389 1840 421 1858 eo
432 1832 511 1858 mala.
527 1832 563 1859 De
574 1832 665 1866 ligulo,
680 1836 707 1858 et
718 1831 752 1858 de
767 1831 843 1858 idolis
859 1831 966 1866 ﬁglinis.
983 1832 1021 1859 De

237 1877 315 1903 idolis
336 1876 459 1904 omnibus
477 1884 537 1911 qua:
559 1877 698 1904 coluerunt
711 1877 832 1911 gentiles.
848 1877 885 1903 De
904 1877 1021 1904 infestis-

235 1923 310 1950 simis
331 1922 497 1955 animalibus,
513 1922 689 1956 serpentibus,
706 1922 811 1953 l'clibus,
832 1926 859 1949 et
881 1922 1020 1950 similibus.

237 1967 313 2002 Quod
333 1968 402 1995 Deus
415 1967 550 1995 beneﬁcus
565 1960 654 1994 Isracli
678 1974 725 2002 pro
744 1967 815 1994 ranis
831 1967 880 2002 ipsi
902 1967 1021 1995 coturni-

235 2020 293 2040 cem
307 2013 418 2040 dederit.

414 2080 508 2111 Multa.
523 2085 550 2107 ut
569 2086 640 2114 puto,
661 2080 845 2107 desiderantur.

514 2164 630 2185 SYNOPSIS
649 2164 744 2184 SIRACI.

271 2237 309 2265 De
323 2237 418 2264 timore
431 2236 488 2269 Dei,
499 2236 569 2271 quod
584 2236 660 2263 irasci
675 2243 727 2263 non
740 2241 872 2271 oporteat,
883 2237 952 2272 quod
965 2238 1023 2266 sine

237 2284 370 2319 hypocrisi
386 2283 564 2311 accedendum
578 2284 612 2310 sit
624 2283 657 2310 ad
671 2284 771 2310 Deum:
786 2284 819 2311 de
835 2285 1023 2311 tentotionibus

236 2334 263 2356 et
277 2329 310 2356 de
324 2329 469 2363 patientia:
486 2329 519 2356 de
537 2328 689 2363 parentibus
707 2328 878 2360 honorandis,
896 2328 929 2355 de
942 2329 1023 2363 requi-

236 2379 289 2401 tate
300 2383 305 2400 :
317 2374 387 2409 quod
399 2382 451 2402 non
465 2380 585 2409 oporteat
596 2382 716 2409 quaerere
729 2374 898 2409 prolundiora
910 2375 952 2407 iis,
963 2383 1022 2410 qua:

235 2419 307 2452 jus.~a
324 2423 394 2451 sunt,
410 2419 444 2446 de
461 2420 630 2453 cleemosyua
647 2423 674 2445 et
691 2419 849 2454 pupillorum
864 2420 1022 2453 patrocinio.

241 2464 278 2491 De
299 2465 436 2498 sapienti",
452 2465 485 2492 de
500 2464 599 2499 pudore
614 2465 694 2491 noxio
703 2469 730 2491 et
744 2465 800 2491 utili
814 2473 821 2491 :
837 2458 918 2492 multa
932 2466 975 2492 hic
990 2465 1022 2493 de

237 2511 317 2537 noxio
329 2510 460 2537 cdisSt‘rli.
484 2511 559 2544 Quod
582 2519 634 2537 non
649 2514 770 2544 oporteat
791 2510 925 2538 desiderio
940 2519 1022 2545 pceu-

239 2556 341 2582 uiarum
355 2563 383 2582 se
397 2555 506 2589 dedere,
517 2564 602 2591 neque
615 2561 706 2590 putare
720 2563 767 2583 nos
782 2556 889 2590 impune
903 2564 1022 2591 peccare,

238 2601 342 2628 etiamsi
359 2610 411 2628 non
436 2602 525 2628 statim
549 2609 640 2636 poenas
654 2602 763 2628 demus:
781 2602 883 2636 patiens
898 2603 967 2630 enim
983 2607 1025 2630 est

239 2649 318 2680 licus,
333 2653 490 2682 oportctque
505 2648 578 2675 illum
596 2649 709 2682 placare.
731 2648 766 2674 De
782 2648 924 2675 verborum
940 2649 1023 2675 iutili«

238 2699 299 2725 late,
315 2693 347 2721 tle
361 2694 494 2728 superbia,
508 2694 541 2720 de
556 2694 696 2728 probantlis
711 2695 813 2726 amicis,
823 2694 857 2721 de
873 2694 1022 2728 disciplina,

235 2741 268 2767 tlc
293 2740 371 2767 rebus
396 2737 502 2766 utilibus
526 2739 674 2766 audiendis.
697 2740 732 2766 De
756 2748 807 2766 non
834 2740 975 2774 peccando,
991 2747 1024 2767 oe

237 2794 288 2812 non
313 2785 475 2818 mentiendo,
490 2785 524 2812 de
545 2785 661 2811 futilibus
686 2793 737 2810 non
763 2784 891 2816 dicendis,
912 2785 946 2812 de
971 2793 1022 2811 non

238 2829 357 2857 iterando
373 2838 495 2857 sermone
511 2831 535 2857 in
553 2831 720 2864 pt'et'ntione;
743 2830 767 2857 id
784 2835 834 2861 est,
851 2838 909 2864 qum
923 2831 1023 2864 promi-

236 2876 303 2902 sutis
317 2876 381 2909 Deo,
397 2885 429 2903 nc
449 2876 563 2903 dill'cras.
581 2876 617 2903 De
633 2875 753 2907 muliere,
768 2875 799 2902 dc
814 2874 928 2908 famulis,
943 2883 1021 2909 pcco-

580 176 608 205 S.
628 174 765 204 JOANNIS
783 170 1017 201 CIIRYSUSTOMI
1032 168 1188 197 ARCIIIEP.
1206 169 1459 198 CONSTANTINOP

1807 171 1859 199 3'18

1071 229 1154 262 ribus,
1168 230 1201 258 de
1222 231 1292 264 ﬁliis,
1305 231 1340 258 tie
1359 235 1445 267 patre,
1459 230 1493 258 de
1510 231 1608 265 pietate
1623 238 1685 266 erga
1708 231 1802 264 Deum,
1826 231 1860 259 de

1071 275 1171 304 honore
1185 277 1366 304 sacerdotibus
1376 277 1537 310 exhibendo,
1548 277 1580 305 de
1592 277 1729 305 visitandis
1742 278 1859 310 amicus,

1071 323 1109 350 De
1130 331 1182 350 non
1205 323 1341 359 litigando.
1357 323 1391 350 de
1406 331 1458 350 non
1473 323 1670 358 exprobrando,
1690 323 1724 352 de
1739 332 1791 351 non
1813 324 1861 352 de-

1070 368 1212 403 spicicndis
1232 369 1428 396 narrationibus
1443 377 1536 396 senum
1551 369 1720 404 sapientium.
1738 369 1777 398 De
1792 375 1861 398 tem—

1071 417 1198 448 perantia,
1215 414 1249 442 de
1264 415 1391 447 amicitia,
1404 415 1438 442 dc
1454 424 1505 442 non
1529 415 1680 442 :cmulundo
1696 421 1859 450 peccatores.

1073 459 1108 486 De
1120 459 1208 494 judice
1227 460 1354 494 prudente
1369 465 1395 487 ct
1409 461 1501 501 stulto,
1517 460 1550 488 de
1572 461 1707 495 superbia,
1724 461 1758 489 de
1776 462 1860 498 atqui-

1072 510 1135 537 tatc,
1150 505 1184 533 de
1199 513 1251 533 non
1272 507 1449 542 vituperando
1469 507 1528 535 sine
1547 507 1657 542 judicio,
1674 512 1701 535 et
1719 508 1779 536 sine
1794 515 1860 538 exa-

1072 551 1152 578 mine.
1177 551 1214 578 De
1229 551 1342 578 vitandis
1362 552 1469 586 iniquis.
1488 552 1525 580 De
1545 553 1656 580 divitum
1680 553 1763 587 cultu,
1777 553 1822 588 qui
1841 565 1858 585 a

1072 596 1161 622 multis
1176 595 1327 629 exhibetur,
1351 602 1378 624 et
1390 596 1424 624 de
1439 597 1615 632 quorumdam
1641 598 1710 626 inter
1725 598 1784 626 illos
1798 606 1860 626 ava-

1072 641 1143 667 ritia.
1165 641 1202 669 De
1220 642 1317 676 parcis,
1329 649 1396 677 quos
1413 647 1497 678 θρῖπας
1518 643 1713 678 θνρεηειηιμ),
1734 644 1778 678 qui
1801 644 1861 671 aliis

1074 694 1126 713 non
1143 687 1306 722 impertiunt.
1320 687 1357 714 De
1370 689 1538 722 possessione
1558 688 1705 724 sapientim,
1721 689 1754 716 de
1775 689 1861 716 libero

1073 733 1195 760 arbitrio.
1217 733 1310 761 Melius
1337 741 1397 762 esse
1419 735 1508 762 liberis
1529 743 1636 768 carere,
1660 743 1738 770 quam
1761 736 1861 770 impro-

1072 779 1120 807 bos
1144 779 1251 807 habere.
1279 781 1350 808 Nihil
1369 781 1452 808 latere
1479 781 1571 809 Deum.
1599 782 1636 808 De
1656 782 1803 815 creaturis,
1825 781 1861 809 de

1073 825 1186 853 hominis
1207 826 1376 860 formatione,
1393 827 1426 855 de
1447 827 1549 855 honore
1569 835 1622 862 quo
1643 832 1787 855 exornatus
1806 833 1858 855 cst.

1073 870 1110 898 De
1126 871 1183 905 lege
1200 871 1272 905 data,
1286 872 1320 899 de
1339 872 1508 908 eleemosyna
1529 877 1556 899 et
1572 873 1737 907 paenitentia,
1750 872 1784 900 de
1798 872 1860 900 luxu

1071 923 1095 946 cl
1109 919 1214 946 lascivia
1227 927 1278 946 non
1289 919 1483 954 amplectenda.
1492 920 1530 947 De
1539 920 1660 948 custodia
1672 920 1860 956 mysteriorum

1071 971 1118 990 seu
1134 971 1301 997 arcatiorum,
1312 965 1345 992 de
1359 965 1432 992 stulti
1448 965 1548 1000 pudore
1562 966 1652 992 noxio.
1662 965 1737 998 Quod
1752 965 1786 993 de
1798 973 1860 1000 pec-

1072 1010 1138 1036 catis
1154 1010 1309 1043 ptenitentia
1328 1010 1363 1037 sit
1376 1010 1489 1045 agenda,
1506 1011 1538 1038 de
1552 1010 1696 1038 ambitione
1710 1014 1737 1038 et
1750 1011 1859 1038 avaritia

1074 1054 1215 1089 fugiendis,
1230 1055 1263 1083 de
1279 1056 1398 1090 sapiente
1412 1060 1439 1084 et
1453 1056 1544 1087 stulto,
1561 1055 1594 1083 de
1609 1056 1662 1083 lilia
1677 1056 1816 1091 petulanti,
1828 1056 1860 1084 de

1073 1100 1295 1128 iucunsiderantin
1318 1101 1402 1134 stulti,
1417 1101 1451 1129 de
1473 1106 1562 1129 mente
1586 1102 1672 1134 lirma,
1687 1102 1720 1129 de
1743 1109 1796 1130 non
1820 1101 1861 1130 lo-

1072 1145 1178 1180 quendo
1191 1146 1250 1173 sine
1269 1147 1382 1173 cautela.
1398 1146 1435 1174 De
1449 1147 1654 1181 compunctione
1675 1154 1724 1182 pro
1746 1147 1861 1181 peccatis

1073 1191 1204 1224 habenda,
1220 1192 1254 1219 de
1267 1200 1319 1219 nou
1341 1192 1464 1227 jurando,
1481 1192 1515 1220 de
1536 1192 1675 1226 sapientia.
1699 1193 1736 1220 De
1749 1193 1861 1220 muliere

1072 1236 1141 1263 mala
1155 1242 1182 1264 et
1198 1237 1277 1271 bona,
1294 1238 1328 1264 de
1342 1238 1559 1273 negotiatoribus,
1573 1238 1607 1265 de
1629 1238 1662 1264 iis
1684 1238 1729 1273 qui
1742 1237 1861 1266 revelant

1073 1290 1180 1310 amna.
1197 1283 1234 1310 De
1246 1284 1290 1311 illo
1303 1284 1346 1318 qui
1361 1285 1386 1311 in
1401 1284 1494 1311 faciem
1511 1284 1610 1317 laudat,
1628 1289 1699 1312 retro
1710 1284 1811 1312 irridet.
1822 1284 1861 1312 De

1073 1329 1254 1357 condonandis
1269 1331 1391 1365 proximo
1407 1330 1520 1358 delictis.
1543 1331 1580 1358 De
1602 1330 1689 1366 lingua
1709 1331 1811 1364 dolosa,
1826 1330 1861 1359 de

1073 1381 1166 1403 mutuo
1176 1376 1265 1403 dando
1277 1378 1403 1411 proximis
1414 1377 1471 1405 sine
1486 1385 1575 1412 usura,
1583 1378 1629 1405 sed
1641 1378 1779 1413 egentibus
1788 1385 1861 1406 com-

1073 1422 1216 1449 modando.
1231 1422 1266 1450 De
1280 1422 1424 1450 educandis
1443 1428 1565 1451 acrurate
1586 1424 1686 1456 liberis,
1696 1423 1730 1452 de
1745 1423 1859 1457 famulis,

1073 1466 1106 1493 de
1128 1467 1222 1500 brutis,
1238 1468 1271 1495 de
1286 1468 1407 1495 somniis.
1425 1469 1461 1496 De
1486 1469 1639 1497 timentibus
1662 1470 1756 1504 Deum,
1771 1470 1805 1498 de
1818 1477 1860 1498 sa-

1073 1511 1180 1538 criﬁciis
1192 1520 1224 1539 ex
1239 1512 1377 1547 iniquitate
1391 1514 1484 1549 partis,
1499 1513 1533 1541 de
1554 1514 1732 1542 oblationibus
1761 1524 1794 1544 ex
1819 1515 1861 1550 ju-

1073 1558 1153 1584 stitia.
1170 1559 1206 1586 De
1221 1567 1312 1586 amore
1328 1555 1457 1594 pecunim,
1473 1561 1506 1588 de
1528 1561 1646 1596 crapula,
1667 1560 1702 1589 de
1722 1562 1859 1590 ebrietate.

1073 1604 1149 1638 Quod
1169 1605 1320 1633 hominibus
1337 1615 1387 1634 una
1406 1612 1507 1635 naturae
1527 1608 1698 1642 constitutio;
1720 1608 1861 1636 voluntatis

1072 1660 1136 1678 vero
1153 1654 1316 1687 propositum
1329 1653 1474 1687 diversum,
1492 1655 1558 1682 alios
1578 1656 1709 1689 benedici,
1724 1657 1790 1684 alios
1803 1664 1861 1684 ma-

1074 1697 1150 1724 ledici
1171 1703 1307 1732 procuret.
1325 1699 1360 1727 De
1373 1700 1512 1733 medicina,
1525 1701 1594 1736 quod
1616 1710 1668 1729 non
1683 1707 1806 1738 oporteat
1818 1703 1860 1729 ni-

1074 1743 1124 1769 mia
1141 1743 1246 1770 tristitia
1259 1745 1352 1772 teneri.
1368 1745 1444 1779 Quod
1455 1750 1573 1781 oporteat
1587 1754 1601 1774 a
1613 1747 1670 1782 lege
1686 1752 1713 1775 et
1727 1755 1742 1774 a
1758 1748 1861 1783 legibus

1075 1789 1120 1817 Dei
1146 1791 1274 1818 cohiberi.
1301 1791 1338 1819 De
1361 1793 1486 1826 operibus
1511 1793 1573 1826 Dei,
1597 1793 1630 1820 de
1653 1793 1806 1829 suppliciis,
1827 1794 1861 1821 de

1074 1834 1187 1863 luuunna
1200 1840 1304 1868 natura,
1316 1836 1385 1871 quod
1396 1845 1427 1864 ea
1446 1837 1536 1865 multis
1549 1838 1648 1874 repleta
1661 1838 1696 1865 sit
1706 1839 1824 1867 caulibus
1835 1843 1862 1867 et

1074 1881 1304 1910 sollicitudinibus.
1329 1882 1366 1910 De
1380 1884 1505 1918 operibus
1520 1883 1577 1911 Dei.

1122 1981 1241 2002 SYNOPSIS
1260 1981 1345 2002 EORUM
1365 1981 1423 2005 quas
1443 1982 1475 2000 ΛΠ
1494 1981 1560 2001 ιεΛιΑ
1581 1981 1717 2001 ΡΠΟΡΙΙΕΤΛ
1737 1981 1813 2001 DIC'I'A

1430 2027 1506 2046 sux'r.
1811 2019 1820 2028 ⁴

1113 2099 1251 2128 Accusatio
1266 2098 1370 2126 lsraelis
1384 2097 1493 2132 ejusque
1503 2097 1655 2129 calamitas;
1669 2104 1700 2123 uc
1712 2095 1864 2131 reprobatio

1075 2146 1275 2177 sacriﬁciorum,
1287 2143 1489 2177 adhortatioque
1502 2142 1535 2170 ad
1550 2142 1687 2170 meliorem
1700 2142 1792 2169 vitam.
1803 2141 1866 2168 Pm~

1075 2193 1162 2228 phctia
1173 2192 1206 2219 dc
1221 2190 1347 2222 Ecclesia,
1358 2189 1427 2217 etde
1438 2189 1526 2216 futura
1539 2195 1613 2223 pace.
1628 2187 1768 2215 Accusatio
1781 2186 1868 2214 Israe—

1075 2239 1118 2271 lis,
1135 2243 1161 2265 et
1174 2238 1259 2264 futura
1271 2235 1384 2263 obsidio.
1400 2234 1540 2262 Aecusatio
1553 2233 1708 2260 deliciarum
1726 2240 1819 2260 eorum
1836 2237 1862 2259 et

1075 2282 1215 2318 superbizc.
1227 2280 1386 2316 licprobatio
1395 2279 1498 2307 lsraelis
1506 2286 1555 2313 per
1561 2279 1645 2305 vineae
1653 2277 1862 2305 similitudinem.

1075 2330 1236 2358 Criminatur
1249 2327 1381 2362 principes
1393 2326 1497 2354 lsraelis
1510 2326 1544 2353 ob
1558 2325 1694 2352 avaritiam
1709 2328 1737 2351 et
1747 2323 1862 2350 ebrieta-

1077 2382 1140 2409 tem,
1163 2376 1227 2410 ipsis
1248 2374 1438 2402 desolationem
1459 2372 1626 2399 vaticinatur.
1648 2371 1762 2398 Minatur
1775 2370 1807 2397 iis
1819 2369 1863 2404 qui

1076 2421 1320 2458 pseudoprophetas
1334 2418 1469 2454 prophetis
1491 2418 1644 2452 proderunt.
1667 2417 1802 2444 Ascansus
1817 2416 1863 2443 ho-

1076 2470 1154 2497 stium
1169 2468 1284 2495 illorum.
1297 2466 1431 2493 Visioncm
1452 2463 1592 2498 conspicit,
1612 2463 1638 2491 in
1653 2470 1704 2497 qua
1719 2463 1777 2497 ejus
1796 2462 1863 2489 labia

1077 2519 1185 2550 purgata
1196 2514 1279 2541 luere.
1297 2511 1450 2539 Exercitum
1465 2510 1588 2537 admovet
1601 2509 1729 2544 Syrorum
1744 2516 1792 2536 rex
1804 2515 1863 2535 cum

1076 2560 1201 2588 lsraelitis
1223 2564 1315 2586 contra
1338 2556 1496 2588 Jerusalem,
1520 2560 1548 2583 et
1567 2555 1724 2582 vaticinatur
1739 2555 1820 2582 Isaias
1832 2554 1864 2581 de

1076 2606 1193 2638 Christo,
1209 2609 1236 2633 et
1250 2605 1372 2632 vastitate
1382 2603 1539 2635 Jerusalem,
1553 2601 1638 2636 deque
1650 2608 1764 2629 ascensu
1778 2601 1865 2628 Nabu-

1076 2651 1278 2680 chodonosoris.
1294 2650 1433 2684 Proplietia
1448 2649 1482 2676 de
1503 2649 1536 2676 iis
1550 2648 1594 2683 qui
1610 2648 1635 2675 in
1656 2647 1791 2675 Christum
1805 2655 1866 2675 cre-

1076 2699 1155 2726 dituri
1169 2702 1239 2726 sunt.
1252 2698 1288 2724 De
1302 2697 1465 2729 fortitudine,
1479 2696 1602 2731 superbia
1615 2700 1642 2722 et
1652 2696 1771 2730 pernicie
1785 2696 1868 2730 Assy-

1108 2787 1144 2817 (a)
1153 2791 1218 2811 Iluuc
1231 2786 1308 2810 locum
1325 2785 1424 2815 respicit
1440 2784 1478 2813 Η,
1490 2784 1583 2809 5:1’iro
1595 2790 1668 2814 parco
1678 2791 1724 2809 non
1736 2785 1804 2809 bona
1814 2786 1865 2809 sunt

1077 2817 1261 2843 dicitum'arcos
1269 2821 1349 2841 autem
1361 2823 1421 2846 trram,-
1435 2816 1599 2840 voathauu-Ist
1606 2822 1664 2840 vero
1674 2822 1714 2846 ομψ
1723 2822 1803 2846 genus
1811 2821 1864 2839 ver-

1078 2849 1157 2873 tnicult
1170 2849 1302 2872 scentulum
1314 2847 1416 2874 suillum,
1429 2846 1492 2876 quod
1506 2846 1569 2876 ligna
1581 2850 1701 2871 ctcoruua
1713 2846 1864 2871 corrodebt‘t.

1080 2881 1136 2903 lllllt'
1149 2886 1230 2910 μηροῖς
1243 2882 1268 2903 (Ὶ,
1283 2884 1366 2902 ωέπυε
1383 2883 1443 2907 οςῖτ.τ-.;
1456 2881 1577 2902 vocarunt.
