  <div class='ocr_page' id='page_1' title='image "/cluster/home/n/w/nwhite01/storage/ocr_20150623/56/njp.32101077772646/373.png"; bbox 0 0 2060 3125; ppageno 0'>
   <div class='ocr_carea' id='block_1_1' title="bbox 238 184 287 214">
    <p class='ocr_par' dir='ltr' id='par_1_1' title="bbox 238 184 287 214">
     <span class='ocr_line' id='line_1_1' title="bbox 238 184 287 214; baseline 0 0"><span class='ocrx_word' id='word_1_1' title='bbox 238 184 287 214; x_wconf 75' lang='grc'>57⁸1</span> 
     </span>
    </p>
   </div>
   <div class='ocr_carea' id='block_1_2' title="bbox 237 239 1024 279">
    <p class='ocr_par' dir='ltr' id='par_1_2' title="bbox 237 239 1024 279">
     <span class='ocr_line' id='line_1_2' title="bbox 237 239 1024 279; baseline -0.009 -7"><span class='ocrx_word' id='word_1_2' title='bbox 237 242 349 272; x_wconf 72' lang='grc' dir='ltr'>ΰτιδτοῦ</span> <span class='ocrx_word' id='word_1_3' title='bbox 369 243 519 279; x_wconf 79' lang='grc' dir='ltr'>προφήτου.</span> <span class='ocrx_word' id='word_1_4' title='bbox 537 241 592 268; x_wconf 72' lang='grc' dir='ltr'>Καὶ</span> <span class='ocrx_word' id='word_1_5' title='bbox 607 242 670 277; x_wconf 78' lang='grc' dir='ltr'>περὶ</span> <span class='ocrx_word' id='word_1_6' title='bbox 687 241 742 268; x_wconf 87' lang='grc' dir='ltr'>τῶν</span> <span class='ocrx_word' id='word_1_7' title='bbox 761 240 871 276; x_wconf 81' lang='grc' dir='ltr'>Χριστῷ</span> <span class='ocrx_word' id='word_1_8' title='bbox 884 239 1024 266; x_wconf 77' lang='grc' dir='ltr'>πιστευόν-</span> 
     </span>
    </p>
   </div>
   <div class='ocr_carea' id='block_1_3' title="bbox 237 281 1025 322">
    <p class='ocr_par' dir='ltr' id='par_1_3' title="bbox 237 281 1025 322">
     <span class='ocr_line' id='line_1_3' title="bbox 237 281 1025 322; baseline -0.008 -9"><span class='ocrx_word' id='word_1_9' title='bbox 237 295 291 314; x_wconf 89' lang='grc' dir='ltr'>των</span> <span class='ocrx_word' id='word_1_10' title='bbox 310 284 473 322; x_wconf 75' lang='grc' dir='ltr'>προφητεία,</span> <span class='ocrx_word' id='word_1_11' title='bbox 489 284 553 320; x_wconf 83' lang='grc' dir='ltr'>περὶ</span> <span class='ocrx_word' id='word_1_12' title='bbox 564 284 614 318; x_wconf 87' lang='grc' dir='ltr'>τῆς</span> <span class='ocrx_word' id='word_1_13' title='bbox 627 283 674 309; x_wconf 84' lang='grc' dir='ltr'>τοῦ</span> <span class='ocrx_word' id='word_1_14' title='bbox 687 282 810 309; x_wconf 91' lang='grc' dir='ltr'>διαϐόλου</span> <span class='ocrx_word' id='word_1_15' title='bbox 824 281 961 313; x_wconf 76' lang='grc' dir='ltr'>ἀπωλείας</span> <span class='ocrx_word' id='word_1_16' title='bbox 976 281 1025 316; x_wconf 85' lang='grc' dir='ltr'>τῆς</span> 
     </span>
    </p>
   </div>
   <div class='ocr_carea' id='block_1_4' title="bbox 238 324 1026 365">
    <p class='ocr_par' dir='ltr' id='par_1_4' title="bbox 238 324 1026 365">
     <span class='ocr_line' id='line_1_4' title="bbox 238 324 1026 365; baseline -0.008 -8"><span class='ocrx_word' id='word_1_17' title='bbox 238 329 290 357; x_wconf 82' lang='grc' dir='ltr'>ὑπὸ</span> <span class='ocrx_word' id='word_1_18' title='bbox 306 329 423 365; x_wconf 79' lang='grc' dir='ltr'>Χριστοῦ</span> <span class='ocrx_word' id='word_1_19' title='bbox 436 328 582 363; x_wconf 76' lang='grc' dir='ltr'>γενομένης</span> <span class='ocrx_word' id='word_1_20' title='bbox 594 334 600 341; x_wconf 90' lang='grc'>·</span> <span class='ocrx_word' id='word_1_21' title='bbox 617 327 681 361; x_wconf 81' lang='grc' dir='ltr'>περὶ</span> <span class='ocrx_word' id='word_1_22' title='bbox 694 327 744 361; x_wconf 84' lang='grc' dir='ltr'>τῆς</span> <span class='ocrx_word' id='word_1_23' title='bbox 757 326 803 352; x_wconf 86' lang='grc' dir='ltr'>τοῦ</span> <span class='ocrx_word' id='word_1_24' title='bbox 820 325 940 361; x_wconf 81' lang='grc' dir='ltr'>Χριστοῦ</span> <span class='ocrx_word' id='word_1_25' title='bbox 954 324 1026 352; x_wconf 76' lang='grc' dir='ltr'>κατὰ</span> 
     </span>
    </p>
   </div>
   <div class='ocr_carea' id='block_1_5' title="bbox 238 369 1023 408">
    <p class='ocr_par' dir='ltr' id='par_1_5' title="bbox 238 369 1023 408">
     <span class='ocr_line' id='line_1_5' title="bbox 238 369 1023 408; baseline -0.005 -9"><span class='ocrx_word' id='word_1_26' title='bbox 238 374 328 408; x_wconf 80' lang='grc' dir='ltr'>σάρκα</span> <span class='ocrx_word' id='word_1_27' title='bbox 344 372 512 408; x_wconf 80' lang='grc' dir='ltr'>παρουσίας·</span> <span class='ocrx_word' id='word_1_28' title='bbox 529 370 594 406; x_wconf 75' lang='grc' dir='ltr'>περὶ</span> <span class='ocrx_word' id='word_1_29' title='bbox 619 370 670 404; x_wconf 82' lang='grc' dir='ltr'>τῆς</span> <span class='ocrx_word' id='word_1_30' title='bbox 693 371 733 401; x_wconf 84' lang='grc' dir='ltr'>εἰς</span> <span class='ocrx_word' id='word_1_31' title='bbox 758 369 874 404; x_wconf 79' lang='grc' dir='ltr'>Χριστὸν</span> <span class='ocrx_word' id='word_1_32' title='bbox 896 369 1023 399; x_wconf 84' lang='grc' dir='ltr'>πίστεως.</span> 
     </span>
    </p>
   </div>
   <div class='ocr_carea' id='block_1_6' title="bbox 244 412 1025 450">
    <p class='ocr_par' dir='ltr' id='par_1_6' title="bbox 244 412 1025 450">
     <span class='ocr_line' id='line_1_6' title="bbox 244 412 1025 450; baseline -0.006 -7"><span class='ocrx_word' id='word_1_33' title='bbox 244 416 413 450; x_wconf 81' lang='grc' dir='ltr'>Ἑγκαλεῖται</span> <span class='ocrx_word' id='word_1_34' title='bbox 428 416 442 442; x_wconf 89' lang='grc' dir='ltr'>ό</span> <span class='ocrx_word' id='word_1_35' title='bbox 460 414 577 450; x_wconf 84' lang='grc' dir='ltr'>Ἰσραὴλ,</span> <span class='ocrx_word' id='word_1_36' title='bbox 592 414 632 440; x_wconf 87' lang='grc' dir='ltr'>ὅτι</span> <span class='ocrx_word' id='word_1_37' title='bbox 648 414 697 448; x_wconf 78' lang='grc' dir='ltr'>τὴν</span> <span class='ocrx_word' id='word_1_38' title='bbox 714 413 807 440; x_wconf 77' lang='grc' dir='ltr'>ἐλπίδα</span> <span class='ocrx_word' id='word_1_39' title='bbox 817 412 870 439; x_wconf 75' lang='grc' dir='ltr'>ἀπὸ</span> <span class='ocrx_word' id='word_1_40' title='bbox 884 412 950 439; x_wconf 84' lang='grc' dir='ltr'>Θεοῦ</span> <span class='ocrx_word' id='word_1_41' title='bbox 959 413 1025 439; x_wconf 82' lang='grc' dir='ltr'>ἀπο-</span> 
     </span>
    </p>
   </div>
   <div class='ocr_carea' id='block_1_7' title="bbox 238 455 1026 497">
    <p class='ocr_par' dir='ltr' id='par_1_7' title="bbox 238 455 1026 497">
     <span class='ocr_line' id='line_1_7' title="bbox 238 455 1026 497; baseline -0.006 -10"><span class='ocrx_word' id='word_1_42' title='bbox 238 461 351 497; x_wconf 80' lang='grc' dir='ltr'>στήσας,</span> <span class='ocrx_word' id='word_1_43' title='bbox 373 460 419 486; x_wconf 75' lang='grc' dir='ltr'>ὲπὶ</span> <span class='ocrx_word' id='word_1_44' title='bbox 440 459 503 490; x_wconf 80' lang='grc' dir='ltr'>τοὺς</span> <span class='ocrx_word' id='word_1_45' title='bbox 521 457 686 492; x_wconf 80' lang='grc' dir='ltr'>Αίγυπτίους</span> <span class='ocrx_word' id='word_1_46' title='bbox 702 457 787 492; x_wconf 81' lang='grc' dir='ltr'>αὐτὴν</span> <span class='ocrx_word' id='word_1_47' title='bbox 808 457 961 492; x_wconf 61' lang='grc' dir='ltr'>μετήγαγεν</span> <span class='ocrx_word' id='word_1_48' title='bbox 979 455 1026 482; x_wconf 77' lang='grc' dir='ltr'>καὶ</span> 
     </span>
    </p>
   </div>
   <div class='ocr_carea' id='block_1_8' title="bbox 237 499 1023 540">
    <p class='ocr_par' dir='ltr' id='par_1_8' title="bbox 237 499 1023 540">
     <span class='ocr_line' id='line_1_8' title="bbox 237 499 1023 540; baseline -0.008 -9"><span class='ocrx_word' id='word_1_49' title='bbox 237 502 451 540; x_wconf 84' lang='grc' dir='ltr'>προαγορεύεται</span> <span class='ocrx_word' id='word_1_50' title='bbox 464 501 538 537; x_wconf 75' lang='grc' dir='ltr'>αὐτῷ</span> <span class='ocrx_word' id='word_1_51' title='bbox 555 501 636 532; x_wconf 81' lang='grc' dir='ltr'>κακὰ,</span> <span class='ocrx_word' id='word_1_52' title='bbox 655 501 702 527; x_wconf 76' lang='grc' dir='ltr'>καὶ</span> <span class='ocrx_word' id='word_1_53' title='bbox 718 499 830 536; x_wconf 79' lang='grc' dir='ltr'>εύθηνία</span> <span class='ocrx_word' id='word_1_54' title='bbox 844 500 913 535; x_wconf 85' lang='grc' dir='ltr'>μετά</span> <span class='ocrx_word' id='word_1_55' title='bbox 927 499 1023 529; x_wconf 85' lang='grc' dir='ltr'>ταῦτα.</span> 
     </span>
    </p>
   </div>
   <div class='ocr_carea' id='block_1_9' title="bbox 238 542 1024 583">
    <p class='ocr_par' dir='ltr' id='par_1_9' title="bbox 238 542 1024 583">
     <span class='ocr_line' id='line_1_9' title="bbox 238 542 1024 583; baseline -0.006 -9"><span class='ocrx_word' id='word_1_56' title='bbox 238 547 440 583; x_wconf 78' lang='grc' dir='ltr'>ΙΙροφητεύεται</span> <span class='ocrx_word' id='word_1_57' title='bbox 461 545 489 571; x_wconf 86' lang='grc' dir='ltr'>δὲ</span> <span class='ocrx_word' id='word_1_58' title='bbox 503 546 532 572; x_wconf 83' lang='grc' dir='ltr'>ὲν</span> <span class='ocrx_word' id='word_1_59' title='bbox 545 544 584 580; x_wconf 83' lang='grc' dir='ltr'>τῷ</span> <span class='ocrx_word' id='word_1_60' title='bbox 605 543 680 579; x_wconf 79' lang='grc' dir='ltr'>αὺτῷ</span> <span class='ocrx_word' id='word_1_61' title='bbox 694 543 758 579; x_wconf 76' lang='grc' dir='ltr'>περὶ</span> <span class='ocrx_word' id='word_1_62' title='bbox 775 543 823 578; x_wconf 86' lang='grc' dir='ltr'>τῆς</span> <span class='ocrx_word' id='word_1_63' title='bbox 843 542 891 570; x_wconf 85' lang='grc' dir='ltr'>τοῦ</span> <span class='ocrx_word' id='word_1_64' title='bbox 907 542 1024 578; x_wconf 78' lang='grc' dir='ltr'>Χριστοῦ</span> 
     </span>
    </p>
   </div>
   <div class='ocr_carea' id='block_1_10' title="bbox 243 586 1025 626">
    <p class='ocr_par' dir='ltr' id='par_1_10' title="bbox 243 586 1025 626">
     <span class='ocr_line' id='line_1_10' title="bbox 243 586 1025 626; baseline -0.006 -8"><span class='ocrx_word' id='word_1_65' title='bbox 243 591 415 626; x_wconf 82' lang='grc' dir='ltr'>Ἐκκλησίας,</span> <span class='ocrx_word' id='word_1_66' title='bbox 431 590 496 624; x_wconf 69' lang='grc' dir='ltr'>περὶ</span> <span class='ocrx_word' id='word_1_67' title='bbox 509 589 559 623; x_wconf 84' lang='grc' dir='ltr'>τῆς</span> <span class='ocrx_word' id='word_1_68' title='bbox 574 587 740 623; x_wconf 76' lang='grc' dir='ltr'>ἐπιστροφῆς</span> <span class='ocrx_word' id='word_1_69' title='bbox 758 587 812 614; x_wconf 85' lang='grc' dir='ltr'>τῶν</span> <span class='ocrx_word' id='word_1_70' title='bbox 825 586 910 614; x_wconf 74' lang='grc' dir='ltr'>ἐθνῶν</span> <span class='ocrx_word' id='word_1_71' title='bbox 924 586 973 622; x_wconf 85' lang='grc' dir='ltr'>τῆς</span> <span class='ocrx_word' id='word_1_72' title='bbox 985 586 1025 618; x_wconf 79' lang='grc' dir='ltr'>εις</span> 
     </span>
    </p>
   </div>
   <div class='ocr_carea' id='block_1_11' title="bbox 236 631 1025 671">
    <p class='ocr_par' dir='ltr' id='par_1_11' title="bbox 236 631 1025 671">
     <span class='ocr_line' id='line_1_11' title="bbox 236 631 1025 671; baseline -0.009 -8"><span class='ocrx_word' id='word_1_73' title='bbox 236 635 362 671; x_wconf 71' lang='grc' dir='ltr'>Χριστὸν,</span> <span class='ocrx_word' id='word_1_74' title='bbox 379 635 426 661; x_wconf 75' lang='grc' dir='ltr'>καὶ</span> <span class='ocrx_word' id='word_1_75' title='bbox 437 633 560 669; x_wconf 74' lang='grc' dir='ltr'>περὶτῆς</span> <span class='ocrx_word' id='word_1_76' title='bbox 571 632 737 668; x_wconf 77' lang='grc' dir='ltr'>ἐρημώσεως</span> <span class='ocrx_word' id='word_1_77' title='bbox 755 631 941 667; x_wconf 81' lang='grc' dir='ltr'>Ἰερουσαλήμ.</span> <span class='ocrx_word' id='word_1_78' title='bbox 958 631 1025 666; x_wconf 84' lang='grc' dir='ltr'>Περὶ</span> 
     </span>
    </p>
   </div>
   <div class='ocr_carea' id='block_1_12' title="bbox 235 675 1025 715">
    <p class='ocr_par' dir='ltr' id='par_1_12' title="bbox 235 675 1025 715">
     <span class='ocr_line' id='line_1_12' title="bbox 235 675 1025 715; baseline -0.009 -8"><span class='ocrx_word' id='word_1_79' title='bbox 235 680 285 715; x_wconf 84' lang='grc' dir='ltr'>τῆς</span> <span class='ocrx_word' id='word_1_80' title='bbox 303 678 463 714; x_wconf 81' lang='grc' dir='ltr'>Ἐκκλησίας</span> <span class='ocrx_word' id='word_1_81' title='bbox 483 677 597 713; x_wconf 76' lang='grc' dir='ltr'>ἱστορία,</span> <span class='ocrx_word' id='word_1_82' title='bbox 609 677 646 708; x_wconf 86' lang='grc' dir='ltr'>ὡς</span> <span class='ocrx_word' id='word_1_83' title='bbox 665 676 716 711; x_wconf 84' lang='grc' dir='ltr'>μὲν</span> <span class='ocrx_word' id='word_1_84' title='bbox 730 675 802 702; x_wconf 86' lang='grc' dir='ltr'>κατά</span> <span class='ocrx_word' id='word_1_85' title='bbox 817 675 868 711; x_wconf 79' lang='grc' dir='ltr'>τήν</span> <span class='ocrx_word' id='word_1_86' title='bbox 881 675 1025 710; x_wconf 84' lang='grc' dir='ltr'>πρόχειρον</span> 
     </span>
    </p>
   </div>
   <div class='ocr_carea' id='block_1_13' title="bbox 235 719 1026 759">
    <p class='ocr_par' dir='ltr' id='par_1_13' title="bbox 235 719 1026 759">
     <span class='ocr_line' id='line_1_13' title="bbox 235 719 1026 759; baseline -0.006 -10"><span class='ocrx_word' id='word_1_87' title='bbox 235 724 275 756; x_wconf 84' lang='grc' dir='ltr'>είς</span> <span class='ocrx_word' id='word_1_88' title='bbox 291 723 340 759; x_wconf 79' lang='grc' dir='ltr'>τὴν</span> <span class='ocrx_word' id='word_1_89' title='bbox 357 721 507 757; x_wconf 81' lang='grc' dir='ltr'>Ἰδουμαίαν</span> <span class='ocrx_word' id='word_1_90' title='bbox 521 721 568 748; x_wconf 71' lang='grc' dir='ltr'>καὶ</span> <span class='ocrx_word' id='word_1_91' title='bbox 579 720 628 755; x_wconf 86' lang='grc' dir='ltr'>τὴν</span> <span class='ocrx_word' id='word_1_92' title='bbox 646 719 832 754; x_wconf 81' lang='grc' dir='ltr'>Ἰερουσαλὴμ,</span> <span class='ocrx_word' id='word_1_93' title='bbox 847 719 908 745; x_wconf 87' lang='grc' dir='ltr'>κατ’</span> <span class='ocrx_word' id='word_1_94' title='bbox 919 719 1026 752; x_wconf 81' lang='grc' dir='ltr'>ἀναγω-</span> 
     </span>
    </p>
   </div>
   <div class='ocr_carea' id='block_1_14' title="bbox 235 761 1025 802">
    <p class='ocr_par' dir='ltr' id='par_1_14' title="bbox 235 761 1025 802">
     <span class='ocr_line' id='line_1_14' title="bbox 235 761 1025 802; baseline -0.009 -8"><span class='ocrx_word' id='word_1_95' title='bbox 235 767 286 802; x_wconf 76' lang='grc' dir='ltr'>γὴν</span> <span class='ocrx_word' id='word_1_96' title='bbox 298 767 327 793; x_wconf 79' lang='grc' dir='ltr'>δὲ</span> <span class='ocrx_word' id='word_1_97' title='bbox 348 767 387 797; x_wconf 87' lang='grc' dir='ltr'>είς</span> <span class='ocrx_word' id='word_1_98' title='bbox 403 765 453 800; x_wconf 81' lang='grc' dir='ltr'>τὴν</span> <span class='ocrx_word' id='word_1_99' title='bbox 476 764 593 800; x_wconf 82' lang='grc' dir='ltr'>ἐρημίαν</span> <span class='ocrx_word' id='word_1_100' title='bbox 614 763 669 790; x_wconf 87' lang='grc' dir='ltr'>τῶν</span> <span class='ocrx_word' id='word_1_101' title='bbox 689 762 833 795; x_wconf 80' lang='grc' dir='ltr'>Ἰουδαίων,</span> <span class='ocrx_word' id='word_1_102' title='bbox 850 762 898 788; x_wconf 78' lang='grc' dir='ltr'>καὶ</span> <span class='ocrx_word' id='word_1_103' title='bbox 914 762 953 793; x_wconf 86' lang='grc' dir='ltr'>είς</span> <span class='ocrx_word' id='word_1_104' title='bbox 975 761 1025 796; x_wconf 80' lang='grc' dir='ltr'>τὴν</span> 
     </span>
    </p>
   </div>
   <div class='ocr_carea' id='block_1_15' title="bbox 236 805 1025 846">
    <p class='ocr_par' dir='ltr' id='par_1_15' title="bbox 236 805 1025 846">
     <span class='ocr_line' id='line_1_15' title="bbox 236 805 1025 846; baseline -0.006 -10"><span class='ocrx_word' id='word_1_105' title='bbox 236 809 385 846; x_wconf 80' lang='grc' dir='ltr'>εὐπραγίαν</span> <span class='ocrx_word' id='word_1_106' title='bbox 398 809 446 844; x_wconf 78' lang='grc' dir='ltr'>τῆς</span> <span class='ocrx_word' id='word_1_107' title='bbox 460 807 506 834; x_wconf 90' lang='grc' dir='ltr'>τοῦ</span> <span class='ocrx_word' id='word_1_108' title='bbox 518 807 635 843; x_wconf 80' lang='grc' dir='ltr'>Χριστοῦ</span> <span class='ocrx_word' id='word_1_109' title='bbox 653 807 826 842; x_wconf 83' lang='grc' dir='ltr'>Ἐκκλησίας.</span> <span class='ocrx_word' id='word_1_110' title='bbox 840 805 882 833; x_wconf 87' lang='grc' dir='ltr'>Τὰ</span> <span class='ocrx_word' id='word_1_111' title='bbox 893 805 966 833; x_wconf 85' lang='grc' dir='ltr'>κατά</span> <span class='ocrx_word' id='word_1_112' title='bbox 979 805 1025 831; x_wconf 75' lang='grc' dir='ltr'>τὸν</span> 
     </span>
    </p>
   </div>
   <div class='ocr_carea' id='block_1_16' title="bbox 236 849 1025 890">
    <p class='ocr_par' dir='ltr' id='par_1_16' title="bbox 236 849 1025 890">
     <span class='ocr_line' id='line_1_16' title="bbox 236 849 1025 890; baseline -0.006 -9"><span class='ocrx_word' id='word_1_113' title='bbox 236 853 416 890; x_wconf 81' lang='grc' dir='ltr'>Σεναχηρείμ.</span> <span class='ocrx_word' id='word_1_114' title='bbox 441 852 599 888; x_wconf 85' lang='grc' dir='ltr'>Προφητεία</span> <span class='ocrx_word' id='word_1_115' title='bbox 614 853 678 887; x_wconf 81' lang='grc' dir='ltr'>περὶ</span> <span class='ocrx_word' id='word_1_116' title='bbox 703 852 827 878; x_wconf 82' lang='grc' dir='ltr'>Ἰωάννου</span> <span class='ocrx_word' id='word_1_117' title='bbox 842 850 889 877; x_wconf 90' lang='grc' dir='ltr'>τοῦ</span> <span class='ocrx_word' id='word_1_118' title='bbox 909 849 1025 887; x_wconf 87' lang='grc' dir='ltr'>Προδρό-</span> 
     </span>
    </p>
   </div>
   <div class='ocr_carea' id='block_1_17' title="bbox 237 893 1024 934">
    <p class='ocr_par' dir='ltr' id='par_1_17' title="bbox 237 893 1024 934">
     <span class='ocr_line' id='line_1_17' title="bbox 237 893 1024 934; baseline -0.008 -9"><span class='ocrx_word' id='word_1_119' title='bbox 237 907 300 934; x_wconf 88' lang='grc' dir='ltr'>μου,</span> <span class='ocrx_word' id='word_1_120' title='bbox 315 898 362 925; x_wconf 80' lang='grc' dir='ltr'>καὶ</span> <span class='ocrx_word' id='word_1_121' title='bbox 376 897 482 928; x_wconf 59' lang='grc' dir='ltr'>τῶνρείς</span> <span class='ocrx_word' id='word_1_122' title='bbox 494 896 611 932; x_wconf 79' lang='grc' dir='ltr'>Χριστὸν</span> <span class='ocrx_word' id='word_1_123' title='bbox 625 895 815 922; x_wconf 77' lang='grc' dir='ltr'>πιστευόντων.</span> <span class='ocrx_word' id='word_1_124' title='bbox 827 895 882 930; x_wconf 81' lang='grc' dir='ltr'>Τῆς</span> <span class='ocrx_word' id='word_1_125' title='bbox 894 893 941 921; x_wconf 89' lang='grc' dir='ltr'>τοῦ</span> <span class='ocrx_word' id='word_1_126' title='bbox 956 893 1024 920; x_wconf 86' lang='grc' dir='ltr'>Θεοῦ</span> 
     </span>
    </p>
   </div>
   <div class='ocr_carea' id='block_1_18' title="bbox 235 938 1024 978">
    <p class='ocr_par' dir='ltr' id='par_1_18' title="bbox 235 938 1024 978">
     <span class='ocr_line' id='line_1_18' title="bbox 235 938 1024 978; baseline -0.008 -8"><span class='ocrx_word' id='word_1_127' title='bbox 235 943 375 978; x_wconf 82' lang='grc' dir='ltr'>δυνάμεως</span> <span class='ocrx_word' id='word_1_128' title='bbox 398 940 519 974; x_wconf 75' lang='grc' dir='ltr'>ἔνδειξις,</span> <span class='ocrx_word' id='word_1_129' title='bbox 535 941 582 967; x_wconf 80' lang='grc' dir='ltr'>καὶ</span> <span class='ocrx_word' id='word_1_130' title='bbox 599 940 751 975; x_wconf 84' lang='grc' dir='ltr'>κατηγορία</span> <span class='ocrx_word' id='word_1_131' title='bbox 773 939 820 966; x_wconf 90' lang='grc' dir='ltr'>τοῦ</span> <span class='ocrx_word' id='word_1_132' title='bbox 846 938 964 974; x_wconf 82' lang='grc' dir='ltr'>Ἰσραὴλ,</span> <span class='ocrx_word' id='word_1_133' title='bbox 987 938 1024 969; x_wconf 84' lang='grc' dir='ltr'>ὡς</span> 
     </span>
    </p>
   </div>
   <div class='ocr_carea' id='block_1_19' title="bbox 235 981 1024 1021">
    <p class='ocr_par' dir='ltr' id='par_1_19' title="bbox 235 981 1024 1021">
     <span class='ocr_line' id='line_1_19' title="bbox 235 981 1024 1021; baseline -0.008 -8"><span class='ocrx_word' id='word_1_134' title='bbox 235 984 500 1021; x_wconf 82' lang='grc' dir='ltr'>είδωλολατροῦντος,</span> <span class='ocrx_word' id='word_1_135' title='bbox 520 985 567 1011; x_wconf 74' lang='grc' dir='ltr'>καὶ</span> <span class='ocrx_word' id='word_1_136' title='bbox 584 984 638 1010; x_wconf 88' lang='grc' dir='ltr'>τῶν</span> <span class='ocrx_word' id='word_1_137' title='bbox 657 984 697 1015; x_wconf 81' lang='grc' dir='ltr'>εἰς</span> <span class='ocrx_word' id='word_1_138' title='bbox 715 983 760 1010; x_wconf 78' lang='grc' dir='ltr'>τὸν</span> <span class='ocrx_word' id='word_1_139' title='bbox 775 982 838 1010; x_wconf 82' lang='grc' dir='ltr'>λαὸν</span> <span class='ocrx_word' id='word_1_140' title='bbox 861 981 1024 1017; x_wconf 82' lang='grc' dir='ltr'>εὐεργεσιῶν</span> 
     </span>
    </p>
   </div>
   <div class='ocr_carea' id='block_1_20' title="bbox 235 1025 1023 1064">
    <p class='ocr_par' dir='ltr' id='par_1_20' title="bbox 235 1025 1023 1064">
     <span class='ocr_line' id='line_1_20' title="bbox 235 1025 1023 1064; baseline -0.006 -8"><span class='ocrx_word' id='word_1_141' title='bbox 235 1031 397 1064; x_wconf 61' lang='grc' dir='ltr'>ὗλόμνησις.</span> <span class='ocrx_word' id='word_1_142' title='bbox 419 1028 486 1063; x_wconf 75' lang='grc' dir='ltr'>Περὶ</span> <span class='ocrx_word' id='word_1_143' title='bbox 500 1028 548 1062; x_wconf 84' lang='grc' dir='ltr'>τῆς</span> <span class='ocrx_word' id='word_1_144' title='bbox 572 1026 800 1062; x_wconf 81' lang='grc' dir='ltr'>ὲκκλησιαστικῆς</span> <span class='ocrx_word' id='word_1_145' title='bbox 821 1025 1023 1057; x_wconf 71' lang='grc' dir='ltr'>καταστάσεως,</span> 
     </span>
    </p>
   </div>
   <div class='ocr_carea' id='block_1_21' title="bbox 235 1069 1024 1106">
    <p class='ocr_par' dir='ltr' id='par_1_21' title="bbox 235 1069 1024 1106">
     <span class='ocr_line' id='line_1_21' title="bbox 235 1069 1024 1106; baseline -0.009 -5"><span class='ocrx_word' id='word_1_146' title='bbox 235 1075 282 1102; x_wconf 71' lang='grc' dir='ltr'>καὶ</span> <span class='ocrx_word' id='word_1_147' title='bbox 296 1074 412 1101; x_wconf 63' lang='grc' dir='ltr'>εἰδώλων</span> <span class='ocrx_word' id='word_1_148' title='bbox 423 1072 572 1103; x_wconf 83' lang='grc' dir='ltr'>ἀσθενείας.</span> <span class='ocrx_word' id='word_1_149' title='bbox 588 1071 655 1106; x_wconf 76' lang='grc' dir='ltr'>Περὶ</span> <span class='ocrx_word' id='word_1_150' title='bbox 668 1070 786 1106; x_wconf 78' lang='grc' dir='ltr'>Χριστοῦ</span> <span class='ocrx_word' id='word_1_151' title='bbox 800 1069 964 1106; x_wconf 84' lang='grc' dir='ltr'>προφητεία,</span> <span class='ocrx_word' id='word_1_152' title='bbox 977 1069 1024 1095; x_wconf 71' lang='grc' dir='ltr'>καὶ</span> 
     </span>
    </p>
   </div>
   <div class='ocr_carea' id='block_1_22' title="bbox 235 1113 1024 1150">
    <p class='ocr_par' dir='ltr' id='par_1_22' title="bbox 235 1113 1024 1150">
     <span class='ocr_line' id='line_1_22' title="bbox 235 1113 1024 1150; baseline -0.008 -5"><span class='ocrx_word' id='word_1_153' title='bbox 235 1119 288 1145; x_wconf 81' lang='grc' dir='ltr'>τῶν</span> <span class='ocrx_word' id='word_1_154' title='bbox 311 1119 351 1150; x_wconf 90' lang='grc' dir='ltr'>είς</span> <span class='ocrx_word' id='word_1_155' title='bbox 376 1118 456 1144; x_wconf 73' lang='grc' dir='ltr'>αὑτὸν</span> <span class='ocrx_word' id='word_1_156' title='bbox 479 1116 669 1143; x_wconf 81' lang='grc' dir='ltr'>πιστευόντων.</span> <span class='ocrx_word' id='word_1_157' title='bbox 695 1115 832 1147; x_wconf 76' lang='grc' dir='ltr'>ὐνειδίζει</span> <span class='ocrx_word' id='word_1_158' title='bbox 855 1114 895 1150; x_wconf 86' lang='grc' dir='ltr'>τῷ</span> <span class='ocrx_word' id='word_1_159' title='bbox 917 1113 1024 1149; x_wconf 80' lang='grc' dir='ltr'>Ἰσραὴλ</span> 
     </span>
    </p>
   </div>
   <div class='ocr_carea' id='block_1_23' title="bbox 235 1158 1024 1198">
    <p class='ocr_par' dir='ltr' id='par_1_23' title="bbox 235 1158 1024 1198">
     <span class='ocr_line' id='line_1_23' title="bbox 235 1158 1024 1198; baseline -0.008 -8"><span class='ocrx_word' id='word_1_160' title='bbox 235 1162 376 1198; x_wconf 77' lang='grc' dir='ltr'>ἁμαρτιῶν</span> <span class='ocrx_word' id='word_1_161' title='bbox 389 1162 491 1188; x_wconf 72' lang='grc' dir='ltr'>ἕνεκεν.</span> <span class='ocrx_word' id='word_1_162' title='bbox 503 1161 584 1195; x_wconf 84' lang='grc' dir='ltr'>Λέγει</span> <span class='ocrx_word' id='word_1_163' title='bbox 597 1159 641 1187; x_wconf 80' lang='grc' dir='ltr'>διὰ</span> <span class='ocrx_word' id='word_1_164' title='bbox 650 1160 699 1196; x_wconf 83' lang='grc' dir='ltr'>τὴν</span> <span class='ocrx_word' id='word_1_165' title='bbox 709 1159 850 1195; x_wconf 68' lang='grc' dir='ltr'>παρακοήν</span> <span class='ocrx_word' id='word_1_166' title='bbox 860 1158 950 1186; x_wconf 70' lang='grc' dir='ltr'>αὐτῶν</span> <span class='ocrx_word' id='word_1_167' title='bbox 961 1159 1024 1184; x_wconf 76' lang='grc' dir='ltr'>ἐπε-</span> 
     </span>
    </p>
   </div>
   <div class='ocr_carea' id='block_1_24' title="bbox 234 1202 1024 1241">
    <p class='ocr_par' dir='ltr' id='par_1_24' title="bbox 234 1202 1024 1241">
     <span class='ocr_line' id='line_1_24' title="bbox 234 1202 1024 1241; baseline -0.008 -8"><span class='ocrx_word' id='word_1_168' title='bbox 234 1205 364 1241; x_wconf 76' lang='grc' dir='ltr'>νηνέχθαι</span> <span class='ocrx_word' id='word_1_169' title='bbox 389 1206 480 1236; x_wconf 84' lang='grc' dir='ltr'>αὐτοῖς</span> <span class='ocrx_word' id='word_1_170' title='bbox 496 1204 546 1236; x_wconf 83' lang='grc' dir='ltr'>τὰς</span> <span class='ocrx_word' id='word_1_171' title='bbox 567 1203 718 1238; x_wconf 76' lang='grc' dir='ltr'>συμφοράς.</span> <span class='ocrx_word' id='word_1_172' title='bbox 737 1203 805 1238; x_wconf 68' lang='grc' dir='ltr'>Περὶ</span> <span class='ocrx_word' id='word_1_173' title='bbox 825 1203 875 1238; x_wconf 79' lang='grc' dir='ltr'>τῆς</span> <span class='ocrx_word' id='word_1_174' title='bbox 898 1202 937 1233; x_wconf 84' lang='grc' dir='ltr'>είς</span> <span class='ocrx_word' id='word_1_175' title='bbox 956 1202 1024 1237; x_wconf 78' lang='grc' dir='ltr'>Χρι-</span> 
     </span>
    </p>
   </div>
   <div class='ocr_carea' id='block_1_25' title="bbox 235 1246 1025 1283">
    <p class='ocr_par' dir='ltr' id='par_1_25' title="bbox 235 1246 1025 1283">
     <span class='ocr_line' id='line_1_25' title="bbox 235 1246 1025 1283; baseline -0.006 -6"><span class='ocrx_word' id='word_1_176' title='bbox 235 1251 298 1277; x_wconf 73' lang='grc' dir='ltr'>στὸν</span> <span class='ocrx_word' id='word_1_177' title='bbox 313 1249 441 1281; x_wconf 84' lang='grc' dir='ltr'>πίστεως.</span> <span class='ocrx_word' id='word_1_178' title='bbox 455 1249 516 1274; x_wconf 89' lang='grc' dir='ltr'>Ὅτι</span> <span class='ocrx_word' id='word_1_179' title='bbox 527 1248 574 1274; x_wconf 85' lang='grc' dir='ltr'>καὶ</span> <span class='ocrx_word' id='word_1_180' title='bbox 590 1247 626 1283; x_wconf 83' lang='grc' dir='ltr'>μὴ</span> <span class='ocrx_word' id='word_1_181' title='bbox 640 1247 737 1274; x_wconf 85' lang='grc' dir='ltr'>θύοντα</span> <span class='ocrx_word' id='word_1_182' title='bbox 750 1247 823 1273; x_wconf 72' lang='grc' dir='ltr'>εἴασε</span> <span class='ocrx_word' id='word_1_183' title='bbox 837 1246 882 1272; x_wconf 81' lang='grc' dir='ltr'>τὸν</span> <span class='ocrx_word' id='word_1_184' title='bbox 892 1246 966 1277; x_wconf 76' lang='grc' dir='ltr'>λαὸν,</span> <span class='ocrx_word' id='word_1_185' title='bbox 978 1247 1025 1272; x_wconf 73' lang='grc' dir='ltr'>καὶ</span> 
     </span>
    </p>
   </div>
   <div class='ocr_carea' id='block_1_26' title="bbox 234 1289 1024 1328">
    <p class='ocr_par' dir='ltr' id='par_1_26' title="bbox 234 1289 1024 1328">
     <span class='ocr_line' id='line_1_26' title="bbox 234 1289 1024 1328; baseline -0.005 -8"><span class='ocrx_word' id='word_1_186' title='bbox 234 1295 284 1320; x_wconf 73' lang='grc' dir='ltr'>οὐκ</span> <span class='ocrx_word' id='word_1_187' title='bbox 301 1293 398 1328; x_wconf 82' lang='grc' dir='ltr'>ἀπῄτει</span> <span class='ocrx_word' id='word_1_188' title='bbox 421 1292 470 1328; x_wconf 83' lang='grc' dir='ltr'>τὴν</span> <span class='ocrx_word' id='word_1_189' title='bbox 486 1292 530 1318; x_wconf 80' lang='grc' dir='ltr'>διὰ</span> <span class='ocrx_word' id='word_1_190' title='bbox 545 1291 645 1318; x_wconf 80' lang='grc' dir='ltr'>θυσιῶν</span> <span class='ocrx_word' id='word_1_191' title='bbox 659 1291 796 1326; x_wconf 79' lang='grc' dir='ltr'>λατρείαν.</span> <span class='ocrx_word' id='word_1_192' title='bbox 816 1291 870 1317; x_wconf 76' lang='grc' dir='ltr'>Καὶ</span> <span class='ocrx_word' id='word_1_193' title='bbox 890 1289 954 1326; x_wconf 80' lang='grc' dir='ltr'>περὶ</span> <span class='ocrx_word' id='word_1_194' title='bbox 970 1289 1024 1316; x_wconf 84' lang='grc' dir='ltr'>τῶν</span> 
     </span>
    </p>
   </div>
   <div class='ocr_carea' id='block_1_27' title="bbox 234 1334 1024 1372">
    <p class='ocr_par' dir='ltr' id='par_1_27' title="bbox 234 1334 1024 1372">
     <span class='ocr_line' id='line_1_27' title="bbox 234 1334 1024 1372; baseline -0.006 -8"><span class='ocrx_word' id='word_1_195' title='bbox 234 1339 274 1369; x_wconf 83' lang='grc' dir='ltr'>εἰς</span> <span class='ocrx_word' id='word_1_196' title='bbox 296 1336 411 1372; x_wconf 72' lang='grc' dir='ltr'>Χριστὸν</span> <span class='ocrx_word' id='word_1_197' title='bbox 433 1335 615 1362; x_wconf 78' lang='grc' dir='ltr'>πιστευόντων</span> <span class='ocrx_word' id='word_1_198' title='bbox 641 1334 804 1370; x_wconf 79' lang='grc' dir='ltr'>προφητεία.</span> <span class='ocrx_word' id='word_1_199' title='bbox 824 1334 954 1369; x_wconf 73' lang='grc' dir='ltr'>Ἔλεγχος</span> <span class='ocrx_word' id='word_1_200' title='bbox 975 1334 1024 1369; x_wconf 79' lang='grc' dir='ltr'>τῆς</span> 
     </span>
    </p>
   </div>
   <div class='ocr_carea' id='block_1_28' title="bbox 233 1377 1024 1413">
    <p class='ocr_par' dir='ltr' id='par_1_28' title="bbox 233 1377 1024 1413">
     <span class='ocr_line' id='line_1_28' title="bbox 233 1377 1024 1413; baseline -0.005 -6"><span class='ocrx_word' id='word_1_201' title='bbox 233 1382 288 1408; x_wconf 76' lang='grc' dir='ltr'>τῶν</span> <span class='ocrx_word' id='word_1_202' title='bbox 302 1379 416 1407; x_wconf 86' lang='grc' dir='ltr'>είδώλων</span> <span class='ocrx_word' id='word_1_203' title='bbox 434 1379 582 1410; x_wconf 81' lang='grc' dir='ltr'>ἀσθενείας,</span> <span class='ocrx_word' id='word_1_204' title='bbox 598 1379 645 1404; x_wconf 79' lang='grc' dir='ltr'>καὶ</span> <span class='ocrx_word' id='word_1_205' title='bbox 660 1378 770 1411; x_wconf 73' lang='grc' dir='ltr'>ἔνδειξις</span> <span class='ocrx_word' id='word_1_206' title='bbox 780 1378 828 1413; x_wconf 78' lang='grc' dir='ltr'>τῆς</span> <span class='ocrx_word' id='word_1_207' title='bbox 838 1377 886 1404; x_wconf 84' lang='grc' dir='ltr'>τοῦ</span> <span class='ocrx_word' id='word_1_208' title='bbox 899 1377 966 1404; x_wconf 90' lang='grc' dir='ltr'>Θεοῦ</span> <span class='ocrx_word' id='word_1_209' title='bbox 981 1377 1024 1404; x_wconf 90' lang='grc' dir='ltr'>δυ-</span> 
     </span>
    </p>
   </div>
   <div class='ocr_carea' id='block_1_29' title="bbox 234 1421 1023 1460">
    <p class='ocr_par' dir='ltr' id='par_1_29' title="bbox 234 1421 1023 1460">
     <span class='ocr_line' id='line_1_29' title="bbox 234 1421 1023 1460; baseline -0.006 -8"><span class='ocrx_word' id='word_1_210' title='bbox 234 1426 351 1460; x_wconf 76' lang='grc' dir='ltr'>νάμεως.</span> <span class='ocrx_word' id='word_1_211' title='bbox 375 1423 509 1450; x_wconf 80' lang='grc' dir='ltr'>’Λπώλεια</span> <span class='ocrx_word' id='word_1_212' title='bbox 529 1422 699 1454; x_wconf 82' lang='grc' dir='ltr'>Βαϐυλῶνος,</span> <span class='ocrx_word' id='word_1_213' title='bbox 715 1422 762 1449; x_wconf 79' lang='grc' dir='ltr'>καὶ</span> <span class='ocrx_word' id='word_1_214' title='bbox 785 1423 835 1458; x_wconf 82' lang='grc' dir='ltr'>τῆς</span> <span class='ocrx_word' id='word_1_215' title='bbox 853 1421 1023 1456; x_wconf 85' lang='grc' dir='ltr'>σκληροκαρ-</span> 
     </span>
    </p>
   </div>
   <div class='ocr_carea' id='block_1_30' title="bbox 233 1465 1024 1502">
    <p class='ocr_par' dir='ltr' id='par_1_30' title="bbox 233 1465 1024 1502">
     <span class='ocr_line' id='line_1_30' title="bbox 233 1465 1024 1502; baseline -0.005 -7"><span class='ocrx_word' id='word_1_216' title='bbox 233 1469 292 1500; x_wconf 84' lang='grc' dir='ltr'>δίας</span> <span class='ocrx_word' id='word_1_217' title='bbox 324 1467 458 1495; x_wconf 77' lang='grc' dir='ltr'>Ἰουδαίων</span> <span class='ocrx_word' id='word_1_218' title='bbox 481 1467 601 1502; x_wconf 76' lang='grc' dir='ltr'>ἔλεγχος,</span> <span class='ocrx_word' id='word_1_219' title='bbox 626 1465 674 1492; x_wconf 79' lang='grc' dir='ltr'>καὶ</span> <span class='ocrx_word' id='word_1_220' title='bbox 701 1465 826 1501; x_wconf 82' lang='grc' dir='ltr'>χρηστῶν</span> <span class='ocrx_word' id='word_1_221' title='bbox 854 1465 1024 1500; x_wconf 70' lang='grc' dir='ltr'>πραγμάτων</span> 
     </span>
    </p>
   </div>
   <div class='ocr_carea' id='block_1_31' title="bbox 235 1508 1024 1548">
    <p class='ocr_par' dir='ltr' id='par_1_31' title="bbox 235 1508 1024 1548">
     <span class='ocr_line' id='line_1_31' title="bbox 235 1508 1024 1548; baseline -0.004 -10"><span class='ocrx_word' id='word_1_222' title='bbox 235 1511 398 1548; x_wconf 81' lang='grc' dir='ltr'>προφητεία.</span> <span class='ocrx_word' id='word_1_223' title='bbox 416 1511 484 1546; x_wconf 70' lang='grc' dir='ltr'>Περὶ</span> <span class='ocrx_word' id='word_1_224' title='bbox 499 1509 617 1546; x_wconf 77' lang='grc' dir='ltr'>Χριστοῦ</span> <span class='ocrx_word' id='word_1_225' title='bbox 628 1509 780 1545; x_wconf 80' lang='grc' dir='ltr'>προφητεία</span> <span class='ocrx_word' id='word_1_226' title='bbox 791 1508 838 1535; x_wconf 74' lang='grc' dir='ltr'>καὶ</span> <span class='ocrx_word' id='word_1_227' title='bbox 853 1509 1024 1545; x_wconf 80' lang='grc' dir='ltr'>παράκλησις</span> 
     </span>
    </p>
   </div>
   <div class='ocr_carea' id='block_1_32' title="bbox 240 1552 1023 1592">
    <p class='ocr_par' dir='ltr' id='par_1_32' title="bbox 240 1552 1023 1592">
     <span class='ocr_line' id='line_1_32' title="bbox 240 1552 1023 1592; baseline -0.005 -9"><span class='ocrx_word' id='word_1_228' title='bbox 240 1555 426 1592; x_wconf 82' lang='grc' dir='ltr'>Ἰερουσαλήμ.</span> <span class='ocrx_word' id='word_1_229' title='bbox 445 1554 512 1592; x_wconf 77' lang='grc' dir='ltr'>Περὶ</span> <span class='ocrx_word' id='word_1_230' title='bbox 523 1553 577 1580; x_wconf 82' lang='grc' dir='ltr'>τῶν</span> <span class='ocrx_word' id='word_1_231' title='bbox 591 1553 748 1580; x_wconf 83' lang='grc' dir='ltr'>ἀποστόλων</span> <span class='ocrx_word' id='word_1_232' title='bbox 763 1552 810 1580; x_wconf 65' lang='grc' dir='ltr'>καλ⁸</span> <span class='ocrx_word' id='word_1_233' title='bbox 824 1553 888 1588; x_wconf 76' lang='grc' dir='ltr'>περὶ</span> <span class='ocrx_word' id='word_1_234' title='bbox 904 1552 1023 1589; x_wconf 81' lang='grc' dir='ltr'>Χριστοῦ</span> 
     </span>
    </p>
   </div>
   <div class='ocr_carea' id='block_1_33' title="bbox 234 1596 1024 1636">
    <p class='ocr_par' dir='ltr' id='par_1_33' title="bbox 234 1596 1024 1636">
     <span class='ocr_line' id='line_1_33' title="bbox 234 1596 1024 1636; baseline -0.004 -10"><span class='ocrx_word' id='word_1_235' title='bbox 234 1599 396 1636; x_wconf 81' lang='grc' dir='ltr'>προφητεία.</span> <span class='ocrx_word' id='word_1_236' title='bbox 414 1599 480 1634; x_wconf 75' lang='grc' dir='ltr'>Περὶ</span> <span class='ocrx_word' id='word_1_237' title='bbox 499 1598 549 1632; x_wconf 79' lang='grc' dir='ltr'>τῆς</span> <span class='ocrx_word' id='word_1_238' title='bbox 565 1597 613 1624; x_wconf 85' lang='grc' dir='ltr'>τοῦ</span> <span class='ocrx_word' id='word_1_239' title='bbox 633 1596 751 1633; x_wconf 81' lang='grc' dir='ltr'>Χριστοῦ</span> <span class='ocrx_word' id='word_1_240' title='bbox 770 1597 840 1624; x_wconf 84' lang='grc' dir='ltr'>κατά</span> <span class='ocrx_word' id='word_1_241' title='bbox 856 1597 945 1632; x_wconf 84' lang='grc' dir='ltr'>σάρκα</span> <span class='ocrx_word' id='word_1_242' title='bbox 961 1605 1024 1631; x_wconf 88' lang='grc' dir='ltr'>γεν-</span> 
     </span>
    </p>
   </div>
   <div class='ocr_carea' id='block_1_34' title="bbox 234 1641 1024 1680">
    <p class='ocr_par' dir='ltr' id='par_1_34' title="bbox 234 1641 1024 1680">
     <span class='ocr_line' id='line_1_34' title="bbox 234 1641 1024 1680; baseline -0.006 -9"><span class='ocrx_word' id='word_1_243' title='bbox 234 1645 265 1680; x_wconf 87' lang='grc' dir='ltr'>νή</span> <span class='ocrx_word' id='word_1_244' title='bbox 271 1652 348 1676; x_wconf 80' lang='grc' dir='ltr'>σεως,</span> <span class='ocrx_word' id='word_1_245' title='bbox 366 1643 413 1669; x_wconf 76' lang='lat' dir='ltr'><strong>xal</strong></span> <span class='ocrx_word' id='word_1_246' title='bbox 426 1643 490 1677; x_wconf 83' lang='grc' dir='ltr'>περὶ</span> <span class='ocrx_word' id='word_1_247' title='bbox 504 1641 615 1673; x_wconf 78' lang='grc' dir='ltr'>πάθους,</span> <span class='ocrx_word' id='word_1_248' title='bbox 628 1642 676 1668; x_wconf 72' lang='grc' dir='ltr'>καὶ</span> <span class='ocrx_word' id='word_1_249' title='bbox 690 1641 876 1673; x_wconf 81' lang='grc' dir='ltr'>ἀναστάσεως,</span> <span class='ocrx_word' id='word_1_250' title='bbox 893 1641 940 1667; x_wconf 79' lang='grc' dir='ltr'>καὶ</span> <span class='ocrx_word' id='word_1_251' title='bbox 958 1641 1024 1676; x_wconf 66' lang='grc' dir='ltr'>πλήη</span> 
     </span>
    </p>
   </div>
   <div class='ocr_carea' id='block_1_35' title="bbox 233 1684 1023 1720">
    <p class='ocr_par' dir='ltr' id='par_1_35' title="bbox 233 1684 1023 1720">
     <span class='ocr_line' id='line_1_35' title="bbox 233 1684 1023 1720; baseline -0.004 -6"><span class='ocrx_word' id='word_1_252' title='bbox 233 1689 297 1719; x_wconf 87' lang='grc' dir='ltr'>θους</span> <span class='ocrx_word' id='word_1_253' title='bbox 311 1687 364 1714; x_wconf 81' lang='grc' dir='ltr'>τῶν</span> <span class='ocrx_word' id='word_1_254' title='bbox 381 1687 420 1718; x_wconf 84' lang='grc' dir='ltr'>είς</span> <span class='ocrx_word' id='word_1_255' title='bbox 435 1687 516 1714; x_wconf 76' lang='grc' dir='ltr'>αὑτὸν</span> <span class='ocrx_word' id='word_1_256' title='bbox 536 1686 727 1712; x_wconf 80' lang='grc' dir='ltr'>πιστευόντων.</span> <span class='ocrx_word' id='word_1_257' title='bbox 748 1686 817 1719; x_wconf 77' lang='grc' dir='ltr'>Περὶ</span> <span class='ocrx_word' id='word_1_258' title='bbox 835 1685 882 1711; x_wconf 90' lang='grc' dir='ltr'>τοῦ</span> <span class='ocrx_word' id='word_1_259' title='bbox 905 1684 1023 1720; x_wconf 85' lang='grc' dir='ltr'>Χριστοῦ</span> 
     </span>
    </p>
   </div>
   <div class='ocr_carea' id='block_1_36' title="bbox 233 1729 1024 1767">
    <p class='ocr_par' dir='ltr' id='par_1_36' title="bbox 233 1729 1024 1767">
     <span class='ocr_line' id='line_1_36' title="bbox 233 1729 1024 1767; baseline -0.004 -8"><span class='ocrx_word' id='word_1_260' title='bbox 233 1732 293 1767; x_wconf 80' lang='grc' dir='ltr'>ἃμα</span> <span class='ocrx_word' id='word_1_261' title='bbox 306 1731 353 1758; x_wconf 68' lang='grc' dir='ltr'>καὶ</span> <span class='ocrx_word' id='word_1_262' title='bbox 364 1731 428 1766; x_wconf 81' lang='grc' dir='ltr'>περὶ</span> <span class='ocrx_word' id='word_1_263' title='bbox 443 1729 518 1766; x_wconf 71' lang='lat'>[583]</span> <span class='ocrx_word' id='word_1_264' title='bbox 530 1730 577 1756; x_wconf 80' lang='grc' dir='ltr'>τοῦ</span> <span class='ocrx_word' id='word_1_265' title='bbox 598 1729 705 1765; x_wconf 82' lang='grc' dir='ltr'>Ἰσραὴλ</span> <span class='ocrx_word' id='word_1_266' title='bbox 719 1729 790 1756; x_wconf 80' lang='grc' dir='ltr'>κατὰ</span> <span class='ocrx_word' id='word_1_267' title='bbox 807 1729 938 1765; x_wconf 72' lang='grc' dir='ltr'>ἱστορίαν,</span> <span class='ocrx_word' id='word_1_268' title='bbox 953 1729 1024 1756; x_wconf 82' lang='grc' dir='ltr'>κατὰ</span> 
     </span>
    </p>
   </div>
   <div class='ocr_carea' id='block_1_37' title="bbox 233 1774 1024 1810">
    <p class='ocr_par' dir='ltr' id='par_1_37' title="bbox 233 1774 1024 1810">
     <span class='ocr_line' id='line_1_37' title="bbox 233 1774 1024 1810; baseline -0.004 -7"><span class='ocrx_word' id='word_1_269' title='bbox 233 1775 380 1810; x_wconf 80' lang='grc' dir='ltr'>ἀναγωγὴν</span> <span class='ocrx_word' id='word_1_270' title='bbox 395 1775 458 1810; x_wconf 76' lang='grc' dir='ltr'>περὶ</span> <span class='ocrx_word' id='word_1_271' title='bbox 474 1774 528 1801; x_wconf 89' lang='grc' dir='ltr'>τῶν</span> <span class='ocrx_word' id='word_1_272' title='bbox 539 1775 579 1805; x_wconf 79' lang='grc' dir='ltr'>εἰς</span> <span class='ocrx_word' id='word_1_273' title='bbox 595 1774 712 1809; x_wconf 70' lang='grc' dir='ltr'>Χριστὸν</span> <span class='ocrx_word' id='word_1_274' title='bbox 725 1774 916 1800; x_wconf 85' lang='grc' dir='ltr'>πιστευόντων.</span> <span class='ocrx_word' id='word_1_275' title='bbox 933 1774 1024 1810; x_wconf 88' lang='grc' dir='ltr'>Κατη-</span> 
     </span>
    </p>
   </div>
   <div class='ocr_carea' id='block_1_38' title="bbox 234 1817 1024 1855">
    <p class='ocr_par' dir='ltr' id='par_1_38' title="bbox 234 1817 1024 1855">
     <span class='ocr_line' id='line_1_38' title="bbox 234 1817 1024 1855; baseline -0.003 -9"><span class='ocrx_word' id='word_1_276' title='bbox 234 1821 314 1855; x_wconf 83' lang='grc' dir='ltr'>γορία</span> <span class='ocrx_word' id='word_1_277' title='bbox 335 1819 468 1846; x_wconf 80' lang='grc' dir='ltr'>Ἰουδαίων</span> <span class='ocrx_word' id='word_1_278' title='bbox 488 1817 708 1853; x_wconf 83' lang='grc' dir='ltr'>είδω).ολατρείας</span> <span class='ocrx_word' id='word_1_279' title='bbox 728 1818 831 1849; x_wconf 69' lang='grc' dir='ltr'>ἕνεκεν,</span> <span class='ocrx_word' id='word_1_280' title='bbox 852 1818 963 1854; x_wconf 77' lang='grc' dir='ltr'>καὶτῆς</span> <span class='ocrx_word' id='word_1_281' title='bbox 977 1827 1024 1853; x_wconf 74' lang='grc' dir='ltr'>νηο</span> 
     </span>
    </p>
   </div>
   <div class='ocr_carea' id='block_1_39' title="bbox 235 1861 1024 1898">
    <p class='ocr_par' dir='ltr' id='par_1_39' title="bbox 235 1861 1024 1898">
     <span class='ocr_line' id='line_1_39' title="bbox 235 1861 1024 1898; baseline -0.003 -8"><span class='ocrx_word' id='word_1_282' title='bbox 235 1864 327 1895; x_wconf 82' lang='grc' dir='ltr'>στείας</span> <span class='ocrx_word' id='word_1_283' title='bbox 345 1863 434 1890; x_wconf 83' lang='grc' dir='ltr'>αὐτῶν</span> <span class='ocrx_word' id='word_1_284' title='bbox 449 1862 625 1898; x_wconf 81' lang='grc' dir='ltr'>παραίτησις,</span> <span class='ocrx_word' id='word_1_285' title='bbox 642 1861 688 1888; x_wconf 66' lang='grc' dir='ltr'>καὶ</span> <span class='ocrx_word' id='word_1_286' title='bbox 706 1861 802 1896; x_wconf 76' lang='grc' dir='ltr'>ἑτέρας</span> <span class='ocrx_word' id='word_1_287' title='bbox 823 1862 949 1897; x_wconf 80' lang='grc' dir='ltr'>νηστείας</span> <span class='ocrx_word' id='word_1_288' title='bbox 963 1861 1024 1897; x_wconf 81' lang='grc' dir='ltr'>βελ-</span> 
     </span>
    </p>
   </div>
   <div class='ocr_carea' id='block_1_40' title="bbox 233 1904 1024 1941">
    <p class='ocr_par' dir='ltr' id='par_1_40' title="bbox 233 1904 1024 1941">
     <span class='ocr_line' id='line_1_40' title="bbox 233 1904 1024 1941; baseline -0.003 -6"><span class='ocrx_word' id='word_1_289' title='bbox 233 1908 320 1939; x_wconf 87' lang='grc' dir='ltr'>τίονος</span> <span class='ocrx_word' id='word_1_290' title='bbox 333 1906 478 1938; x_wconf 76' lang='grc' dir='ltr'>ὑπόδειξις.</span> <span class='ocrx_word' id='word_1_291' title='bbox 493 1904 560 1932; x_wconf 76' lang='grc' dir='ltr'>Εἶτα</span> <span class='ocrx_word' id='word_1_292' title='bbox 571 1905 723 1941; x_wconf 82' lang='grc' dir='ltr'>κατηγορία</span> <span class='ocrx_word' id='word_1_293' title='bbox 739 1905 793 1932; x_wconf 86' lang='grc' dir='ltr'>τῶν</span> <span class='ocrx_word' id='word_1_294' title='bbox 805 1906 861 1932; x_wconf 86' lang='grc' dir='ltr'>δολε</span> <span class='ocrx_word' id='word_1_295' title='bbox 867 1906 920 1941; x_wconf 85' lang='grc' dir='ltr'>ρῶν</span> <span class='ocrx_word' id='word_1_296' title='bbox 935 1906 1024 1933; x_wconf 79' lang='grc' dir='ltr'>αὐτῶν</span> 
     </span>
    </p>
   </div>
   <div class='ocr_carea' id='block_1_41' title="bbox 234 1949 1024 1987">
    <p class='ocr_par' dir='ltr' id='par_1_41' title="bbox 234 1949 1024 1987">
     <span class='ocr_line' id='line_1_41' title="bbox 234 1949 1024 1987; baseline -0.003 -9"><span class='ocrx_word' id='word_1_297' title='bbox 234 1952 322 1987; x_wconf 74' lang='grc' dir='ltr'>ἔργων</span> <span class='ocrx_word' id='word_1_298' title='bbox 340 1950 387 1977; x_wconf 73' lang='grc' dir='ltr'>καὶ</span> <span class='ocrx_word' id='word_1_299' title='bbox 399 1949 600 1986; x_wconf 78' lang='grc' dir='ltr'>βουλευμάτων,</span> <span class='ocrx_word' id='word_1_300' title='bbox 610 1949 661 1976; x_wconf 78' lang='grc' dir='ltr'>καὶ</span> <span class='ocrx_word' id='word_1_301' title='bbox 675 1950 828 1985; x_wconf 72' lang='grc' dir='ltr'>προφητεία</span> <span class='ocrx_word' id='word_1_302' title='bbox 841 1950 906 1985; x_wconf 77' lang='grc' dir='ltr'>περὶ</span> <span class='ocrx_word' id='word_1_303' title='bbox 917 1950 969 1976; x_wconf 85' lang='grc' dir='ltr'>τῶν</span> <span class='ocrx_word' id='word_1_304' title='bbox 984 1951 1024 1982; x_wconf 86' lang='grc' dir='ltr'>είς</span> 
     </span>
    </p>
   </div>
   <div class='ocr_carea' id='block_1_42' title="bbox 175 1994 1024 2033">
    <p class='ocr_par' dir='ltr' id='par_1_42' title="bbox 175 1994 1024 2033">
     <span class='ocr_line' id='line_1_42' title="bbox 175 1994 1024 2033; baseline -0.001 -11"><span class='ocrx_word' id='word_1_305' title='bbox 175 2022 181 2025; x_wconf 32' lang='grc' dir='ltr'><strong>μ</strong></span> <span class='ocrx_word' id='word_1_306' title='bbox 234 1995 351 2030; x_wconf 68' lang='grc' dir='ltr'>Χριστὸν</span> <span class='ocrx_word' id='word_1_307' title='bbox 368 1994 557 2021; x_wconf 78' lang='grc' dir='ltr'>πιστευόντων.</span> <span class='ocrx_word' id='word_1_308' title='bbox 576 1994 642 2029; x_wconf 77' lang='grc' dir='ltr'>Περὶ</span> <span class='ocrx_word' id='word_1_309' title='bbox 662 1994 781 2029; x_wconf 86' lang='grc' dir='ltr'>Χριστοῦ</span> <span class='ocrx_word' id='word_1_310' title='bbox 798 1995 960 2033; x_wconf 74' lang='grc' dir='ltr'>προφητεία,</span> <span class='ocrx_word' id='word_1_311' title='bbox 978 1995 1024 2021; x_wconf 81' lang='grc' dir='ltr'>καὶ</span> 
     </span>
    </p>
   </div>
   <div class='ocr_carea' id='block_1_43' title="bbox 235 2037 1024 2075">
    <p class='ocr_par' dir='ltr' id='par_1_43' title="bbox 235 2037 1024 2075">
     <span class='ocr_line' id='line_1_43' title="bbox 235 2037 1024 2075; baseline -0.003 -9"><span class='ocrx_word' id='word_1_312' title='bbox 235 2039 299 2075; x_wconf 72' lang='grc' dir='ltr'>περὶ</span> <span class='ocrx_word' id='word_1_313' title='bbox 312 2039 365 2065; x_wconf 91' lang='grc' dir='ltr'>τῶν</span> <span class='ocrx_word' id='word_1_314' title='bbox 380 2038 476 2065; x_wconf 82' lang='grc' dir='ltr'>ίάσεων</span> <span class='ocrx_word' id='word_1_315' title='bbox 489 2037 543 2064; x_wconf 85' lang='grc' dir='ltr'>τῶν</span> <span class='ocrx_word' id='word_1_316' title='bbox 556 2038 595 2069; x_wconf 88' lang='grc' dir='ltr'>είς</span> <span class='ocrx_word' id='word_1_317' title='bbox 607 2037 695 2073; x_wconf 61' lang='grc' dir='ltr'>ψυχὴν</span> <span class='ocrx_word' id='word_1_318' title='bbox 707 2038 753 2065; x_wconf 76' lang='grc' dir='ltr'>καὶ</span> <span class='ocrx_word' id='word_1_319' title='bbox 767 2039 806 2069; x_wconf 86' lang='grc' dir='ltr'>εἰς</span> <span class='ocrx_word' id='word_1_320' title='bbox 821 2038 899 2073; x_wconf 86' lang='grc' dir='ltr'>σῶμα</span> <span class='ocrx_word' id='word_1_321' title='bbox 912 2038 1024 2074; x_wconf 77' lang='grc' dir='ltr'>γενομέ-</span> 
     </span>
    </p>
   </div>
   <div class='ocr_carea' id='block_1_44' title="bbox 233 2081 1024 2118">
    <p class='ocr_par' dir='ltr' id='par_1_44' title="bbox 233 2081 1024 2118">
     <span class='ocr_line' id='line_1_44' title="bbox 233 2081 1024 2118; baseline 0 -9"><span class='ocrx_word' id='word_1_322' title='bbox 233 2092 287 2110; x_wconf 88' lang='grc' dir='ltr'>νων</span> <span class='ocrx_word' id='word_1_323' title='bbox 303 2083 348 2109; x_wconf 85' lang='grc' dir='ltr'>ὑπ’</span> <span class='ocrx_word' id='word_1_324' title='bbox 363 2081 454 2114; x_wconf 77' lang='grc' dir='ltr'>αὐτοῦ,</span> <span class='ocrx_word' id='word_1_325' title='bbox 469 2081 517 2108; x_wconf 79' lang='grc' dir='ltr'>καὶ</span> <span class='ocrx_word' id='word_1_326' title='bbox 529 2081 594 2116; x_wconf 81' lang='grc' dir='ltr'>περὶ</span> <span class='ocrx_word' id='word_1_327' title='bbox 605 2081 658 2107; x_wconf 83' lang='grc' dir='ltr'>τῶν</span> <span class='ocrx_word' id='word_1_328' title='bbox 670 2081 825 2108; x_wconf 79' lang='grc' dir='ltr'>ἀποστόλων</span> <span class='ocrx_word' id='word_1_329' title='bbox 838 2082 884 2108; x_wconf 79' lang='grc' dir='ltr'>καὶ</span> <span class='ocrx_word' id='word_1_330' title='bbox 898 2083 960 2118; x_wconf 82' lang='grc' dir='ltr'>περὶ</span> <span class='ocrx_word' id='word_1_331' title='bbox 971 2082 1024 2109; x_wconf 87' lang='grc' dir='ltr'>τῶν</span> 
     </span>
    </p>
   </div>
   <div class='ocr_carea' id='block_1_45' title="bbox 233 2124 1025 2160">
    <p class='ocr_par' dir='ltr' id='par_1_45' title="bbox 233 2124 1025 2160">
     <span class='ocr_line' id='line_1_45' title="bbox 233 2124 1025 2160; baseline -0.001 -7"><span class='ocrx_word' id='word_1_332' title='bbox 233 2126 333 2153; x_wconf 85' lang='grc' dir='ltr'>λοιπῶν</span> <span class='ocrx_word' id='word_1_333' title='bbox 344 2125 397 2152; x_wconf 84' lang='grc' dir='ltr'>τῶν</span> <span class='ocrx_word' id='word_1_334' title='bbox 409 2125 590 2151; x_wconf 84' lang='grc' dir='ltr'>πιστευόντων</span> <span class='ocrx_word' id='word_1_335' title='bbox 604 2124 688 2160; x_wconf 77' lang='grc' dir='ltr'>αὐτῷ.</span> <span class='ocrx_word' id='word_1_336' title='bbox 704 2125 771 2160; x_wconf 72' lang='grc' dir='ltr'>Περὶ</span> <span class='ocrx_word' id='word_1_337' title='bbox 784 2124 831 2152; x_wconf 89' lang='grc' dir='ltr'>τοῦ</span> <span class='ocrx_word' id='word_1_338' title='bbox 843 2125 955 2157; x_wconf 87' lang='grc' dir='ltr'>πάθους.</span> <span class='ocrx_word' id='word_1_339' title='bbox 970 2126 1025 2153; x_wconf 80' lang='grc' dir='ltr'>Καὶ</span> 
     </span>
    </p>
   </div>
   <div class='ocr_carea' id='block_1_46' title="bbox 234 2168 1025 2207">
    <p class='ocr_par' dir='ltr' id='par_1_46' title="bbox 234 2168 1025 2207">
     <span class='ocr_line' id='line_1_46' title="bbox 234 2168 1025 2207; baseline -0.001 -10"><span class='ocrx_word' id='word_1_340' title='bbox 234 2171 310 2207; x_wconf 79' lang='grc' dir='ltr'>παρά</span> <span class='ocrx_word' id='word_1_341' title='bbox 323 2169 369 2197; x_wconf 79' lang='grc' dir='ltr'>τοῦ</span> <span class='ocrx_word' id='word_1_342' title='bbox 388 2170 538 2205; x_wconf 85' lang='grc' dir='ltr'>προφήτου,</span> <span class='ocrx_word' id='word_1_343' title='bbox 554 2169 592 2200; x_wconf 82' lang='grc' dir='ltr'>ὡς</span> <span class='ocrx_word' id='word_1_344' title='bbox 607 2169 682 2204; x_wconf 79' lang='grc' dir='ltr'>παρὰ</span> <span class='ocrx_word' id='word_1_345' title='bbox 699 2168 746 2195; x_wconf 88' lang='grc' dir='ltr'>τοῦ</span> <span class='ocrx_word' id='word_1_346' title='bbox 764 2169 839 2202; x_wconf 81' lang='grc' dir='ltr'>λαοῦ,</span> <span class='ocrx_word' id='word_1_347' title='bbox 863 2169 1025 2206; x_wconf 75' lang='grc' dir='ltr'>ἐξομολόγη-</span> 
     </span>
    </p>
   </div>
   <div class='ocr_carea' id='block_1_47' title="bbox 235 2212 1024 2249">
    <p class='ocr_par' dir='ltr' id='par_1_47' title="bbox 235 2212 1024 2249">
     <span class='ocr_line' id='line_1_47' title="bbox 235 2212 1024 2249; baseline -0.003 -7"><span class='ocrx_word' id='word_1_348' title='bbox 235 2225 286 2246; x_wconf 78' lang='grc' dir='ltr'>σις,</span> <span class='ocrx_word' id='word_1_349' title='bbox 303 2214 350 2242; x_wconf 77' lang='grc' dir='ltr'>καὶ</span> <span class='ocrx_word' id='word_1_350' title='bbox 365 2213 440 2249; x_wconf 77' lang='grc' dir='ltr'>παρὰ</span> <span class='ocrx_word' id='word_1_351' title='bbox 452 2212 498 2239; x_wconf 89' lang='grc' dir='ltr'>τοῦ</span> <span class='ocrx_word' id='word_1_352' title='bbox 513 2213 617 2248; x_wconf 83' lang='grc' dir='ltr'>Κυρίου</span> <span class='ocrx_word' id='word_1_353' title='bbox 631 2212 741 2248; x_wconf 74' lang='grc' dir='ltr'>ἔλεγχος</span> <span class='ocrx_word' id='word_1_354' title='bbox 751 2212 862 2240; x_wconf 80' lang='grc' dir='ltr'>ἐκείνων</span> <span class='ocrx_word' id='word_1_355' title='bbox 873 2214 1024 2247; x_wconf 85' lang='grc' dir='ltr'>ἀπειθείας,</span> 
     </span>
    </p>
   </div>
   <div class='ocr_carea' id='block_1_48' title="bbox 233 2255 1024 2294">
    <p class='ocr_par' dir='ltr' id='par_1_48' title="bbox 233 2255 1024 2294">
     <span class='ocr_line' id='line_1_48' title="bbox 233 2255 1024 2294; baseline -0.003 -8"><span class='ocrx_word' id='word_1_356' title='bbox 233 2259 282 2286; x_wconf 78' lang='grc' dir='ltr'>καὶ</span> <span class='ocrx_word' id='word_1_357' title='bbox 296 2257 446 2294; x_wconf 81' lang='grc' dir='ltr'>πρόσληψις</span> <span class='ocrx_word' id='word_1_358' title='bbox 458 2257 512 2283; x_wconf 84' lang='grc' dir='ltr'>τῶν</span> <span class='ocrx_word' id='word_1_359' title='bbox 522 2256 703 2283; x_wconf 83' lang='grc' dir='ltr'>πιστευόντων</span> <span class='ocrx_word' id='word_1_360' title='bbox 716 2255 801 2291; x_wconf 82' lang='grc' dir='ltr'>αὐτῷ,</span> <span class='ocrx_word' id='word_1_361' title='bbox 815 2257 862 2283; x_wconf 78' lang='grc' dir='ltr'>καὶ</span> <span class='ocrx_word' id='word_1_362' title='bbox 875 2258 1024 2292; x_wconf 72' lang='grc' dir='ltr'>κατηγορία</span> 
     </span>
    </p>
   </div>
   <div class='ocr_carea' id='block_1_49' title="bbox 233 2300 1025 2338">
    <p class='ocr_par' dir='ltr' id='par_1_49' title="bbox 233 2300 1025 2338">
     <span class='ocr_line' id='line_1_49' title="bbox 233 2300 1025 2338; baseline -0.001 -9"><span class='ocrx_word' id='word_1_363' title='bbox 233 2303 283 2338; x_wconf 80' lang='grc' dir='ltr'>τῆς</span> <span class='ocrx_word' id='word_1_364' title='bbox 300 2301 434 2329; x_wconf 79' lang='grc' dir='ltr'>Ἰουδαίων</span> <span class='ocrx_word' id='word_1_365' title='bbox 449 2300 592 2327; x_wconf 83' lang='grc' dir='ltr'>είδωλολατ</span> <span class='ocrx_word' id='word_1_366' title='bbox 597 2300 680 2335; x_wconf 87' lang='grc' dir='ltr'>ρείας.</span> <span class='ocrx_word' id='word_1_367' title='bbox 697 2300 765 2334; x_wconf 74' lang='grc' dir='ltr'>Περὶ</span> <span class='ocrx_word' id='word_1_368' title='bbox 773 2300 828 2326; x_wconf 88' lang='grc' dir='ltr'>τῶν</span> <span class='ocrx_word' id='word_1_369' title='bbox 841 2301 1025 2328; x_wconf 78' lang='grc' dir='ltr'>πιστευόντων</span> 
     </span>
    </p>
   </div>
   <div class='ocr_carea' id='block_1_50' title="bbox 235 2343 1023 2379">
    <p class='ocr_par' dir='ltr' id='par_1_50' title="bbox 235 2343 1023 2379">
     <span class='ocr_line' id='line_1_50' title="bbox 235 2343 1023 2379; baseline -0.003 -7"><span class='ocrx_word' id='word_1_370' title='bbox 235 2347 264 2379; x_wconf 70' lang='grc' dir='ltr'>ἐξ</span> <span class='ocrx_word' id='word_1_371' title='bbox 287 2345 419 2372; x_wconf 87' lang='grc' dir='ltr'>Ἰουδαίων</span> <span class='ocrx_word' id='word_1_372' title='bbox 437 2345 477 2376; x_wconf 88' lang='grc' dir='ltr'>είς</span> <span class='ocrx_word' id='word_1_373' title='bbox 495 2344 542 2370; x_wconf 79' lang='grc' dir='ltr'>τὸν</span> <span class='ocrx_word' id='word_1_374' title='bbox 561 2344 664 2379; x_wconf 80' lang='grc' dir='ltr'>Κύριον</span> <span class='ocrx_word' id='word_1_375' title='bbox 680 2343 758 2378; x_wconf 83' lang='grc' dir='ltr'>ἡμῶν</span> <span class='ocrx_word' id='word_1_376' title='bbox 779 2344 882 2378; x_wconf 76' lang='grc' dir='ltr'>Ἰησοῦν</span> <span class='ocrx_word' id='word_1_377' title='bbox 897 2344 1023 2379; x_wconf 76' lang='grc' dir='ltr'>Χριστόν,</span> 
     </span>
    </p>
   </div>
   <div class='ocr_carea' id='block_1_51' title="bbox 235 2388 1025 2425">
    <p class='ocr_par' dir='ltr' id='par_1_51' title="bbox 235 2388 1025 2425">
     <span class='ocr_line' id='line_1_51' title="bbox 235 2388 1025 2425; baseline -0.003 -9"><span class='ocrx_word' id='word_1_378' title='bbox 235 2390 392 2425; x_wconf 75' lang='grc' dir='ltr'>Κατηγορία</span> <span class='ocrx_word' id='word_1_379' title='bbox 406 2389 460 2416; x_wconf 90' lang='grc' dir='ltr'>τῶν</span> <span class='ocrx_word' id='word_1_380' title='bbox 487 2388 693 2423; x_wconf 77' lang='grc' dir='ltr'>ἀπειθησάντων</span> <span class='ocrx_word' id='word_1_381' title='bbox 716 2389 779 2423; x_wconf 81' lang='grc' dir='ltr'>περὶ</span> <span class='ocrx_word' id='word_1_382' title='bbox 802 2389 852 2424; x_wconf 84' lang='grc' dir='ltr'>τῆς</span> <span class='ocrx_word' id='word_1_383' title='bbox 875 2388 1025 2424; x_wconf 86' lang='grc' dir='ltr'>μελλούσης</span> 
     </span>
    </p>
   </div>
   <div class='ocr_carea' id='block_1_52' title="bbox 236 2433 320 2469">
    <p class='ocr_par' dir='ltr' id='par_1_52' title="bbox 236 2433 320 2469">
     <span class='ocr_line' id='line_1_52' title="bbox 236 2433 320 2469; baseline 0 -9"><span class='ocrx_word' id='word_1_384' title='bbox 236 2433 320 2469; x_wconf 76' lang='grc' dir='ltr'>ζωῆς.</span> 
     </span>
    </p>
   </div>
   <div class='ocr_carea' id='block_1_53' title="bbox 258 2502 991 2538">
    <p class='ocr_par' dir='ltr' id='par_1_53' title="bbox 258 2502 991 2538">
     <span class='ocr_line' id='line_1_53' title="bbox 258 2502 991 2538; baseline -0.001 -7"><span class='ocrx_word' id='word_1_385' title='bbox 258 2503 391 2538; x_wconf 68' lang='grc' dir='ltr'>Σύνοψις</span> <span class='ocrx_word' id='word_1_386' title='bbox 408 2502 465 2530; x_wconf 87' lang='grc' dir='ltr'>τῶν</span> <span class='ocrx_word' id='word_1_387' title='bbox 477 2502 515 2535; x_wconf 86' lang='grc' dir='ltr'>τῷ</span> <span class='ocrx_word' id='word_1_388' title='bbox 530 2503 670 2538; x_wconf 62' lang='grc' dir='ltr'>προφήτῃ</span> <span class='ocrx_word' id='word_1_389' title='bbox 686 2502 809 2537; x_wconf 74' lang='grc' dir='ltr'>Ἱερεμίᾳ</span> <span class='ocrx_word' id='word_1_390' title='bbox 820 2502 991 2537; x_wconf 76' lang='grc' dir='ltr'>εἰρημένων.</span> 
     </span>
    </p>
   </div>
   <div class='ocr_carea' id='block_1_54' title="bbox 271 2563 1025 2600">
    <p class='ocr_par' dir='ltr' id='par_1_54' title="bbox 271 2563 1025 2600">
     <span class='ocr_line' id='line_1_54' title="bbox 271 2563 1025 2600; baseline 0 -10"><span class='ocrx_word' id='word_1_391' title='bbox 271 2563 475 2600; x_wconf 84' lang='grc' dir='ltr'>Προαγόρευσις</span> <span class='ocrx_word' id='word_1_392' title='bbox 486 2564 539 2590; x_wconf 93' lang='grc' dir='ltr'>τῶν</span> <span class='ocrx_word' id='word_1_393' title='bbox 551 2563 688 2599; x_wconf 74' lang='grc' dir='ltr'>ἐσομένων</span> <span class='ocrx_word' id='word_1_394' title='bbox 699 2563 791 2591; x_wconf 82' lang='grc' dir='ltr'>κακῶν</span> <span class='ocrx_word' id='word_1_395' title='bbox 799 2563 839 2598; x_wconf 85' lang='grc' dir='ltr'>τῷ</span> <span class='ocrx_word' id='word_1_396' title='bbox 857 2563 961 2600; x_wconf 85' lang='grc' dir='ltr'>Ἰσραὴλ</span> <span class='ocrx_word' id='word_1_397' title='bbox 973 2564 1025 2590; x_wconf 82' lang='grc' dir='ltr'>ὑπὸ</span> 
     </span>
    </p>
   </div>
   <div class='ocr_carea' id='block_1_55' title="bbox 235 2599 1025 2642">
    <p class='ocr_par' dir='ltr' id='par_1_55' title="bbox 235 2599 1025 2642">
     <span class='ocr_line' id='line_1_55' title="bbox 235 2599 1025 2642; baseline 0.001 -9"><span class='ocrx_word' id='word_1_398' title='bbox 235 2607 282 2634; x_wconf 79' lang='grc' dir='ltr'>τοῦ</span> <span class='ocrx_word' id='word_1_399' title='bbox 311 2607 555 2642; x_wconf 82' lang='grc' dir='ltr'>Ναϐουχοδονόσορ.</span> <span class='ocrx_word' id='word_1_400' title='bbox 577 2605 708 2642; x_wconf 75' lang='grc' dir='ltr'>Ἔλεγχος</span> <span class='ocrx_word' id='word_1_401' title='bbox 732 2608 782 2642; x_wconf 82' lang='grc' dir='ltr'>τῆς</span> <span class='ocrx_word' id='word_1_402' title='bbox 805 2599 1025 2642; x_wconf 78' lang='grc' dir='ltr'>είδωλολατρείας</span> 
     </span>
    </p>
   </div>
   <div class='ocr_carea' id='block_1_56' title="bbox 235 2650 1025 2687">
    <p class='ocr_par' dir='ltr' id='par_1_56' title="bbox 235 2650 1025 2687">
     <span class='ocr_line' id='line_1_56' title="bbox 235 2650 1025 2687; baseline 0 -10"><span class='ocrx_word' id='word_1_403' title='bbox 235 2651 282 2677; x_wconf 86' lang='grc' dir='ltr'>τοῦ</span> <span class='ocrx_word' id='word_1_404' title='bbox 309 2650 427 2686; x_wconf 79' lang='grc' dir='ltr'>Ἰσραὴλ,</span> <span class='ocrx_word' id='word_1_405' title='bbox 440 2651 487 2677; x_wconf 73' lang='grc' dir='ltr'>καὶ</span> <span class='ocrx_word' id='word_1_406' title='bbox 500 2651 653 2686; x_wconf 79' lang='grc' dir='ltr'>ὑπόμνησις</span> <span class='ocrx_word' id='word_1_407' title='bbox 667 2651 715 2686; x_wconf 87' lang='grc' dir='ltr'>τῆς</span> <span class='ocrx_word' id='word_1_408' title='bbox 727 2651 773 2678; x_wconf 91' lang='grc' dir='ltr'>τοῦ</span> <span class='ocrx_word' id='word_1_409' title='bbox 783 2651 850 2677; x_wconf 82' lang='grc' dir='ltr'>Θεοῦ</span> <span class='ocrx_word' id='word_1_410' title='bbox 866 2651 1025 2687; x_wconf 83' lang='grc' dir='ltr'>εὐεργεσίας</span> 
     </span>
    </p>
   </div>
   <div class='ocr_carea' id='block_1_57' title="bbox 237 2694 1026 2727">
    <p class='ocr_par' dir='ltr' id='par_1_57' title="bbox 237 2694 1026 2727">
     <span class='ocr_line' id='line_1_57' title="bbox 237 2694 1026 2727; baseline 0 -6"><span class='ocrx_word' id='word_1_411' title='bbox 237 2695 276 2726; x_wconf 89' lang='grc' dir='ltr'>εἰς</span> <span class='ocrx_word' id='word_1_412' title='bbox 291 2694 399 2727; x_wconf 75' lang='grc' dir='ltr'>αὐτοὺς,</span> <span class='ocrx_word' id='word_1_413' title='bbox 418 2695 465 2721; x_wconf 77' lang='grc' dir='ltr'>καὶ</span> <span class='ocrx_word' id='word_1_414' title='bbox 479 2695 533 2721; x_wconf 82' lang='grc' dir='ltr'>τῶν</span> <span class='ocrx_word' id='word_1_415' title='bbox 545 2695 648 2727; x_wconf 82' lang='grc' dir='ltr'>κακῶν,</span> <span class='ocrx_word' id='word_1_416' title='bbox 663 2695 680 2721; x_wconf 78' lang='grc' dir='ltr'>ἃ</span> <span class='ocrx_word' id='word_1_417' title='bbox 698 2695 730 2721; x_wconf 82' lang='grc' dir='ltr'>ὲκ</span> <span class='ocrx_word' id='word_1_418' title='bbox 741 2694 787 2721; x_wconf 86' lang='grc' dir='ltr'>τοῦ</span> <span class='ocrx_word' id='word_1_419' title='bbox 810 2695 967 2721; x_wconf 84' lang='grc' dir='ltr'>πεποιθέναι</span> <span class='ocrx_word' id='word_1_420' title='bbox 978 2695 1026 2721; x_wconf 82' lang='grc' dir='ltr'>Αί-</span> 
     </span>
    </p>
   </div>
   <div class='ocr_carea' id='block_1_58' title="bbox 237 2739 1024 2774">
    <p class='ocr_par' dir='ltr' id='par_1_58' title="bbox 237 2739 1024 2774">
     <span class='ocr_line' id='line_1_58' title="bbox 237 2739 1024 2774; baseline 0 -10"><span class='ocrx_word' id='word_1_421' title='bbox 237 2739 361 2772; x_wconf 86' lang='grc' dir='ltr'>γυπτίοις</span> <span class='ocrx_word' id='word_1_422' title='bbox 390 2739 549 2774; x_wconf 82' lang='grc' dir='ltr'>ὑπέμειναν.</span> <span class='ocrx_word' id='word_1_423' title='bbox 578 2739 634 2774; x_wconf 82' lang='grc' dir='ltr'>Τῆς</span> <span class='ocrx_word' id='word_1_424' title='bbox 663 2739 718 2766; x_wconf 85' lang='grc' dir='ltr'>τῶν</span> <span class='ocrx_word' id='word_1_425' title='bbox 742 2739 858 2766; x_wconf 84' lang='grc' dir='ltr'>είδώλων</span> <span class='ocrx_word' id='word_1_426' title='bbox 883 2739 1024 2770; x_wconf 83' lang='grc' dir='ltr'>ἀσθενείας</span> 
     </span>
    </p>
   </div>
   <div class='ocr_carea' id='block_1_59' title="bbox 237 2782 1024 2818">
    <p class='ocr_par' dir='ltr' id='par_1_59' title="bbox 237 2782 1024 2818">
     <span class='ocr_line' id='line_1_59' title="bbox 237 2782 1024 2818; baseline 0 -10"><span class='ocrx_word' id='word_1_427' title='bbox 237 2782 357 2817; x_wconf 73' lang='grc' dir='ltr'>ἐλεγχος,</span> <span class='ocrx_word' id='word_1_428' title='bbox 369 2783 416 2809; x_wconf 75' lang='grc' dir='ltr'>καὶ</span> <span class='ocrx_word' id='word_1_429' title='bbox 427 2783 476 2818; x_wconf 84' lang='grc' dir='ltr'>τῆς</span> <span class='ocrx_word' id='word_1_430' title='bbox 491 2783 579 2809; x_wconf 78' lang='grc' dir='ltr'>αὐτῶν</span> <span class='ocrx_word' id='word_1_431' title='bbox 593 2783 647 2809; x_wconf 86' lang='grc' dir='ltr'>τῶν</span> <span class='ocrx_word' id='word_1_432' title='bbox 666 2783 840 2818; x_wconf 78' lang='grc' dir='ltr'>Ἰσραηλιτῶν</span> <span class='ocrx_word' id='word_1_433' title='bbox 851 2782 1024 2818; x_wconf 86' lang='grc' dir='ltr'>ἀνθρωποθυ-</span> 
     </span>
    </p>
   </div>
   <div class='ocr_carea' id='block_1_60' title="bbox 239 2826 1025 2862">
    <p class='ocr_par' dir='ltr' id='par_1_60' title="bbox 239 2826 1025 2862">
     <span class='ocr_line' id='line_1_60' title="bbox 239 2826 1025 2862; baseline 0.001 -10"><span class='ocrx_word' id='word_1_434' title='bbox 239 2826 299 2858; x_wconf 78' lang='grc' dir='ltr'>σίας</span> <span class='ocrx_word' id='word_1_435' title='bbox 325 2827 486 2862; x_wconf 83' lang='grc' dir='ltr'>κατηγορία.</span> <span class='ocrx_word' id='word_1_436' title='bbox 509 2827 561 2854; x_wconf 71' lang='grc' dir='ltr'>Τοῦ</span> <span class='ocrx_word' id='word_1_437' title='bbox 583 2827 689 2862; x_wconf 80' lang='grc' dir='ltr'>Ἰσραὴλ</span> <span class='ocrx_word' id='word_1_438' title='bbox 715 2827 875 2862; x_wconf 82' lang='grc' dir='ltr'>κατηγορία,</span> <span class='ocrx_word' id='word_1_439' title='bbox 901 2827 947 2853; x_wconf 77' lang='grc' dir='ltr'>καὶ</span> <span class='ocrx_word' id='word_1_440' title='bbox 971 2827 1025 2853; x_wconf 78' lang='grc' dir='ltr'>ἀπὸ</span> 
     </span>
    </p>
   </div>
   <div class='ocr_carea' id='block_1_61' title="bbox 239 2870 1025 2907">
    <p class='ocr_par' dir='ltr' id='par_1_61' title="bbox 239 2870 1025 2907">
     <span class='ocr_line' id='line_1_61' title="bbox 239 2870 1025 2907; baseline 0.003 -11"><span class='ocrx_word' id='word_1_441' title='bbox 239 2871 406 2906; x_wconf 82' lang='grc' dir='ltr'>συγκρίσεως</span> <span class='ocrx_word' id='word_1_442' title='bbox 423 2872 472 2907; x_wconf 83' lang='grc' dir='ltr'>τῆς</span> <span class='ocrx_word' id='word_1_443' title='bbox 489 2872 556 2907; x_wconf 67' lang='grc' dir='ltr'>πρὸς</span> <span class='ocrx_word' id='word_1_444' title='bbox 575 2872 655 2898; x_wconf 76' lang='grc' dir='ltr'>αὐτὸν</span> <span class='ocrx_word' id='word_1_445' title='bbox 672 2870 785 2905; x_wconf 75' lang='grc' dir='ltr'>αὒξησις</span> <span class='ocrx_word' id='word_1_446' title='bbox 801 2870 855 2897; x_wconf 75' lang='grc' dir='ltr'>τῶν</span> <span class='ocrx_word' id='word_1_447' title='bbox 873 2871 920 2897; x_wconf 87' lang='grc' dir='ltr'>τοῦ</span> <span class='ocrx_word' id='word_1_448' title='bbox 940 2871 1025 2898; x_wconf 77' lang='grc' dir='ltr'>Ἰούδα</span> 
     </span>
    </p>
   </div>
   <div class='ocr_carea' id='block_1_62' title="bbox 240 2913 1023 2952">
    <p class='ocr_par' dir='ltr' id='par_1_62' title="bbox 240 2913 1023 2952">
     <span class='ocr_line' id='line_1_62' title="bbox 240 2913 1023 2952; baseline 0.005 -13"><span class='ocrx_word' id='word_1_449' title='bbox 240 2913 420 2951; x_wconf 73' lang='grc' dir='ltr'>τολμημάτων</span> <span class='ocrx_word' id='word_1_450' title='bbox 433 2925 439 2931; x_wconf 86' lang='grc'>·</span> <span class='ocrx_word' id='word_1_451' title='bbox 450 2916 494 2943; x_wconf 75' lang='grc' dir='ltr'>καὶ</span> <span class='ocrx_word' id='word_1_452' title='bbox 506 2916 702 2951; x_wconf 67' lang='grc' dir='ltr'>προαγόρευςις</span> <span class='ocrx_word' id='word_1_453' title='bbox 714 2915 838 2950; x_wconf 83' lang='grc' dir='ltr'>χρηστῶν</span> <span class='ocrx_word' id='word_1_454' title='bbox 849 2914 887 2950; x_wconf 81' lang='grc' dir='ltr'>τῷ</span> <span class='ocrx_word' id='word_1_455' title='bbox 907 2915 1023 2952; x_wconf 65' lang='grc' dir='ltr'>Ἰσραὴλ,</span> 
     </span>
    </p>
   </div>
   <div class='ocr_carea' id='block_1_63' title="bbox 582 179 1519 212">
    <p class='ocr_par' dir='ltr' id='par_1_63' title="bbox 582 179 1519 212">
     <span class='ocr_line' id='line_1_63' title="bbox 582 179 1519 212; baseline -0.003 0"><span class='ocrx_word' id='word_1_456' title='bbox 582 185 610 212; x_wconf 90' lang='lat' dir='ltr'>S.</span> <span class='ocrx_word' id='word_1_457' title='bbox 631 181 773 211; x_wconf 72' lang='lat' dir='ltr'>JUANMS</span> <span class='ocrx_word' id='word_1_458' title='bbox 791 179 1040 209; x_wconf 76' lang='lat' dir='ltr'>CHRYSOSTOMI</span> <span class='ocrx_word' id='word_1_459' title='bbox 1058 180 1223 209; x_wconf 75' lang='lat' dir='ltr'>ARCHlEP.</span> <span class='ocrx_word' id='word_1_460' title='bbox 1243 180 1519 210; x_wconf 67' lang='lat' dir='ltr'>CONSTANTINOP.</span> 
     </span>
    </p>
   </div>
   <div class='ocr_carea' id='block_1_64' title="bbox 1816 180 1869 210">
    <p class='ocr_par' dir='ltr' id='par_1_64' title="bbox 1816 180 1869 210">
     <span class='ocr_line' id='line_1_64' title="bbox 1816 180 1869 210; baseline 0 0"><span class='ocrx_word' id='word_1_461' title='bbox 1816 180 1869 210; x_wconf 75' lang='grc'>378</span> 
     </span>
    </p>
   </div>
   <div class='ocr_carea' id='block_1_65' title="bbox 1079 239 1870 276">
    <p class='ocr_par' dir='ltr' id='par_1_65' title="bbox 1079 239 1870 276">
     <span class='ocr_line' id='line_1_65' title="bbox 1079 239 1870 276; baseline 0 -10"><span class='ocrx_word' id='word_1_462' title='bbox 1079 241 1103 266; x_wconf 86' lang='grc' dir='ltr'>εί</span> <span class='ocrx_word' id='word_1_463' title='bbox 1119 239 1277 276; x_wconf 73' lang='grc' dir='ltr'>ἐπιστρέψει</span> <span class='ocrx_word' id='word_1_464' title='bbox 1294 240 1362 276; x_wconf 73' lang='grc' dir='ltr'>πρὸς</span> <span class='ocrx_word' id='word_1_465' title='bbox 1374 240 1419 267; x_wconf 81' lang='grc' dir='ltr'>τὸν</span> <span class='ocrx_word' id='word_1_466' title='bbox 1433 241 1514 268; x_wconf 90' lang='grc' dir='ltr'>Θεόν·</span> <span class='ocrx_word' id='word_1_467' title='bbox 1532 240 1579 267; x_wconf 78' lang='grc' dir='ltr'>καὶ</span> <span class='ocrx_word' id='word_1_468' title='bbox 1591 240 1644 267; x_wconf 75' lang='grc' dir='ltr'>ὑπὸ</span> <span class='ocrx_word' id='word_1_469' title='bbox 1659 239 1705 266; x_wconf 90' lang='grc' dir='ltr'>τοῦ</span> <span class='ocrx_word' id='word_1_470' title='bbox 1719 241 1870 275; x_wconf 78' lang='grc' dir='ltr'>προφήτου,</span> 
     </span>
    </p>
   </div>
   <div class='ocr_carea' id='block_1_66' title="bbox 1078 283 1870 320">
    <p class='ocr_par' dir='ltr' id='par_1_66' title="bbox 1078 283 1870 320">
     <span class='ocr_line' id='line_1_66' title="bbox 1078 283 1870 320; baseline -0.003 -8"><span class='ocrx_word' id='word_1_471' title='bbox 1078 285 1116 317; x_wconf 86' lang='grc' dir='ltr'>ὠς</span> <span class='ocrx_word' id='word_1_472' title='bbox 1132 284 1209 320; x_wconf 82' lang='grc' dir='ltr'>παρά</span> <span class='ocrx_word' id='word_1_473' title='bbox 1223 284 1271 312; x_wconf 88' lang='grc' dir='ltr'>τοῦ</span> <span class='ocrx_word' id='word_1_474' title='bbox 1283 284 1359 315; x_wconf 89' lang='grc' dir='ltr'>λαοῦ,</span> <span class='ocrx_word' id='word_1_475' title='bbox 1373 284 1576 320; x_wconf 71' lang='grc' dir='ltr'>ἐξομολόγησις.</span> <span class='ocrx_word' id='word_1_476' title='bbox 1598 285 1630 310; x_wconf 86' lang='lat' dir='ltr'>&#39;H</span> <span class='ocrx_word' id='word_1_477' title='bbox 1648 283 1739 315; x_wconf 79' lang='grc' dir='ltr'>ἄνοδος</span> <span class='ocrx_word' id='word_1_478' title='bbox 1752 283 1806 310; x_wconf 85' lang='grc' dir='ltr'>τῶν</span> <span class='ocrx_word' id='word_1_479' title='bbox 1818 284 1870 310; x_wconf 84' lang='grc' dir='ltr'>Βα-</span> 
     </span>
    </p>
   </div>
   <div class='ocr_carea' id='block_1_67' title="bbox 1078 327 1870 364">
    <p class='ocr_par' dir='ltr' id='par_1_67' title="bbox 1078 327 1870 364">
     <span class='ocr_line' id='line_1_67' title="bbox 1078 327 1870 364; baseline -0.003 -9"><span class='ocrx_word' id='word_1_480' title='bbox 1078 328 1224 361; x_wconf 87' lang='grc' dir='ltr'>ϐυλωνίων,</span> <span class='ocrx_word' id='word_1_481' title='bbox 1245 328 1292 355; x_wconf 75' lang='grc' dir='ltr'>καὶ</span> <span class='ocrx_word' id='word_1_482' title='bbox 1303 329 1350 355; x_wconf 86' lang='grc' dir='ltr'>τοῦ</span> <span class='ocrx_word' id='word_1_483' title='bbox 1362 329 1501 364; x_wconf 82' lang='grc' dir='ltr'>προφήτου</span> <span class='ocrx_word' id='word_1_484' title='bbox 1512 328 1610 364; x_wconf 85' lang='grc' dir='ltr'>θρῆνος</span> <span class='ocrx_word' id='word_1_485' title='bbox 1625 328 1672 354; x_wconf 75' lang='grc' dir='ltr'>ἐπὶ</span> <span class='ocrx_word' id='word_1_486' title='bbox 1685 329 1718 363; x_wconf 84' lang='grc' dir='ltr'>τῇ</span> <span class='ocrx_word' id='word_1_487' title='bbox 1737 327 1870 364; x_wconf 72' lang='grc' dir='ltr'>μελλούσῃ</span> 
     </span>
    </p>
   </div>
   <div class='ocr_carea' id='block_1_68' title="bbox 1078 371 1871 408">
    <p class='ocr_par' dir='ltr' id='par_1_68' title="bbox 1078 371 1871 408">
     <span class='ocr_line' id='line_1_68' title="bbox 1078 371 1871 408; baseline 0 -10"><span class='ocrx_word' id='word_1_488' title='bbox 1078 372 1227 408; x_wconf 83' lang='grc' dir='ltr'>ἐρημώσει,</span> <span class='ocrx_word' id='word_1_489' title='bbox 1236 372 1282 398; x_wconf 77' lang='grc' dir='ltr'>καὶ</span> <span class='ocrx_word' id='word_1_490' title='bbox 1293 372 1378 407; x_wconf 71' lang='grc' dir='ltr'>αὐτῆς</span> <span class='ocrx_word' id='word_1_491' title='bbox 1388 371 1439 406; x_wconf 80' lang='grc' dir='ltr'>τῆς</span> <span class='ocrx_word' id='word_1_492' title='bbox 1451 371 1618 407; x_wconf 73' lang='grc' dir='ltr'>ἐρημώσεως</span> <span class='ocrx_word' id='word_1_493' title='bbox 1632 371 1788 406; x_wconf 82' lang='grc' dir='ltr'>ὑπογραφὴ.</span> <span class='ocrx_word' id='word_1_494' title='bbox 1799 371 1871 398; x_wconf 86' lang='grc' dir='ltr'>Κατ-</span> 
     </span>
    </p>
   </div>
   <div class='ocr_carea' id='block_1_69' title="bbox 1077 414 1870 452">
    <p class='ocr_par' dir='ltr' id='par_1_69' title="bbox 1077 414 1870 452">
     <span class='ocr_line' id='line_1_69' title="bbox 1077 414 1870 452; baseline -0.003 -10"><span class='ocrx_word' id='word_1_495' title='bbox 1077 416 1176 452; x_wconf 89' lang='grc' dir='ltr'>ηγορία</span> <span class='ocrx_word' id='word_1_496' title='bbox 1198 415 1245 442; x_wconf 90' lang='grc' dir='ltr'>τοῦ</span> <span class='ocrx_word' id='word_1_497' title='bbox 1270 415 1346 447; x_wconf 88' lang='grc' dir='ltr'>λαοῦ,</span> <span class='ocrx_word' id='word_1_498' title='bbox 1370 416 1412 442; x_wconf 80' lang='grc' dir='ltr'>ὅτι</span> <span class='ocrx_word' id='word_1_499' title='bbox 1438 415 1533 442; x_wconf 84' lang='grc' dir='ltr'>οὐδένα</span> <span class='ocrx_word' id='word_1_500' title='bbox 1556 415 1634 450; x_wconf 77' lang='grc' dir='ltr'>ἔσχεν</span> <span class='ocrx_word' id='word_1_501' title='bbox 1662 414 1734 441; x_wconf 83' lang='grc' dir='ltr'>οὕτω</span> <span class='ocrx_word' id='word_1_502' title='bbox 1756 414 1870 446; x_wconf 78' lang='grc' dir='ltr'>δίκαιον,</span> 
     </span>
    </p>
   </div>
   <div class='ocr_carea' id='block_1_70' title="bbox 1078 458 1869 495">
    <p class='ocr_par' dir='ltr' id='par_1_70' title="bbox 1078 458 1869 495">
     <span class='ocr_line' id='line_1_70' title="bbox 1078 458 1869 495; baseline -0.004 -9"><span class='ocrx_word' id='word_1_503' title='bbox 1078 459 1149 486; x_wconf 88' lang='grc' dir='ltr'>ὥστε</span> <span class='ocrx_word' id='word_1_504' title='bbox 1161 459 1259 495; x_wconf 81' lang='grc' dir='ltr'>στῆσαι</span> <span class='ocrx_word' id='word_1_505' title='bbox 1279 459 1325 486; x_wconf 86' lang='grc' dir='ltr'>τοῦ</span> <span class='ocrx_word' id='word_1_506' title='bbox 1343 459 1411 486; x_wconf 85' lang='grc' dir='ltr'>Θεοῦ</span> <span class='ocrx_word' id='word_1_507' title='bbox 1433 460 1483 495; x_wconf 86' lang='grc' dir='ltr'>τὴν</span> <span class='ocrx_word' id='word_1_508' title='bbox 1495 459 1590 495; x_wconf 81' lang='grc' dir='ltr'>ὀργὴν,</span> <span class='ocrx_word' id='word_1_509' title='bbox 1606 459 1654 486; x_wconf 77' lang='grc' dir='ltr'>καὶ</span> <span class='ocrx_word' id='word_1_510' title='bbox 1675 459 1725 494; x_wconf 84' lang='grc' dir='ltr'>τῆς</span> <span class='ocrx_word' id='word_1_511' title='bbox 1740 458 1869 494; x_wconf 85' lang='grc' dir='ltr'>πονηρίας</span> 
     </span>
    </p>
   </div>
   <div class='ocr_carea' id='block_1_71' title="bbox 1078 503 1871 539">
    <p class='ocr_par' dir='ltr' id='par_1_71' title="bbox 1078 503 1871 539">
     <span class='ocr_line' id='line_1_71' title="bbox 1078 503 1871 539; baseline -0.001 -9"><span class='ocrx_word' id='word_1_512' title='bbox 1078 503 1168 530; x_wconf 83' lang='grc' dir='ltr'>αὐτῶν</span> <span class='ocrx_word' id='word_1_513' title='bbox 1194 503 1314 539; x_wconf 74' lang='grc' dir='ltr'>ἐλεγχος.</span> <span class='ocrx_word' id='word_1_514' title='bbox 1333 505 1394 532; x_wconf 79' lang='grc' dir='ltr'>Ὀτι</span> <span class='ocrx_word' id='word_1_515' title='bbox 1412 504 1443 530; x_wconf 87' lang='grc' dir='ltr'>οὺ</span> <span class='ocrx_word' id='word_1_516' title='bbox 1468 505 1550 539; x_wconf 85' lang='grc' dir='ltr'>μέχρι</span> <span class='ocrx_word' id='word_1_517' title='bbox 1566 503 1698 538; x_wconf 84' lang='grc' dir='ltr'>θεμελίων</span> <span class='ocrx_word' id='word_1_518' title='bbox 1715 503 1772 538; x_wconf 76' lang='grc' dir='ltr'>ἔχει</span> <span class='ocrx_word' id='word_1_519' title='bbox 1786 511 1871 529; x_wconf 75' lang='grc' dir='ltr'>κατα⁸</span> 
     </span>
    </p>
   </div>
   <div class='ocr_carea' id='block_1_72' title="bbox 1079 546 1871 583">
    <p class='ocr_par' dir='ltr' id='par_1_72' title="bbox 1079 546 1871 583">
     <span class='ocr_line' id='line_1_72' title="bbox 1079 546 1871 583; baseline -0.003 -9"><span class='ocrx_word' id='word_1_520' title='bbox 1079 547 1232 582; x_wconf 79' lang='grc' dir='ltr'>στραφῆναι</span> <span class='ocrx_word' id='word_1_521' title='bbox 1249 547 1426 583; x_wconf 84' lang='grc' dir='ltr'>Ἰερουσαλὴμ</span> <span class='ocrx_word' id='word_1_522' title='bbox 1436 547 1490 574; x_wconf 78' lang='grc' dir='ltr'>ὑπὸ</span> <span class='ocrx_word' id='word_1_523' title='bbox 1500 547 1547 574; x_wconf 89' lang='grc' dir='ltr'>τοῦ</span> <span class='ocrx_word' id='word_1_524' title='bbox 1558 546 1803 582; x_wconf 84' lang='grc' dir='ltr'>Ναϐουχοδονόσορ.</span> <span class='ocrx_word' id='word_1_525' title='bbox 1816 546 1871 573; x_wconf 79' lang='grc' dir='ltr'>Καὶ</span> 
     </span>
    </p>
   </div>
   <div class='ocr_carea' id='block_1_73' title="bbox 1078 590 1870 626">
    <p class='ocr_par' dir='ltr' id='par_1_73' title="bbox 1078 590 1870 626">
     <span class='ocr_line' id='line_1_73' title="bbox 1078 590 1870 626; baseline -0.001 -9"><span class='ocrx_word' id='word_1_526' title='bbox 1078 590 1169 622; x_wconf 76' lang='grc' dir='ltr'>ἄνοδος</span> <span class='ocrx_word' id='word_1_527' title='bbox 1185 591 1240 618; x_wconf 86' lang='grc' dir='ltr'>τῶν</span> <span class='ocrx_word' id='word_1_528' title='bbox 1263 591 1451 624; x_wconf 86' lang='grc' dir='ltr'>Βαϐυλωνίων,</span> <span class='ocrx_word' id='word_1_529' title='bbox 1474 591 1522 618; x_wconf 82' lang='grc' dir='ltr'>καὶ</span> <span class='ocrx_word' id='word_1_530' title='bbox 1538 590 1692 626; x_wconf 84' lang='grc' dir='ltr'>κατηγορία</span> <span class='ocrx_word' id='word_1_531' title='bbox 1715 591 1765 625; x_wconf 85' lang='grc' dir='ltr'>τῆς</span> <span class='ocrx_word' id='word_1_532' title='bbox 1791 590 1870 617; x_wconf 77' lang='grc' dir='ltr'>ἀπει-</span> 
     </span>
    </p>
   </div>
   <div class='ocr_carea' id='block_1_74' title="bbox 1079 632 1871 671">
    <p class='ocr_par' dir='ltr' id='par_1_74' title="bbox 1079 632 1871 671">
     <span class='ocr_line' id='line_1_74' title="bbox 1079 632 1871 671; baseline -0.001 -11"><span class='ocrx_word' id='word_1_533' title='bbox 1079 633 1154 666; x_wconf 86' lang='grc' dir='ltr'>θείας</span> <span class='ocrx_word' id='word_1_534' title='bbox 1179 634 1227 661; x_wconf 87' lang='grc' dir='ltr'>τοῦ</span> <span class='ocrx_word' id='word_1_535' title='bbox 1247 634 1365 671; x_wconf 80' lang='grc' dir='ltr'>Ἰσραὴλ,</span> <span class='ocrx_word' id='word_1_536' title='bbox 1379 635 1420 662; x_wconf 85' lang='grc' dir='ltr'>ὃτι</span> <span class='ocrx_word' id='word_1_537' title='bbox 1443 634 1494 661; x_wconf 81' lang='grc' dir='ltr'>οὐκ</span> <span class='ocrx_word' id='word_1_538' title='bbox 1517 634 1654 670; x_wconf 79' lang='grc' dir='ltr'>ἠνείχοντο</span> <span class='ocrx_word' id='word_1_539' title='bbox 1677 633 1793 660; x_wconf 81' lang='grc' dir='ltr'>ἀκοῦσαι</span> <span class='ocrx_word' id='word_1_540' title='bbox 1822 632 1871 660; x_wconf 83' lang='grc' dir='ltr'>τοῦ</span> 
     </span>
    </p>
   </div>
   <div class='ocr_carea' id='block_1_75' title="bbox 1079 677 1873 714">
    <p class='ocr_par' dir='ltr' id='par_1_75' title="bbox 1079 677 1873 714">
     <span class='ocr_line' id='line_1_75' title="bbox 1079 677 1873 714; baseline 0 -11"><span class='ocrx_word' id='word_1_541' title='bbox 1079 679 1229 714; x_wconf 72' lang='grc' dir='ltr'>προφήτου.</span> <span class='ocrx_word' id='word_1_542' title='bbox 1245 678 1404 714; x_wconf 83' lang='grc' dir='ltr'>Κατηγορία</span> <span class='ocrx_word' id='word_1_543' title='bbox 1418 678 1472 705; x_wconf 85' lang='grc' dir='ltr'>τῶν</span> <span class='ocrx_word' id='word_1_544' title='bbox 1481 677 1710 713; x_wconf 68' lang='grc' dir='ltr'>ψευδοπροφητῶν</span> <span class='ocrx_word' id='word_1_545' title='bbox 1721 677 1873 713; x_wconf 87' lang='grc' dir='ltr'>παραλογι-</span> 
     </span>
    </p>
   </div>
   <div class='ocr_carea' id='block_1_76' title="bbox 1079 720 1871 757">
    <p class='ocr_par' dir='ltr' id='par_1_76' title="bbox 1079 720 1871 757">
     <span class='ocr_line' id='line_1_76' title="bbox 1079 720 1871 757; baseline -0.001 -9"><span class='ocrx_word' id='word_1_546' title='bbox 1079 722 1200 756; x_wconf 82' lang='grc' dir='ltr'>ζομένων</span> <span class='ocrx_word' id='word_1_547' title='bbox 1215 722 1261 749; x_wconf 84' lang='grc' dir='ltr'>τδν</span> <span class='ocrx_word' id='word_1_548' title='bbox 1279 722 1358 749; x_wconf 88' lang='grc' dir='ltr'>λαόν·</span> <span class='ocrx_word' id='word_1_549' title='bbox 1376 721 1424 748; x_wconf 91' lang='grc' dir='ltr'>τοῦ</span> <span class='ocrx_word' id='word_1_550' title='bbox 1445 721 1500 757; x_wconf 86' lang='grc' dir='ltr'>γάρ</span> <span class='ocrx_word' id='word_1_551' title='bbox 1523 720 1654 756; x_wconf 88' lang='grc' dir='ltr'>Ἱερεμίου</span> <span class='ocrx_word' id='word_1_552' title='bbox 1678 720 1812 755; x_wconf 84' lang='grc' dir='ltr'>λέγοντος,</span> <span class='ocrx_word' id='word_1_553' title='bbox 1829 720 1871 747; x_wconf 76' lang='grc' dir='ltr'>ὅτι</span> 
     </span>
    </p>
   </div>
   <div class='ocr_carea' id='block_1_77' title="bbox 1079 763 1870 802">
    <p class='ocr_par' dir='ltr' id='par_1_77' title="bbox 1079 763 1870 802">
     <span class='ocr_line' id='line_1_77' title="bbox 1079 763 1870 802; baseline 0.004 -13"><span class='ocrx_word' id='word_1_554' title='bbox 1079 763 1200 800; x_wconf 84' lang='grc' dir='ltr'>Πόλεμος</span> <span class='ocrx_word' id='word_1_555' title='bbox 1210 763 1296 794; x_wconf 79' lang='grc' dir='ltr'>ἔσται,</span> <span class='ocrx_word' id='word_1_556' title='bbox 1311 764 1391 797; x_wconf 74' lang='grc' dir='ltr'>αὐτὸς</span> <span class='ocrx_word' id='word_1_557' title='bbox 1401 764 1586 802; x_wconf 75' lang='grc' dir='ltr'>ἐλεγεν,οὺχὶ,</span> <span class='ocrx_word' id='word_1_558' title='bbox 1597 764 1663 791; x_wconf 78' lang='grc' dir='ltr'>ἀλλὰ</span> <span class='ocrx_word' id='word_1_559' title='bbox 1676 764 1770 800; x_wconf 73' lang='grc' dir='ltr'>εἰρήνη</span> <span class='ocrx_word' id='word_1_560' title='bbox 1782 764 1870 792; x_wconf 76' lang='grc' dir='ltr'>ἔσται.</span> 
     </span>
    </p>
   </div>
   <div class='ocr_carea' id='block_1_78' title="bbox 1079 807 1872 844">
    <p class='ocr_par' dir='ltr' id='par_1_78' title="bbox 1079 807 1872 844">
     <span class='ocr_line' id='line_1_78' title="bbox 1079 807 1872 844; baseline -0.003 -8"><span class='ocrx_word' id='word_1_561' title='bbox 1079 807 1246 844; x_wconf 84' lang='grc' dir='ltr'>Παραίτησις</span> <span class='ocrx_word' id='word_1_562' title='bbox 1262 808 1374 840; x_wconf 85' lang='grc' dir='ltr'>θυσιῶν,</span> <span class='ocrx_word' id='word_1_563' title='bbox 1392 808 1440 836; x_wconf 69' lang='grc' dir='ltr'>καὶ</span> <span class='ocrx_word' id='word_1_564' title='bbox 1455 807 1547 840; x_wconf 79' lang='grc' dir='ltr'>ἄνοδος</span> <span class='ocrx_word' id='word_1_565' title='bbox 1561 807 1608 835; x_wconf 87' lang='grc' dir='ltr'>τοῦ</span> <span class='ocrx_word' id='word_1_566' title='bbox 1625 808 1806 841; x_wconf 87' lang='grc' dir='ltr'>Βαϐυλωνίου,</span> <span class='ocrx_word' id='word_1_567' title='bbox 1823 808 1872 835; x_wconf 78' lang='grc' dir='ltr'>καὶ</span> 
     </span>
    </p>
   </div>
   <div class='ocr_carea' id='block_1_79' title="bbox 1078 851 1870 887">
    <p class='ocr_par' dir='ltr' id='par_1_79' title="bbox 1078 851 1870 887">
     <span class='ocr_line' id='line_1_79' title="bbox 1078 851 1870 887; baseline 0 -9"><span class='ocrx_word' id='word_1_568' title='bbox 1078 852 1129 887; x_wconf 85' lang='grc' dir='ltr'>τῆς</span> <span class='ocrx_word' id='word_1_569' title='bbox 1143 851 1342 887; x_wconf 78' lang='grc' dir='ltr'>ἀνεπιστρόφου</span> <span class='ocrx_word' id='word_1_570' title='bbox 1355 851 1475 884; x_wconf 87' lang='grc' dir='ltr'>διανοίας</span> <span class='ocrx_word' id='word_1_571' title='bbox 1502 851 1637 879; x_wconf 88' lang='grc' dir='ltr'>Ἰουδαίων</span> <span class='ocrx_word' id='word_1_572' title='bbox 1660 851 1778 887; x_wconf 75' lang='grc' dir='ltr'>ἐλεγχος.</span> <span class='ocrx_word' id='word_1_573' title='bbox 1794 852 1870 887; x_wconf 87' lang='grc' dir='ltr'>Παρ-</span> 
     </span>
    </p>
   </div>
   <div class='ocr_carea' id='block_1_80' title="bbox 1079 895 1870 932">
    <p class='ocr_par' dir='ltr' id='par_1_80' title="bbox 1079 895 1870 932">
     <span class='ocr_line' id='line_1_80' title="bbox 1079 895 1870 932; baseline 0.003 -10"><span class='ocrx_word' id='word_1_574' title='bbox 1079 897 1149 923; x_wconf 87' lang='grc' dir='ltr'>αινεῖ</span> <span class='ocrx_word' id='word_1_575' title='bbox 1161 895 1200 931; x_wconf 86' lang='grc' dir='ltr'>τῷ</span> <span class='ocrx_word' id='word_1_576' title='bbox 1223 895 1310 931; x_wconf 69' lang='grc' dir='ltr'>Ἰούδᾳ</span> <span class='ocrx_word' id='word_1_577' title='bbox 1331 896 1399 931; x_wconf 71' lang='grc' dir='ltr'>πρὸς</span> <span class='ocrx_word' id='word_1_578' title='bbox 1416 896 1446 922; x_wconf 81' lang='grc' dir='ltr'>τὸ</span> <span class='ocrx_word' id='word_1_579' title='bbox 1467 896 1594 930; x_wconf 85' lang='grc' dir='ltr'>γενέσθαι</span> <span class='ocrx_word' id='word_1_580' title='bbox 1611 897 1709 928; x_wconf 78' lang='grc' dir='ltr'>αὐτοὺς</span> <span class='ocrx_word' id='word_1_581' title='bbox 1724 897 1870 932; x_wconf 81' lang='grc' dir='ltr'>βελτίονας,</span> 
     </span>
    </p>
   </div>
   <div class='ocr_carea' id='block_1_81' title="bbox 1078 939 1872 975">
    <p class='ocr_par' dir='ltr' id='par_1_81' title="bbox 1078 939 1872 975">
     <span class='ocr_line' id='line_1_81' title="bbox 1078 939 1872 975; baseline 0.001 -8"><span class='ocrx_word' id='word_1_582' title='bbox 1078 941 1126 967; x_wconf 78' lang='grc' dir='ltr'>καὶ</span> <span class='ocrx_word' id='word_1_583' title='bbox 1141 939 1257 971; x_wconf 84' lang='grc' dir='ltr'>ἀπειλεῖ,</span> <span class='ocrx_word' id='word_1_584' title='bbox 1271 939 1295 965; x_wconf 83' lang='grc' dir='ltr'>εί</span> <span class='ocrx_word' id='word_1_585' title='bbox 1312 939 1350 975; x_wconf 81' lang='grc' dir='ltr'>μὴ</span> <span class='ocrx_word' id='word_1_586' title='bbox 1369 939 1500 974; x_wconf 87' lang='grc' dir='ltr'>γένοιντο,</span> <span class='ocrx_word' id='word_1_587' title='bbox 1516 939 1550 967; x_wconf 84' lang='grc' dir='ltr'>τά</span> <span class='ocrx_word' id='word_1_588' title='bbox 1572 940 1641 967; x_wconf 76' lang='grc' dir='ltr'>αὐτὰ</span> <span class='ocrx_word' id='word_1_589' title='bbox 1662 940 1804 968; x_wconf 84' lang='grc' dir='ltr'>πείσεσθαι</span> <span class='ocrx_word' id='word_1_590' title='bbox 1822 941 1872 968; x_wconf 74' lang='grc' dir='ltr'>αὑ⁴</span> 
     </span>
    </p>
   </div>
   <div class='ocr_carea' id='block_1_82' title="bbox 1077 983 1869 1020">
    <p class='ocr_par' dir='ltr' id='par_1_82' title="bbox 1077 983 1869 1020">
     <span class='ocr_line' id='line_1_82' title="bbox 1077 983 1869 1020; baseline 0.001 -10"><span class='ocrx_word' id='word_1_591' title='bbox 1077 984 1141 1016; x_wconf 79' lang='grc' dir='ltr'>τοὺς</span> <span class='ocrx_word' id='word_1_592' title='bbox 1159 983 1198 1019; x_wconf 86' lang='grc' dir='ltr'>τῷ</span> <span class='ocrx_word' id='word_1_593' title='bbox 1221 983 1344 1018; x_wconf 85' lang='grc' dir='ltr'>Ἰσραήλ·</span> <span class='ocrx_word' id='word_1_594' title='bbox 1360 983 1408 1010; x_wconf 74' lang='grc' dir='ltr'>καὶ</span> <span class='ocrx_word' id='word_1_595' title='bbox 1427 983 1526 1010; x_wconf 88' lang='grc' dir='ltr'>κωλύει</span> <span class='ocrx_word' id='word_1_596' title='bbox 1541 983 1587 1011; x_wconf 81' lang='grc' dir='ltr'>τὸν</span> <span class='ocrx_word' id='word_1_597' title='bbox 1606 984 1739 1020; x_wconf 87' lang='grc' dir='ltr'>Ἱερεμίαν</span> <span class='ocrx_word' id='word_1_598' title='bbox 1763 984 1869 1012; x_wconf 81' lang='grc' dir='ltr'>δεῖσθαι</span> 
     </span>
    </p>
   </div>
   <div class='ocr_carea' id='block_1_83' title="bbox 1079 1027 1870 1064">
    <p class='ocr_par' dir='ltr' id='par_1_83' title="bbox 1079 1027 1870 1064">
     <span class='ocr_line' id='line_1_83' title="bbox 1079 1027 1870 1064; baseline 0 -10"><span class='ocrx_word' id='word_1_599' title='bbox 1079 1027 1149 1063; x_wconf 83' lang='grc' dir='ltr'>ὑπὲρ</span> <span class='ocrx_word' id='word_1_600' title='bbox 1173 1027 1272 1054; x_wconf 83' lang='grc' dir='ltr'>αὐτῶν.</span> <span class='ocrx_word' id='word_1_601' title='bbox 1307 1027 1475 1063; x_wconf 84' lang='grc' dir='ltr'>Παραίτησις</span> <span class='ocrx_word' id='word_1_602' title='bbox 1499 1027 1614 1060; x_wconf 85' lang='grc' dir='ltr'>θυσιῶν,</span> <span class='ocrx_word' id='word_1_603' title='bbox 1640 1027 1790 1064; x_wconf 83' lang='grc' dir='ltr'>κατηγορία</span> <span class='ocrx_word' id='word_1_604' title='bbox 1820 1028 1870 1062; x_wconf 83' lang='grc' dir='ltr'>τῆς</span> 
     </span>
    </p>
   </div>
   <div class='ocr_carea' id='block_1_84' title="bbox 1077 1070 1869 1107">
    <p class='ocr_par' dir='ltr' id='par_1_84' title="bbox 1077 1070 1869 1107">
     <span class='ocr_line' id='line_1_84' title="bbox 1077 1070 1869 1107; baseline -0.001 -9"><span class='ocrx_word' id='word_1_605' title='bbox 1077 1071 1243 1107; x_wconf 79' lang='grc' dir='ltr'>ἀπροσεξίας</span> <span class='ocrx_word' id='word_1_606' title='bbox 1254 1071 1354 1103; x_wconf 84' lang='grc' dir='ltr'>αὐτῶν,</span> <span class='ocrx_word' id='word_1_607' title='bbox 1371 1071 1416 1098; x_wconf 79' lang='grc' dir='ltr'>καὶ</span> <span class='ocrx_word' id='word_1_608' title='bbox 1432 1071 1481 1106; x_wconf 88' lang='grc' dir='ltr'>τῆς</span> <span class='ocrx_word' id='word_1_609' title='bbox 1497 1070 1732 1107; x_wconf 82' lang='grc' dir='ltr'>ἀνθρωποθυσίας,</span> <span class='ocrx_word' id='word_1_610' title='bbox 1747 1071 1780 1106; x_wconf 81' lang='grc' dir='ltr'>ἢν</span> <span class='ocrx_word' id='word_1_611' title='bbox 1793 1072 1869 1098; x_wconf 76' lang='grc' dir='ltr'>ἑποι-</span> 
     </span>
    </p>
   </div>
   <div class='ocr_carea' id='block_1_85' title="bbox 1077 1114 1870 1150">
    <p class='ocr_par' dir='ltr' id='par_1_85' title="bbox 1077 1114 1870 1150">
     <span class='ocr_line' id='line_1_85' title="bbox 1077 1114 1870 1150; baseline 0 -9"><span class='ocrx_word' id='word_1_612' title='bbox 1077 1114 1156 1141; x_wconf 81' lang='grc' dir='ltr'>οῦντο</span> <span class='ocrx_word' id='word_1_613' title='bbox 1184 1115 1240 1146; x_wconf 87' lang='grc' dir='ltr'>τοῖς</span> <span class='ocrx_word' id='word_1_614' title='bbox 1265 1114 1384 1149; x_wconf 87' lang='grc' dir='ltr'>δαίμοσι.</span> <span class='ocrx_word' id='word_1_615' title='bbox 1409 1114 1464 1141; x_wconf 82' lang='lat' dir='ltr'>Kal</span> <span class='ocrx_word' id='word_1_616' title='bbox 1489 1115 1691 1150; x_wconf 81' lang='grc' dir='ltr'>προαγόρευσις</span> <span class='ocrx_word' id='word_1_617' title='bbox 1713 1114 1760 1141; x_wconf 87' lang='grc' dir='ltr'>τοῦ</span> <span class='ocrx_word' id='word_1_618' title='bbox 1785 1114 1870 1150; x_wconf 81' lang='grc' dir='ltr'>τάφον</span> 
     </span>
    </p>
   </div>
   <div class='ocr_carea' id='block_1_86' title="bbox 1078 1158 1869 1194">
    <p class='ocr_par' dir='ltr' id='par_1_86' title="bbox 1078 1158 1869 1194">
     <span class='ocr_line' id='line_1_86' title="bbox 1078 1158 1869 1194; baseline 0.001 -9"><span class='ocrx_word' id='word_1_619' title='bbox 1078 1158 1187 1186; x_wconf 71' lang='grc' dir='ltr'>ἔσεσθαι</span> <span class='ocrx_word' id='word_1_620' title='bbox 1201 1159 1246 1186; x_wconf 81' lang='grc' dir='ltr'>τὸν</span> <span class='ocrx_word' id='word_1_621' title='bbox 1263 1158 1344 1185; x_wconf 87' lang='grc' dir='ltr'>τόπον</span> <span class='ocrx_word' id='word_1_622' title='bbox 1364 1158 1411 1185; x_wconf 87' lang='grc' dir='ltr'>τοῦ</span> <span class='ocrx_word' id='word_1_623' title='bbox 1432 1158 1542 1185; x_wconf 80' lang='grc' dir='ltr'>εἰδώλου</span> <span class='ocrx_word' id='word_1_624' title='bbox 1557 1158 1656 1190; x_wconf 82' lang='grc' dir='ltr'>αὐτῶν,</span> <span class='ocrx_word' id='word_1_625' title='bbox 1677 1158 1724 1185; x_wconf 77' lang='grc' dir='ltr'>καὶ</span> <span class='ocrx_word' id='word_1_626' title='bbox 1740 1158 1788 1185; x_wconf 87' lang='grc' dir='ltr'>τοῦ</span> <span class='ocrx_word' id='word_1_627' title='bbox 1802 1159 1869 1194; x_wconf 77' lang='grc' dir='ltr'>μηδὲ</span> 
     </span>
    </p>
   </div>
   <div class='ocr_carea' id='block_1_87' title="bbox 1078 1201 1869 1238">
    <p class='ocr_par' dir='ltr' id='par_1_87' title="bbox 1078 1201 1869 1238">
     <span class='ocr_line' id='line_1_87' title="bbox 1078 1201 1869 1238; baseline -0.001 -9"><span class='ocrx_word' id='word_1_628' title='bbox 1078 1202 1173 1237; x_wconf 80' lang='grc' dir='ltr'>τάφοις</span> <span class='ocrx_word' id='word_1_629' title='bbox 1195 1201 1269 1234; x_wconf 82' lang='grc' dir='ltr'>τινὰς</span> <span class='ocrx_word' id='word_1_630' title='bbox 1294 1202 1348 1229; x_wconf 84' lang='grc' dir='ltr'>τῶν</span> <span class='ocrx_word' id='word_1_631' title='bbox 1363 1202 1566 1238; x_wconf 86' lang='grc' dir='ltr'>ἀναιρουμένων</span> <span class='ocrx_word' id='word_1_632' title='bbox 1587 1202 1789 1238; x_wconf 82' lang='grc' dir='ltr'>παραδίδοσθαι.</span> <span class='ocrx_word' id='word_1_633' title='bbox 1809 1203 1869 1229; x_wconf 85' lang='grc' dir='ltr'>Ἔτι</span> 
     </span>
    </p>
   </div>
   <div class='ocr_carea' id='block_1_88' title="bbox 1079 1246 1869 1282">
    <p class='ocr_par' dir='ltr' id='par_1_88' title="bbox 1079 1246 1869 1282">
     <span class='ocr_line' id='line_1_88' title="bbox 1079 1246 1869 1282; baseline -0.001 -9"><span class='ocrx_word' id='word_1_634' title='bbox 1079 1247 1142 1282; x_wconf 80' lang='grc' dir='ltr'>περὶ</span> <span class='ocrx_word' id='word_1_635' title='bbox 1156 1246 1205 1281; x_wconf 76' lang='grc' dir='ltr'>τῆς</span> <span class='ocrx_word' id='word_1_636' title='bbox 1218 1246 1311 1274; x_wconf 80' lang='grc' dir='ltr'>ἀνόδου</span> <span class='ocrx_word' id='word_1_637' title='bbox 1327 1246 1381 1272; x_wconf 88' lang='grc' dir='ltr'>τῶν</span> <span class='ocrx_word' id='word_1_638' title='bbox 1399 1246 1546 1281; x_wconf 84' lang='grc' dir='ltr'>πολεμίων.</span> <span class='ocrx_word' id='word_1_639' title='bbox 1563 1246 1610 1272; x_wconf 79' lang='grc' dir='ltr'>καὶ</span> <span class='ocrx_word' id='word_1_640' title='bbox 1623 1246 1721 1282; x_wconf 86' lang='grc' dir='ltr'>Θρῆνος</span> <span class='ocrx_word' id='word_1_641' title='bbox 1737 1246 1869 1282; x_wconf 86' lang='grc' dir='ltr'>Ἱερεμίου</span> 
     </span>
    </p>
   </div>
   <div class='ocr_carea' id='block_1_89' title="bbox 1078 1289 1869 1325">
    <p class='ocr_par' dir='ltr' id='par_1_89' title="bbox 1078 1289 1869 1325">
     <span class='ocr_line' id='line_1_89' title="bbox 1078 1289 1869 1325; baseline 0 -9"><span class='ocrx_word' id='word_1_642' title='bbox 1078 1290 1125 1317; x_wconf 73' lang='grc' dir='ltr'>επὶ</span> <span class='ocrx_word' id='word_1_643' title='bbox 1142 1291 1202 1322; x_wconf 88' lang='grc' dir='ltr'>ταῖς</span> <span class='ocrx_word' id='word_1_644' title='bbox 1226 1290 1335 1321; x_wconf 86' lang='grc' dir='ltr'>κακίαις</span> <span class='ocrx_word' id='word_1_645' title='bbox 1356 1289 1455 1317; x_wconf 84' lang='grc' dir='ltr'>αὐτῶν.</span> <span class='ocrx_word' id='word_1_646' title='bbox 1472 1289 1631 1325; x_wconf 86' lang='grc' dir='ltr'>Κατηγορία</span> <span class='ocrx_word' id='word_1_647' title='bbox 1653 1290 1708 1316; x_wconf 89' lang='grc' dir='ltr'>τῶν</span> <span class='ocrx_word' id='word_1_648' title='bbox 1725 1289 1869 1322; x_wconf 84' lang='grc' dir='ltr'>Ἰουδαίων,</span> 
     </span>
    </p>
   </div>
   <div class='ocr_carea' id='block_1_90' title="bbox 1077 1333 1870 1370">
    <p class='ocr_par' dir='ltr' id='par_1_90' title="bbox 1077 1333 1870 1370">
     <span class='ocr_line' id='line_1_90' title="bbox 1077 1333 1870 1370; baseline -0.001 -10"><span class='ocrx_word' id='word_1_649' title='bbox 1077 1334 1114 1366; x_wconf 85' lang='grc' dir='ltr'>ὡς</span> <span class='ocrx_word' id='word_1_650' title='bbox 1127 1334 1322 1370; x_wconf 84' lang='grc' dir='ltr'>ἀπεριτμήτων</span> <span class='ocrx_word' id='word_1_651' title='bbox 1333 1335 1366 1370; x_wconf 80' lang='grc' dir='ltr'>τῇ</span> <span class='ocrx_word' id='word_1_652' title='bbox 1389 1334 1497 1370; x_wconf 75' lang='grc' dir='ltr'>καρδίᾳ,</span> <span class='ocrx_word' id='word_1_653' title='bbox 1519 1334 1566 1360; x_wconf 74' lang='grc' dir='ltr'>καὶ</span> <span class='ocrx_word' id='word_1_654' title='bbox 1582 1333 1742 1369; x_wconf 85' lang='grc' dir='ltr'>παραίνεσις</span> <span class='ocrx_word' id='word_1_655' title='bbox 1756 1333 1825 1369; x_wconf 84' lang='grc' dir='ltr'>πρὸς</span> <span class='ocrx_word' id='word_1_656' title='bbox 1839 1333 1870 1360; x_wconf 77' lang='grc' dir='ltr'>τὸ</span> 
     </span>
    </p>
   </div>
   <div class='ocr_carea' id='block_1_91' title="bbox 1079 1375 1870 1413">
    <p class='ocr_par' dir='ltr' id='par_1_91' title="bbox 1079 1375 1870 1413">
     <span class='ocr_line' id='line_1_91' title="bbox 1079 1375 1870 1413; baseline 0 -10"><span class='ocrx_word' id='word_1_657' title='bbox 1079 1377 1117 1412; x_wconf 82' lang='grc' dir='ltr'>μὴ</span> <span class='ocrx_word' id='word_1_658' title='bbox 1131 1377 1345 1413; x_wconf 80' lang='grc' dir='ltr'>εἰδωλολατρεῖν,</span> <span class='ocrx_word' id='word_1_659' title='bbox 1359 1377 1406 1404; x_wconf 80' lang='grc' dir='ltr'>καὶ</span> <span class='ocrx_word' id='word_1_660' title='bbox 1422 1377 1461 1409; x_wconf 86' lang='grc' dir='ltr'>ὡς</span> <span class='ocrx_word' id='word_1_661' title='bbox 1479 1377 1556 1412; x_wconf 84' lang='grc' dir='ltr'>παρά</span> <span class='ocrx_word' id='word_1_662' title='bbox 1570 1377 1616 1404; x_wconf 69' lang='grc' dir='ltr'>τοῦ</span> <span class='ocrx_word' id='word_1_663' title='bbox 1629 1376 1694 1404; x_wconf 87' lang='grc' dir='ltr'>λαοῦ</span> <span class='ocrx_word' id='word_1_664' title='bbox 1710 1377 1808 1412; x_wconf 85' lang='grc' dir='ltr'>θρῆνος</span> <span class='ocrx_word' id='word_1_665' title='bbox 1823 1375 1870 1403; x_wconf 74' lang='grc' dir='ltr'>ἐπὶ</span> 
     </span>
    </p>
   </div>
   <div class='ocr_carea' id='block_1_92' title="bbox 1077 1419 1868 1456">
    <p class='ocr_par' dir='ltr' id='par_1_92' title="bbox 1077 1419 1868 1456">
     <span class='ocr_line' id='line_1_92' title="bbox 1077 1419 1868 1456; baseline 0.003 -9"><span class='ocrx_word' id='word_1_666' title='bbox 1077 1422 1134 1452; x_wconf 79' lang='grc' dir='ltr'>τοῖς</span> <span class='ocrx_word' id='word_1_667' title='bbox 1149 1420 1275 1456; x_wconf 85' lang='grc' dir='ltr'>μέλλουσι</span> <span class='ocrx_word' id='word_1_668' title='bbox 1289 1421 1394 1453; x_wconf 82' lang='grc' dir='ltr'>κακοῖς,</span> <span class='ocrx_word' id='word_1_669' title='bbox 1409 1420 1457 1447; x_wconf 76' lang='grc' dir='ltr'>καὶ</span> <span class='ocrx_word' id='word_1_670' title='bbox 1472 1420 1623 1456; x_wconf 83' lang='grc' dir='ltr'>κατηγορία</span> <span class='ocrx_word' id='word_1_671' title='bbox 1638 1420 1714 1456; x_wconf 89' lang='grc' dir='ltr'>παρά</span> <span class='ocrx_word' id='word_1_672' title='bbox 1726 1420 1774 1447; x_wconf 87' lang='grc' dir='ltr'>τοῦ</span> <span class='ocrx_word' id='word_1_673' title='bbox 1790 1419 1868 1449; x_wconf 87' lang='grc' dir='ltr'>Θεοῦ.</span> 
     </span>
    </p>
   </div>
   <div class='ocr_carea' id='block_1_93' title="bbox 1078 1463 1869 1500">
    <p class='ocr_par' dir='ltr' id='par_1_93' title="bbox 1078 1463 1869 1500">
     <span class='ocr_line' id='line_1_93' title="bbox 1078 1463 1869 1500; baseline 0 -10"><span class='ocrx_word' id='word_1_674' title='bbox 1078 1465 1244 1499; x_wconf 85' lang='grc' dir='ltr'>Παραίνεσις</span> <span class='ocrx_word' id='word_1_675' title='bbox 1257 1463 1304 1490; x_wconf 88' lang='grc' dir='ltr'>τοῦ</span> <span class='ocrx_word' id='word_1_676' title='bbox 1324 1463 1432 1500; x_wconf 83' lang='grc' dir='ltr'>Ἰσραὴλ</span> <span class='ocrx_word' id='word_1_677' title='bbox 1447 1464 1515 1499; x_wconf 80' lang='grc' dir='ltr'>πρὸς</span> <span class='ocrx_word' id='word_1_678' title='bbox 1530 1464 1560 1491; x_wconf 80' lang='grc' dir='ltr'>τὸ</span> <span class='ocrx_word' id='word_1_679' title='bbox 1575 1464 1723 1492; x_wconf 83' lang='grc' dir='ltr'>ὑπακούειν</span> <span class='ocrx_word' id='word_1_680' title='bbox 1737 1463 1806 1499; x_wconf 74' lang='grc' dir='ltr'>Θεῷ,</span> <span class='ocrx_word' id='word_1_681' title='bbox 1822 1464 1869 1491; x_wconf 84' lang='grc' dir='ltr'>καὶ</span> 
     </span>
    </p>
   </div>
   <div class='ocr_carea' id='block_1_94' title="bbox 1078 1507 1871 1544">
    <p class='ocr_par' dir='ltr' id='par_1_94' title="bbox 1078 1507 1871 1544">
     <span class='ocr_line' id='line_1_94' title="bbox 1078 1507 1871 1544; baseline 0 -10"><span class='ocrx_word' id='word_1_682' title='bbox 1078 1507 1229 1543; x_wconf 85' lang='grc' dir='ltr'>κατηγορία</span> <span class='ocrx_word' id='word_1_683' title='bbox 1244 1507 1299 1534; x_wconf 82' lang='grc' dir='ltr'>τῶν</span> <span class='ocrx_word' id='word_1_684' title='bbox 1313 1508 1440 1544; x_wconf 86' lang='grc' dir='ltr'>πατέρων</span> <span class='ocrx_word' id='word_1_685' title='bbox 1452 1507 1552 1540; x_wconf 82' lang='grc' dir='ltr'>αὐτῶν,</span> <span class='ocrx_word' id='word_1_686' title='bbox 1566 1509 1614 1535; x_wconf 79' lang='grc' dir='ltr'>καὶ</span> <span class='ocrx_word' id='word_1_687' title='bbox 1628 1508 1717 1535; x_wconf 78' lang='grc' dir='ltr'>αὐτῶν</span> <span class='ocrx_word' id='word_1_688' title='bbox 1729 1507 1802 1534; x_wconf 88' lang='grc' dir='ltr'>κακά</span> <span class='ocrx_word' id='word_1_689' title='bbox 1812 1507 1871 1534; x_wconf 74' lang='grc' dir='ltr'>ἐσό-</span> 
     </span>
    </p>
   </div>
   <div class='ocr_carea' id='block_1_95' title="bbox 1079 1551 1871 1588">
    <p class='ocr_par' dir='ltr' id='par_1_95' title="bbox 1079 1551 1871 1588">
     <span class='ocr_line' id='line_1_95' title="bbox 1079 1551 1871 1588; baseline 0 -10"><span class='ocrx_word' id='word_1_690' title='bbox 1079 1560 1158 1587; x_wconf 85' lang='grc' dir='ltr'>μενα.</span> <span class='ocrx_word' id='word_1_691' title='bbox 1176 1551 1252 1588; x_wconf 69' lang='lat'>[584]</span> <span class='ocrx_word' id='word_1_692' title='bbox 1269 1552 1324 1579; x_wconf 81' lang='lat' dir='ltr'>Kal</span> <span class='ocrx_word' id='word_1_693' title='bbox 1344 1551 1478 1579; x_wconf 85' lang='grc' dir='ltr'>κωλύεται</span> <span class='ocrx_word' id='word_1_694' title='bbox 1497 1552 1577 1579; x_wconf 87' lang='grc' dir='ltr'>πάλιν</span> <span class='ocrx_word' id='word_1_695' title='bbox 1603 1551 1736 1588; x_wconf 80' lang='grc' dir='ltr'>Ἱερεμίας</span> <span class='ocrx_word' id='word_1_696' title='bbox 1756 1551 1871 1588; x_wconf 82' lang='grc' dir='ltr'>προσεύ-</span> 
     </span>
    </p>
   </div>
   <div class='ocr_carea' id='block_1_96' title="bbox 1077 1594 1871 1631">
    <p class='ocr_par' dir='ltr' id='par_1_96' title="bbox 1077 1594 1871 1631">
     <span class='ocr_line' id='line_1_96' title="bbox 1077 1594 1871 1631; baseline 0.001 -10"><span class='ocrx_word' id='word_1_697' title='bbox 1077 1594 1172 1630; x_wconf 88' lang='grc' dir='ltr'>χεσθαι</span> <span class='ocrx_word' id='word_1_698' title='bbox 1185 1595 1256 1631; x_wconf 78' lang='grc' dir='ltr'>ὑπὲρ</span> <span class='ocrx_word' id='word_1_699' title='bbox 1269 1595 1370 1623; x_wconf 78' lang='grc' dir='ltr'>αὐτῶν.</span> <span class='ocrx_word' id='word_1_700' title='bbox 1386 1595 1564 1631; x_wconf 78' lang='grc' dir='ltr'>Ἀποδύρεται</span> <span class='ocrx_word' id='word_1_701' title='bbox 1578 1597 1592 1623; x_wconf 98' lang='lat'>0</span> <span class='ocrx_word' id='word_1_702' title='bbox 1609 1596 1750 1631; x_wconf 85' lang='grc' dir='ltr'>προφήτης</span> <span class='ocrx_word' id='word_1_703' title='bbox 1762 1594 1871 1622; x_wconf 76' lang='grc' dir='ltr'>επιϐου-</span> 
     </span>
    </p>
   </div>
   <div class='ocr_carea' id='block_1_97' title="bbox 1077 1639 1870 1675">
    <p class='ocr_par' dir='ltr' id='par_1_97' title="bbox 1077 1639 1870 1675">
     <span class='ocr_line' id='line_1_97' title="bbox 1077 1639 1870 1675; baseline 0 -10"><span class='ocrx_word' id='word_1_704' title='bbox 1077 1639 1219 1674; x_wconf 77' lang='grc' dir='ltr'>λευόμενος</span> <span class='ocrx_word' id='word_1_705' title='bbox 1243 1639 1296 1666; x_wconf 74' lang='grc' dir='ltr'>ὑπὸ</span> <span class='ocrx_word' id='word_1_706' title='bbox 1318 1639 1452 1666; x_wconf 88' lang='grc' dir='ltr'>Ἰουδαίων</span> <span class='ocrx_word' id='word_1_707' title='bbox 1472 1640 1501 1666; x_wconf 73' lang='grc' dir='ltr'>ἑν</span> <span class='ocrx_word' id='word_1_708' title='bbox 1521 1639 1652 1671; x_wconf 81' lang='grc' dir='ltr'>Ἀναθὼθ,</span> <span class='ocrx_word' id='word_1_709' title='bbox 1675 1639 1723 1666; x_wconf 75' lang='grc' dir='ltr'>καὶ</span> <span class='ocrx_word' id='word_1_710' title='bbox 1744 1639 1870 1675; x_wconf 86' lang='grc' dir='ltr'>προλέγει</span> 
     </span>
    </p>
   </div>
   <div class='ocr_carea' id='block_1_98' title="bbox 1077 1683 1871 1720">
    <p class='ocr_par' dir='ltr' id='par_1_98' title="bbox 1077 1683 1871 1720">
     <span class='ocr_line' id='line_1_98' title="bbox 1077 1683 1871 1720; baseline -0.001 -9"><span class='ocrx_word' id='word_1_711' title='bbox 1077 1684 1120 1711; x_wconf 77' lang='grc' dir='ltr'>διὰ</span> <span class='ocrx_word' id='word_1_712' title='bbox 1133 1683 1211 1710; x_wconf 82' lang='grc' dir='ltr'>τοῦτο</span> <span class='ocrx_word' id='word_1_713' title='bbox 1225 1683 1358 1719; x_wconf 79' lang='grc' dir='ltr'>ἑπόμενον</span> <span class='ocrx_word' id='word_1_714' title='bbox 1372 1684 1463 1716; x_wconf 79' lang='grc' dir='ltr'>αὐτοῖς</span> <span class='ocrx_word' id='word_1_715' title='bbox 1475 1684 1594 1720; x_wconf 73' lang='grc' dir='ltr'>ὄλεθρον.</span> <span class='ocrx_word' id='word_1_716' title='bbox 1607 1684 1644 1712; x_wconf 84' lang='grc' dir='ltr'>Τὸ</span> <span class='ocrx_word' id='word_1_717' title='bbox 1661 1683 1807 1720; x_wconf 77' lang='grc' dir='ltr'>περίζωμα</span> <span class='ocrx_word' id='word_1_718' title='bbox 1821 1691 1871 1711; x_wconf 70' lang='lat' dir='ltr'>xs-</span> 
     </span>
    </p>
   </div>
   <div class='ocr_carea' id='block_1_99' title="bbox 1077 1727 1895 1763">
    <p class='ocr_par' dir='ltr' id='par_1_99' title="bbox 1077 1727 1895 1763">
     <span class='ocr_line' id='line_1_99' title="bbox 1077 1727 1895 1763; baseline 0 -9"><span class='ocrx_word' id='word_1_719' title='bbox 1077 1727 1184 1755; x_wconf 79' lang='grc' dir='ltr'>λεύεται</span> <span class='ocrx_word' id='word_1_720' title='bbox 1201 1727 1304 1762; x_wconf 77' lang='grc' dir='ltr'>κρύψαι</span> <span class='ocrx_word' id='word_1_721' title='bbox 1325 1727 1469 1763; x_wconf 87' lang='grc' dir='ltr'>Ἱερεμίας,</span> <span class='ocrx_word' id='word_1_722' title='bbox 1485 1728 1533 1755; x_wconf 73' lang='grc' dir='ltr'>καὶ</span> <span class='ocrx_word' id='word_1_723' title='bbox 1547 1727 1674 1763; x_wconf 88' lang='grc' dir='ltr'>προλέγει</span> <span class='ocrx_word' id='word_1_724' title='bbox 1691 1727 1872 1763; x_wconf 85' lang='grc' dir='ltr'>πληρωθήσε-</span> <span class='ocrx_word' id='word_1_725' title='bbox 1889 1743 1895 1747; x_wconf 85' lang='lat'><strong><em>-</em></strong></span> 
     </span>
    </p>
   </div>
   <div class='ocr_carea' id='block_1_100' title="bbox 1079 1773 1871 1809">
    <p class='ocr_par' dir='ltr' id='par_1_100' title="bbox 1079 1773 1871 1809">
     <span class='ocr_line' id='line_1_100' title="bbox 1079 1773 1871 1809; baseline 0 -10"><span class='ocrx_word' id='word_1_726' title='bbox 1079 1774 1140 1800; x_wconf 84' lang='grc' dir='ltr'>σθαι</span> <span class='ocrx_word' id='word_1_727' title='bbox 1164 1773 1272 1806; x_wconf 81' lang='grc' dir='ltr'>αὐτοὺς,</span> <span class='ocrx_word' id='word_1_728' title='bbox 1289 1773 1337 1800; x_wconf 81' lang='grc' dir='ltr'>καὶ</span> <span class='ocrx_word' id='word_1_729' title='bbox 1354 1773 1572 1809; x_wconf 81' lang='grc' dir='ltr'>μεθυσθήσεσθαι</span> <span class='ocrx_word' id='word_1_730' title='bbox 1598 1773 1652 1800; x_wconf 78' lang='grc' dir='ltr'>ἀπὸ</span> <span class='ocrx_word' id='word_1_731' title='bbox 1675 1773 1777 1800; x_wconf 80' lang='grc' dir='ltr'>κακῶν.</span> <span class='ocrx_word' id='word_1_732' title='bbox 1804 1773 1871 1809; x_wconf 83' lang='grc' dir='ltr'>Περὶ</span> 
     </span>
    </p>
   </div>
   <div class='ocr_carea' id='block_1_101' title="bbox 1077 1817 1871 1853">
    <p class='ocr_par' dir='ltr' id='par_1_101' title="bbox 1077 1817 1871 1853">
     <span class='ocr_line' id='line_1_101' title="bbox 1077 1817 1871 1853; baseline -0.001 -9"><span class='ocrx_word' id='word_1_733' title='bbox 1077 1817 1126 1852; x_wconf 84' lang='grc' dir='ltr'>τῆς</span> <span class='ocrx_word' id='word_1_734' title='bbox 1145 1817 1292 1853; x_wconf 82' lang='grc' dir='ltr'>ἀϐροχίας·</span> <span class='ocrx_word' id='word_1_735' title='bbox 1309 1817 1356 1844; x_wconf 74' lang='grc' dir='ltr'>καὶ</span> <span class='ocrx_word' id='word_1_736' title='bbox 1371 1817 1506 1844; x_wconf 86' lang='grc' dir='ltr'>κωλύεται</span> <span class='ocrx_word' id='word_1_737' title='bbox 1523 1817 1724 1853; x_wconf 86' lang='grc' dir='ltr'>προσεύχεσθαι</span> <span class='ocrx_word' id='word_1_738' title='bbox 1741 1817 1810 1853; x_wconf 78' lang='grc' dir='ltr'>ὑπὲρ</span> <span class='ocrx_word' id='word_1_739' title='bbox 1822 1817 1871 1844; x_wconf 68' lang='lat' dir='ltr'><strong>a0-</strong></span> 
     </span>
    </p>
   </div>
   <div class='ocr_carea' id='block_1_102' title="bbox 1077 1860 1872 1896">
    <p class='ocr_par' dir='ltr' id='par_1_102' title="bbox 1077 1860 1872 1896">
     <span class='ocr_line' id='line_1_102' title="bbox 1077 1860 1872 1896; baseline -0.001 -9"><span class='ocrx_word' id='word_1_740' title='bbox 1077 1861 1131 1888; x_wconf 89' lang='grc' dir='ltr'>τῶν</span> <span class='ocrx_word' id='word_1_741' title='bbox 1146 1861 1160 1887; x_wconf 82' lang='grc' dir='ltr'><strong>ὁ</strong></span> <span class='ocrx_word' id='word_1_742' title='bbox 1174 1863 1316 1896; x_wconf 81' lang='grc' dir='ltr'>προφήτης</span> <span class='ocrx_word' id='word_1_743' title='bbox 1325 1881 1332 1893; x_wconf 87' lang='grc'>,</span> <span class='ocrx_word' id='word_1_744' title='bbox 1348 1861 1396 1888; x_wconf 80' lang='grc' dir='ltr'>καὶ</span> <span class='ocrx_word' id='word_1_745' title='bbox 1417 1862 1590 1896; x_wconf 80' lang='grc' dir='ltr'>παραιτεῖται</span> <span class='ocrx_word' id='word_1_746' title='bbox 1603 1862 1617 1888; x_wconf 89' lang='grc' dir='ltr'>ό</span> <span class='ocrx_word' id='word_1_747' title='bbox 1630 1861 1696 1892; x_wconf 79' lang='grc' dir='ltr'>Θεὸς</span> <span class='ocrx_word' id='word_1_748' title='bbox 1712 1860 1747 1887; x_wconf 83' lang='grc' dir='ltr'>τά</span> <span class='ocrx_word' id='word_1_749' title='bbox 1760 1861 1872 1888; x_wconf 81' lang='grc' dir='ltr'>ὁλοκαυ-</span> 
     </span>
    </p>
   </div>
   <div class='ocr_carea' id='block_1_103' title="bbox 1077 1904 1872 1940">
    <p class='ocr_par' dir='ltr' id='par_1_103' title="bbox 1077 1904 1872 1940">
     <span class='ocr_line' id='line_1_103' title="bbox 1077 1904 1872 1940; baseline 0.001 -10"><span class='ocrx_word' id='word_1_750' title='bbox 1077 1904 1191 1940; x_wconf 89' lang='grc' dir='ltr'>τώματα</span> <span class='ocrx_word' id='word_1_751' title='bbox 1215 1904 1315 1936; x_wconf 82' lang='grc' dir='ltr'>αὐτῶν,</span> <span class='ocrx_word' id='word_1_752' title='bbox 1333 1905 1379 1931; x_wconf 74' lang='grc' dir='ltr'>καὶ</span> <span class='ocrx_word' id='word_1_753' title='bbox 1395 1904 1444 1936; x_wconf 87' lang='grc' dir='ltr'>τάς</span> <span class='ocrx_word' id='word_1_754' title='bbox 1464 1905 1602 1940; x_wconf 85' lang='grc' dir='ltr'>νηστείας,</span> <span class='ocrx_word' id='word_1_755' title='bbox 1622 1904 1669 1931; x_wconf 86' lang='grc' dir='ltr'>κα¹ι</span> <span class='ocrx_word' id='word_1_756' title='bbox 1693 1904 1801 1931; x_wconf 79' lang='grc' dir='ltr'>ἀπειλεῖ</span> <span class='ocrx_word' id='word_1_757' title='bbox 1816 1905 1872 1937; x_wconf 85' lang='grc' dir='ltr'>τοῖς</span> 
     </span>
    </p>
   </div>
   <div class='ocr_carea' id='block_1_104' title="bbox 1076 1947 1872 1984">
    <p class='ocr_par' dir='ltr' id='par_1_104' title="bbox 1076 1947 1872 1984">
     <span class='ocr_line' id='line_1_104' title="bbox 1076 1947 1872 1984; baseline 0 -10"><span class='ocrx_word' id='word_1_758' title='bbox 1076 1948 1312 1984; x_wconf 77' lang='grc' dir='ltr'>ψευδοπροφήταις</span> <span class='ocrx_word' id='word_1_759' title='bbox 1326 1947 1409 1980; x_wconf 84' lang='grc' dir='ltr'>κακὰ,</span> <span class='ocrx_word' id='word_1_760' title='bbox 1424 1948 1517 1983; x_wconf 75' lang='grc' dir='ltr'>ἐπειδὴ</span> <span class='ocrx_word' id='word_1_761' title='bbox 1532 1947 1623 1982; x_wconf 78' lang='grc' dir='ltr'>ελεγον</span> <span class='ocrx_word' id='word_1_762' title='bbox 1638 1948 1679 1974; x_wconf 82' lang='grc' dir='ltr'>δτι</span> <span class='ocrx_word' id='word_1_763' title='bbox 1697 1948 1748 1974; x_wconf 80' lang='grc' dir='ltr'>οὐκ</span> <span class='ocrx_word' id='word_1_764' title='bbox 1764 1948 1872 1975; x_wconf 72' lang='grc' dir='ltr'>ἔσονται</span> 
     </span>
    </p>
   </div>
   <div class='ocr_carea' id='block_1_105' title="bbox 1078 1991 1871 2028">
    <p class='ocr_par' dir='ltr' id='par_1_105' title="bbox 1078 1991 1871 2028">
     <span class='ocr_line' id='line_1_105' title="bbox 1078 1991 1871 2028; baseline 0 -10"><span class='ocrx_word' id='word_1_765' title='bbox 1078 1992 1217 2028; x_wconf 80' lang='grc' dir='ltr'>συμφοραὶ</span> <span class='ocrx_word' id='word_1_766' title='bbox 1240 1992 1279 2027; x_wconf 84' lang='grc' dir='ltr'>τῷ</span> <span class='ocrx_word' id='word_1_767' title='bbox 1293 1991 1361 2027; x_wconf 87' lang='grc' dir='ltr'>λαῷ.</span> <span class='ocrx_word' id='word_1_768' title='bbox 1383 1991 1511 2018; x_wconf 87' lang='grc' dir='ltr'>Ὶκετεύει</span> <span class='ocrx_word' id='word_1_769' title='bbox 1527 1992 1572 2019; x_wconf 75' lang='grc' dir='ltr'>τδν</span> <span class='ocrx_word' id='word_1_770' title='bbox 1593 1992 1659 2019; x_wconf 85' lang='grc' dir='ltr'>Θεόν</span> <span class='ocrx_word' id='word_1_771' title='bbox 1672 2000 1679 2007; x_wconf 91' lang='grc'>·</span> <span class='ocrx_word' id='word_1_772' title='bbox 1695 1993 1709 2019; x_wconf 82' lang='lat'>0</span> <span class='ocrx_word' id='word_1_773' title='bbox 1727 1992 1755 2018; x_wconf 80' lang='grc' dir='ltr'>δέ</span> <span class='ocrx_word' id='word_1_774' title='bbox 1778 2000 1871 2027; x_wconf 86' lang='grc' dir='ltr'>φησιν,</span> 
     </span>
    </p>
   </div>
   <div class='ocr_carea' id='block_1_106' title="bbox 1077 2035 1872 2072">
    <p class='ocr_par' dir='ltr' id='par_1_106' title="bbox 1077 2035 1872 2072">
     <span class='ocr_line' id='line_1_106' title="bbox 1077 2035 1872 2072; baseline -0.001 -9"><span class='ocrx_word' id='word_1_775' title='bbox 1077 2037 1127 2063; x_wconf 72' lang='grc' dir='ltr'>οὐκ</span> <span class='ocrx_word' id='word_1_776' title='bbox 1149 2035 1368 2068; x_wconf 87' lang='grc' dir='ltr'>είσακούσεσθαι,</span> <span class='ocrx_word' id='word_1_777' title='bbox 1384 2036 1445 2063; x_wconf 79' lang='grc' dir='ltr'>οὐδὲ</span> <span class='ocrx_word' id='word_1_778' title='bbox 1465 2036 1512 2063; x_wconf 74' lang='grc' dir='ltr'>ἐὰν</span> <span class='ocrx_word' id='word_1_779' title='bbox 1533 2035 1655 2071; x_wconf 83' lang='grc' dir='ltr'>Μωῦσῆς</span> <span class='ocrx_word' id='word_1_780' title='bbox 1675 2036 1723 2064; x_wconf 78' lang='grc' dir='ltr'>καὶ</span> <span class='ocrx_word' id='word_1_781' title='bbox 1745 2035 1872 2072; x_wconf 73' lang='grc' dir='ltr'>Σαμουὴλ</span> 
     </span>
    </p>
   </div>
   <div class='ocr_carea' id='block_1_107' title="bbox 1077 2079 1872 2116">
    <p class='ocr_par' dir='ltr' id='par_1_107' title="bbox 1077 2079 1872 2116">
     <span class='ocr_line' id='line_1_107' title="bbox 1077 2079 1872 2116; baseline 0 -10"><span class='ocrx_word' id='word_1_782' title='bbox 1077 2079 1264 2116; x_wconf 80' lang='grc' dir='ltr'>πρεσϐεύωσιν</span> <span class='ocrx_word' id='word_1_783' title='bbox 1290 2080 1360 2116; x_wconf 78' lang='grc' dir='ltr'>ὑπὲρ</span> <span class='ocrx_word' id='word_1_784' title='bbox 1382 2080 1482 2111; x_wconf 81' lang='grc' dir='ltr'>αὐτῶν,</span> <span class='ocrx_word' id='word_1_785' title='bbox 1507 2079 1576 2107; x_wconf 85' lang='grc' dir='ltr'>ἀλλὰ</span> <span class='ocrx_word' id='word_1_786' title='bbox 1598 2079 1695 2107; x_wconf 82' lang='grc' dir='ltr'>δώσειν</span> <span class='ocrx_word' id='word_1_787' title='bbox 1717 2080 1815 2112; x_wconf 76' lang='grc' dir='ltr'>αὐτοὺς</span> <span class='ocrx_word' id='word_1_788' title='bbox 1832 2080 1872 2112; x_wconf 88' lang='grc' dir='ltr'>είς</span> 
     </span>
    </p>
   </div>
   <div class='ocr_carea' id='block_1_108' title="bbox 1079 2124 1870 2161">
    <p class='ocr_par' dir='ltr' id='par_1_108' title="bbox 1079 2124 1870 2161">
     <span class='ocr_line' id='line_1_108' title="bbox 1079 2124 1870 2161; baseline -0.003 -9"><span class='ocrx_word' id='word_1_789' title='bbox 1079 2125 1214 2161; x_wconf 83' lang='grc' dir='ltr'>μάχαιραν</span> <span class='ocrx_word' id='word_1_790' title='bbox 1232 2125 1279 2153; x_wconf 72' lang='grc' dir='ltr'>καὶ</span> <span class='ocrx_word' id='word_1_791' title='bbox 1295 2124 1422 2159; x_wconf 82' lang='grc' dir='ltr'>θάνατον,</span> <span class='ocrx_word' id='word_1_792' title='bbox 1435 2125 1483 2152; x_wconf 75' lang='grc' dir='ltr'>καὶ</span> <span class='ocrx_word' id='word_1_793' title='bbox 1502 2124 1580 2160; x_wconf 71' lang='grc' dir='ltr'>λςμδν</span> <span class='ocrx_word' id='word_1_794' title='bbox 1602 2124 1649 2151; x_wconf 75' lang='grc' dir='ltr'>καὶ</span> <span class='ocrx_word' id='word_1_795' title='bbox 1671 2125 1870 2160; x_wconf 80' lang='grc' dir='ltr'>αἰχμαλωσίαν,</span> 
     </span>
    </p>
   </div>
   <div class='ocr_carea' id='block_1_109' title="bbox 1078 2168 1872 2204">
    <p class='ocr_par' dir='ltr' id='par_1_109' title="bbox 1078 2168 1872 2204">
     <span class='ocr_line' id='line_1_109' title="bbox 1078 2168 1872 2204; baseline 0.001 -9"><span class='ocrx_word' id='word_1_796' title='bbox 1078 2169 1125 2195; x_wconf 76' lang='grc' dir='ltr'>καὶ</span> <span class='ocrx_word' id='word_1_797' title='bbox 1138 2169 1178 2201; x_wconf 84' lang='grc' dir='ltr'>είς</span> <span class='ocrx_word' id='word_1_798' title='bbox 1202 2168 1373 2204; x_wconf 76' lang='grc' dir='ltr'>διασπασμὸν</span> <span class='ocrx_word' id='word_1_799' title='bbox 1395 2169 1500 2195; x_wconf 87' lang='grc' dir='ltr'>κακῶν.</span> <span class='ocrx_word' id='word_1_800' title='bbox 1529 2168 1580 2195; x_wconf 74' lang='grc' dir='ltr'>Καὶ</span> <span class='ocrx_word' id='word_1_801' title='bbox 1601 2168 1736 2204; x_wconf 87' lang='grc' dir='ltr'>Ἱερεμίας</span> <span class='ocrx_word' id='word_1_802' title='bbox 1763 2168 1872 2204; x_wconf 74' lang='grc' dir='ltr'>εὖχεται</span> 
     </span>
    </p>
   </div>
   <div class='ocr_carea' id='block_1_110' title="bbox 1077 2213 1872 2249">
    <p class='ocr_par' dir='ltr' id='par_1_110' title="bbox 1077 2213 1872 2249">
     <span class='ocr_line' id='line_1_110' title="bbox 1077 2213 1872 2249; baseline -0.003 -7"><span class='ocrx_word' id='word_1_803' title='bbox 1077 2213 1264 2249; x_wconf 77' lang='grc' dir='ltr'>τιμωρηθῆναι</span> <span class='ocrx_word' id='word_1_804' title='bbox 1276 2214 1338 2246; x_wconf 78' lang='grc' dir='ltr'>τοὺς</span> <span class='ocrx_word' id='word_1_805' title='bbox 1349 2213 1528 2246; x_wconf 77' lang='grc' dir='ltr'>ὀνειδίζοντας</span> <span class='ocrx_word' id='word_1_806' title='bbox 1537 2213 1619 2240; x_wconf 83' lang='grc' dir='ltr'>αὐτόν</span> <span class='ocrx_word' id='word_1_807' title='bbox 1628 2222 1634 2228; x_wconf 93' lang='grc'>·</span> <span class='ocrx_word' id='word_1_808' title='bbox 1646 2214 1662 2240; x_wconf 85' lang='lat'>0</span> <span class='ocrx_word' id='word_1_809' title='bbox 1674 2213 1703 2240; x_wconf 84' lang='grc' dir='ltr'>δὲ</span> <span class='ocrx_word' id='word_1_810' title='bbox 1711 2213 1777 2245; x_wconf 87' lang='grc' dir='ltr'>Θεός</span> <span class='ocrx_word' id='word_1_811' title='bbox 1789 2222 1872 2249; x_wconf 88' lang='grc' dir='ltr'>φησιν</span> 
     </span>
    </p>
   </div>
   <div class='ocr_carea' id='block_1_111' title="bbox 1077 2257 1871 2293">
    <p class='ocr_par' dir='ltr' id='par_1_111' title="bbox 1077 2257 1871 2293">
     <span class='ocr_line' id='line_1_111' title="bbox 1077 2257 1871 2293; baseline 0 -9"><span class='ocrx_word' id='word_1_812' title='bbox 1077 2257 1151 2293; x_wconf 81' lang='grc' dir='ltr'>αὐτῷ</span> <span class='ocrx_word' id='word_1_813' title='bbox 1160 2266 1168 2273; x_wconf 90' lang='grc'><strong>·</strong></span> <span class='ocrx_word' id='word_1_814' title='bbox 1189 2257 1256 2284; x_wconf 83' lang='grc' dir='ltr'>Ἐὰν</span> <span class='ocrx_word' id='word_1_815' title='bbox 1267 2257 1381 2292; x_wconf 75' lang='grc' dir='ltr'>ἐξάγῃς</span> <span class='ocrx_word' id='word_1_816' title='bbox 1395 2258 1494 2292; x_wconf 78' lang='grc' dir='ltr'>τίμιον</span> <span class='ocrx_word' id='word_1_817' title='bbox 1503 2257 1562 2285; x_wconf 83' lang='grc' dir='ltr'>ἀπὸ</span> <span class='ocrx_word' id='word_1_818' title='bbox 1573 2257 1711 2290; x_wconf 83' lang='grc' dir='ltr'>ἀναξίου,</span> <span class='ocrx_word' id='word_1_819' title='bbox 1720 2257 1760 2290; x_wconf 84' lang='grc' dir='ltr'>ὡς</span> <span class='ocrx_word' id='word_1_820' title='bbox 1774 2258 1871 2292; x_wconf 81' lang='grc' dir='ltr'>στόμα</span> 
     </span>
    </p>
   </div>
   <div class='ocr_carea' id='block_1_112' title="bbox 1075 2301 1871 2337">
    <p class='ocr_par' dir='ltr' id='par_1_112' title="bbox 1075 2301 1871 2337">
     <span class='ocr_line' id='line_1_112' title="bbox 1075 2301 1871 2337; baseline -0.003 -8"><span class='ocrx_word' id='word_1_821' title='bbox 1075 2311 1135 2337; x_wconf 79' lang='grc' dir='ltr'>μου</span> <span class='ocrx_word' id='word_1_822' title='bbox 1151 2301 1220 2336; x_wconf 76' lang='grc' dir='ltr'>ἔσῃ.</span> <span class='ocrx_word' id='word_1_823' title='bbox 1251 2301 1398 2330; x_wconf 82' lang='grc' dir='ltr'>Κελεύεται</span> <span class='ocrx_word' id='word_1_824' title='bbox 1422 2301 1459 2336; x_wconf 81' lang='grc' dir='ltr'>μὴ</span> <span class='ocrx_word' id='word_1_825' title='bbox 1487 2302 1575 2337; x_wconf 86' lang='grc' dir='ltr'>γῆμαι</span> <span class='ocrx_word' id='word_1_826' title='bbox 1597 2302 1612 2328; x_wconf 94' lang='lat'>0</span> <span class='ocrx_word' id='word_1_827' title='bbox 1633 2301 1777 2336; x_wconf 78' lang='grc' dir='ltr'>Ἱερεμίας,</span> <span class='ocrx_word' id='word_1_828' title='bbox 1804 2301 1871 2336; x_wconf 80' lang='grc' dir='ltr'>μηδὲ</span> 
     </span>
    </p>
   </div>
   <div class='ocr_carea' id='block_1_113' title="bbox 1079 2344 1871 2380">
    <p class='ocr_par' dir='ltr' id='par_1_113' title="bbox 1079 2344 1871 2380">
     <span class='ocr_line' id='line_1_113' title="bbox 1079 2344 1871 2380; baseline -0.001 -9"><span class='ocrx_word' id='word_1_829' title='bbox 1079 2345 1198 2380; x_wconf 81' lang='grc' dir='ltr'>θρηνεῖν,</span> <span class='ocrx_word' id='word_1_830' title='bbox 1219 2344 1287 2379; x_wconf 76' lang='grc' dir='ltr'>μηδὲ</span> <span class='ocrx_word' id='word_1_831' title='bbox 1301 2344 1348 2371; x_wconf 86' lang='grc' dir='ltr'>τοῦ</span> <span class='ocrx_word' id='word_1_832' title='bbox 1365 2344 1508 2380; x_wconf 76' lang='grc' dir='ltr'>γινομένου</span> <span class='ocrx_word' id='word_1_833' title='bbox 1528 2345 1583 2376; x_wconf 83' lang='grc' dir='ltr'>τοῖς</span> <span class='ocrx_word' id='word_1_834' title='bbox 1598 2344 1800 2380; x_wconf 84' lang='grc' dir='ltr'>ἀποθνήσκουσι</span> <span class='ocrx_word' id='word_1_835' title='bbox 1815 2353 1871 2371; x_wconf 87' lang='grc' dir='ltr'>κοι-</span> 
     </span>
    </p>
   </div>
   <div class='ocr_carea' id='block_1_114' title="bbox 1078 2389 1871 2425">
    <p class='ocr_par' dir='ltr' id='par_1_114' title="bbox 1078 2389 1871 2425">
     <span class='ocr_line' id='line_1_114' title="bbox 1078 2389 1871 2425; baseline -0.001 -9"><span class='ocrx_word' id='word_1_836' title='bbox 1078 2391 1172 2416; x_wconf 85' lang='grc' dir='ltr'>νωνείν</span> <span class='ocrx_word' id='word_1_837' title='bbox 1184 2390 1240 2420; x_wconf 80' lang='grc' dir='ltr'>τοῖς</span> <span class='ocrx_word' id='word_1_838' title='bbox 1264 2389 1454 2424; x_wconf 90' lang='grc' dir='ltr'>Ἰσραηλίταις.</span> <span class='ocrx_word' id='word_1_839' title='bbox 1476 2389 1543 2424; x_wconf 79' lang='grc' dir='ltr'>Περὶ</span> <span class='ocrx_word' id='word_1_840' title='bbox 1555 2389 1610 2415; x_wconf 88' lang='grc' dir='ltr'>τῶν</span> <span class='ocrx_word' id='word_1_841' title='bbox 1623 2389 1792 2420; x_wconf 84' lang='grc' dir='ltr'>ἀποστόλων,</span> <span class='ocrx_word' id='word_1_842' title='bbox 1808 2389 1871 2425; x_wconf 78' lang='grc' dir='ltr'>περὶ</span> 
     </span>
    </p>
   </div>
   <div class='ocr_carea' id='block_1_115' title="bbox 1078 2432 1871 2468">
    <p class='ocr_par' dir='ltr' id='par_1_115' title="bbox 1078 2432 1871 2468">
     <span class='ocr_line' id='line_1_115' title="bbox 1078 2432 1871 2468; baseline -0.001 -8"><span class='ocrx_word' id='word_1_843' title='bbox 1078 2432 1197 2468; x_wconf 88' lang='grc' dir='ltr'>Χριστοῦ</span> <span class='ocrx_word' id='word_1_844' title='bbox 1216 2432 1385 2468; x_wconf 83' lang='grc' dir='ltr'>προφητεία·</span> <span class='ocrx_word' id='word_1_845' title='bbox 1405 2433 1469 2464; x_wconf 79' lang='grc' dir='ltr'>τοὺς</span> <span class='ocrx_word' id='word_1_846' title='bbox 1490 2433 1587 2467; x_wconf 85' lang='grc' dir='ltr'>λόγους</span> <span class='ocrx_word' id='word_1_847' title='bbox 1609 2433 1665 2460; x_wconf 87' lang='grc' dir='ltr'>τῶν</span> <span class='ocrx_word' id='word_1_848' title='bbox 1684 2433 1871 2460; x_wconf 79' lang='grc' dir='ltr'>ἀπιστούντων</span> 
     </span>
    </p>
   </div>
   <div class='ocr_carea' id='block_1_116' title="bbox 1078 2476 1868 2512">
    <p class='ocr_par' dir='ltr' id='par_1_116' title="bbox 1078 2476 1868 2512">
     <span class='ocr_line' id='line_1_116' title="bbox 1078 2476 1868 2512; baseline -0.001 -9"><span class='ocrx_word' id='word_1_849' title='bbox 1078 2477 1152 2511; x_wconf 83' lang='grc' dir='ltr'>αὐτῷ</span> <span class='ocrx_word' id='word_1_850' title='bbox 1169 2477 1183 2503; x_wconf 84' lang='lat'>0</span> <span class='ocrx_word' id='word_1_851' title='bbox 1206 2477 1349 2512; x_wconf 80' lang='grc' dir='ltr'>προφήτης</span> <span class='ocrx_word' id='word_1_852' title='bbox 1365 2476 1502 2511; x_wconf 78' lang='grc' dir='ltr'>προλέγει,</span> <span class='ocrx_word' id='word_1_853' title='bbox 1518 2477 1567 2503; x_wconf 73' lang='grc' dir='ltr'>καὶ</span> <span class='ocrx_word' id='word_1_854' title='bbox 1588 2477 1750 2511; x_wconf 85' lang='grc' dir='ltr'>κατεύχεται</span> <span class='ocrx_word' id='word_1_855' title='bbox 1769 2476 1868 2502; x_wconf 81' lang='grc' dir='ltr'>αὐτῶν.</span> 
     </span>
    </p>
   </div>
   <div class='ocr_carea' id='block_1_117' title="bbox 1078 2519 1870 2556">
    <p class='ocr_par' dir='ltr' id='par_1_117' title="bbox 1078 2519 1870 2556">
     <span class='ocr_line' id='line_1_117' title="bbox 1078 2519 1870 2556; baseline -0.001 -9"><span class='ocrx_word' id='word_1_856' title='bbox 1078 2522 1133 2547; x_wconf 79' lang='grc' dir='ltr'>Καὶ</span> <span class='ocrx_word' id='word_1_857' title='bbox 1147 2521 1275 2556; x_wconf 80' lang='grc' dir='ltr'>παραινεί</span> <span class='ocrx_word' id='word_1_858' title='bbox 1296 2521 1352 2551; x_wconf 75' lang='grc' dir='ltr'>τοῖς</span> <span class='ocrx_word' id='word_1_859' title='bbox 1373 2520 1520 2551; x_wconf 78' lang='grc' dir='ltr'>Ἰουδαίοις,</span> <span class='ocrx_word' id='word_1_860' title='bbox 1540 2519 1610 2547; x_wconf 84' lang='grc' dir='ltr'>ὥστε</span> <span class='ocrx_word' id='word_1_861' title='bbox 1627 2519 1657 2548; x_wconf 78' lang='grc' dir='ltr'>τὸ</span> <span class='ocrx_word' id='word_1_862' title='bbox 1672 2520 1806 2548; x_wconf 85' lang='grc' dir='ltr'>σάϐϐατον</span> <span class='ocrx_word' id='word_1_863' title='bbox 1821 2528 1870 2555; x_wconf 90' lang='grc' dir='ltr'>τη-</span> 
     </span>
    </p>
   </div>
   <div class='ocr_carea' id='block_1_118' title="bbox 1079 2562 1869 2601">
    <p class='ocr_par' dir='ltr' id='par_1_118' title="bbox 1079 2562 1869 2601">
     <span class='ocr_line' id='line_1_118' title="bbox 1079 2562 1869 2601; baseline 0 -10"><span class='ocrx_word' id='word_1_864' title='bbox 1079 2567 1146 2601; x_wconf 83' lang='grc' dir='ltr'>ρεῖν.</span> <span class='ocrx_word' id='word_1_865' title='bbox 1163 2565 1210 2596; x_wconf 78' lang='grc' dir='ltr'>Εἰς</span> <span class='ocrx_word' id='word_1_866' title='bbox 1227 2565 1272 2591; x_wconf 78' lang='grc' dir='ltr'>τὸν</span> <span class='ocrx_word' id='word_1_867' title='bbox 1287 2562 1360 2591; x_wconf 73' lang='grc' dir='ltr'>οἶκον</span> <span class='ocrx_word' id='word_1_868' title='bbox 1385 2564 1432 2591; x_wconf 88' lang='grc' dir='ltr'>τοῦ</span> <span class='ocrx_word' id='word_1_869' title='bbox 1455 2565 1600 2600; x_wconf 85' lang='grc' dir='ltr'>κεραμέως</span> <span class='ocrx_word' id='word_1_870' title='bbox 1624 2565 1762 2600; x_wconf 82' lang='grc' dir='ltr'>πέμπεται</span> <span class='ocrx_word' id='word_1_871' title='bbox 1773 2566 1788 2591; x_wconf 93' lang='lat'>0</span> <span class='ocrx_word' id='word_1_872' title='bbox 1806 2573 1869 2600; x_wconf 91' lang='grc' dir='ltr'>προ-</span> 
     </span>
    </p>
   </div>
   <div class='ocr_carea' id='block_1_119' title="bbox 1078 2607 1867 2644">
    <p class='ocr_par' dir='ltr' id='par_1_119' title="bbox 1078 2607 1867 2644">
     <span class='ocr_line' id='line_1_119' title="bbox 1078 2607 1867 2644; baseline 0 -9"><span class='ocrx_word' id='word_1_873' title='bbox 1078 2609 1176 2644; x_wconf 84' lang='grc' dir='ltr'>φήτης.</span> <span class='ocrx_word' id='word_1_874' title='bbox 1204 2607 1300 2642; x_wconf 81' lang='grc' dir='ltr'>Πέρας</span> <span class='ocrx_word' id='word_1_875' title='bbox 1322 2608 1459 2641; x_wconf 76' lang='grc' dir='ltr'>λαλήσω,</span> <span class='ocrx_word' id='word_1_876' title='bbox 1477 2609 1558 2643; x_wconf 81' lang='grc' dir='ltr'>φησὶν</span> <span class='ocrx_word' id='word_1_877' title='bbox 1574 2608 1589 2634; x_wconf 83' lang='lat'>0</span> <span class='ocrx_word' id='word_1_878' title='bbox 1606 2608 1683 2640; x_wconf 80' lang='grc' dir='ltr'>Θεὸς,</span> <span class='ocrx_word' id='word_1_879' title='bbox 1707 2608 1756 2635; x_wconf 73' lang='grc' dir='ltr'>ἐπὶ</span> <span class='ocrx_word' id='word_1_880' title='bbox 1776 2609 1867 2640; x_wconf 80' lang='grc' dir='ltr'>,βασι-</span> 
     </span>
    </p>
   </div>
   <div class='ocr_carea' id='block_1_120' title="bbox 1077 2650 1866 2686">
    <p class='ocr_par' dir='ltr' id='par_1_120' title="bbox 1077 2650 1866 2686">
     <span class='ocr_line' id='line_1_120' title="bbox 1077 2650 1866 2686; baseline 0 -8"><span class='ocrx_word' id='word_1_881' title='bbox 1077 2652 1172 2685; x_wconf 76' lang='grc' dir='ltr'>λείας,</span> <span class='ocrx_word' id='word_1_882' title='bbox 1183 2650 1260 2678; x_wconf 80' lang='grc' dir='ltr'>ὥστε</span> <span class='ocrx_word' id='word_1_883' title='bbox 1271 2651 1404 2685; x_wconf 77' lang='grc' dir='ltr'>ἀναιρεῖν</span> <span class='ocrx_word' id='word_1_884' title='bbox 1412 2651 1509 2686; x_wconf 83' lang='grc' dir='ltr'>αὐτήν</span> <span class='ocrx_word' id='word_1_885' title='bbox 1522 2660 1529 2666; x_wconf 92' lang='grc'>·</span> <span class='ocrx_word' id='word_1_886' title='bbox 1539 2652 1587 2678; x_wconf 75' lang='grc' dir='ltr'>καὶ</span> <span class='ocrx_word' id='word_1_887' title='bbox 1597 2652 1645 2679; x_wconf 80' lang='grc' dir='ltr'>ὲάν</span> <span class='ocrx_word' id='word_1_888' title='bbox 1655 2651 1866 2686; x_wconf 76' lang='grc' dir='ltr'>ἐπιστρέψωσιν,</span> 
     </span>
    </p>
   </div>
   <div class='ocr_carea' id='block_1_121' title="bbox 1078 2695 1868 2731">
    <p class='ocr_par' dir='ltr' id='par_1_121' title="bbox 1078 2695 1868 2731">
     <span class='ocr_line' id='line_1_121' title="bbox 1078 2695 1868 2731; baseline 0 -9"><span class='ocrx_word' id='word_1_889' title='bbox 1078 2696 1108 2722; x_wconf 83' lang='grc' dir='ltr'>οὒ</span> <span class='ocrx_word' id='word_1_890' title='bbox 1126 2695 1163 2731; x_wconf 80' lang='grc' dir='ltr'>μὴ</span> <span class='ocrx_word' id='word_1_891' title='bbox 1175 2695 1271 2722; x_wconf 81' lang='grc' dir='ltr'>ἀνέλω.</span> <span class='ocrx_word' id='word_1_892' title='bbox 1287 2696 1340 2722; x_wconf 80' lang='grc' dir='ltr'>Καὶ</span> <span class='ocrx_word' id='word_1_893' title='bbox 1353 2695 1445 2729; x_wconf 80' lang='grc' dir='ltr'>πέρας</span> <span class='ocrx_word' id='word_1_894' title='bbox 1459 2695 1596 2728; x_wconf 79' lang='grc' dir='ltr'>λαλήσω,</span> <span class='ocrx_word' id='word_1_895' title='bbox 1611 2695 1703 2730; x_wconf 80' lang='grc' dir='ltr'>φησὶν,</span> <span class='ocrx_word' id='word_1_896' title='bbox 1718 2696 1768 2722; x_wconf 75' lang='grc' dir='ltr'>ἐπὶ</span> <span class='ocrx_word' id='word_1_897' title='bbox 1781 2696 1868 2728; x_wconf 70' lang='grc' dir='ltr'>ἔθνος</span> 
     </span>
    </p>
   </div>
   <div class='ocr_carea' id='block_1_122' title="bbox 1078 2738 1868 2775">
    <p class='ocr_par' dir='ltr' id='par_1_122' title="bbox 1078 2738 1868 2775">
     <span class='ocr_line' id='line_1_122' title="bbox 1078 2738 1868 2775; baseline 0 -10"><span class='ocrx_word' id='word_1_898' title='bbox 1078 2738 1095 2775; x_wconf 81' lang='grc' dir='ltr'>ἢ</span> <span class='ocrx_word' id='word_1_899' title='bbox 1110 2739 1283 2771; x_wconf 78' lang='grc' dir='ltr'>βασιλείαν,</span> <span class='ocrx_word' id='word_1_900' title='bbox 1302 2739 1354 2766; x_wconf 85' lang='grc' dir='ltr'>τοῦ</span> <span class='ocrx_word' id='word_1_901' title='bbox 1369 2739 1637 2774; x_wconf 80' lang='grc' dir='ltr'>ἀνοικοδομεῖσθαι.</span> <span class='ocrx_word' id='word_1_902' title='bbox 1654 2738 1708 2766; x_wconf 85' lang='grc' dir='ltr'>Καὶ</span> <span class='ocrx_word' id='word_1_903' title='bbox 1728 2739 1776 2766; x_wconf 87' lang='grc' dir='ltr'>ὲάν</span> <span class='ocrx_word' id='word_1_904' title='bbox 1792 2740 1868 2773; x_wconf 86' lang='grc' dir='ltr'>ποιή-</span> 
     </span>
    </p>
   </div>
   <div class='ocr_carea' id='block_1_123' title="bbox 1079 2782 1868 2818">
    <p class='ocr_par' dir='ltr' id='par_1_123' title="bbox 1079 2782 1868 2818">
     <span class='ocr_line' id='line_1_123' title="bbox 1079 2782 1868 2818; baseline 0.001 -10"><span class='ocrx_word' id='word_1_905' title='bbox 1079 2790 1146 2808; x_wconf 86' lang='grc' dir='ltr'>σωσι</span> <span class='ocrx_word' id='word_1_906' title='bbox 1159 2782 1189 2809; x_wconf 77' lang='grc' dir='ltr'>τὸ</span> <span class='ocrx_word' id='word_1_907' title='bbox 1203 2782 1330 2817; x_wconf 83' lang='grc' dir='ltr'>πονηρὸν,</span> <span class='ocrx_word' id='word_1_908' title='bbox 1349 2783 1378 2808; x_wconf 89' lang='grc' dir='ltr'>οὺ</span> <span class='ocrx_word' id='word_1_909' title='bbox 1395 2783 1500 2818; x_wconf 82' lang='grc' dir='ltr'>ποιήσω</span> <span class='ocrx_word' id='word_1_910' title='bbox 1519 2782 1596 2818; x_wconf 86' lang='grc' dir='ltr'>κάγὼ</span> <span class='ocrx_word' id='word_1_911' title='bbox 1611 2783 1676 2818; x_wconf 79' lang='grc' dir='ltr'>περὶ</span> <span class='ocrx_word' id='word_1_912' title='bbox 1689 2782 1744 2809; x_wconf 85' lang='grc' dir='ltr'>τῶν</span> <span class='ocrx_word' id='word_1_913' title='bbox 1759 2782 1868 2816; x_wconf 79' lang='grc' dir='ltr'>ἀγαθῶν</span> 
     </span>
    </p>
   </div>
   <div class='ocr_carea' id='block_1_124' title="bbox 1076 2822 1867 2861">
    <p class='ocr_par' dir='ltr' id='par_1_124' title="bbox 1076 2822 1867 2861">
     <span class='ocr_line' id='line_1_124' title="bbox 1076 2822 1867 2861; baseline 0 -9"><span class='ocrx_word' id='word_1_914' title='bbox 1076 2822 1114 2852; x_wconf 79' lang='grc' dir='ltr'>ὧν</span> <span class='ocrx_word' id='word_1_915' title='bbox 1131 2826 1248 2861; x_wconf 77' lang='grc' dir='ltr'>ἐλάλησα</span> <span class='ocrx_word' id='word_1_916' title='bbox 1260 2825 1324 2861; x_wconf 87' lang='grc' dir='ltr'>ποιῆ</span> <span class='ocrx_word' id='word_1_917' title='bbox 1331 2834 1372 2852; x_wconf 67' lang='grc' dir='ltr'>παι</span> <span class='ocrx_word' id='word_1_918' title='bbox 1391 2827 1494 2857; x_wconf 70' lang='grc' dir='ltr'>αὐτοῖς.</span> <span class='ocrx_word' id='word_1_919' title='bbox 1507 2826 1592 2853; x_wconf 86' lang='grc' dir='ltr'>Τοῦτο</span> <span class='ocrx_word' id='word_1_920' title='bbox 1604 2826 1633 2852; x_wconf 80' lang='grc' dir='ltr'>δὲ</span> <span class='ocrx_word' id='word_1_921' title='bbox 1647 2826 1783 2861; x_wconf 86' lang='grc' dir='ltr'>χρήσιμον</span> <span class='ocrx_word' id='word_1_922' title='bbox 1802 2826 1867 2861; x_wconf 82' lang='grc' dir='ltr'>πρὸς</span> 
     </span>
    </p>
   </div>
   <div class='ocr_carea' id='block_1_125' title="bbox 1085 2869 1867 2904">
    <p class='ocr_par' dir='ltr' id='par_1_125' title="bbox 1085 2869 1867 2904">
     <span class='ocr_line' id='line_1_125' title="bbox 1085 2869 1867 2904; baseline 0 -9"><span class='ocrx_word' id='word_1_923' title='bbox 1085 2869 1226 2901; x_wconf 80' lang='grc' dir='ltr'>Ἰουδαίους</span> <span class='ocrx_word' id='word_1_924' title='bbox 1243 2870 1273 2896; x_wconf 80' lang='grc' dir='ltr'>τὺ</span> <span class='ocrx_word' id='word_1_925' title='bbox 1293 2870 1449 2904; x_wconf 83' lang='grc' dir='ltr'>κεφάλαιον,</span> <span class='ocrx_word' id='word_1_926' title='bbox 1464 2871 1528 2897; x_wconf 76' lang='grc' dir='ltr'>ὅταν</span> <span class='ocrx_word' id='word_1_927' title='bbox 1545 2871 1661 2904; x_wconf 86' lang='grc' dir='ltr'>λέγωσιν</span> <span class='ocrx_word' id='word_1_928' title='bbox 1680 2871 1722 2896; x_wconf 81' lang='grc' dir='ltr'>ὅτι</span> <span class='ocrx_word' id='word_1_929' title='bbox 1737 2870 1867 2904; x_wconf 78' lang='grc' dir='ltr'>ἐπηγγεί-</span> 
     </span>
    </p>
   </div>
   <div class='ocr_carea' id='block_1_126' title="bbox 1077 2914 1867 2950">
    <p class='ocr_par' dir='ltr' id='par_1_126' title="bbox 1077 2914 1867 2950">
     <span class='ocr_line' id='line_1_126' title="bbox 1077 2914 1867 2950; baseline -0.001 -9"><span class='ocrx_word' id='word_1_930' title='bbox 1077 2914 1142 2941; x_wconf 81' lang='grc' dir='ltr'>λατο</span> <span class='ocrx_word' id='word_1_931' title='bbox 1156 2915 1247 2947; x_wconf 76' lang='grc' dir='ltr'>αὐτοῖς</span> <span class='ocrx_word' id='word_1_932' title='bbox 1261 2915 1350 2949; x_wconf 74' lang='grc' dir='ltr'>ἀγαοᾷ</span> <span class='ocrx_word' id='word_1_933' title='bbox 1366 2916 1380 2942; x_wconf 80' lang='grc' dir='ltr'>ὁ</span> <span class='ocrx_word' id='word_1_934' title='bbox 1403 2915 1514 2950; x_wconf 76' lang='grc' dir='ltr'>Κύριος.</span> <span class='ocrx_word' id='word_1_935' title='bbox 1538 2915 1749 2950; x_wconf 72' lang='grc' dir='ltr'>Ἀπειοήσαντες</span> <span class='ocrx_word' id='word_1_936' title='bbox 1765 2915 1817 2950; x_wconf 81' lang='grc' dir='ltr'>γὰρ</span> <span class='ocrx_word' id='word_1_937' title='bbox 1832 2915 1867 2947; x_wconf 64' lang='grc' dir='ltr'>τιῖξ</span> 
     </span>
    </p>
   </div>
  </div>
