2060 3125
186 186 237 215 57⁵1

186 245 229 272 rii.
245 243 282 271 De
298 242 331 270 iis
343 241 389 277 qui
403 241 430 269 in
444 239 579 268 Christum
592 236 719 266 credituri
732 239 804 268 sunt,
816 234 849 262 de
863 239 976 268 genera-

186 292 258 318 tione
270 289 368 317 Christi
381 287 527 316 secundum
535 292 642 313 carnem
652 293 659 312 :
667 283 700 311 de
708 280 911 310 mansuetudine
918 287 978 307 cre-

185 337 306 365 dentium
321 335 348 363 in
368 342 439 363 eum.
454 331 603 361 Perniciem
618 329 762 365 Babylonis
776 332 803 355 et
815 326 978 362 alienigena-

185 392 245 412 rum
256 382 427 410 vaticinatur.
444 379 580 407 Pernicies
603 377 785 405 Moabitarum.
812 375 850 402 De
872 373 979 401 Christo

187 429 338 465 prophetia.
362 426 498 455 Pernicies
518 423 651 455 Damasci,
675 427 703 450 et
722 421 828 449 lsraelis
842 419 979 448 calamitas

186 464 266 511 atque
281 474 363 501 salus.
375 472 509 501 Pernicies
522 469 640 505 Egypti.
654 468 705 496 Per
718 467 869 502 allegoriam
884 464 979 500 prazdi-

187 522 222 549 cit
233 527 367 548 :erumnas
381 518 504 554 gentibus
514 524 573 552 quae
586 514 698 542 Domino
708 521 759 541 non
771 511 942 543 crediderint,
953 515 980 538 et

187 567 221 595 de
236 566 372 601 impietate
393 571 485 592 eorum
501 560 674 598 proﬂiganda.
697 559 807 587 Jubetur
825 558 907 585 Isaias
928 564 979 584 nu-

188 613 237 640 dus
246 611 393 640 ambulare.
403 609 506 638 Bellum
517 607 655 635 Medorum
665 610 693 634 et
704 604 911 640 Babyloniorum
920 610 981 630 con-

189 665 229 686 tra
242 658 386 686 ldumream
401 660 428 684 et
440 654 576 683 Arabiam.
593 653 730 681 Postrema
751 650 854 678 obsidio
873 649 980 677 Jeroso—

187 706 267 741 lyma:
279 712 296 732 a
308 701 578 731 Nabuchodonosore.
587 698 728 727 Praedictio
735 697 841 725 Somnae
852 696 981 732 penuario

188 740 222 779 de
244 749 361 786 pernicie
382 748 449 783 ejus.
471 745 595 775 Penuarii
616 749 715 777 autem,
738 743 766 771 id
786 747 836 774 est,
856 740 980 769 custodes

188 798 360 833 pecuniarum
377 795 403 823 in
418 793 527 829 templo,
539 800 572 820 ex
585 790 755 819 sacerdotum
767 795 879 816 numero
893 791 979 815 erant.

189 843 325 872 Pernicies
339 840 413 877 Tyri,
427 844 454 867 et
464 839 536 866 salus
547 841 649 873 postea,
664 835 750 871 deque
766 833 894 862 Ecclesiis
913 833 980 860 alle-

190 889 289 925 gorice.
305 886 440 915 Pernicies
455 884 597 920 Babylonis
610 890 626 910 a
638 881 730 913 Medis,
749 884 777 908 et
791 887 838 915 pro
859 879 903 906 illa
918 886 980 914 gra-

190 936 287 963 tiarum
307 932 376 961 actio
391 932 446 959 Deo
468 938 515 966 per
534 929 701 965 prophetam.
719 926 862 961 Prophetia
873 925 907 953 de
920 932 981 952 cre-

190 980 313 1008 dentibus
323 979 350 1006 in
359 977 506 1010 Christum,
516 976 550 1004 de
558 975 655 1003 diaboli
665 973 781 1009 pernicie
792 979 838 1007 per
846 970 981 999 Christum

191 1030 282 1062 parta:
298 1025 331 1053 de
343 1023 442 1052 Christi
458 1021 605 1051 secundum
618 1027 726 1048 carnem
740 1018 872 1046 adventu:
884 1017 918 1045 de
932 1016 983 1044 ﬁdo

190 1073 216 1101 iu
231 1071 378 1099 Christum.
395 1070 541 1097 Accusatur
549 1066 640 1099 Israel,
654 1065 724 1101 quod
732 1071 807 1100 spem
819 1071 894 1091 suam
904 1070 918 1089 a
928 1062 983 1090 Deo

190 1118 320 1150 avellens,
337 1116 410 1143 illam
423 1116 450 1143 in
461 1114 601 1150 Egyptios
610 1111 788 1140 transtulerit:
801 1109 903 1145 ipsique
913 1108 983 1135 mala

191 1162 413 1199 praenuntiantnr,
437 1168 469 1188 ac
489 1164 579 1195 postea
595 1165 638 1186 res
652 1156 786 1185 secunde.
803 1155 904 1183 Eodem
924 1154 984 1181 loco

190 1209 330 1244 prophetia
341 1207 452 1234 habetur
462 1206 496 1234 de
506 1205 604 1233 Christi
617 1203 747 1236 Ecclesia,
760 1202 795 1230 de
806 1200 984 1230 conversione

191 1254 308 1290 gentium
320 1253 353 1281 ad
364 1252 511 1285 Christum,
524 1256 552 1279 et
561 1251 595 1278 de
606 1249 731 1278 vastitate
743 1247 981 1282 Jerosolymorum.

192 1300 231 1328 De
245 1299 374 1327 Ecclesiae
385 1298 506 1331 historia,
518 1304 577 1332 quae
590 1295 677 1331 primo
686 1298 830 1329 conspectu
841 1292 983 1320 ldumaaam

192 1351 219 1375 et
232 1345 380 1374 Jerusalem
395 1344 514 1379 respicit,
536 1342 583 1370 sed
606 1349 653 1376 per
673 1347 810 1376 anagogen
832 1338 889 1366 sive
903 1337 984 1365 redu-

192 1393 319 1424 ctionem,
345 1391 537 1419 desolationem
556 1387 708 1416 Judzeorum
733 1390 760 1414 et
782 1383 983 1420 prosperitatem

193 1438 321 1467 Ecclesia:
332 1427 440 1465 Christi.
460 1435 574 1463 Historia
590 1433 623 1461 de
637 1431 819 1460 Senacberim.
842 1428 985 1464 Prophetia

193 1485 226 1512 de
237 1484 339 1512 Joanne
353 1483 531 1513 Przecursore,
546 1485 573 1508 et
587 1480 621 1508 de
633 1479 665 1506 iis
678 1478 722 1513 qui
735 1478 762 1505 in
775 1476 908 1504 Christum
923 1482 984 1502 cre-

193 1531 275 1559 dituri
290 1535 376 1558 erant.
394 1529 441 1557 Dei
455 1528 581 1564 potentia:
593 1524 796 1556 demonstratio,
811 1528 836 1551 et
851 1521 986 1550 accusatio

195 1577 314 1610 lsraelis,
333 1580 361 1604 ut
381 1575 450 1603 idola
466 1573 589 1606 colentis,
604 1569 824 1600 commemoratio
838 1568 985 1597 beneficio~

193 1631 252 1651 rum
262 1622 359 1658 populo
367 1621 535 1649 collatornm.
546 1620 583 1647 De
593 1612 774 1647 ecclesiastica
786 1615 985 1647 constitutione,

194 1669 279 1703 deque
288 1667 419 1695 idolorum
436 1666 597 1693 infirmitate.
611 1664 650 1691 De
662 1663 768 1691 Christo
782 1660 930 1697 prophetia,
939 1660 987 1688 de-

194 1721 247 1749 que
260 1713 292 1741 iis
305 1712 350 1749 qui
365 1713 391 1740 in
406 1712 491 1747 ipsum
505 1710 631 1738 credituri
644 1713 729 1737 erant.
739 1707 829 1736 lsraeli
844 1706 988 1742 exprobrat

194 1764 365 1796 peccatorum
380 1765 470 1786 causa.
485 1757 530 1785 Ait
546 1757 580 1784 ob
595 1763 686 1784 eorum
699 1753 927 1788 inobsequentiam
940 1760 987 1779 ea-

197 1805 328 1832 lamitates
337 1804 402 1840 ipsis
411 1803 497 1830 illatas
511 1801 651 1840 fuissc._De
659 1801 710 1828 fide
721 1800 747 1827 in
755 1799 901 1827 Christum.
911 1797 987 1832 Quod

196 1850 323 1886 populum
337 1857 389 1877 non
405 1849 555 1876 sacrificare
575 1835 736 1882 permiserit,
758 1849 785 1872 et
803 1843 872 1879 quod
887 1843 987 1870 cultum

198 1897 271 1924 illum
287 1903 334 1931 per
347 1894 477 1923 sacriﬁcia
491 1901 544 1921 non
560 1892 656 1927 exigat.
671 1891 736 1918 ltem
753 1888 891 1925 prophetia
911 1888 945 1916 de
956 1887 989 1915 iis

197 1942 243 1978 qui
256 1942 282 1969 in
297 1940 432 1969 Christum
447 1938 573 1967 credituri
588 1942 673 1964 erant.
694 1934 892 1963 Demonstratio
906 1933 990 1961 imbe-

197 1989 314 2018 cillitatis
327 1987 469 2019 idolorum.
482 1990 510 2014 et
518 1985 565 2014 Dei
575 1984 699 2020 potentia:
708 1983 838 2018 probatio.
854 1982 989 2010 Pernicies

198 2035 350 2071 Babylonis,
367 2038 394 2062 et
406 2033 439 2061 de
451 2032 548 2060 duritia
559 2031 646 2059 cordis
658 2030 810 2058 Judmorum
821 2027 990 2056 demonstra-

199 2081 245 2112 tio,
261 2087 293 2108 ac
304 2079 338 2108 de
353 2079 429 2107 bouis
442 2078 522 2106 rebus
541 2075 688 2112 prophetia.
705 2074 743 2102 De
757 2073 862 2101 Christo
878 2072 991 2108 prophe—

200 2127 234 2155 tia
248 2131 276 2154 et
287 2124 434 2153 consolatio
442 2123 624 2157 Jerosolymze.
639 2121 678 2149 De
690 2119 817 2155 apostolis
828 2123 856 2146 et
869 2118 903 2146 de
913 2117 992 2145 Chri-

200 2177 242 2200 sto
253 2170 402 2207 prophetia.
419 2169 457 2197 De
471 2168 568 2197 Christi
582 2166 728 2195 secundum
748 2172 857 2193 carnem
867 2160 943 2195 ‘ortu,
957 2163 991 2190 de

200 2218 335 2255 passione,
346 2215 549 2246 resurrectione,
565 2217 592 2241 et
601 2213 635 2240 de
647 2211 817 2240 multitudine
827 2209 991 2238 credentium

201 2264 229 2291 in
243 2264 339 2298 ipsum.
357 2262 396 2289 De
409 2260 517 2289 Christo
536 2259 617 2287 simul
637 2263 664 2286 et
678 2258 713 2286 de
734 2257 833 2285 lsraele
846 2255 992 2284 secundum

201 2310 351 2341 historiam,
365 2307 510 2336 secundum
520 2313 656 2341 anagogen
666 2311 729 2332 vero
737 2304 771 2332 de
783 2302 954 2331 credentibus
967 2301 993 2329 in

201 2356 346 2384 Christum.
363 2353 504 2381 Accusatio
515 2351 670 2380 Judaeomm
685 2350 842 2378 idololatriae
854 2347 993 2382 causa,je-

201 2402 322 2438 juniique
336 2407 429 2428 eorum
442 2398 605 2434 reprobatio,
625 2397 747 2431 aliusque
767 2393 862 2430 jejunii
876 2392 994 2421 melioris

202 2447 358 2476 declaratio.
381 2445 483 2474 Deinde
497 2444 632 2472 accusatio
651 2443 805 2471 dolosorum
823 2448 947 2476 operum,
968 2443 995 2467 et

203 2494 376 2521 consiliorum
390 2490 556 2522 earumdem,
568 2497 599 2516 ac
614 2488 752 2524 pr0phetia
772 2486 807 2514 de
823 2485 996 2514 credentibus

204 2540 231 2567 in
244 2539 390 2566 Christum.
406 2536 547 2572 Prophetia
559 2535 593 2562 de
605 2534 720 2566 Christo,
733 2537 760 2560 et
771 2532 805 2560 de
815 2531 996 2559 curationibus

205 2586 354 2614 animarum
370 2588 396 2612 et
409 2590 550 2617 corporum
570 2581 604 2609 ab
621 2581 680 2616 ipso
693 2579 817 2615 peractis,
832 2578 918 2614 deque
932 2585 997 2613 apo-

204 2633 280 2659 stolis
289 2636 315 2658 et
325 2634 359 2658 de
368 2630 477 2665 reliquis
488 2629 515 2656 in
526 2630 611 2663 ipsum
622 2625 800 2654 credentibus.
812 2625 850 2652 De
862 2624 995 2660 passione.

207 2677 241 2704 Et
251 2676 383 2704 confessio
395 2676 542 2710 prophetae,
558 2673 632 2708 quasi
647 2681 678 2701 ex
692 2678 805 2706 persona
815 2670 921 2705 populi;
933 2677 998 2696 con-

207 2723 300 2751 futatio
315 2730 329 2748 a
343 2721 457 2748 Domino
471 2720 587 2755 ipsorum
612 2716 816 2748 incredulitatis,
837 2716 999 2750 assumptio-

207 2777 258 2803 que
274 2767 437 2796 credentium
454 2766 480 2793 iu
493 2765 578 2797 illum,
593 2768 620 2791 et
632 2762 765 2791 accusatio
779 2761 937 2788 idololatria:
949 2759 998 2787 Ju-

208 2816 340 2843 datorum.
355 2814 392 2841 De
405 2811 575 2840 credentibus
589 2817 621 2837 ex
635 2809 733 2837 Judmis
746 2808 772 2835 in
792 2807 933 2835 Dominum
949 2813 998 2833 no-

208 2866 292 2888 strqu
313 2859 404 2887 Jesum
418 2857 564 2886 Christum.
588 2855 729 2884 Accusatio
742 2862 833 2882 eorum
847 2853 891 2889 qui
905 2852 1000 2880 futura:

211 2914 270 2938 ‘v’lltl:
286 2915 340 2935 non
356 2904 538 2934 crediderunt.

734 176 896 206 SYNOPSIS
915 173 1119 203 SCRIPTURIE
1136 173 1271 203 SACRE.

1770 175 1822 203 378

1109 250 1226 271 εγδορειε
1245 251 1344 276 ΕυιίυΜ,
1366 251 1424 275 QUAE
1442 251 1467 270 ΙΝ
1482 251 1592 270 JEREIIA
1607 250 1742 274 PROPHETA

1356 287 1496 306 DICUNTUR.

1067 356 1209 385 Praedictio
1231 357 1362 384 malorum
1386 365 1446 392 quae
1466 364 1513 391 per
1536 356 1822 384 Nabuchodonosorem

1032 402 1123 430 lsraeli
1138 407 1265 431 eventura
1279 407 1350 430 sunt.
1364 402 1525 437 Redargutio
1537 402 1695 430 idololatria:
1707 403 1821 435 lsraelis,

1032 452 1059 476 et
1072 447 1292 476 commemoratio
1306 448 1494 476 beneficiorum
1512 448 1558 475 Dei
1573 455 1635 483 erga
1649 448 1718 480 illos,
1732 453 1757 475 et
1768 456 1825 475 ma-

1033 493 1128 526 lorum,
1142 501 1200 529 qua:
1211 493 1281 529 passi
1290 499 1351 521 sunt
1361 493 1432 528 quod
1441 493 1573 528 [Egyptiis
1581 493 1660 521 ﬁdem
1672 494 1822 523 habuerint.

1032 537 1165 567 idolorum
1187 539 1348 566 infirmitatis
1370 539 1571 573 demonstratio,
1598 543 1625 566 et
1653 539 1826 574 reprehensio

1033 586 1209 614 lsraelitarum
1225 586 1260 613 ob
1271 586 1401 613 humanas
1416 586 1547 613 victimas.
1561 585 1666 613 lsraelis
1678 586 1823 619 accusatio,

1032 637 1059 660 et
1070 640 1102 660 ex
1116 632 1316 666 comparatione
1330 640 1390 659 cum
1408 632 1456 660 illo
1467 632 1550 659 Judaei
1558 632 1689 660 scelerum
1710 640 1824 668 exsupe-

1032 679 1118 706 rantia
1145 678 1334 714 praedictioque
1358 678 1489 706 bonorum
1514 679 1614 711 lsraeli,
1637 679 1661 706 si
1681 686 1826 708 conversus

1033 724 1113 752 fuerit
1126 725 1158 752 ad
1174 725 1257 752 Deum
1274 733 1281 752 :
1303 725 1367 752 item
1389 724 1523 753 confessio
1537 725 1684 760 prophetae,
1699 727 1774 760 quasi
1789 734 1823 753 ex

1034 777 1145 804 persona
1163 770 1262 804 populi.
1277 770 1411 797 Ascensus
1427 770 1643 806 Babyloniorum,
1653 776 1679 798 et
1688 771 1825 806 propheta:

1034 815 1187 842 lamentatio
1201 815 1234 842 de
1255 814 1341 842 futura
1355 815 1513 847 vastatione,
1539 815 1673 850 ipsiusque
1695 816 1825 844 vastitatis

1033 860 1186 896 descriptio.
1205 861 1346 888 Accusatio
1370 861 1470 896 populi,
1486 860 1556 896 quod
1580 860 1681 887 nullum
1705 860 1826 888 habuerit

1034 906 1069 933 ita
1082 906 1192 941 justum,
1209 911 1237 934 ut
1252 907 1317 933 iram
1334 906 1381 934 Dei
1396 903 1523 941 placaret,
1539 910 1567 934 et
1580 907 1703 942 nequitia
1718 907 1824 934 illorum

1034 952 1236 980 demonstratio.
1252 952 1327 986 Quod
1340 952 1487 980 Jerusalem
1501 960 1553 979 non
1568 952 1664 979 debeat
1676 960 1724 987 per
1737 952 1825 980 Nabu-

1033 998 1245 1026 chodonosorem
1262 1006 1275 1025 a
1289 998 1469 1026 fundamentis
1479 998 1607 1025 subverti.
1624 999 1759 1026 Ascensus
1774 998 1826 1026 Ba-

1034 1044 1245 1080 byloniorum,et
1260 1044 1395 1071 accusatio
1406 1044 1616 1079 inobsequentiae
1630 1044 1746 1079 lsraelis,
1755 1045 1826 1080 quod

1035 1098 1088 1118 non
1099 1090 1273 1118 sustinuerint
1283 1090 1375 1117 audire
1386 1089 1552 1124 prophetam.
1563 1090 1703 1116 Accusatio
1714 1089 1828 1123 pseudo-

1035 1136 1225 1172 prophetarum
1236 1136 1280 1170 qui
1295 1135 1422 1170 populum
1430 1134 1614 1169 decipiebant:
1627 1134 1741 1162 Jeremia
1752 1142 1827 1162 nam-

1035 1190 1087 1217 que
1101 1183 1216 1214 dicente,
1240 1181 1340 1208 bellum
1355 1180 1423 1214 fore,
1447 1180 1498 1214 ipsi
1513 1179 1637 1207 dicebant
1651 1179 1708 1207 fore
1723 1187 1827 1214 pacem.

1035 1228 1198 1264 Reprobatio
1212 1226 1413 1259 sacrificiorum,
1427 1230 1454 1253 et
1465 1232 1591 1253 ascensus
1606 1225 1756 1260 Babylonii,
1769 1225 1827 1252 ani-

1036 1275 1126 1310 mique
1138 1273 1248 1302 rebellis
1261 1273 1414 1301 Judzeorum
1425 1271 1582 1300 confutatio.
1596 1270 1721 1299 Hortatur
1732 1271 1827 1299 ludam

1036 1326 1065 1348 ut
1079 1321 1112 1348 ad
1126 1321 1262 1348 meliorem
1285 1327 1315 1347 se
1330 1319 1431 1354 frugem
1447 1322 1569 1352 revocet;
1595 1317 1621 1345 id
1643 1317 1695 1345 nisi
1719 1317 1828 1351 faciant,

1037 1368 1109 1403 paria
1126 1373 1251 1402 passuros
1266 1365 1326 1393 illos
1340 1365 1516 1392 comminatur
1528 1364 1560 1391 iis
1570 1371 1628 1399 qua:
1642 1363 1721 1391 Israel
1735 1371 1830 1398 passus

1036 1419 1094 1442 est:
1108 1413 1267 1448 cohibetque
1281 1412 1350 1439 Deus
1364 1411 1507 1439 Jeremiam
1524 1418 1558 1438 ne
1572 1415 1696 1445 precetur
1708 1417 1756 1444 pro
1766 1409 1828 1436 illis.

1037 1458 1200 1494 Reprobatio
1214 1458 1416 1489 sacrificiorum,
1436 1461 1463 1484 et
1480 1456 1614 1484 accusatio
1628 1455 1830 1483 inconsideran-

1038 1505 1081 1533 tiae
1095 1512 1199 1537 eorum,
1213 1508 1241 1531 et
1251 1503 1427 1531 humanarum
1441 1502 1618 1534 victimarum,
1639 1509 1706 1536 quas
1726 1501 1830 1529 daemo-

1038 1551 1117 1580 nibus
1127 1550 1282 1578 offerebant.
1298 1549 1438 1577 Pratdictio
1450 1549 1505 1576 fore
1515 1552 1542 1575 ut
1555 1548 1628 1576 locus
1638 1548 1700 1576 idoli
1713 1548 1830 1583 ipsorum

1037 1597 1190 1632 sepulcrum
1206 1596 1260 1629 fiat,
1272 1599 1341 1635 et.ut
1359 1594 1439 1629 aliqui
1453 1593 1603 1621 occisorum
1620 1594 1762 1629 sepulturae
1777 1601 1830 1620 non

1039 1643 1186 1672 tradantur.
1202 1642 1301 1669 lterum
1316 1641 1350 1669 de
1363 1648 1476 1668 ascensu
1494 1639 1621 1672 hostium,
1636 1643 1664 1667 et
1676 1639 1831 1666 lamentatio

1039 1689 1160 1719 Jeremia:
1170 1688 1204 1716 dc
1217 1687 1341 1722 nequitiis
1350 1694 1453 1714 eorum.
1467 1685 1609 1714 Accusatio
1623 1685 1786 1717 Judasorum,
1802 1689 1831 1712 ut

1039 1735 1119 1764 corde
1138 1733 1395 1765 iucircumcisorum,
1411 1736 1439 1759 et
1460 1731 1608 1759 admonitio
1623 1738 1657 1758 ne
1672 1730 1830 1758 idololatria:

1040 1783 1104 1810 dent
1124 1789 1246 1816 cperam,
1261 1789 1293 1809 ac
1305 1780 1379 1816 quasi
1394 1788 1426 1807 ex
1440 1786 1556 1814 persona
1571 1778 1661 1813 populi
1677 1777 1831 1805 lamentatio

1040 1828 1073 1855 de
1086 1828 1182 1855 futuris
1197 1827 1284 1858 malis,
1299 1831 1326 1854 et
1339 1826 1471 1853 accusatio
1483 1832 1497 1851 a
1509 1825 1565 1852 Deo
1576 1824 1655 1851 facta.
1670 1823 1791 1851 llortatio
1798 1822 1832 1850 ad

1041 1875 1166 1903 lsraelem
1180 1879 1208 1901 ut
1219 1874 1274 1901 Deo
1286 1873 1420 1904 obediant.
1429 1876 1456 1900 et
1467 1871 1600 1899 accusalio
1613 1876 1716 1906 patrum
1727 1877 1831 1902 eorum,

1042 1925 1134 1954 etquae
1140 1916 1431 1954 malaipsisobventura
1438 1917 1502 1946 sint.
1512 1917 1659 1945 Cohibetur
1670 1924 1774 1944 ntrsum
1785 1915 1831 1944 Je-

1041 1968 1149 1998 remias,
1166 1974 1200 1995 ne
1214 1971 1336 2002 precetur
1356 1973 1405 2000 pro
1424 1964 1485 1992 illis.
1507 1964 1678 1991 Lamentatur
1691 1963 1832 1998 propheta,

1042 2012 1113 2047 quod
1128 2012 1230 2040 insidiis
1244 2016 1383 2046 appetatur
1395 2018 1410 2037 a
1425 2009 1524 2037 Jndmis
1537 2010 1562 2036 in
1575 2009 1720 2042 Auathoth,
1737 2008 1833 2043 pnedi-

1043 2059 1079 2087 cit
1100 2058 1161 2086 ideo
1175 2058 1291 2086 futurum
1308 2057 1371 2092 ipsis
1386 2064 1445 2084 esse
1460 2056 1606 2083 interitum.
1620 2055 1757 2082 Perizoma
1774 2054 1834 2082 abs-

1043 2105 1159 2133 condere
1172 2104 1282 2139 juhetur
1295 2103 1426 2131 Jeremias
1438 2123 1446 2134 ,
1461 2109 1492 2129 ac
1511 2100 1634 2136 pra-dicit
1647 2108 1719 2135 ipsos
1732 2100 1834 2127 satian-

1043 2151 1093 2178 dos
1114 2150 1244 2184 malisque
1263 2147 1435 2176 inebriandos
1449 2154 1519 2175 esse.
1536 2146 1574 2173 De
1589 2145 1683 2180 pluvire
1708 2144 1812 2172 defectu
1827 2153 1834 2170 :

1045 2196 1236 2230 cohibeturque
1251 2193 1378 2228 propheta
1392 2199 1427 2220 ue
1442 2197 1566 2227 precetur
1578 2199 1624 2226 pro
1637 2190 1718 2225 ipsis:
1730 2193 1836 2216 recusat

1047 2243 1116 2270 Deus
1127 2241 1234 2268 illorum
1249 2239 1413 2271 holocausta,
1426 2242 1453 2266 et
1463 2237 1574 2272 jejunio,
1586 2237 1755 2270 minaturque
1767 2235 1836 2262 mala

1047 2285 1297 2324 pseudoprophetis,
1312 2284 1372 2319 quia
1393 2283 1517 2311 dicebant
1538 2290 1590 2309 non
1612 2281 1773 2308 obventuras
1787 2288 1835 2315 po-

1047 2335 1110 2370 pulo
1124 2333 1298 2361 calamitates.
1313 2330 1450 2365 Supplicat
1464 2329 1535 2356 Deo:
1552 2328 1597 2355 ille
1611 2335 1674 2355 vero
1688 2327 1725 2354 ait
1738 2334 1768 2354 se
1780 2333 1836 2354 non

1047 2380 1234 2409 exauditurum
1248 2375 1426 2407 esse.etiamsi
1447 2375 1551 2410 Moyses
1562 2379 1589 2401 et
1601 2373 1708 2401 Samuel
1724 2372 1839 2400 interce—

1048 2428 1143 2455 derent
1157 2432 1204 2460 pro
1219 2424 1300 2459 ipsis:
1314 2422 1361 2450 sed
1374 2421 1497 2449 daturum
1512 2428 1542 2448 se
1554 2419 1614 2447 illos
1630 2419 1655 2446 in
1677 2418 1791 2455 gladium
1812 2420 1840 2445 ει

1049 2476 1173 2503 mortem,
1186 2470 1293 2502 famem,
1306 2467 1496 2503 captivitatem,
1506 2471 1532 2493 et
1541 2466 1671 2493 malorum
1680 2464 1838 2498 discerptio-

1050 2526 1121 2546 nem.
1139 2517 1265 2544 Precatur
1279 2513 1409 2542 Jeremias
1430 2517 1458 2539 ut
1472 2512 1537 2539 ultio
1551 2514 1672 2538 sumatur
1693 2508 1727 2536 dc
1741 2516 1839 2543 expro-

1050 2563 1188 2593 brantibus
1203 2561 1267 2591 sibi:
1285 2560 1354 2587 Deus
1372 2563 1462 2586 autem
1486 2557 1524 2584 ait
1545 2556 1599 2584 illi:
1612 2555 1642 2583 Si
1655 2555 1771 2582 eduxeris
1784 2561 1841 2589 pre-

1050 2611 1141 2638 tiosum
1150 2617 1166 2635 α
1179 2607 1232 2641 uili,
1244 2606 1318 2641 quasi
1333 2613 1360 2632 os
1375 2612 1456 2631 nteant
1465 2603 1514 2630 eris
1527 2601 1592 2638 (Jer.
1605 2601 1649 2629 15.
1664 2600 1719 2635 l9).
1730 2599 1842 2627 Jubetur

1050 2655 1180 2686 Jeremias
1191 2660 1299 2680 uxorem
1311 2659 1362 2678 non
1374 2650 1484 2682 ducere,
1498 2655 1584 2683 neque
1595 2646 1745 2678 lamentari,
1757 2652 1843 2686 neque

1052 2708 1144 2729 eorum
1158 2708 1216 2734 ante
1227 2699 1296 2725 circa
1310 2701 1430 2724 mortuos
1443 2696 1541 2722 fiebant
1552 2694 1706 2729 participem
1715 2699 1775 2719 esse
1782 2698 1842 2718 cum

1053 2745 1188 2774 lsraelitis.
1205 2744 1243 2771 De
1264 2741 1402 2777 apostolis,
1424 2740 1457 2768 de
1471 2739 1577 2767 Christo
1593 2737 1731 2774 prophetia
1746 2735 1843 2763 :verba

1054 2799 1157 2823 eorum,
1173 2790 1218 2825 qui
1233 2789 1259 2816 in
1274 2789 1360 2823 ipsqu
1376 2785 1503 2814 credituri
1525 2793 1578 2812 non
1600 2788 1692 2815 erant,
1715 2781 1845 2816 propheta

1054 2836 1224 2873 pnenuntiat,
1239 2839 1265 2861 et
1277 2837 1368 2861 contra
1381 2832 1441 2859 illos
1454 2835 1587 2866 precatur.
1603 2829 1778 2862 Prmeipitque
1797 2825 1845 2852 Ju-

1056 2871 1131 2917 dwis,
1144 2887 1171 2910 ut
1184 2881 1323 2910 sabbatum
1338 2881 1454 2906 servent.
1474 2877 1502 2904 ln
1516 2876 1623 2904 donuun
1640 2873 1710 2909 figuli
1735 2871 1844 2899 mittitur
