2047 3123
235 177 288 206 379

235 233 371 270 propheta.
385 231 485 266 Finem,
508 233 592 269 inquit
613 232 692 263 Deus,
707 231 796 265 loquar
809 231 840 257 de
852 238 940 266 requa,
955 235 983 258 ut
996 227 1031 256 il-

234 281 278 307 lud
292 280 425 313 auferam;
440 284 466 307 et
479 279 501 306 si
514 278 636 306 conversi
650 277 767 309 fuerint,
785 284 837 303 non
851 277 979 303 auferam.
995 276 1028 302 Et

235 327 310 360 linem
331 325 432 359 loquar,
449 325 543 359 inquit,
563 324 588 350 in
602 327 699 358 gentem
711 327 756 349 aut
770 330 884 356 regnum,
899 327 925 348 ut
937 321 1028 348 retudi-

235 372 332 404 licetur.
350 370 383 396 Et
398 370 420 396 si
434 370 532 397 malum
554 367 676 400 fecerint,
693 374 745 394 non
769 366 863 393 faciam
885 373 936 401 ego
959 366 1028 392 bona

232 425 292 452 quin
314 416 440 451 loquutus
459 422 518 442 sum
533 419 564 442 ut
577 414 692 441 facerem
706 413 758 440 illis
780 412 855 448 (Cap.
868 413 912 440 18.
928 413 942 440 7
954 412 1025 447 -l0).

209 459 211 462 â€™
232 464 289 491 lloe
299 468 388 490 autem
397 466 475 497 caput
485 467 576 489 contra
589 461 698 489 Judzeos
707 459 771 487 utile
779 459 840 491 erit,
852 467 914 487 cum
925 458 1026 491 dicent,

234 510 376 536 Dominum
391 508 456 543 ipsis
468 507 540 535 bona
554 506 725 541 promisisse;
740 513 800 533 cnim
814 505 886 533 enim
901 512 955 532 non
965 512 1027 532 cre-

231 555 349 582 diderint
363 554 477 581 Domino
491 557 583 580 nostto
597 552 660 580 Jesu
673 552 790 584 Christo,
805 551 853 586 ipsi
867 551 917 579 sibi
928 551 992 586 ipsis
1001 551 1027 578 in

232 608 312 627 causa
328 600 401 628 fuere
414 600 587 635 prmscntium
602 599 745 626 malorum.
758 598 872 625 "Insidias
887 597 937 624 sibi
952 605 968 624 a
981 597 1028 624 Ju-

232 648 299 675 daeis
314 647 446 683 parandas
459 647 589 682 propheta
605 646 734 681 prmdicit,
747 649 774 672 et
787 651 881 672 contra
893 644 952 672 illos
966 652 1028 679 pre-

231 699 318 727 catur,
331 694 456 729 quoniam
470 693 538 720 mala
554 700 601 727 pro
615 692 692 719 bouis
708 691 900 719 rctrihuerunt.
915 690 1028 718 anetur

233 740 374 772 Jeremias,
398 743 507 773 accepta
522 738 661 773 laguncnla
676 738 776 773 figlina,
797 737 867 764 mala
883 737 973 771 populi
988 741 1027 764 te-

231 785 372 819 stificatus,
388 784 556 820 lagunculam
581 788 722 811 conterere
733 787 795 809 ante
810 783 903 809 oculos
920 789 1025 815 eorum,

231 837 259 859 et
273 831 436 859 dieere:Sic
449 835 605 858 conteretur
626 830 787 858 Jerusalem.
807 830 840 856 Et
860 829 996 864 conjectus
1010 837 1026 856 a

231 877 367 905 Paschore
381 877 409 904 in
422 885 545 909 nervum,
561 876 703 911 prophetat
721 875 848 903 Pascllori
873 875 943 903 mala
965 883 1026 910 qua:

231 924 318 958 ipsum
327 928 470 958 exceptura
479 927 565 950 erant.
574 922 677 949 Deinde
684 929 754 956 aegre
765 921 814 949 fert
827 929 874 948 eos
887 921 930 956 qui
939 921 1024 955 ipsum

230 969 384 1002 traducunt,
412 973 588 1003 precaturque
603 967 730 995 adversus
752 967 821 999 illos,
839 967 1026 1002 maledicitque

229 1016 282 1043 diei
296 1024 362 1044 suae.
379 1015 457 1043 Mittit
469 1014 595 1043 Sedecias
604 1022 662 1046 rex,
676 1020 704 1041 ut
715 1014 800 1041 discat
814 1021 827 1040 a
838 1014 953 1040 Jeremia
962 1021 1025 1040 num

228 1063 404 1090 abscessurus
411 1069 426 1089 a
437 1070 466 1090 se
474 1063 508 1089 sit
518 1061 773 1089 Nabuchodonosor.
784 1060 830 1087 llle
840 1067 904 1087 vero
914 1067 1026 1094 respon-

229 1108 285 1140 det,
298 1108 383 1136 Deum
399 1107 558 1135 bellaturum
571 1114 632 1135 esse
646 1111 739 1133 contra
758 1105 864 1133 Judzcos
884 1110 911 1133 et
931 1110 1024 1133 contra

229 1161 319 1188 regem
344 1153 494 1181 Sedeciam.
517 1152 545 1180 Si
570 1156 659 1179 autem
684 1151 798 1178 voluerit
812 1151 925 1186 populus
938 1151 1025 1179 libens

228 1201 343 1228 transire
363 1199 395 1227 ad
409 1199 709 1230 Nabuchodonosorem,
727 1198 814 1232 ipsum
828 1198 942 1225 salutem
955 1205 1023 1226 con-

230 1251 415 1281 scquuturum,
431 1253 576 1281 regemque
591 1253 644 1273 non
660 1246 806 1280 periturum
820 1252 891 1278 esse,
906 1245 927 1273 si
944 1253 959 1272 a
974 1252 1022 1273 sua

228 1292 370 1320 discedens
384 1292 513 1327 nequitia,
531 1291 576 1319 Dei
591 1291 732 1326 praeceptis
742 1291 881 1319 attendere
895 1291 1020 1319 voluerit.

226 1338 326 1366 Contra
341 1338 462 1366 Joachim
477 1343 504 1365 et
516 1337 672 1366 Jechoniam
685 1342 711 1365 et
723 1343 815 1365 contra
828 1343 949 1372 pastores
961 1345 1023 1372 pro-

228 1384 316 1419 phetia
329 1384 363 1411 ad
377 1384 529 1416 Dominum,
545 1392 576 1411 ac
593 1383 887 1419 pseudoprophetarum
909 1390 1021 1411 accusa-

227 1434 276 1458 tio.
294 1431 365 1458 Bona
380 1430 456 1459 Judre
478 1431 638 1465 prophetat:
651 1430 747 1457 relicto
767 1434 857 1457 autem
882 1429 980 1464 populo
995 1429 1021 1457 in

226 1477 374 1504 Jerusalem
389 1484 450 1505 cum
465 1476 575 1504 Sedecia
591 1483 640 1511 per
651 1475 801 1511 exemplum
815 1476 912 1503 ficuum
924 1482 1021 1503 ascen-

225 1531 285 1551 sum
298 1523 566 1551 Nabuchodonosoris
578 1522 746 1555 vaticinatur,
761 1522 936 1557 omniumque
953 1529 1021 1557 gen-

227 1570 292 1596 tium
309 1569 453 1604 perniciem
465 1577 513 1604 per
526 1569 577 1596 hoc
591 1568 715 1604 poculum
731 1569 872 1603 significat.
886 1568 1020 1604 Jerosoly-

225 1622 276 1642 inse
292 1615 425 1643 excidium
441 1615 571 1650 prtedicit.
585 1613 881 1649 Comprehenditnrque
890 1614 1022 1653 Jeremias

224 1660 387 1688 occidendus
399 1668 414 1688 a
429 1660 624 1693 sacerdotibus,
642 1660 746 1694 hocque
757 1660 903 1694 periculum
919 1660 1017 1688 evadit.

224 1706 336 1734 .lubetur
353 1707 485 1743 propheta
497 1715 527 1735 se
542 1707 655 1734 vinculis
677 1707 854 1740 circumdare,
876 1711 902 1734 et
926 1707 1020 1743 legatis

223 1752 434 1788 alienigenarum
445 1753 560 1786 edicere,
573 1752 768 1780 utannnntient
776 1752 884 1787 regibus
895 1753 951 1780 suis
961 1753 1020 1780 sub-

223 1797 267 1833 jici
282 1805 329 1825 eos
344 1803 470 1833 oportere
482 1797 754 1830 Nabuchodonosori;
769 1798 919 1833 minarique
935 1799 1017 1826 Deum

222 1847 337 1870 mortem
348 1843 380 1870 iis
391 1843 435 1878 qui
449 1851 479 1871 se
492 1843 541 1878 ipsi
555 1850 607 1870 non
621 1843 774 1877 subjiciam.
787 1843 914 1870 Eamdem
922 1844 1019 1871 exhor-

223 1888 351 1915 tationem
366 1888 477 1916 adhibet
486 1896 549 1924 erga
565 1888 714 1921 Sedeciam,
732 1893 760 1916 ct
774 1889 952 1924 populum,et
974 1896 1018 1916 sa-

223 1934 357 1962 cerdotes.
382 1934 500 1962 Ananias
523 1942 588 1962 vero
611 1934 843 1969 pseudopropheta
872 1934 1019 1962 obsistebat

222 1979 346 2007 Ieremia:
370 1980 509 2015 propheta
531 1979 634 2011 dicens,
649 1987 711 2007 vasa
726 1987 801 2007 sacra
816 1979 932 2007 reditura
946 1987 1016 2012 esse,

222 2033 326 2053 necnon
339 2026 508 2059 Jechoniam,
523 2027 568 2062 qui
584 2031 642 2054 erat
654 2026 721 2054 filius
731 2026 852 2054 Joaehim
867 2026 956 2053 fratris
969 2027 1018 2054 Se-

221 2071 314 2099 dcciae.
336 2073 370 2100 Et
384 2073 509 2100 contrivit
530 2077 638 2100 catenas
660 2072 807 2108 prophetae.
827 2072 939 2100 Mittitur
953 2080 1017 2108 ergo

221 2119 352 2146 Jeremias
362 2124 391 2146 ut
403 2124 515 2147 mortem
530 2119 579 2155 ipsi
593 2119 730 2155 praedicat,
744 2120 769 2146 in
781 2127 814 2147 eo
828 2119 885 2154 ipso
896 2120 1017 2146 annofu-

221 2169 319 2199 turam,
332 2166 402 2200 quod
422 2167 502 2193 etiam
518 2167 616 2194 evenit.
633 2166 800 2194 Vaticinatur
814 2167 884 2194 mala
899 2167 1015 2202 pseudo-

223 2210 361 2246 prophetis
383 2211 520 2247 Babylone
539 2211 718 2244 versantibus,
736 2211 886 2246 populoque
909 2212 1016 2246 longum

220 2255 382 2291 captivitatis
396 2261 511 2291 tempus,
523 2257 569 2284 sed
584 2261 672 2284 tamen
686 2256 801 2284 reditum
815 2264 875 2284 esse
887 2256 1015 2283 futurum.

221 2303 260 2330 De
271 2302 313 2330 his
324 2302 510 2338 indignabatur
519 2302 639 2336 Sameas,
651 2302 696 2337 qui
709 2302 829 2337 increpat
837 2301 1015 2336 sacerdotem,

220 2347 292 2383 quod
306 2356 359 2375 non
372 2348 523 2383 impedierit
535 2348 679 2383 quominus
692 2347 821 2375 Jeremias
835 2347 897 2374 talia
917 2347 1014 2375 vatici-

222 2398 340 2421 naretur.
354 2393 416 2421 Ideo
427 2394 544 2421 minatur
558 2393 630 2421 Deus
640 2401 669 2421 se
682 2393 757 2421 illum
768 2401 828 2421 esse
840 2393 1014 2428 perditurum.

222 2439 323 2466 Deinde
338 2447 427 2467 sermo
439 2440 635 2467 consolalorius
647 2439 748 2467 Israeli.
767 2440 885 2475 Tempus
897 2440 1016 2468 declarat

220 2493 275 2520 quo
296 2485 414 2512 futurum
433 2491 474 2513 est
496 2490 526 2513 ut
546 2490 715 2513 revertantur
733 2493 765 2513 cx
783 2485 927 2521 Babylone.
950 2486 1015 2514 Illud

222 2539 286 2559 vero
301 2537 358 2560 crat
373 2536 478 2567 tempus
490 2532 602 2564 Phasec,
617 2540 664 2560 seu
677 2531 786 2567 pascha,
801 2536 829 2559 ut
842 2532 869 2559 in
880 2532 964 2559 Esdra
974 2539 1017 2560 re-

221 2578 310 2613 perire
324 2581 375 2609 est,
399 2578 471 2612 ipsos
486 2584 581 2612 nempe
596 2577 622 2604 in
638 2578 704 2605 festo
719 2577 878 2613 Azymorum
892 2584 1016 2605 reversos

220 2630 291 2650 esse.
310 2622 401 2657 Itaque
414 2622 553 2650 manifeste
565 2622 650 2650 Judzci
666 2623 795 2650 mendacii
810 2622 1013 2650 convincuntur.

220 2669 287 2697 Nam
303 2670 371 2696 bona
385 2669 429 2696 hic
446 2669 480 2697 de
504 2668 570 2703 ipsis
590 2668 722 2704 descripta
742 2669 829 2696 adhuc
849 2672 1014 2703 exspectant,

221 2723 282 2749 qua:
295 2714 348 2749 jam
362 2719 505 2742 venerunt.
522 2714 559 2742 De
574 2714 722 2742 infantibus
741 2715 775 2741 ah
789 2714 894 2741 Herode
907 2713 1014 2741 occisis.

222 2762 258 2788 lle
267 2761 342 2788 Novo
354 2761 527 2788 Testamento
541 2761 689 2796 prophetia.
705 2760 845 2796 Etiamque
853 2759 1015 2795 descriptam

221 2809 272 2836 hoc
288 2809 347 2836 loco
362 2808 437 2836 urbis
449 2809 685 2836 remdilicationem
700 2807 788 2835 adhuc
800 2806 1014 2842 exspectantJu-

219 2854 281 2882 dmi.
296 2855 331 2882 At
345 2854 388 2882 illa
403 2855 484 2882 linem
505 2855 620 2890 accepit,
636 2854 705 2881 facta
726 2853 830 2881 scilicet
850 2852 958 2888 quando
982 2860 1014 2879 ex

222 2901 356 2938 Babylone
379 2901 524 2930 redierunt.
548 2901 660 2930 Juhctur
673 2900 802 2928 Jcrcmias
821 2907 910 2929 emere
924 2907 1015 2935 agrum

598 176 626 204 S.
646 173 782 204 JOANNIS
799 171 1036 200 CllliYSOSâ€™lâ€˜OMl
1057 172 1214 201 ARClllEP.
1233 172 1501 203 CONSTANTINOP.

1828 175 1882 204 580

1083 229 1170 264 patrui
1183 229 1235 262 sui.
1251 234 1279 258 et
1300 238 1361 259 cum
1382 232 1511 264 emisset,
1522 232 1578 260 ait:
1591 231 1658 260 Uihs
1674 231 1769 260 tradita
1785 239 1835 265 est.
1851 242 1878 264 et

1080 277 1156 311 jnbcs
1167 285 1257 305 emere
1269 286 1371 313 agrum.
1383 278 1453 306 Deus
1464 283 1551 305 autem
1559 278 1597 305 ait
1606 278 1654 311 illi,
1669 279 1809 313 prmseutia
1819 282 1878 315 qni-

1082 322 1141 348 dcm
1155 323 1221 349 mala
1237 328 1346 358 propter
1355 328 1462 359 peccata
1477 324 1566 359 populi
1582 325 1704 351 evenire:
1720 329 1878 360 tempusque

1083 367 1148 400 fore,
1164 376 1223 394 Clllll
1239 377 1343 396 rursum
1361 369 1423 397 urbs
1437 369 1639 397 inhabitabitur.
1656 370 1779 398 Prrcdicit
1793 371 1876 399 Sede-

1082 413 1141 444 CliE,
1165 414 1250 447 ipsum
1266 419 1372 449 captqu
1388 415 1431 448 iri,
1454 420 1482 443 et
1497 416 1601 444 incusat
1622 424 1669 444 eos
1692 417 1762 452 quod
1783 425 1878 446 servos

1081 465 1149 493 quos
1164 458 1284 486 libertate
1298 459 1474 494 donaverunt,
1491 468 1585 488 rursus
1604 462 1709 490 servire
1727 468 1857 499 cogerent
1871 473 1876 490 :

1081 504 1250 539 minaturque
1264 513 1387 540 magnam
1403 505 1459 534 fore
1472 506 1662 534 calamitatem.
1679 507 1741 536 ldeo
1755 509 1879 544 praecipit

1081 549 1144 576 filiis
1157 549 1287 582 Jonadab,
1301 555 1330 578 ut
1340 551 1448 578 domum
1464 557 1629 580 construant.
1645 553 1683 580 llli
1696 559 1785 581 autem
1797 561 1877 582 recu-

1080 599 1151 622 sant.
1165 595 1279 624 Jubetur
1293 596 1425 625 Jercmias
1438 605 1469 626 ea
1484 598 1603 627 scribere
1616 599 1715 633 omnia,
1735 608 1795 636 qua
1809 601 1878 628 vati-

1081 641 1185 669 cinatus
1195 648 1252 669 erat
1267 650 1348 678 super
1362 644 1454 677 lsracl,
1472 649 1499 671 ut
1510 639 1555 672 â€˜vel
1570 646 1609 674 sic
1622 645 1806 680 formidarent,
1817 656 1877 675 rur-

1080 695 1139 715 sum
1155 689 1294 717 audientes
1303 698 1345 723 ca,
1357 698 1418 725 qua:
1432 691 1503 726 ipsos
1514 691 1636 719 invnsura
1648 698 1723 720 erant
1733 694 1802 721 mala
1814 703 1821 722 :
1831 695 1878 722 ille

1080 741 1146 761 vero
1160 735 1281 769 pnecipit
1296 735 1429 769 Ital-ueho,
1451 741 1479 764 ut
1498 737 1548 764 hoc
1563 737 1653 772 faciat,
1678 739 1776 774 illeque
1801 739 1875 767 fecit.

1080 778 1115 805 Et
1129 787 1189 806 cum
1204 780 1366 814 scripsisset,
1380 780 1479 808 Judzcis
1495 781 1567 817 legit.
1585 782 1617 810 Ut
1632 783 1657 810 id
1673 783 1782 812 audiere
1801 786 1876 821 prin-

1079 825 1162 860 cipcs,
1178 827 1406 855 annuntiaverunt
1420 828 1474 863 regi
1488 828 1619 856 Joachim.
1634 830 1681 857 llle
1692 836 1780 859 autem
1796 839 1875 859 accc-

1080 876 1153 907 ptum
1170 873 1267 900 librum
1284 874 1441 901 combussit.
1458 874 1624 911 Jtlbeturqne
1646 876 1777 904 Jcremias
1792 879 1874 905 alium

1079 918 1199 946 scribere
1214 918 1310 946 librum
1330 919 1457 947 similem.
1475 920 1594 956 Regique
1607 923 1748 956 prophetat
1763 923 1874 950 calauti-

1080 968 1148 991 tates
1160 963 1195 991 ob
1206 964 1257 991 tale
1267 964 1378 992 facinus.
1390 965 1557 993 Vaticinatur
1564 966 1697 994 excidium
1711 967 1873 995 Jerusalem:

1078 1014 1105 1037 et
1113 1010 1358 1046 comprehenditur,
1370 1012 1540 1048 injiciturque
1550 1013 1576 1040 in
1588 1021 1723 1042 carcerem
1732 1014 1874 1048 Jeremias,

1079 1056 1193 1093 indeque
1201 1063 1327 1086 evocatus
1338 1066 1353 1085 a
1367 1058 1488 1093 Sedecia,
1498 1058 1564 1087 dicit
1572 1060 1607 1094 ei,
1616 1060 1774 1096 capiendum
1785 1061 1872 1096 ipsum

1079 1102 1146 1136 fore,
1161 1107 1289 1138 rogatque
1300 1111 1334 1131 ne
1345 1105 1497 1132 remittatur
1510 1106 1536 1132 in
1550 1113 1698 1134 carcerem.
1714 1107 1875 1142 Arrcptuin-

1077 1156 1129 1184 que
1143 1149 1216 1176 illum
1231 1150 1365 1185 principes
1376 1151 1499 1186 injiciunt
1511 1152 1536 1178 in
1548 1152 1635 1179 lacum
1645 1153 1727 1180 cmni.
1739 1153 1771 1180 Et
1782 1153 1875 1182 eduxit

1077 1202 1138 1222 eum
1162 1195 1224 1223 inde
1248 1195 1421 1231 Abdamclec.
1443 1198 1482 1224 Ac
1502 1205 1596 1225 rursus
1610 1198 1756 1226 accersitus
1769 1206 1785 1226 a
1799 1207 1873 1235 rege,

1078 1241 1191 1269 salutem
1205 1242 1253 1277 ipsi
1268 1244 1437 1277 praenuntiat,
1453 1244 1476 1270 si
1488 1243 1551 1271 velit
1562 1249 1658 1279 sponte
1671 1245 1704 1272 ad
1721 1245 1811 1273 hostes
1827 1254 1872 1274 ex-

1077 1288 1131 1321 ire;
1145 1288 1186 1315 sin
1199 1289 1276 1322 nolit,
1293 1289 1436 1324 perniciem
1452 1290 1509 1318 urbi
1522 1291 1580 1324 toti,
1592 1295 1619 1318 ct
1630 1291 1679 1326 ipsi
1690 1291 1806 1326 ingentia
1817 1300 1872 1320 ma-

1076 1334 1111 1362 la.
1126 1334 1193 1362 Cum
1206 1339 1295 1362 autem
1310 1343 1363 1362 non
1379 1337 1558 1370 persuasisset
1572 1337 1610 1364 illi
1625 1342 1655 1365 ut
1666 1337 1762 1372 exiret,
1774 1346 1872 1366 ascenâ€”

1076 1380 1115 1408 dit
1125 1380 1264 1412 harbarus,
1276 1385 1388 1416 etcapta
1400 1386 1441 1409 est
1452 1381 1514 1409 urbs
1525 1389 1585 1409 cum
1597 1382 1719 1411 Sedecia.
1727 1383 1872 1412 Jcremiam

1076 1433 1140 1454 vero
1161 1425 1277 1461 benigne
1291 1430 1457 1461 exceperunt
1471 1426 1608 1462 principes
1626 1427 1872 1456 Nabuchodonoso-

1075 1471 1123 1498 ris.
1136 1470 1315 1499 Abdemeleco
1336 1472 1449 1499 salutem
1464 1473 1593 1507 przedicit.
1610 1473 1677 1500 Cum
1691 1479 1780 1501 autem
1796 1474 1868 1509 prin-

1074 1524 1139 1552 ceps
1151 1525 1296 1552 coquerqu
1307 1525 1390 1554 penes
1405 1519 1477 1554 ipsos
1488 1519 1650 1554 reliquisset,
1667 1523 1695 1547 ut
1707 1528 1760 1555 quo
1771 1520 1871 1548 vellent

1075 1564 1154 1597 irent,
1171 1564 1244 1591 venit
1264 1564 1297 1591 ad
1321 1564 1471 1598 Godoliam,
1487 1572 1566 1600 quem
1582 1567 1757 1594 constituerat
1771 1567 1868 1602 print-1-

1075 1618 1134 1645 pcm
1149 1618 1242 1638 eorum
1257 1611 1303 1645 qui
1327 1611 1412 1638 relicti
1438 1611 1543 1639 fuerant
1563 1611 1590 1638 in
1611 1611 1711 1639 Iudaea.
1729 1612 1871 1640 Conveneâ€”

1073 1659 1137 1683 rnnt
1148 1656 1182 1683 ad
1195 1656 1333 1683 Godoliam
1346 1657 1391 1692 qui
1406 1664 1455 1691 per
1468 1664 1545 1692 agros
1557 1657 1668 1692 dispersi
1682 1663 1758 1687 erant
1770 1655 1865 1686 Judaei-

1073 1701 1169 1729 lsmael
1195 1701 1293 1729 occidit
1316 1701 1455 1730 Godoliam
1471 1707 1498 1730 et
1510 1703 1639 1738 quosdam
1654 1703 1732 1738 alios,
1746 1709 1773 1732 et
1795 1712 1841 1732 acc
1852 1719 1866 1724 -

1073 1749 1149 1783 piens
1160 1749 1287 1784 populum
1303 1748 1433 1782 Godolize,
1450 1749 1516 1777 abiit
1529 1750 1556 1777 in
1572 1750 1708 1785 regionem
1724 1752 1864 1780 Ammoni-

1073 1800 1169 1823 tarum.
1181 1796 1215 1823 Ut
1228 1801 1315 1823 autem
1337 1796 1402 1824 vidit
1414 1803 1474 1823 eum
1489 1796 1622 1830 Joannan,
1639 1805 1707 1824 unus
1720 1798 1754 1825 de
1770 1797 1869 1832 princi-

1072 1841 1159 1876 pibus.
1175 1840 1243 1868 bene
1262 1841 1382 1877 affectus,
1396 1849 1459 1877 erga
1479 1841 1631 1874 Godoliam,
1647 1842 1748 1877 aufugit
1771 1843 1866 1870 lsmael

1072 1895 1132 1914 cum
1148 1891 1207 1914 octo
1223 1887 1286 1914 viris
1309 1892 1421 1920 tantum,
1449 1888 1629 1922 populumque
1653 1889 1757 1922 accepit
1782 1888 1863 1915 Joan-

1071 1940 1134 1960 nan.
1149 1932 1200 1966 Qui
1220 1936 1345 1968 precatus
1359 1937 1400 1960 est
1418 1932 1574 1966 Jeremiam,
1590 1937 1617 1960 ut
1639 1941 1686 1968 pro
1702 1933 1765 1968 ipsis
1783 1934 1863 1960 Deum

1071 1981 1193 2013 rogaret;
1209 1984 1270 2004 cum
1285 1977 1439 2006 consuleret
1451 1978 1517 2012 ipsis
1530 1977 1661 2006 Jcremias
1676 1986 1711 2006 ne
1733 1978 1759 2005 in
1781 1978 1848 2014 Aigy
1863 1995 1865 1997 â€º

1070 2029 1143 2058 ptum
1159 2023 1377 2060 ingrederentur;
1394 2029 1510 2052 mortem
1534 2025 1606 2052 enim
1628 2025 1724 2053 minari
1741 2026 1825 2053 Deum
1840 2026 1862 2053 si

1070 2076 1103 2096 eo
1116 2070 1342 2104 commigrarent:
1359 2069 1385 2097 id
1398 2070 1438 2097 eis
1451 2078 1505 2098 non
1526 2071 1668 2105 persuasit.
1683 2071 1751 2099 Cum
1773 2076 1863 2099 autent

1069 2114 1205 2142 venissent
1219 2115 1244 2142 in
1259 2115 1396 2150 'lâ€˜aphnas,
1407 2115 1560 2144 cohortatus
1572 2121 1613 2144 est
1626 2124 1673 2144 eos
1687 2125 1720 2145 ne
1732 2117 1801 2145 idola
1816 2125 1861 2145 co-

1070 2160 1166 2188 lerent.
1186 2160 1433 2189 Contradicentibus
1445 2161 1498 2189 illis
1512 2163 1699 2197 pratnuntiavit
1717 2163 1862 2198 perniciem

1069 2213 1203 2241 magnam,
1217 2211 1243 2234 et
1257 2206 1313 2242 regi
1323 2207 1509 2242 Egyptiorum
1522 2209 1666 2243 perniciem
1677 2209 1785 2244 Egypti
1797 2217 1864 2245 pra.Â»

1069 2251 1143 2284 dicit,
1161 2259 1263 2280 necnon
1282 2252 1500 2288 alienigenarum,
1517 2253 1581 2282 item
1596 2253 1780 2287 Moabitarum,
1798 2256 1863 2282 Amâ€”

1069 2298 1239 2331 manitarum,
1256 2299 1444 2333 ldumzeorum,
1461 2299 1594 2333 Damasci,
1614 2305 1641 2328 et
1658 2301 1743 2335 Elam,
1768 2302 1860 2329 etiam-

1069 2352 1121 2380 que
1133 2344 1287 2380 Babylonis,
1301 2345 1469 2380 reditumque
1491 2346 1552 2374 inde
1564 2346 1717 2374 Judreorum
1739 2355 1859 2383 pra-nuis

1070 2391 1126 2417 tiat.
1141 2390 1281 2425 Quomodo
1295 2391 1384 2419 excisa
1406 2392 1442 2419 sit
1463 2391 1611 2419 Jerusalem
1635 2397 1736 2426 narrat,
1759 2401 1861 2422 necnon

1069 2436 1202 2472 qttomodo
1217 2444 1250 2464 ex
1264 2436 1369 2472 deiecto
1383 2441 1454 2465 statu
1468 2438 1494 2464 in
1509 2437 1638 2465 honorem
1653 2444 1797 2473 provectus
1808 2439 1855 2464 ri...

1068 2483 1103 2510 rit
1117 2482 1249 2516 Joachim,
1264 2484 1309 2517 qui
1323 2487 1419 2518 sponte
1432 2491 1462 2512 se
1475 2491 1536 2511 cum
1560 2489 1645 2512 matre
1665 2492 1711 2512 sua
1724 2484 1864 2513 dediderat

1068 2527 1332 2555 Nabuchodonosori.

1097 2602 1216 2623 SYNOPSIS
1233 2602 1323 2623 Î•Î¿Î¹Î¹Ï…Î¹Î¹
1339 2603 1396 2628 ÏÏ…Î»Îµ
1410 2603 1443 2623 Î”Î’
1459 2604 1603 2624 EZECIHELE
1617 2604 1756 2625 PROPEETA
1768 2605 1845 2626 Ï…Î¹ÎµÏ„Î¹

1426 2649 1501 2670 SUNT.

1107 2710 1186 2738 Videt
1201 2710 1331 2746 propheta
1344 2710 1475 2738 visionem
1490 2710 1705 2738 Cherublnorum
1718 2731 1726 2742 ,
1740 2708 1859 2744 iubeturâ€”

1070 2766 1122 2794 que
1143 2766 1159 2786 a
1175 2758 1231 2786 Deo
1254 2757 1381 2786 lsraelitis
1398 2757 1482 2793 loqui.
1508 2758 1666 2793 Deportatur
1684 2764 1698 2784 a
1721 2755 1821 2791 Spiritu
1836 2755 1864 2782 in

1072 2804 1255 2840 captivitatem
1272 2813 1278 2831 :
1294 2805 1478 2840 excitaturquc
1493 2811 1508 2831 a
1527 2804 1593 2837 Deo,
1609 2809 1638 2831 ut
1648 2811 1709 2831 cum
1725 2801 1821 2830 ï¬ducia
1836 2805 1865 2829 et

1072 2851 1182 2886 impigre
1195 2855 1252 2877 tum
1272 2849 1368 2885 iniquis
1382 2854 1436 2877 tum
1447 2850 1527 2884 justis
1537 2849 1608 2877 viam
1620 2849 1653 2876 ad
1668 2849 1750 2876 vitam
1763 2846 1865 2874 ducen-

1072 2902 1125 2925 tcm
1141 2896 1289 2930 annuntict,
1303 2901 1329 2924 et
1341 2895 1388 2924 Dci
1401 2895 1524 2924 mandata
1535 2895 1661 2924 declaret.
1677 2893 1790 2923 Jubctur
1804 2898 1865 2920 sese
