2060 3125
202 162 256 191 519

199 219 294 254 Κυρίῳ
318 217 395 254 ἡμῶν
417 217 504 253 Ἰησοῦ
533 217 652 253 Χριστῷ,
671 218 745 244 αὐτοὶ
770 219 875 250 ἑαυτοῖς
903 217 983 244 αῖτιοι

197 264 321 298 ἐγένοντο
335 262 389 289 τῶν
402 261 542 298 παρόντων
557 261 657 288 κακῶν.
675 262 730 298 Τὴν
741 262 799 289 κατ’
812 261 894 288 αὑτοῦ
912 270 984 295 γινο-

199 307 283 342 μένην
293 306 437 342 ὲπιϐουλὴν
449 306 501 333 ὑπὸ
517 306 649 332 Ἰουδαίων
659 306 674 331 6
689 306 830 341 προφήτης
843 305 980 340 προλέγει,

196 353 244 379 καί
256 351 417 387 κατεύχεται
431 350 531 382 αὐτῶν,
546 350 586 376 ὃτι
601 349 707 385 πονηρὰ
719 350 780 376 ἀντὶ
792 349 901 383 ἀγαθῶν
915 350 982 376 ἀπο-

195 394 338 422 δεδώκασι.
363 393 510 420 Κελεύεται
530 393 545 419 6
566 393 698 428 Ἱερεμίας
723 392 797 429 βικὸν
822 392 981 428 ὀστράκινον

195 438 296 471 λαϐὼν,
311 438 358 465 καὶ
374 437 628 474 διαμαρτυράμενος
641 437 675 464 τὰ
686 436 759 464 κακὰ
772 435 819 463 τοῦ
833 436 909 469 λαοῦ,
923 445 981 464 συν-

195 483 289 518 τρῖψαι
305 483 351 510 τὸν
365 482 440 518 βικὺν
456 482 516 509 κατ’
532 481 687 516 ὀφθαλμοὺς
697 480 796 513 αὐτῶν,
813 482 860 508 καὶ
874 482 961 508 είπεῖν
971 489 979 496 ”

194 526 273 555 οὓτω
300 526 506 562 συντριϐήσεται
540 524 727 560 Ἰερουσαλήμ.
753 525 807 551 Kal
835 524 981 560 ἐμϐληθεὶς

195 570 248 598 ὑπὸ
261 569 308 597 τοῦ
323 569 443 605 Πσσχὼρ
454 570 494 600 εἰς
508 568 553 595 τὸν
563 567 747 604 καταράκτην,
763 568 928 605 προφητεύει
941 568 980 604 τῷ

194 613 312 649 Πασχὼρ
325 613 360 641 τὰ
375 612 536 647 ἐκδεξάμενα
554 611 628 647 αὐτῷ
642 611 714 638 κακά.
728 617 752 639 ⁸.
766 610 833 639 Εἶτα
852 611 980 648 ἀσχάλλει

194 658 240 684 ἐπὶ
259 658 316 688 τοῖς
341 655 512 692 διασύρουσιν
532 655 623 688 αὐτὸν,
640 655 687 682 καλ⁸
706 655 865 691 κατεύχεται
879 655 977 689 αὐτῶν,

194 703 241 728 καὶ
255 702 406 737 καταρᾶται
422 702 455 736 τῇ
469 700 560 736 ἡμέρα
584 700 617 736 τῇ
639 700 746 727 ἑαυτοῦ.
767 701 872 736 Πέμπει
899 700 979 727 Σεδε-

194 746 255 777 κίας
269 747 282 771 6
297 745 423 780 βασιλεὺς
436 744 532 779 μαθεῖν
545 743 619 779 παρὰ.
638 744 780 778 Ἱερεμίου,
794 745 818 770 εἰ
830 743 979 770 ἀπελεύσε-

193 799 237 816 ται
254 789 301 816 ἀπ*
324 787 407 816 αὐτοῦ
431 787 674 823 Ναϐουχοδονόσορ.
696 788 724 814 '0
749 787 778 813 δέ
793 796 884 822 φησιν,
908 787 949 814 ὅτι
963 788 979 814 6

192 834 258 866 Θεὸς
273 833 421 869 πολεμήσει
441 833 504 864 τοὺς
522 832 673 864 Ἰουδαίους,
689 832 735 858 καὶ
747 832 792 858 τὸν
803 831 913 866 βασιλέα
928 832 978 858 Σε-

192 878 293 904 δεκίαν.
308 878 339 904 El
355 877 384 903 δὲ
401 875 521 912 βούλοιτο
536 876 550 902 6
567 875 630 907 λαὸς
644 875 715 902 ἑκὼν
731 876 926 910 προσχωρῆσαι
939 875 978 911 τῷ

193 921 434 956 Ναϐουχοδονόσορ,
453 919 623 954 σωθήσεσθαι
638 919 728 952 αὐτὸν,
743 919 847 946 καὶτὸν
867 919 978 954 βασιλέα

192 966 219 993 δὲ
233 966 283 992 οὐκ
304 963 472 995 ἀπολεῖσθαι,
495 964 519 990 εἰ
538 964 587 998 τῆς
610 963 713 994 οἰκείας
733 963 853 995 ἀποστὰς
868 964 977 996 κακίας,

192 1011 246 1041 τοῖς
260 1008 307 1035 τοῦ
328 1008 396 1034 Θεοῦ
416 1007 606 1043 προστάγμασι
627 1007 769 1042 προσέχειν
788 1006 885 1034 ἐθέλοι.
899 1007 978 1035 Κατὰ

191 1054 239 1081 τοῦ
262 1053 390 1088 Ἰωακεὶμ
412 1053 458 1080 καὶ
479 1052 526 1079 τοῦ
546 1051 680 1087 Ἰεχονίου,
696 1051 743 1078 καὶ
759 1051 829 1078 κατὰ
843 1051 896 1079 τῶν
918 1061 978 1079 ποι-

194 1099 281 1134 μένων
295 1098 334 1129 εἰς
346 1097 390 1124 τὸν
404 1096 506 1132 Κύριον
522 1094 685 1130 προφητεία,
699 1095 746 1122 καὶ
760 1095 813 1123 τῶν
826 1095 975 1132 ψευδοπρο-

193 1141 285 1178 φητῶν
298 1140 458 1176 κατηγορία.
471 1139 584 1174 Χρηστὰ
595 1138 634 1174 τῷ
651 1138 738 1174 Ἰούδα
749 1139 978 1175 προφητεύει.Τῴ

191 1186 220 1213 δὲ
235 1184 423 1219 ὑπολειφθέντι
446 1183 503 1218 λαῷ
523 1184 553 1209 ἐν
571 1182 747 1218 Ἰερουσαλὴμ
765 1182 835 1218 μετὰ
852 1183 977 1209 Σεδεκίου

191 1229 235 1256 διὰ
260 1229 308 1256 τού
328 1228 525 1262 ύποδείγματος
548 1226 602 1253 τῶν
625 1225 714 1253 συκῶν
737 1225 902 1262 προφητεύει
929 1226 977 1253 τοῦ

192 1272 424 1308 Ναϐουχοδονόσορ
431 1271 479 1306 τὴν
490 1270 592 1302 ἄνοδον,
601 1269 647 1297 καὶ
657 1270 764 1296 πάντων
773 1269 828 1296 τῶν
837 1269 921 1296 ἐθνῶν
928 1269 976 1306 τὴν

192 1318 328 1345 ἀπώλειαν
349 1317 393 1344 διὰ
406 1315 452 1343 τοῦ
476 1315 606 1352 ποτηρίου
626 1315 721 1342 τούτου
742 1314 840 1347 δηλῶν.
857 1315 977 1349 Προαγο-

193 1362 266 1397 ρεύει
280 1361 356 1398 [385]
368 1360 505 1387 ἀπώλειαν
516 1360 567 1395 τῆς
587 1359 774 1395 Ἰερουσαλήμ.
790 1359 845 1386 Kal
862 1359 977 1394 συλλαμ-

192 1407 303 1434 ϐάνεται
326 1406 373 1432 ἐπὶ
382 1405 493 1439 θανάτῳ
510 1403 645 1439 Ἱερεμίας
664 1402 716 1430 ὑπὸ
735 1402 788 1429 τῶν
803 1403 908 1438 ἱερέων,
930 1403 977 1430 καὶ

191 1450 321 1485 ἐκφεύγει
336 1449 380 1476 τὸν
396 1448 529 1475 κίνδυνον.
550 1446 699 1474 Κελεύεται
718 1447 732 1473 6
747 1447 888 1482 προφήτης
900 1455 978 1482 περι-

192 1494 278 1521 θεῖναι
293 1492 382 1528 ἑαυτῷ
394 1491 519 1527 δεσμοὺς,
534 1491 582 1517 καὶ
594 1491 648 1522 τοῖς
659 1489 789 1526 πρέσϐεσι
802 1490 855 1518 τῶν
866 1489 977 1525 ἀλλοφύ-

191 1538 245 1565 λων
260 1538 358 1569 εἰπεῖν,
376 1536 446 1563 ὥστε
465 1533 630 1569 ἀπαγγεῖλαι
646 1535 702 1566 τοῖς
720 1533 873 1569 βασιλεῦσιν
885 1534 977 1566 αὐτοῖς

192 1582 361 1618 ὑποταγῆναι
382 1580 422 1616 τῷ
440 1579 676 1614 Ναϐουχοδονόσορ
688 1587 694 1595 ·
719 1578 839 1606 ἀπειλεῖν
857 1578 911 1614 γὰρ
931 1579 976 1605 τὸν

191 1626 256 1654 Θεὸν
266 1626 379 1653 θάνατον
391 1626 446 1656 τοῖς
459 1624 496 1660 μὴ
510 1623 739 1658 ὑποτασσομένοις
751 1622 834 1658 αὐτῷ.
846 1623 977 1658 Παραινεῖ

191 1671 218 1697 δὲ
230 1670 332 1705 ταύτην
344 1669 392 1705 τὴν
403 1668 561 1704 παραίνεσιν
569 1666 660 1702 καὶτῷ
671 1666 792 1702 Σεδεκίᾳ,
803 1666 897 1701 καὶτῷ
907 1666 974 1702 λαῷ,

192 1715 238 1740 καὶ
251 1715 306 1745 τοῖς
321 1713 447 1748 ἱερεῦσιν.
460 1711 489 1738 '0
500 1711 529 1737 δὲ
541 1710 765 1745 ψευδοπροφήτης
779 1710 903 1741 ’Δνανίας
913 1710 976 1737 ἀνθ-

193 1759 284 1785 ίστατο
303 1756 422 1792 Ἱερεμίᾳ
447 1755 487 1791 τῷ
508 1755 646 1790 προφήτῃ.
668 1753 765 1788 λέγων,
783 1753 818 1780 τὰ
837 1753 921 1789 σκεύη
940 1754 976 1780 τὰ

193 1803 253 1838 ιερὰ
275 1802 430 1836 ἐπανήξειν,
450 1799 555 1826 καὶτὸν
573 1798 708 1834 Ἰεχονίαν,
729 1797 759 1830 δῖ
774 1796 807 1834 ἦν
823 1798 880 1830 “ib;
899 1798 973 1841 ’λίπ’

191 1847 257 1881 κεὶμ
283 1844 399 1879 ἀδελφοῦ
426 1843 560 1870 Σεδεκίου.
590 1843 645 1870 Kal
671 1841 814 1878 συνέτριψε
841 1843 887 1868 καὶ
911 1842 974 1874 τοὺς

191 1890 297 1921 κλοιοὺς
310 1889 357 1916 τοῦ
381 1888 528 1924 προφήτου.
544 1887 686 1922 Πέμπεται
707 1887 795 1913 τοίνυν
807 1887 822 1913 6
842 1887 975 1922 Ἱερεμίας

192 1934 305 1960 θάνατον
318 1931 393 1968 αύτῷ
406 1931 545 1967 προλέγων
558 1931 587 1957 ὲν
598 1930 672 1964 αὐτῷ
686 1930 782 1965 ἐκείνῳ
794 1929 833 1965 τῷ
847 1931 974 1966 ἐνιαυτῷ,

191 1979 228 2010 ὡς
242 1978 288 2004 καὶ
307 1977 415 2011 συνέϐη.
432 1976 471 2003 Τὰ
491 1975 564 2002 κακὰ
584 1976 639 2007 τοῖς
654 1975 683 2002 ὲν
700 1974 837 2001 Βαϐυλῶνι
854 1975 868 1995 δ
881 1975 975 2010 ψευδο-

192 2022 344 2058 προφήταις
358 2020 497 2056 προλέγει,
506 2020 553 2046 καὶ
564 2018 602 2054 τῷ
612 2018 668 2054 λαῷ
680 2019 784 2054 μακρὸν
793 2019 838 2045 τὸν
853 2018 904 2053 τῆς
914 2020 975 2055 αἰχο

193 2065 329 2101 μαλωσίας
348 2065 454 2100 χρόνον,
474 2063 530 2090 ἀλλ’
542 2063 617 2098 ὅμως
629 2062 737 2089 ἔσεσθαι
755 2062 894 2090 ἐπάνοδον.
913 2063 974 2090 Ἐπὶ

191 2110 293 2142 τούτοις
309 2110 457 2144 ἠγανάκτει
470 2107 589 2143 Σαμέας,
601 2107 649 2134 καὶ
664 2108 778 2143 ἐπιτιμᾷ
791 2107 830 2143 τῷ
845 2109 921 2144 ἱερεῖ,
933 2109 974 2135 ὄτι

191 2153 240 2180 οὐκ
252 2152 370 2179 ἐκώλυσε
380 2152 425 2178 τὸν
441 2151 574 2187 Ἱερεμίαν
589 2151 700 2178 τοιαῦτα
716 2151 913 2187 προφητεῦσαι.
926 2153 974 2179 Διὰ

190 2197 268 2224 τοῦτο
286 2197 392 2223 ἀπειλεῖ
411 2196 425 2222 6
447 2195 512 2226 Θεὸς
539 2195 681 2222 ἀπολέσειν
694 2195 786 2223 αὐτόν.
805 2194 871 2222 Εἵτα
896 2196 975 2231 λόγος

191 2240 392 2276 παρακλητικδς
416 2239 456 2275 τῷ
475 2238 593 2274 Ἰσραήλ.
616 2238 696 2273 Δηλοῖ
713 2239 758 2265 τὸν
783 2239 877 2274 καιρὸν
890 2261 897 2273 ,
913 2240 974 2267 καθ’

190 2284 219 2311 δν
233 2283 343 2319 ἔμελλον
354 2282 551 2318 ἐπανέρχεσθαι
565 2283 597 2308 ὲκ
617 2281 783 2314 Βαϐυλῶνος.
801 2279 885 2314 Οὗτος
898 2283 926 2309 δὲ
940 2281 974 2319 ἦν

189 2329 205 2356 6
218 2328 263 2356 τοῦ
277 2328 374 2362 φασὲκ,
391 2327 482 2358 καθὼς
498 2327 546 2354 καὶ
563 2327 593 2353 ὲν
610 2326 650 2362 τῷ
668 2327 771 2362 Ἐσδρᾳ
789 2326 861 2354 ἐστιν
873 2329 973 2364 εὑρεῖν,

189 2372 229 2398 ἂτι
245 2373 278 2407 τῇ
288 2372 367 2406 ἑορτῇ
386 2371 440 2397 τῶν
451 2370 564 2406 ἀζύμων
576 2369 737 2405 ἐπανῆλθον.
753 2371 834 2397 Ὥστε
850 2372 974 2407 φανερῶς

189 2416 344 2451 ἐλέγχονται
357 2415 514 2451 ψευδόμενοι
534 2414 664 2441 Ἰουδαῖοι.
683 2413 723 2441 Τὰ
738 2414 792 2450 γὰρ
807 2415 836 2442 ὲν
851 2416 890 2451 τῷ
899 2416 974 2452 τόπῳ

190 2459 274 2494 τούτῳ
289 2459 468 2494 γεγραμμένα
484 2458 548 2493 περὶ
566 2458 653 2484 αὐτῶν
670 2458 759 2492 ἀγαθὰ
773 2458 813 2485 ἔτι
824 2459 975 2494 προσδοκῶ-

191 2511 242 2536 σιν,
255 2503 327 2539 ἂπερ
339 2500 430 2538 ἦλθον.
445 2502 512 2537 Περὶ
524 2502 577 2528 τῶν
588 2501 783 2537 ἀναιρεθέντων
799 2503 911 2530 παιδίων
923 2503 974 2531 ὑπὸ

195 2546 324 2582 Ἡρώδου.
343 2546 410 2582 Περὶ
427 2545 476 2581 τῆς
498 2545 571 2576 Νέας
587 2545 723 2580 Διαθήκης
742 2546 903 2581 προφητεία,
920 2547 975 2574 Kal

190 2590 238 2625 τὴν
247 2591 276 2616 ὲν
292 2590 331 2625 τῷ
341 2590 416 2625 τόπῳ
425 2589 454 2616 δὲ
466 2588 552 2624 τούτῳ
566 2588 708 2624 οἰκοδομήν
719 2589 914 2625 γεγραμμένην
924 2590 975 2626 τῆς

190 2634 292 2666 πόλεως
305 2634 345 2660 ἔτι
357 2633 541 2669 προσδοκῶσιν
558 2632 687 2659 Ἰουδαῖοι.
703 2633 757 2658 Kal
774 2632 844 2668 αὓτη
858 2633 886 2659 δὲ
898 2634 974 2666 τέλος

190 2677 277 2712 ἔσχεν,
294 2678 339 2704 ὅτε
358 2677 472 2712 ἀνῆλθον
486 2677 517 2702 ἐκ
531 2675 689 2707 Βαϐυλῶνος
701 2676 846 2712 γενομένη.
863 2677 974 2704 Κελεύε-

189 2730 234 2748 ται
244 2722 258 2748 6
275 2721 408 2757 Ἱερεμίας
425 2721 556 2756 ἀγοράσαι
570 2721 616 2747 τὸν
632 2720 715 2755 ἀγρὸν
726 2720 774 2747 τοῦ
787 2721 973 2756 πατραδέλφου

189 2764 282 2797 αὗτοῦ,
296 2765 343 2791 καὶ
355 2765 492 2800 ἀγοράσας
501 2764 584 2798 λέγει,
595 2764 636 2791 ὃτι
651 2765 667 2800 ή
680 2764 754 2796 πόλις
765 2764 911 2800 παρεδόθη,
927 2766 974 2793 καὶ

221 2851 233 2866 ι’
246 2852 334 2876 Melius
348 2853 475 2883 legeretur
484 2851 513 2876 τὰ
526 2852 663 2882 ἐκδεξὸμενα
673 2851 744 2876 αὐτὸν
762 2852 834 2876 κακά.

221 2884 234 2902 ¹²
244 2883 288 2908 Ms.
300 2885 372 2909 C0151.
384 2885 447 2909 male
460 2887 521 2907 κατὰ
534 2884 580 2911 τοῖς
593 2884 615 2908 ἐν
631 2884 761 2913 Βαϐυλῶνι,
775 2887 823 2908 Clc.

743 159 909 188 SYNOPSIS
927 158 1132 188 SCRIPTURA‘Z
1153 161 1287 190 SACRE.

1769 164 1822 193 530

1036 217 1157 245 κελεύειν
1174 224 1185 237 ο
1210 220 1344 255 ἀγοράσαι
1363 220 1456 256 ἀγρόν.
1478 219 1507 247 '0
1524 220 1554 247 δὲ
1576 219 1642 251 Θεός
1665 229 1731 255 φησι
1754 221 1822 256 πρὸς

1036 261 1116 287 αὐτόν
1129 270 1135 277 ·
1146 260 1184 288 Τὰ
1203 262 1252 297 μὲν
1272 263 1392 299 παρόντα
1409 263 1482 290 κακὰ
1495 263 1540 290 διὰ
1556 263 1606 296 τὰς
1624 264 1761 299 ἁμαρτίας
1773 263 1820 291 τοῦ

1035 304 1100 331 λαοῦ
1113 313 1118 319 ·
1135 305 1211 333 ἔσται
1225 307 1330 342 καιρὸς,
1342 308 1386 334 ὅτε
1405 307 1485 334 πάλιν
1500 307 1725 343 κατοικηθήσεται
1742 308 1759 343 ή
1773 307 1821 334 πό-

1034 348 1085 380 λις.
1098 348 1227 385 ΙΙρολέγει
1241 351 1280 386 τῷ
1294 351 1416 387 Σεδεκίᾳ,
1430 352 1471 378 ὅτι
1486 351 1629 383 ἁλώσεται,
1649 351 1696 378 καὶ⁸
1711 350 1821 385 ἐγκαλεῖ

1034 393 1097 426 τοὺς
1108 394 1227 428 δούλους,
1244 395 1291 427 οὒς
1306 396 1506 432 ἠλευθέρωσαν,
1520 397 1600 423 πάλιν
1615 395 1821 423 καταδουλωσα-

1035 437 1137 472 μένοις,
1154 438 1202 465 καὶ
1219 440 1323 466 ἀπειλεῖ
1342 440 1462 475 μεγάλην
1478 440 1586 467 ἔσεσθαι
1602 440 1753 475 συμφοράν.
1770 438 1820 465 Διὰ

1033 481 1111 508 τοῦτο
1127 482 1231 509 κελεύει
1250 483 1312 514 τοὺς
1333 484 1407 516 υἱοὺς
1427 483 1553 511 Ἰωναδὰϐ
1576 484 1661 510 ποιεῖν
1683 481 1766 509 οἷκον.
1787 482 1819 508 Ol

1033 525 1061 552 δὲ
1074 526 1279 562 παραιτοῦνται.
1296 527 1442 554 Κελεύεται
1458 529 1472 554 6
1490 527 1625 562 Ἱερεμίας
1639 526 1753 562 γράψαι,
1768 526 1819 552 ὃσα

1033 570 1234 606 προεφήτευσεν
1247 571 1292 597 ἐπὶ
1305 571 1421 607 Ἰσραὴλ,
1433 571 1476 598 ῖνα
1488 571 1559 598 οὕτω
1573 570 1637 605 γοῦν
1653 569 1817 604 φοϐηθῶσιν,

1033 613 1196 645 ἀκούσαντες
1221 614 1302 642 πάλιν
1323 615 1358 641 τὰ
1383 615 1513 650 μέλλοντα
1532 615 1629 645 αὐτοὺς
1650 613 1818 649 διαδέχεσθαι

1032 658 1114 684 κακά,
1130 658 1158 684 '0
1172 658 1200 685 δὲ
1214 659 1379 694 προστάσσει
1392 659 1432 694 τῷ
1446 659 1563 694 Βαροὺχ.
1575 659 1621 685 τοῦ
1635 658 1756 693 ποιῆσαι,
1771 657 1818 684 καὶ

1033 701 1153 736 ἐποίησε.
1167 703 1222 729 Καὶ
1236 702 1344 739 γράψας
1360 702 1465 736 ἀνέγνω
1484 704 1539 734 τοῖς
1563 702 1707 733 Ἰουδαίοις.
1728 701 1772 732 Ὡς
1789 700 1818 727 δὲ

1032 746 1151 780 ἥκουσαν
1165 747 1189 772 οἱ
1213 745 1351 781 ἄρχοντες,
1370 746 1533 780 ἀνήγγειλαν
1549 745 1588 781 τῷ
1614 745 1719 780 βασιλεῖ
1741 745 1817 772 Ἰωα-

1032 790 1106 825 κείμ.
1124 791 1153 817 '0
1166 790 1194 816 δὲ
1204 789 1294 817 λαϐὼν
1307 790 1338 817 τὸ
1347 790 1446 825 βιϐλίον
1462 791 1623 817 κατέκαυσε.
1644 789 1698 816 Καὶ
1710 788 1817 816 κελεύε-

1031 842 1076 860 ται
1094 833 1225 869 Ἱερεμίας
1248 833 1341 866 ἕτερον
1365 833 1469 869 γράψαι
1490 833 1590 868 βιϐλίον
1611 832 1739 860 τοιοῦτον.
1762 831 1817 858 Καὶ

1032 877 1196 913 προφητεύει
1220 878 1259 913 τῷ
1280 877 1384 913 βασιλεῖ
1399 877 1540 912 συμφορὰς
1562 877 1606 903 διὰ
1633 876 1664 903 τὸ
1689 875 1816 911 τόλμημα

1030 921 1118 949 τοῦτο.
1133 922 1301 958 Προφητεύει
1314 922 1363 958 τὴν
1374 921 1474 949 ἅλωσιν
1488 921 1665 957 Ἰερουσαλήμ
1674 928 1681 935 ·
1695 920 1743 947 καὶ
1754 919 1817 945 συλ-

1031 965 1197 1001 λαμϐάνεται
1213 967 1260 993 καὶ⁴
1276 966 1438 1002 ἐμϐάλλεται
1454 966 1493 998 εἰς
1508 966 1693 1000 δεσμωτήριον
1704 965 1717 990 6
1733 964 1816 999 Ἱερε-

1032 1009 1097 1046 μίας
1108 1029 1116 1042 ,
1128 1011 1174 1037 καὶ
1190 1010 1393 1045 μεταπεμφθεὶς
1414 1009 1516 1037 ἐκεῖθεν
1531 1009 1583 1035 ὑπὸ
1594 1008 1730 1039 Σεδεκίου,
1743 1007 1816 1042 λέγει

1031 1053 1123 1089 αὐτῷ,
1138 1054 1178 1080 ὅτι
1194 1054 1345 1085 ἁλώσεται,
1364 1053 1412 1081 καὶ
1433 1053 1503 1087 ἀξιοῖ
1525 1053 1595 1079 ὥστε
1614 1052 1651 1088 μὴ
1673 1060 1816 1087 παραπεμ-

1031 1097 1129 1133 φθῆναι
1151 1099 1192 1128 είς
1212 1097 1243 1124 τὸ
1271 1097 1467 1132 δεσμωτήριον.
1483 1097 1537 1123 Kal
1556 1096 1681 1126 λαϐόντες
1697 1095 1776 1122 αὐτὸν
1791 1095 1815 1120 οἰ

1030 1143 1158 1177 ἄρχοντες
1174 1142 1299 1169 ἐνέϐαλον
1315 1143 1354 1173 είς
1368 1142 1414 1168 τὸν
1428 1141 1528 1168 λάκκον
1542 1140 1589 1167 τοῦ
1605 1139 1744 1176 βορϐόρου.
1760 1139 1816 1165 Καὶ

1031 1186 1106 1224 [586]
1130 1187 1267 1221 ἀνήγαγεν
1290 1185 1371 1212 αὑτὸν
1398 1184 1501 1212 ἐκεῖθεν
1521 1185 1536 1211 6
1566 1183 1740 1219 Ἀϐδαμελέκ.
1760 1183 1816 1210 Kal

1032 1230 1235 1266 μεταπεμφθεὶς
1251 1229 1331 1256 πάλιν
1346 1229 1397 1255 ὑπὸ
1412 1227 1459 1254 τοῦ
1479 1227 1620 1262 βασιλέως,
1635 1225 1815 1262 προαγορεύει

1030 1274 1104 1309 αὺτῷ
1126 1273 1276 1309 σωτηρίαν,
1296 1274 1321 1299 εί
1344 1271 1487 1308 βουληθείη
1508 1271 1578 1298 ἑκὼν
1602 1270 1719 1302 ἐξελθεῖν
1747 1269 1816 1305 πρὸς

1030 1318 1093 1350 τοὺς
1120 1317 1265 1353 πολεμίους
1282 1324 1288 1331 ·
1304 1317 1329 1343 εἰ
1342 1316 1371 1343 δὲ
1390 1315 1428 1351 μὴ
1445 1314 1586 1351 βουληθείη
1597 1334 1604 1346 ,
1620 1313 1730 1349 ὄλεθρον
1741 1313 1816 1348 πάσῃ

1029 1364 1063 1398 τῇ
1076 1361 1170 1394 πόλει,
1187 1362 1233 1389 καὶ
1259 1361 1333 1397 αὐτῷ
1357 1360 1462 1395 μεγάλα
1486 1359 1558 1386 κακὰ
1580 1357 1698 1384 ἔσεσθαι.
1722 1357 1765 1387 Ὠς
1787 1357 1815 1384 δὲ

1030 1407 1080 1433 οὐκ
1094 1406 1201 1432 ἔπεισεν
1215 1405 1343 1437 ἐξελθεῖν,
1359 1403 1472 1440 ἀνῆλθεν
1487 1403 1502 1430 6
1517 1403 1662 1439 βάρϐαρος,
1680 1401 1727 1428 καὶ
1744 1400 1816 1427 ἑάλω

1030 1451 1047 1485 ἡ
1062 1450 1139 1482 πόλις
1155 1449 1223 1484 μετὰ
1234 1448 1368 1476 Σεδεκίου.
1378 1448 1432 1474 Kal
1441 1447 1479 1482 τῷ
1492 1446 1611 1482 Ἱερεμίᾳ
1623 1443 1651 1472 εὖ
1664 1445 1815 1481 ἐχρήσαντο

1029 1495 1054 1520 οἰ
1081 1493 1210 1528 ἄρχοντες
1236 1492 1283 1520 τοῦ
1310 1491 1555 1526 Ναϐουχοδονόσορ.
1583 1489 1629 1524 Τῷ
1654 1487 1814 1523 Ἀϐδεμελὲκ

1030 1537 1210 1574 προαγορεύει
1232 1536 1377 1571 σωτηρίαν.
1399 1535 1501 1566 Αὐτοὺς
1517 1534 1545 1560 δὲ
1565 1533 1694 1564 λαϐόντας
1710 1532 1814 1567 αἵρεσιν

1030 1583 1106 1619 παρὰ
1129 1582 1176 1610 τοῦ
1203 1580 1416 1616 ἁρχιμαγείρου,
1430 1579 1502 1606 ὥστε
1524 1578 1650 1606 ἀπελθεῖν
1673 1577 1738 1604 ὅπου
1753 1575 1814 1612 βού-

1029 1629 1125 1659 λοιντο,
1136 1627 1244 1663 ἔρχεται
1257 1625 1324 1661 πρὸς
1335 1626 1354 1651 Γ
1355 1623 1469 1655 οδολίαν,
1477 1623 1506 1650 ὃν
1520 1622 1685 1658 κατέστησεν
1697 1621 1815 1656 ἄρχοντα

1029 1673 1085 1703 τοῖς
1099 1670 1296 1704 ὑπολειφθεῖσιν
1313 1670 1342 1696 ὲν
1362 1670 1395 1703 τῇ
1418 1667 1541 1703 Ἰουδαία.
1559 1666 1732 1701 Συνήχθησαν
1747 1664 1814 1700 πρὸς

1030 1714 1154 1744 Γοδολίαν
1172 1715 1196 1740 οί
1217 1712 1411 1748 διεσπαρμένοι
1435 1712 1464 1738 ὲν
1485 1712 1540 1742 τοῖς
1559 1710 1654 1745 ἀγροῖς
1680 1709 1812 1736 Ἰουδαῖοι.

1036 1758 1146 1794 Ἰσμαὴλ
1161 1758 1266 1792 ἀναιρεῖ
1274 1757 1318 1783 τὸν
1334 1755 1467 1786 Γοδολίαν,
1481 1755 1527 1781 καὶ
1542 1753 1651 1788 ἐτέρους
1660 1752 1746 1784 τινας,
1766 1753 1813 1779 καὶ

1029 1802 1117 1829 λαϐὼν
1131 1801 1175 1829 τὸν
1185 1800 1249 1828 λαὸν
1263 1799 1309 1826 τοῦ
1330 1799 1349 1825 Γ
1350 1798 1450 1825 οδολίου
1460 1818 1467 1828 ,
1483 1797 1617 1833 ἐπορεύθη
1630 1797 1669 1828 εἰς
1680 1797 1729 1831 τὴν
1748 1797 1813 1831 ’Δμ-

1031 1847 1140 1882 μωνίτιν
1152 1844 1243 1880 χῶραν
1256 1844 1270 1870 6
1287 1843 1406 1878 Ἱσμαήλ.
1424 1842 1468 1873 Ὧς
1482 1841 1510 1868 δὲ
1522 1839 1591 1867 εἶδεν
1602 1840 1682 1866 αὑτὸν
1693 1841 1707 1866 ὁ
1723 1839 1814 1866 Ἰωάν-

1029 1899 1094 1922 ναν,
1113 1886 1153 1921 εἷς
1175 1897 1215 1919 τις
1240 1887 1294 1913 τῶν
1322 1886 1474 1922 ἀρχόντων.
1489 1884 1618 1917 εὐνοϊκῶς
1644 1883 1812 1919 διακείμενος

1028 1935 1096 1969 πρὸς
1113 1932 1244 1963 Γοδολίαν,
1260 1931 1345 1966 ἔφυγε
1358 1931 1426 1966 μετὰ
1444 1930 1498 1957 τῶν
1512 1929 1583 1956 ὀκτὼ
1603 1929 1690 1965 μόνων
1709 1929 1813 1964 ἀνδρῶν

1028 1981 1043 2006 6
1064 1978 1194 2014 Ἰσμαὴλ,
1210 1978 1256 2004 καὶ
1276 1977 1321 2003 τὸν
1339 1976 1401 2003 λαὸν
1423 1975 1518 2002 ἐλαϐεν
1537 1976 1552 2001 6
1581 1974 1717 2002 ’Ῑωάνναν.
1732 1974 1813 2000 Ὥστε

1027 2023 1155 2058 δεηθῆναι
1168 2022 1215 2050 τοῦ
1233 2021 1300 2048 Θεοῦ
1315 2022 1379 2056 περὶ
1397 2020 1486 2047 αὐτῶν
1501 2019 1614 2054 δεηθεὶς,
1632 2019 1679 2046 καὶ
1693 2018 1813 2053 συμϐουν

1028 2067 1126 2098 λεύσας
1146 2067 1237 2097 αὐτοῖς
1262 2067 1298 2101 μὴ
1319 2065 1449 2092 εἰσελθεῖν
1472 2065 1511 2096 εἰς
1528 2064 1663 2098 Αἴγυπτον
1680 2063 1813 2099 (θάνατον

1027 2111 1082 2147 γὰρ
1093 2111 1214 2138 ἀπειλεῖν
1228 2110 1273 2137 τὸν
1288 2109 1364 2141 Θεὸν,
1388 2109 1411 2134 εἰ
1438 2108 1626 2143 μετοικήσαιεν
1646 2106 1659 2126 ά
1670 2108 1750 2140 ἐκεῖ),
1763 2107 1813 2134 οὐκ

1027 2155 1146 2181 ἔπεισεν.
1170 2153 1246 2180 Ἐπεὶ
1261 2153 1289 2179 δὲ
1302 2150 1383 2188 ἦλθον
1406 2151 1457 2183 ἕως
1480 2152 1599 2185 Τάφνας,
1623 2152 1750 2186 παραινεῖ
1763 2151 1812 2177 αὺ-

1027 2199 1084 2229 τοῖς
1110 2197 1147 2233 μὴ
1169 2196 1381 2231 εἰδωλολατρεῖν.
1409 2195 1452 2227 Ὠς
1474 2195 1502 2221 δὲ
1518 2195 1669 2229 ἀντέλεγον,
1691 2203 1811 2229 προαγο-

1029 2241 1102 2278 ρεύει
1118 2241 1206 2272 αὐτοῖς
1218 2239 1326 2274 ὄλεθρον
1344 2239 1439 2274 μέγαν,
1455 2239 1502 2265 καὶ⁸
1515 2238 1554 2273 τῷ
1577 2238 1682 2273 βασιλεῖ
1693 2238 1748 2264 τῶν
1763 2238 1811 2264 Δί-

1027 2285 1149 2319 γυπτίων
1169 2284 1219 2319 τὴν
1237 2283 1375 2310 ἀπώλειαν
1387 2282 1525 2316 Αἰγύπτου
1544 2282 1680 2317 προλέγει,
1695 2281 1742 2308 καὶ
1757 2282 1812 2308 τῶν

1027 2328 1192 2363 ἀλλοφύλων,
1207 2327 1255 2363 τὴν
1271 2326 1408 2354 ἀπώλειαν
1419 2326 1571 2354 Μωαϐιτῶν
1584 2325 1666 2359 λέγει,
1679 2325 1726 2352 καὶ
1746 2325 1812 2360 Ἀμ-

1029 2372 1147 2408 μανιτῶν
1169 2373 1217 2399 καὶ
1245 2370 1418 2406 Ἰδουμαίων,
1433 2370 1483 2404 τὴν
1505 2368 1641 2396 ἀπώλειαν
1663 2369 1811 2404 Δαμασκοῦ

1027 2417 1075 2443 καὶ
1094 2415 1180 2451 Ἐλὰμ
1205 2414 1342 2450 προλέγει,
1356 2413 1402 2440 καὶ
1414 2413 1465 2448 τὴν
1489 2412 1624 2439 ἀπώλειαν
1641 2411 1810 2445 Βαϐυλῶνος,

1028 2460 1075 2487 καὶ
1086 2459 1135 2495 τὴν
1148 2459 1239 2486 ἄνοδον
1254 2458 1307 2485 τῶν
1324 2456 1453 2484 Ἰουδαίων
1471 2456 1520 2492 τὴν
1537 2456 1651 2483 ἐκεῖθεν.
1668 2456 1729 2488 Πῶς
1740 2456 1812 2484 ἑάλω

1033 2503 1210 2539 Ἰερουσαλὴμ
1234 2502 1379 2537 προλέγει,
1402 2501 1449 2528 καὶ
1471 2501 1525 2527 ἀπὸ
1543 2499 1652 2535 ἀτιμίας
1668 2501 1708 2532 εἰς
1728 2499 1811 2535 τιμὴν

1027 2545 1092 2582 ἦλθε
1108 2547 1245 2581 Ἰωακεὶμ,
1263 2547 1277 2572 6
1292 2545 1362 2572 ὲκὼν
1375 2545 1572 2580 προσχωρήσας
1590 2543 1630 2579 τῷ
1640 2544 1812 2579 Ναϐουχοδο-

1027 2592 1106 2627 νόσορ
1130 2590 1199 2626 μετὰ
1216 2591 1265 2625 τῆς
1292 2589 1393 2625 μητρὸς
1414 2588 1506 2615 αὑτοῦ.

1028 2649 1160 2682 Σύνοψις
1178 2647 1236 2675 τῶν
1252 2647 1292 2680 τῷ
1312 2646 1451 2682 προφήτῃ
1477 2646 1617 2681 Ἰεζέκιὴλ
1637 2645 1810 2682 εἰρημένων.

1068 2701 1134 2736 Ὀρᾷ
1149 2699 1197 2735 τὴν
1210 2699 1341 2726 ὀπτασίαν
1354 2699 1408 2726 τῶν
1419 2698 1560 2734 Χερουϐὶμ
1572 2700 1586 2725 6
1600 2699 1751 2734 προφήτης,
1764 2698 1810 2725 καὶ

1029 2743 1166 2770 κελεύεται
1185 2743 1298 2779 λαλῆσαι
1315 2744 1369 2775 τοῖς
1387 2742 1565 2779 Ἰσραηλίταις
1583 2743 1658 2778 παρὰ
1668 2743 1715 2769 τοῦ
1729 2741 1808 2769 Θεοῦ.
1846 2766 1849 2767 ,

1061 2822 1072 2836 ο
1087 2815 1160 2845 Ιδυι-ιο
1172 2821 1283 2853 κελεύεις,
1300 2827 1439 2853 quanquam
1455 2821 1557 2846 κελεύειν
1570 2820 1627 2846 ferri
1638 2823 1721 2851 poles:
1731 2821 1758 2844 et
1770 2818 1808 2843 le-

1029 2852 1094 2882 gilur
1104 2853 1128 2875 In
1144 2851 1217 2875 Uioisl.

1059 2881 1072 2900 ά
1084 2883 1145 2907 COlsl
1170 2883 1337 2912 μειοικήικιεν.
