2060 3125
241 167 292 196 381

241 226 353 262 Φέρεται
379 225 430 252 ὑπὸ
453 226 499 253 τοῦ
519 227 675 262 Πνεύματος
696 228 735 259 είς
756 227 804 262 τὴν
825 224 1022 260 αἰχμαλωσίαν,

241 270 290 297 καὶ
303 270 475 304 παρορμᾶται
491 271 543 297 ὑπὸ
555 271 600 297 τοῦ
619 271 684 296 θεοῦ
701 271 767 305 πρὸς
783 270 812 296 τὸ
830 269 898 304 μετᾶ
918 269 1025 304 παρρη-

242 314 303 344 σίας
314 314 359 340 καὶ
376 313 479 345 ἀόκνως
493 315 548 346 τοῖς
561 323 590 340 τε
607 314 717 349 ἀνόμοις
728 314 772 340 καὶ
785 314 839 344 τοῖς
850 313 962 343 δικαίοις
977 311 1025 347 τὴν

241 357 281 388 είς
298 357 346 392 τὴν
357 356 428 392 ζωὴν
442 356 577 392 φέρουσαν
590 356 767 391 διαγγέλλειν,
780 357 826 383 καὶ
837 356 885 387 τὰς
898 356 944 382 τοῦ
958 355 1025 382 Θεοῦ

241 399 408 435 προμηνύειν
419 399 537 431 ἐντολάς.
554 400 699 426 Κελεύεται
711 400 847 433 ἐγκλεῖσαι
864 399 969 429 ἑαυτὸν.
979 399 1026 426 καὶ

211 460 213 464 .
239 443 290 478 τῆς
306 443 483 478 Ἰερουσαλὴμ
498 443 652 478 πολιορκίαν
664 443 835 479 προμηνῦσαι
849 443 891 470 διὰ
903 443 950 469 τοῦ
961 443 1026 469 ὑπο-

240 487 385 521 δείγματος
399 487 449 521 τῆς
467 486 575 513 πλίνθου
596 488 642 514 καὶ
663 487 709 514 τοῦ
728 488 857 523 τηγάνου.
878 486 1024 513 Κελεύεται

239 530 267 556 δὲ
285 531 331 557 καὶ
346 530 391 556 ἐπὶ
409 529 437 556 ἓν
457 530 573 565 πλευρὸν
594 530 756 565 κοιμηθῆναι
770 530 880 566 ἡμερῶν
897 529 1023 565 ἀριθμὸν,

240 574 363 609 φανερῶν
387 575 435 609 τὴν
462 575 491 600 ὲν
509 575 542 608 τῇ
566 574 736 610 αἰχμαλωσίᾳ
757 575 888 609 ἐσομένην
910 573 948 608 τῷ
965 573 1024 608 ’λαῷ

240 617 338 650 θλίψιν.
361 617 491 652 ΙῙρολέγει
513 617 556 644 διὰ
581 618 634 644 τῶν
651 618 754 653 ἀρτων,
770 618 816 649 οὒς
833 619 877 644 ἐπὶ
896 618 1023 652 βολϐίτων

240 661 319 693 ποιεῖ,
336 660 382 686 καὶ
399 660 442 687 διὰ
462 660 507 687 τοῦ
530 661 663 696 μερισμοῦ
678 661 731 687 τῶν
745 661 844 696 τριχῶν
856 661 900 687 τὸν
910 661 1024 687 θάνατον

239 703 329 729 αὐτῶν
339 704 385 729 καὶ
396 703 443 739 τὴν
459 704 607 739 διασπορὰν
617 713 623 719 ·
636 705 683 731 καὶ
697 705 744 740 τὴν
754 705 894 740 ἐρήμωσιν
911 705 960 739 τῆς
974 704 1023 730 πό⁴

238 745 306 777 λεως
323 746 369 773 καὶ
380 747 432 773 τῶν
443 747 558 773 εἰδώλων
569 748 754 783 προστίθησιν.
772 748 837 784 Ὀρᾷ
853 748 901 774 τὰς
911 748 1024 783 ἀνομίας

238 791 283 817 τοῦ
301 791 365 818 λαοῦ
383 792 429 818 καὶ
448 791 496 827 τὴν
517 792 746 827 είδωλολατρείαν.
764 793 841 819 Μετὰ
855 792 940 819 ταῦτα
961 793 1024 824 τοὺς

237 834 288 865 ἕως
302 835 412 870 ὀλέθρου
428 835 476 870 τῆς
493 835 596 867 πόλεως
613 836 746 868 ἐλθόντας.
765 836 830 871 Ὁρᾷ
847 836 874 863 δὲ
892 836 972 863 πάλιν
989 836 1023 862 τὰ

238 878 388 913 Χερουϐὶμ,
400 879 446 905 καὶ
459 879 586 913 προλέγει
600 881 632 914 τῇ
651 879 726 906 πόλει
746 880 827 906 κακά.
838 880 905 915 Περὶ
916 880 970 906 τῶν
984 881 1022 911 εἰς

237 921 354 956 Χριστὸν
374 923 562 950 πιστευόντων.
586 923 740 959 Προμηνύει
761 923 810 958 τὴν
834 923 1023 958 αἰχμαλωσίαν

237 964 314 996 nam;
334 964 381 991 τοῦ
396 965 460 992 λαοῦ
477 966 526 1001 τὴν
545 966 591 992 ἐπὶ
604 966 739 998 Σεδεκίου,
753 967 799 992 καὶ
815 966 864 1000 τὴν
883 965 963 992 αὐτοῦ
979 966 1023 991 Σε-

235 1008 323 1034 δεκίου
332 1009 467 1042 τύφλωσιν
480 1009 527 1043 τὴν
538 1009 590 1036 ὑπὸ
602 1009 647 1036 τοῦ
667 1009 900 1045 Ναϐουχοδονόσορ
911 1010 1023 1044 γενομέ-

236 1061 295 1086 νην.
314 1052 453 1087 Προλέγει,
467 1052 503 1087 μὴ
519 1054 558 1084 εἰς
576 1052 680 1087 μακρὸν
694 1052 787 1088 χρόνον
807 1052 970 1088 ἐκϐήσεσθαι
988 1051 1022 1079 τὰ

237 1097 318 1129 κακὰ,
332 1097 387 1124 ἀλλ’
396 1097 478 1131 ἐγγὺς
490 1094 569 1124 εῖναι.
578 1097 696 1123 ’Λπειλεῐ
711 1099 767 1128 τοῖς
776 1097 1020 1133 ψευδοπροφήταις,

237 1141 310 1178 [587]
327 1143 374 1168 καὶ
400 1141 573 1176 ἀπαραίτητα
599 1141 689 1168 αὐτῶν
705 1150 772 1176 φησι
792 1141 827 1168 τὰ
848 1142 921 1168 κακὰ
940 1140 1020 1174 εἶναι,

235 1185 307 1220 άπερ
319 1185 515 1220 ὑποστήσονται
525 1193 532 1201 ’
550 1185 588 1216 ὼς
607 1185 675 1220 μηδέ
695 1185 763 1218 Ἰὼϐ,
778 1184 794 1220 ἧ
811 1185 919 1220 Δανιὴλ,
933 1185 1021 1221 ἢΝῶε

234 1230 296 1260 τοὺς
311 1229 384 1260 υἱοὺς
400 1229 488 1255 αὐτῶν
503 1228 631 1255 δύνασθαι
649 1228 792 1264 ῥύσασθαυ
807 1229 853 1255 καὶ
861 1229 911 1264 τὴν
923 1230 961 1260 εἰς
977 1230 1021 1256 τέ-

235 1272 279 1304 λος
294 1273 432 1309 ἐρήμωσιν
447 1272 535 1299 αὐτῶν
545 1272 589 1298 διὰ
601 1272 650 1308 τῆς
663 1272 825 1308 κληματίδας
837 1273 887 1308 τῆς
898 1273 1020 1308 ἀμπέλου

234 1317 320 1351 δηλοῖ.
345 1318 482 1352 Διηγεῖται
497 1316 545 1352 τὴν
559 1316 752 1352 ἀσχημοσύνην
775 1316 822 1343 τοῦ
846 1316 910 1343 λαοῦ
927 1316 974 1352 τὴν
991 1317 1020 1350 ἐξ

234 1361 342 1396 ἀρχῆς,
357 1361 421 1396 πρὶν
441 1361 458 1396 ἢ
480 1360 680 1396 προσλαϐέσθαι
705 1360 784 1386 αὑτὸν
806 1360 851 1387 τὸν
871 1360 955 1390 Θεὸν.
973 1361 1021 1388 καὶ

234 1406 282 1441 τὴν
295 1406 459 1442 εὐπρέπειαν
477 1405 526 1441 τὴν
543 1405 610 1440 μετά
629 1405 658 1432 τὺ
673 1404 892 1441 προσλαϐέσθαι·
910 1405 957 1432 καὶ
971 1405 1020 1442 τὴν

234 1449 453 1485 εἰδωλολατρείαν
475 1448 558 1476 αὐτοῦ
572 1469 579 1482 ,
598 1448 645 1475 καὶ
665 1447 714 1483 τὴν
735 1447 779 1474 διὰ
804 1447 906 1484 ταύτην
921 1449 1020 1480 αὐτοὺς

233 1493 425 1529 διαδεξαμένην
443 1492 552 1525 ἅλωσιν,
568 1491 615 1519 καλ¹
642 1491 761 1527 μεγάλας
784 1491 917 1518 δείκνυσιν
933 1492 1020 1527 αὐτῆς

233 1537 281 1568 τὰς
290 1537 404 1572 ἀνομίας
417 1536 470 1564 ἀπὺ
483 1535 651 1572 συγκρίσεως
664 1535 786 1571 Σοδόμων
797 1535 843 1562 καὶ
851 1535 1017 1571 Σαμαρείας,

233 1581 316 1612 οὔσας
331 1581 378 1608 καὶ
397 1581 456 1607 καθ’
473 1580 572 1612 ἑαυτὰς
589 1579 719 1615 μεγάλας.
737 1579 891 1606 Δύναταιδέ
903 1579 938 1605 τὰ
951 1588 1019 1615 χρη-

234 1624 293 1658 στὰ,
306 1624 323 1651 ἃ
333 1624 468 1660 προλέγει,
483 1623 522 1657 τδ,
542 1622 712 1656 Ἀναστήσω
731 1622 789 1656 τὴν
801 1621 947 1656 διαθήκην
958 1631 1018 1657 μου

229 1671 304 1705 μετὰ
323 1669 398 1703 σοῦ,
413 1670 476 1706 περὶ
492 1669 546 1696 τῶν
561 1669 600 1699 είς
615 1668 732 1704 Χριστὸν
749 1667 928 1694 πιστευόντων
941 1668 1018 1702 λέγε-

233 1713 304 1740 σθαι.
323 1712 380 1749 Τὴν
389 1713 482 1740 άνοδον
497 1712 542 1739 τοῦ
551 1711 785 1747 Ναϐουχοδονόσορ
799 1710 936 1746 προλέγει,
948 1711 1018 1747 Πρὸς

231 1757 295 1788 τοὺς
309 1757 439 1791 λέγοντας
457 1764 464 1772 ·
482 1758 513 1784 οι
536 1755 661 1790 πατέρες
683 1755 796 1790 ἔφαγον
816 1755 869 1782 τὸν
888 1755 1017 1790 ὄμφακα,

233 1800 282 1827 καί
303 1801 330 1827 οἱ
346 1799 466 1832 ὀδόντες
479 1799 538 1826 τῶν
549 1799 661 1826 τέκνων
681 1798 864 1834 ὡμοδίασαν.
882 1799 949 1833 Περὶ
969 1799 1018 1834 τῆς

234 1843 337 1879 μητρὸς
353 1843 407 1870 τῶν
422 1843 486 1879 περὶ
509 1843 633 1870 Σεδεκίαν
655 1842 701 1869 τὸν
723 1842 844 1877 βασιλέα.
864 1842 1019 1878 Διαμαρτύ-

233 1895 310 1923 ρεται
337 1888 391 1918 τοῖς
418 1886 611 1922 πρεσϐυτέροις
626 1886 676 1918 τὰς
689 1886 804 1921 ἀνομίας
821 1885 876 1912 τῶν
891 1886 1018 1922 πατέρων

232 1930 332 1958 αὐτῶν.
343 1930 379 1957 Τὸ
386 1930 423 1964 δέ,
431 1930 508 1957 Διότι
515 1930 564 1957 ἐπὶ
576 1929 629 1957 τοῦ
638 1930 728 1969 ¹ὅρους
740 1938 799 1964 μου
806 1929 859 1956 τοῦ
868 1930 964 1965 ἁγίου,
974 1930 1017 1956 ἐπ’

232 1977 312 2012 δρους
328 1975 430 2011 ὑψηλοῦ
451 1975 558 2012 Ἰσραὴλ
577 1975 667 2009 λέγει·
690 1974 823 2007 Ἀδωνατ,
844 1974 942 2008 Κύριε,
957 1974 1022 2002 ἐκεῖ

216 2036 219 2046 .
232 2019 436 2047 δουλεύσουσι
442 2027 493 2054 μοι
504 2018 564 2051 πᾶς
573 2016 654 2051 οῖκος
673 2017 793 2052 Ἰσραὴλ
806 2018 849 2051 εὶς
864 2017 951 2051 τέλος
962 2038 970 2051 ,
978 2019 1018 2050 είς

231 2064 295 2095 τοὺς
319 2063 493 2094 πιστεύοντας
519 2061 557 2098 τῷ
573 2061 683 2097 Χριστῷ
701 2060 828 2088 δύνασθαι
846 2067 860 2082 ι
882 2061 1017 2097 λαμϐάνε-

233 2107 304 2135 σθαι.
333 2107 394 2135 Ἐπὶ
409 2106 511 2142 Θεμάν,
526 2106 573 2133 καὶ
590 2106 636 2132 ἐπὶ
658 2105 784 2141 Ἰσραὴλ,
800 2105 847 2132 καὶ
871 2105 918 2131 ἐπὶ
943 2105 1019 2137 υῑοὺς

237 2150 360 2186 Ἀμμών.
385 2150 441 2176 Καὶ
462 2149 511 2181 τὰς
533 2149 647 2184 ἀνομίας
662 2149 710 2175 καὶ
728 2149 777 2180 τὰς
792 2148 928 2184 ἁμαρτίας
944 2148 1017 2183 λέγει

231 2193 277 2221 τοῦ
302 2194 419 2230 Ἰσραήλ,
432 2193 478 2220 καὶ
501 2192 555 2219 τῶν
568 2193 673 2228 ἱερέων,
693 2192 739 2219 καὶ
754 2191 809 2218 τῶν
823 2192 960 2227 ἀρχόντων
971 2192 1017 2220 καὶ

229 2237 466 2273 ψευδοπροψητῶν.
482 2236 536 2263 Καὶ
553 2235 687 2270 ἐζήτουν,
715 2237 807 2270 φησὶν.
827 2235 922 2270 ἄνδρα
946 2236 1018 2262 ἁνα-

229 2282 434 2315 στρεφόμενον
447 2279 549 2314 ὀρθῶς,
563 2280 611 2306 καί
629 2278 742 2305 ἑστῶτα
755 2279 790 2306 ἐν
805 2279 934 2313 διιικοπῇ
948 2287 1019 2313 φρα-

230 2324 306 2359 γμοῦ
328 2323 385 2358 πρὸ
404 2322 565 2357 προσώπου
581 2331 641 2356 μου
659 2322 694 2348 ἐν
713 2321 804 2357 καιρῷ
815 2322 871 2357 τῆς
884 2321 951 2357 γῆς,
964 2322 1017 2350 τοῦ

228 2368 270 2403 μὴ
290 2369 333 2399 εις
355 2368 441 2400 τέλος
459 2366 615 2399 ἐξαλεῖψαι
637 2366 730 2393 αὐτόν
745 2374 752 2381 ·
769 2366 818 2393 καὶ
836 2367 893 2400 οὐχ
916 2363 1015 2399 εὗρον.

232 2411 299 2446 Περὶ
319 2411 366 2446 τῆς
392 2409 611 2444 είδωλολατρείας
636 2409 684 2436 τοῦ
699 2409 763 2436 λαοῦ
779 2409 886 2445 Ἰσραὴλ
915 2410 964 2444 τῆς
988 2410 1017 2436 ἐν

230 2454 370 2489 Αἰγύπτῳ,
388 2453 434 2480 καὶ
448 2454 497 2488 τῆς
516 2454 583 2488 μετὰ
603 2452 699 2484 ταῦτα,
718 2453 765 2479 καὶ
785 2453 839 2479 τῶν
860 2452 1016 2488 συμφορῶν.

231 2498 287 2525 Καὶ
303 2497 342 2523 ἔτι
364 2496 425 2523 οὔτε
451 2497 546 2528 πένθος
566 2497 678 2531 ποιῆσαι
691 2496 947 2531 συγχωρηθήσονται
971 2497 1018 2523 ἐπὶ

231 2542 287 2573 τοῖς
308 2540 485 2574 συμϐαίνουσι
512 2541 648 2575 χαλεποῖς.
676 2540 754 2566 Κατὰ
779 2539 951 2575 Ἀμμανιτῶν
970 2540 1017 2566 καὶ

237 2585 402 2620 Ἰδουμαίων,
414 2585 460 2610 καὶ
480 2584 652 2618 ἀλλοφύλων,
666 2583 774 2618 καὶτῆς
791 2583 862 2618 Σὼρ,
880 2584 913 2619 ἢν
930 2583 1017 2619 Τύρον

231 2628 354 2663 λέγουσιν
377 2625 456 2654 εἶναι.
479 2628 607 2663 Προλέγει
625 2627 767 2662 συμφορὰς
792 2627 922 2662 μεγάλας,
947 2626 1016 2653 κατὰ

230 2672 278 2698 τοῦ
293 2671 420 2707 ἄρχοντος,
441 2671 530 2706 Τύρου
545 2671 592 2697 καὶ
612 2671 735 2701 Σιδῶνος.
750 2671 796 2696 καὶ
810 2670 956 2704 Αἰγύπτου,
973 2670 1017 2696 καὶ

232 2715 278 2742 τοῦ
305 2715 460 2749 Αίγυπτίων
478 2713 618 2749 βασιλέως.
647 2714 764 2740 ’Λπειλεῖ
787 2713 826 2748 τῷ
853 2714 946 2749 σκοπῴ
970 2713 1017 2740 τοῦ

231 2759 306 2789 λαοῦ,
320 2760 344 2785 σί
356 2759 394 2794 μὴ
405 2758 529 2794 προείποι
539 2756 577 2792 τῷ
587 2756 653 2792 λαῷ,
669 2756 698 2784 οὗ
709 2757 826 2784 τέθειται
838 2757 936 2789 σκοπὸς
951 2757 1018 2792 πρὸς

232 2810 280 2834 τας
300 2803 376 2840 παρὰ
396 2803 443 2830 τοῦ
470 2801 537 2829 Θεοῦ
561 2801 760 2838 ἐπιφερομένας
789 2802 940 2837 συμφοράς.
964 2802 1018 2828 Καὶ

261 2890 275 2904 ⁸
287 2889 360 2914 Forle
374 2889 478 2913 δύναται,

558 168 587 196 S.
606 168 748 197 .IOANNIS
765 166 1010 196 CHRYSOSTOMI
1030 165 1192 194 ARCIHEP.
1213 166 1487 196 (IONSTANTINOP.

1813 169 1862 197 58⁸1

1080 222 1162 257 λέγει,
1179 223 1216 255 ὡς
1232 224 1300 260 μήτε
1311 224 1410 260 ἄνομον
1423 224 1589 252 ἀπόλλυσθαι
1603 224 1647 251 διὰ
1667 224 1715 256 τὰς
1730 225 1864 260 προτέρας

1077 267 1201 302 ἀνομίας,
1225 268 1272 294 ἐὰν
1295 268 1445 303 ἐπιστρέψῃ
1466 267 1512 294 τοῦ
1536 268 1646 303 ποιῆσαι
1660 267 1694 294 τὰ
1711 266 1813 302 ἀρεστὰ
1826 267 1863 302 τῷ

1077 311 1135 346 Θεῷ
1147 319 1153 326 ·
1169 312 1237 346 μήτε
1253 311 1356 338 δίκαιον
1372 312 1522 344 σώζεσθαι,
1538 311 1583 338 διὰ
1603 311 1651 343 τὰς
1669 312 1805 347 προτέρας
1824 310 1864 337 δι’

1077 354 1231 387 καιοσὺνας,
1247 355 1295 382 ἐὰν
1311 355 1488 391 μεταϐληθεὶς
1501 356 1613 390 γένηται
1629 355 1728 390 ἄνομος
1741 355 1788 381 καὶ
1809 355 1864 382 ἀδι-

1078 407 1134 430 κος.
1149 396 1236 426 Ἦλθέ
1255 408 1297 431 τις
1311 400 1379 436 πρὸς
1397 400 1442 429 τὸν
1465 401 1606 436 προφήτην
1622 399 1810 433 ἀπαγγέλλων,
1823 399 1865 426 δτι

1077 442 1148 469 ἑάλω
1161 443 1313 479 Ἲερουσαλή
1318 453 1337 479 μ
1347 444 1435 479 ’λέγει
1444 444 1472 470 δὲ
1484 445 1530 470 καὶ
1543 444 1607 479 περὶ
1620 443 1716 470 τούτου
1729 443 1863 478 ἐγκαλῶν,

1076 485 1116 512 ὅτι
1133 485 1170 522 μὴ
1187 488 1340 523 προσέχωσι
1351 490 1406 519 τοῖς
1425 487 1682 524 προφητευομένοις.
1695 487 1865 523 Προφητεύει

1075 529 1103 556 δὲ
1130 531 1176 557 καὶ
1194 530 1266 557 κατὰ
1282 531 1336 557 τῶν
1349 532 1485 565 ποιμένων
1506 531 1555 558 τοῦ
1575 531 1698 567 Ἰσραήλ·
1717 532 1764 558 καὶ
1778 532 1865 566 ἐπαγ-

1076 573 1198 606 γέλλεται
1219 573 1314 600 δώσειν
1333 574 1425 605 αὐτοῖς
1446 575 1494 602 ἕνα
1517 575 1633 609 ποιμένα
1645 583 1651 589 ·
1669 575 1737 610 ὅπερ
1756 575 1802 601 ἐπὶ
1815 576 1863 602 τοῦ

1075 617 1226 652 Ζοροϐάϐελ
1242 618 1368 652 γέγονεν,
1388 619 1456 653 ὅπερ
1478 619 1525 645 καὶ
1543 618 1608 645 αὐτὸ
1625 618 1863 653 ἀναισχυντοῦντες

1081 661 1201 687 Ἰουδαῖοι
1215 660 1292 687 οὔπω
1303 661 1467 696 γεγενῆσθαί
1485 671 1561 696 φασι·
1574 662 1669 696 γέγονε
1678 662 1716 693 δὲ,
1732 662 1770 694 ὡς
1780 662 1862 698 ἔφην,

1075 705 1121 730 ἐπὶ
1129 705 1289 740 Ζοροϐάϐελ.
1301 705 1468 741 Προφητεύει
1480 706 1549 732 κατά
1566 706 1722 741 Ἰδουμαίων
1747 706 1793 732 καὶ
1806 708 1863 738 τοῖς

1080 748 1260 783 Ἰσραηλίταις
1283 749 1404 784 χρηστὰ,
1425 749 1497 784 ἅπερ
1521 749 1602 784 φησὶν
1617 750 1630 776 ό
1649 749 1714 781 Θεὸς
1738 750 1862 785 ποιήσειν

1081 791 1225 822 Ἰουδαίοις,
1233 792 1282 818 οὐκ
1294 793 1386 828 ἐπειδὴ
1396 792 1464 826 ἄξιοί
1479 793 1557 823 είσιν,
1565 793 1671 819 ἀλλ’ἵνα
1685 793 1723 829 μὴ
1734 793 1764 820 τὸ
1776 794 1862 828 ὕνομα

1076 834 1158 862 αὑτοῦ
1188 835 1336 871 βεϐηλωθῇ.
1351 837 1463 870 Ἀγεται
1484 837 1498 863 ὁ
1514 837 1657 872 προφήτης
1680 837 1720 868 εις
1739 837 1770 862 τὸ
1785 836 1860 873 [588]

1074 879 1174 911 πεδίον,
1188 879 1235 906 καὶ
1251 880 1416 915 προφητεύει
1431 880 1477 907 ἐπὶ
1487 880 1519 906 τὰ
1536 880 1602 906 ὀστᾶ
1614 880 1649 907 τὰ
1663 880 1740 915 ξηρά.
1751 881 1862 916 Προφη-

1073 922 1146 949 τεύει
1159 922 1186 949 δὲ
1198 923 1243 950 καὶ
1259 924 1322 958 περὶ
1331 923 1378 950 τοῦ
1393 923 1555 961 Ζοροϐάϐελ,
1572 924 1612 950 ὃτι
1624 921 1665 955 εἷς
1680 924 1772 960 ἄρχων
1783 924 1860 951 ἔσται

1079 965 1230 993 Ἰουδαίων·
1246 966 1355 993 δύναται
1371 967 1400 994 δὲ
1419 967 1458 998 είς
1476 967 1521 994 τὸν
1539 968 1640 1002 Κύριον
1653 967 1731 1002 ήμῶν
1756 968 1860 1003 Ἰησοῦν

1072 1009 1189 1044 Χριστὸν
1202 1009 1396 1045 λαμϐάνεσθαι.
1415 1011 1583 1046 Προφητεύει
1602 1011 1649 1038 καὶ
1664 1010 1727 1047 περὶ
1741 1011 1802 1045 Γὼγ
1811 1012 1859 1038 καὶ

1072 1052 1179 1087 Μαγὼγ
1193 1053 1359 1080 ἐπελθόντων
1370 1055 1427 1085 τοῖς
1439 1054 1574 1086 Ἰουδαίοις
1587 1055 1656 1089 μετὰ
1671 1053 1720 1090 τὴν
1730 1055 1859 1082 ἐπάνοδον

1072 1096 1120 1132 τὴν
1134 1097 1166 1123 ἐκ
1180 1096 1348 1128 Βαϐυλῶνος,
1361 1097 1408 1123 καὶ
1423 1097 1592 1132 ἡττηθέντων
1606 1117 1613 1123 .
1629 1097 1706 1130 Τινὲς
1727 1098 1756 1124 δὲ
1775 1098 1858 1134 ἀλλη-

1071 1139 1190 1175 γορικῶς
1207 1140 1388 1175 λαμϐάνουσιν
1403 1141 1442 1172 είς
1457 1140 1506 1172 τὰς
1521 1140 1693 1176 Ἐκκλησίας,
1703 1141 1750 1168 καὶ
1763 1143 1804 1174 είς
1813 1143 1859 1170 τὴν

1071 1182 1203 1214 διάϐολον,
1218 1184 1264 1210 καὶ
1277 1183 1340 1215 τοὺς
1359 1183 1429 1210 κατὰ
1440 1184 1535 1218 καιρὸν
1549 1184 1684 1219 διωγμοὺς
1698 1185 1858 1221 ἐπενεχθέν-

1070 1235 1120 1258 τας
1140 1227 1191 1253 ὑπὸ
1213 1227 1319 1254 ἀσεϐῶν
1344 1227 1484 1262 βασιλέων.
1498 1228 1666 1264 Προφητεύει
1687 1229 1715 1256 δὲ
1731 1229 1778 1256 τοῦ
1792 1230 1858 1256 ναοῦ

1070 1273 1120 1305 τὴν
1142 1270 1295 1306 οἰκοδομὴν,
1312 1272 1360 1298 καὶ
1374 1271 1424 1306 τὴν
1437 1271 1658 1298 ἀποκατάστασιν
1670 1272 1721 1307 τῆς
1740 1273 1858 1309 νομικῆς

1070 1313 1212 1350 λατρείας·
1228 1315 1301 1350 ἅπερ
1317 1315 1364 1341 καὶ
1381 1315 1450 1341 αὐτὰ
1474 1315 1643 1351 προσδοκῶσι
1657 1316 1707 1351 μὲν
1725 1316 1765 1343 ἐτι
1792 1317 1858 1344 ’1ου-

1069 1357 1154 1385 δαίοι·
1174 1358 1254 1393 ἐξέϐη
1273 1358 1301 1384 δὲ
1326 1359 1373 1385 ἐπὶ
1389 1359 1490 1394 Ἐσδρα
1513 1359 1561 1385 καὶ
1575 1359 1735 1395 Ζοροϐάϐελ.
1751 1361 1807 1396 Τὴν
1828 1361 1858 1388 δὶ

1069 1401 1212 1437 οἰκοδομὴν
1231 1403 1280 1437 τῆς
1295 1403 1408 1434 πόλεως,
1422 1403 1457 1438 ἢν
1471 1402 1608 1439 προλέγει,
1628 1403 1675 1430 καὶ
1694 1403 1724 1430 τὸ
1741 1403 1813 1440 ὕδωρ
1826 1404 1858 1430 τὺ
1900 1427 1901 1430 η

1070 1445 1141 1472 κατὰ
1159 1445 1256 1481 μικρὸν
1276 1446 1490 1481 ἐκπορευόμενον
1504 1446 1550 1473 καὶ
1570 1445 1761 1481 αὐξανόμενον,
1776 1447 1856 1473 δύνα-

1068 1497 1112 1515 ται
1129 1489 1176 1515 ἐπὶ
1195 1489 1257 1520 τοὺς
1274 1489 1486 1525 ἐπιστρέφοντας
1500 1489 1547 1515 ἐπὶ
1561 1488 1605 1516 τὸν
1619 1489 1736 1525 Χριστὸν
1755 1490 1857 1525 λαμϐά-

1069 1532 1172 1565 νεσθαι,
1188 1534 1301 1568 νεκροὺς
1312 1532 1392 1564 ὂντας
1411 1533 1475 1568 πρὶν
1492 1533 1508 1568 ἢ
1528 1532 1682 1566 πιστεῦσαι,
1697 1533 1768 1569 μετὰ
1781 1534 1810 1562 δὲ
1826 1534 1857 1562 τὸ

1068 1576 1213 1605 πιστεῦσαι
1225 1577 1468 1612 ζωοποιουμένους.

1102 1640 1236 1674 Σύνοψις
1251 1638 1310 1666 τῶν
1329 1638 1370 1672 τῷ
1386 1640 1523 1674 προφήτῃ
1540 1639 1652 1674 Δανιὴλ
1667 1641 1838 1676 εἰρημένων.

1109 1701 1281 1736 Ἐκλέγονται
1297 1701 1322 1728 οι
1337 1701 1400 1737 περὶ
1416 1701 1463 1728 τὸν
1479 1701 1588 1736 Δανιὴλ,
1598 1702 1645 1728 καὶ
1665 1702 1857 1738 παραδίδονται

1067 1746 1106 1781 τῷ
1122 1745 1316 1782 ἀρχιευνοὺχῳ,
1326 1745 1373 1772 καὶ
1386 1745 1522 1772 σιτοῦνται
1533 1745 1678 1782 σπέρματα
1688 1755 1695 1762 ο
1705 1747 1752 1774 καὶ
1765 1756 1856 1783 παρα-

1068 1790 1180 1822 στάντες
1190 1788 1230 1825 τῷ
1244 1789 1356 1824 βασιλεῖ,
1373 1789 1481 1816 πάντων
1493 1790 1685 1826 ἀνεδείχθησαν
1696 1791 1856 1826 σοφώτεροι.

1073 1834 1139 1869 Ὁρᾷ
1155 1833 1186 1860 τδ
1201 1832 1325 1860 ἐνύπνιον
1341 1832 1589 1869 Ναϐουχοδονόσορ,
1608 1834 1656 1861 καὶ
1669 1835 1733 1866 τοὺς
1751 1835 1856 1869 μάγους

1067 1878 1259 1913 ἀπορήσαντας
1284 1876 1416 1912 γνωρίσαι
1439 1877 1486 1904 καὶ
1510 1875 1636 1904 ἐπιλῦσαι
1659 1877 1725 1904 αὐτὸ
1750 1878 1856 1906 κελεύει

1068 1921 1216 1956 σφαγῆναι.
1239 1919 1469 1952 Κινδυνεύσαντας
1486 1920 1514 1947 δὲ
1536 1921 1583 1947 καὶ
1601 1921 1664 1952 τοὺς
1679 1922 1743 1956 περὶ
1757 1922 1856 1958 Δανιὴλ

1067 1965 1168 1992 ἔσωσεν
1179 1964 1194 1991 ὸ
1207 1964 1282 1996 Θεὸς,
1292 1963 1469 1998 ἀποκαλύψας
1479 1964 1553 1999 αὐτῷ
1563 1964 1602 2000 τῷ
1617 1965 1715 2001 Δανιὴλ
1727 1965 1776 2000 τὴν
1784 1966 1856 2001 εἴδη-

1068 2016 1110 2035 σιν
1126 2007 1173 2035 τοῦ
1186 2007 1322 2034 ἐνυπνίου.
1347 2006 1376 2034 ὐ
1398 2007 1497 2042 Δανιὴλ
1512 2007 1648 2042 είσαχοεὶς
1664 2007 1738 2042 λέγει
1748 2008 1778 2034 τὸ
1792 2008 1855 2035 ἐνύ-

1067 2060 1144 2079 πνιον
1157 2051 1197 2087 τῷ
1213 2051 1317 2086 βασιλεῖ
1337 2051 1384 2078 καὶ
1397 2051 1446 2086 τὴν
1462 2050 1604 2087 σύγκρισιν
1618 2052 1711 2079 αὐτοῦ.
1728 2052 1756 2078 '0
1770 2052 1798 2079 δὲ
1814 2052 1856 2079 λί-

1068 2096 1112 2128 θος
1124 2097 1139 2123 ό
1148 2095 1261 2131 τμηθεὶς
1270 2095 1334 2122 ἄνευ
1349 2095 1448 2131 χειρῶν
1463 2095 1479 2122 ό
1489 2095 1605 2130 Χριστός
1620 2096 1677 2122 ἐστι
1690 2103 1698 2111 ο
1710 2096 1739 2122 τὸ
1750 2095 1778 2122 δὲ
1788 2096 1855 2124 ἄνευ

1067 2140 1176 2176 χειρῶν,
1191 2139 1221 2166 τὸ
1242 2139 1328 2175 χωρὶς
1345 2139 1488 2171 συνουσίας
1505 2140 1536 2166 ὲκ
1557 2140 1606 2174 τῆς
1619 2140 1756 2176 Παρθένου
1773 2141 1854 2168 αὐτὸν

1066 2184 1205 2219 τεχθῆναι.
1217 2183 1322 2218 Στήσας
1331 2183 1381 2218 τὴν
1391 2183 1481 2210 είκόνα
1493 2183 1735 2219 Ναϐουχοδονόσορ,
1749 2184 1856 2212 κελεύει

1067 2227 1230 2262 προσκυνεῖν
1253 2227 1367 2258 πάντας,
1383 2226 1507 2258 καὶτοὺς
1532 2228 1606 2261 τρεῖς
1629 2227 1727 2258 παῖδας
1746 2228 1786 2259 είς
1804 2228 1855 2264 τὴν

1067 2271 1181 2306 κάμινον
1195 2269 1325 2305 ἐμϐάλλει
1341 2269 1378 2304 μὴ
1388 2269 1640 2304 προσκυνήσαντας.
1655 2270 1698 2302 Ὡς
1710 2270 1738 2297 δὲ
1754 2271 1779 2297 οι
1790 2272 1855 2307 περὶ

1067 2314 1115 2349 τὴν
1130 2313 1245 2348 κάμινον
1260 2312 1443 2348 ἀνῃρέθησαν,
1461 2313 1507 2339 καὶ
1533 2313 1633 2348 ὕμνουν
1652 2315 1676 2340 οι
1701 2315 1796 2347 παῖδες
1810 2315 1855 2342 τὸν

1067 2355 1133 2382 Θεὸν
1143 2374 1150 2387 ,
1167 2354 1282 2386 καλέσας
1297 2354 1405 2386 αὐτοὺς,
1421 2354 1467 2380 καὶ
1491 2355 1552 2381 ἰδὼν
1573 2354 1669 2386 σώους,
1682 2355 1727 2382 τόν
1741 2364 1770 2382 τε
1787 2357 1855 2383 Θεὸν

1067 2399 1223 2434 ἐξεπλάγη,
1239 2398 1286 2425 καὶ
1307 2398 1405 2430 αὐτοὺς
1419 2398 1489 2434 ἀρχῇ
1512 2399 1546 2434 τῇ
1570 2398 1623 2426 τῶν
1647 2399 1780 2426 Ἰουδαίων
1801 2400 1856 2426 ἐτί-

1069 2453 1150 2480 μησε,
1166 2443 1213 2470 καὶ
1231 2443 1318 2478 δόγμα
1337 2443 1418 2477 ἔθηκε
1433 2462 1440 2474 ,
1453 2443 1500 2469 τὸν
1523 2443 1735 2478 βλασφημοῦντα
1751 2445 1791 2476 εἰς
1810 2444 1855 2471 τὸν

1066 2489 1133 2515 Θεὸν
1143 2487 1318 2514 ἀπόλλυσθαι.
1333 2487 1400 2522 Ὀρᾷ
1410 2487 1534 2513 ἐνύπνιον
1546 2487 1779 2524 Ναϐουχοδονόσορ
1791 2497 1798 2503 ·
1808 2489 1857 2516 καὶ

1066 2532 1120 2558 τῶν
1135 2529 1224 2565 σοφῶν
1237 2529 1394 2561 Βαϐυλῶνος
1407 2529 1486 2556 πάλιν
1501 2530 1734 2566 διαπορησὼτων.
1750 2531 1856 2558 ἐπιλύει

1067 2574 1133 2602 αὐτὸ
1146 2575 1160 2600 ὁ
1176 2573 1284 2609 Δανιὴλ,
1301 2573 1478 2608 συμϐουλεύει
1495 2582 1525 2600 τε
1541 2574 1580 2609 τῷ
1601 2574 1715 2608 βασιλεῖ,
1729 2575 1779 2607 τὰς
1794 2576 1848 2602 ἀνο

1069 2619 1133 2654 μίας
1154 2616 1236 2644 αὑτοῦ
1258 2618 1286 2644 ὲν
1311 2616 1505 2652 ἐλεημοσύναις
1523 2617 1722 2653 λυτρώσασθαι.
1751 2619 1806 2645 Καὶ
1825 2619 1855 2645 οὺ

1069 2663 1127 2698 μετ’
1147 2662 1177 2689 οὐ
1200 2661 1282 2689 πολὺν
1301 2661 1395 2697 χρόνον
1415 2661 1494 2698 ἐξέϐη
1508 2662 1538 2688 τὸ
1558 2662 1682 2689 ἐνύπνιον
1695 2671 1702 2678 ·
1715 2663 1762 2690 καὶ
1777 2664 1856 2698 ᾔνεσε

1068 2706 1112 2732 τὸν
1125 2706 1191 2732 Θεὸν
1215 2706 1230 2732 ὁ
1249 2704 1493 2740 Ναϐουχοδονόσορ.
1508 2705 1567 2732 Τῶν
1590 2706 1695 2732 σκευῶν
1711 2707 1765 2733 τῶν
1781 2708 1855 2742 ἱερα-

1067 2751 1150 2776 τικῶν
1172 2749 1364 2784 ἐξενεχθέντων
1389 2749 1460 2776 κατά
1483 2749 1629 2784 πρόσταξιν
1653 2750 1698 2777 τοῦ
1724 2750 1856 2786 βασιλέως

1067 2793 1126 2820 υίοῦ
1147 2793 1397 2828 Ναϐουχοδονόσορ,
1415 2793 1462 2819 καὶ
1478 2794 1533 2820 τῶν
1544 2794 1716 2829 ἑστιωμένων
1730 2795 1771 2826 εις
1787 2794 1857 2821 αὐτὰ

1070 2838 1210 2869 πινόντων,
1223 2837 1332 2873 ἐξῆλθεν
1353 2838 1523 2873 ἀστράγαλος
1545 2838 1652 2874 χειρὸς,
1668 2839 1715 2867 καὶ
1738 2839 1856 2874 ἔγραψεν

1070 2883 1099 2908 ἐν
1114 2882 1152 2918 τῷ
1170 2881 1249 2917 τοίχῳ
1259 2882 1378 2917 γραφὴν,
1394 2881 1428 2917 ἢν
1444 2882 1490 2909 καὶ
1502 2882 1586 2918 αὐτὴν
1600 2882 1652 2909 τῶν
1668 2882 1759 2917 σοφῶν
1770 2883 1858 2910 Βαϐυ-
