2060 3125
205 91 253 118 381
755 95 917 124 SVNOPSIS
935 96 1140 126 SCRIPTURIE
1160 99 1295 129 SACRE.

205 160 351 194 includere.
362 166 389 189 et
398 162 573 198 Jerosolymae
585 163 749 191 obsidionem
764 165 943 199 prtenuntiare
952 173 999 200 per

204 207 356 241 exemplum
370 208 461 235 lateris
472 213 499 235 et
513 209 662 244 sartaginis.
676 209 787 237 Jubetur
801 210 862 237 item
878 211 905 237 in
917 218 998 238 unum

205 252 275 279 latus
286 253 404 280 dormire
419 258 492 281 certo
503 254 609 282 dierum
628 262 750 289 numero,
766 255 906 283 declarans
924 256 997 283 cala-

205 299 324 326 mitatem
342 299 439 334 populo
450 300 564 327 futuram
579 301 604 328 in
620 301 783 336 captivitate.
805 301 929 329 Prmdicit
952 310 998 336 per

205 351 298 378 panes,
312 352 380 379 quos
393 353 425 372 cx
438 350 556 373 stercore
570 346 649 373 boum
659 346 730 381 facit,
744 351 772 374 et
784 354 832 382 per
841 347 999 375 divisionem

205 389 362 423 capillorum
375 394 623 420 mortemeorumac
635 391 838 426 dispersionem;
847 392 921 420 urbis
930 392 995 420 item

207 439 288 471 atque
304 436 435 464 idolorum
458 437 667 472 devastationem
689 439 789 473 adjicit.
803 438 882 467 Videt
901 439 997 474 iniqui-

206 485 275 509 tates
291 483 398 517 populi,
414 487 441 511 et
454 483 640 511 idololatrian].
663 485 765 512 Deinde
785 492 833 513 eos
847 486 891 521 qui
914 493 998 520 usque

207 528 240 555 ad
256 527 367 555 exitium
379 529 452 556 urbis
466 527 641 557 devenerunt.
657 529 735 558 Videt
746 538 854 558 rursum
865 531 997 559 Cherubi-

206 581 273 606 nos,
289 578 316 601 et
329 574 397 602 mala
411 575 468 602 urbi
482 575 653 610 praenuntiat.
665 575 702 603 De
715 576 748 603 iis
763 577 808 612 qui
822 577 848 604 in
863 577 998 606 Christum

207 620 334 648 credituri
348 625 433 648 erant.
447 621 569 649 Prmdicit
582 629 689 650 rursum
701 623 881 657 captivitatem
895 625 996 659 populi,

208 674 269 701 qua:
283 667 333 694 sub
345 667 456 695 Sedccia
469 667 583 701 accidit,
596 672 623 696 et
642 667 781 696 Sedeciam
793 674 952 698 excaecatum
967 671 998 698 iri

207 720 222 739 a
238 712 507 740 Nabuchodonosore.
522 713 645 741 Prmdicit
658 715 727 742 mala
748 722 802 743 non
818 720 878 750 post
895 715 1000 744 diutur—

207 766 270 785 num
287 763 390 793 tempus
402 763 539 792 eventura,
555 759 600 786 sed
618 767 700 794 prope
711 768 780 788 esse.
797 760 911 788 Minatur
921 769 1000 796 pseu-

207 804 390 840 doprophetis,
406 806 523 841 ipsisque
533 805 737 841 indeprecabilia
748 814 808 834 esse
822 815 881 842 quae
895 808 998 843 passuri

207 854 269 876 sunt
281 850 351 877 mala
364 849 521 880 denuntiat:
536 851 571 878 ita
585 855 614 878 ut
636 858 686 879 nec
705 851 756 879 Job
770 859 821 880 nec
843 852 934 881 Daniel
949 861 999 881 nec

208 894 266 923 Noe
279 896 397 931 ipsorum
413 896 482 923 ﬁlios
496 897 599 932 possint
609 904 706 925 eruere
721 906 728 924 :
742 903 769 926 et
782 904 929 927 extremam
941 900 1000 927 illo-

207 949 265 969 rum
281 942 431 970 vastitatem
445 950 492 978 per
501 943 599 977 lignum
609 943 669 971 vitis
681 943 808 972 declarat.
824 945 938 973 Enarrat
949 952 998 980 po-

208 987 261 1022 puli
276 987 464 1022 turpitudinem
475 988 509 1015 ab
518 988 603 1021 initio,
617 992 759 1023 antequam
770 989 852 1017 Deum
861 991 999 1025 amplexus

208 1032 446 1064 essel.etdecorem
455 1038 593 1068 postquam
600 1033 738 1069 amplexus
743 1038 784 1062 cst
793 1043 800 1060 :
811 1035 1001 1064 idololatriam-

207 1085 260 1113 que
270 1078 338 1113 ejus,
349 1083 377 1106 et
386 1078 517 1106 excidium
530 1079 601 1114 quod
615 1084 723 1115 propter
735 1088 794 1108 eam
804 1080 901 1109 invasit
909 1082 998 1117 ipsos;

210 1132 319 1159 magnas
343 1125 461 1153 ostendit
482 1125 540 1165 ejus
565 1125 718 1161 iniquitates
741 1134 773 1154 ex
799 1128 998 1163 comparatione

208 1169 387 1198 Sodomorum
401 1175 428 1198 et
442 1170 581 1204 Samaria,
595 1179 655 1207 quae
665 1172 745 1199 etiam
757 1180 805 1207 per
814 1173 915 1208 seipsas
923 1177 1000 1201 erant

211 1215 341 1250 ingentes.
353 1215 469 1244 Possunt
481 1221 570 1244 autem
582 1216 663 1251 bona,
674 1224 733 1252 qua;
744 1218 874 1253 praedicit,
890 1227 997 1255 nempe,

209 1261 343 1288 Suscitabo
355 1266 529 1289 testamentum
542 1270 624 1290 meum
639 1267 718 1290 tecum
733 1263 743 1299 (
757 1263 852 1291 Ezech.
866 1265 910 1292 Ιϐ-
931 1265 966 1293 (i2
976 1264 997 1302 ),

209 1307 243 1335 de
256 1307 430 1335 credentibus
449 1308 475 1336 in
492 1307 630 1336 Christum
651 1309 772 1345 intelligi.
786 1310 934 1338 Ascensum
944 1311 999 1339 Na-

211 1353 443 1381 buchodonosoris
457 1354 627 1389 praenuntiat.
642 1354 776 1382 Adversus
792 1363 838 1383 eos
860 1356 904 1391 qui
921 1356 996 1384 dice-

211 1399 276 1427 bant
291 1408 297 1425 :
320 1399 410 1427 Patres
422 1399 582 1427 comederunt
593 1408 666 1427 uuam
679 1400 805 1433 acerbam,
825 1406 848 1428 et
865 1401 951 1429 dente:
965 1402 999 1437 ﬁ-

211 1445 302 1472 liorum
316 1445 516 1481 obstupuerunt(
532 1445 626 1474 Ezech.
643 1446 686 1474 18.
698 1446 716 1473 2
727 1446 747 1482 ).
765 1447 802 1474 De
815 1451 900 1476 matre
917 1448 1000 1476 Sede-

210 1491 259 1518 cizc
274 1491 354 1525 regis.
375 1491 543 1519 Testiﬁcatur
557 1492 709 1520 senioribus
727 1492 879 1528 iniquitates
894 1498 998 1529 patrum

211 1543 331 1563 suorum.
347 1535 414 1564 illud
440 1541 528 1564 autem
542 1557 550 1570 ,
575 1536 641 1569 Quia
664 1545 740 1573 super
754 1543 863 1565 manlem
885 1543 1000 1566 sanctum

211 1591 303 1615 meum,
313 1582 347 1616 d_e
356 1587 446 1611 monte
461 1583 566 1611 excelso
578 1584 659 1611 [smel
671 1583 748 1611 dicit:
758 1584 866 1618 Adonai,
879 1583 998 1619 Domine,

212 1628 266 1655 illic
277 1629 382 1655 servient
394 1629 455 1655 mihi
469 1630 550 1656 omnis
563 1629 653 1656 domus
668 1628 751 1656 Israel
762 1630 788 1656 in
801 1630 876 1664 ﬁnem
893 1630 998 1664 (EzecIt.

211 1673 256 1700 20.
281 1673 326 1701 40.
350 1674 377 1700 in
409 1674 532 1710 Graec),
560 1674 595 1702 de
620 1674 789 1703 credentibus
813 1675 840 1702 in
865 1675 999 1703 Christum

211 1723 300 1754 potest
308 1720 401 1754 accipi.
415 1719 453 1747 De
467 1719 597 1752 Themau,
610 1719 643 1747 de
662 1719 743 1747 Israel
756 1740 763 1752 ,
780 1724 806 1748 et
820 1719 853 1747 de
866 1720 926 1748 tiliis
940 1721 1001 1748 Am-

211 1772 285 1792 mon.
304 1765 457 1799 lniquitates
471 1769 498 1792 et
521 1769 630 1800 peccata
645 1765 750 1792 lsraelis
763 1770 895 1799 recenset,
910 1773 1000 1794 sacer-

211 1809 315 1842 dotum,
328 1809 479 1845 principum
493 1815 520 1838 et
534 1810 838 1846 pseudoprophetarum.
853 1810 888 1837 Et
903 1819 1000 1846 quaere-

214 1854 282 1887 bam,
297 1856 391 1890 inquit,
405 1856 486 1882 virum
508 1860 574 1883 recte
596 1860 735 1883 versantem
748 1861 770 1883 et
783 1861 890 1883 stantem
904 1857 931 1883 in
944 1858 1000 1892 fra-

212 1906 283 1928 ctura
297 1901 412 1928 macerim
426 1902 464 1936 (a)
476 1906 534 1928 ante
547 1902 638 1936 facient
649 1909 731 1928 meam
747 1901 773 1928 in
787 1906 896 1936 tmpore
908 1907 981 1929 teme
991 1922 999 1935 ,

212 1951 239 1974 ut
253 1955 284 1973 ne
293 1947 319 1973 in
333 1947 409 1982 finem
419 1947 526 1974 deierem
535 1955 593 1974 eum
610 1955 619 1974 :
634 1952 657 1974 et
671 1955 722 1974 non
734 1948 816 1975 inveni
829 1948 838 1983 (
850 1947 943 1975 Ezeclt.
954 1948 999 1977 22.

213 1992 268 2026 50).
285 1993 321 2020 De
333 1993 481 2020 idololatria
490 1993 580 2028 populi
593 1993 676 2020 israel
692 1993 718 2020 in
730 1993 846 2029 Egypto
858 1998 885 2021 et
897 1999 999 2029 postea,

213 2045 244 2065 ac
268 2038 300 2065 de
325 2038 530 2066 calamitatibus.
558 2039 646 2073 Atque
669 2039 777 2073 insuper
800 2047 885 2074 neque
903 2040 1001 2067 luctum

213 2091 292 2119 agere
305 2084 492 2118 permittentur
503 2091 584 2119 super
595 2083 810 2120 contingentibus
830 2085 917 2112 malis.
928 2085 1001 2113 Con-

215 2135 253 2157 tra
263 2129 430 2157 Ammanitas
439 2132 466 2156 et
478 2129 609 2158 Idumaeos
624 2151 631 2162 ,
656 2135 683 2157 et
698 2130 862 2166 alienigenas
873 2151 882 2164 ,
897 2136 924 2158 et
939 2130 998 2163 Sor,

214 2183 290 2210 quam
302 2175 395 2203 dicunt
403 2182 463 2203 esse
471 2174 581 2210 Tyrum.
593 2175 886 2204 Prtedicitcalamitates
893 2183 1002 2211 magnas

214 2227 305 2249 contra
325 2221 470 2256 principem
493 2221 557 2257 Tyri
582 2225 609 2248 et
632 2221 755 2254 Sidonis,
782 2226 809 2249 et
834 2221 977 2257 [Egyptum
992 2243 1000 2255 ,

214 2265 454 2302 (Egyptiorumque
470 2274 570 2301 regem.
586 2266 701 2294 Minatur
714 2267 875 2301 speculatori
889 2268 978 2303 populi
992 2288 1000 2301 ,

213 2313 263 2340 nisi
285 2311 438 2348 praedixerit
458 2313 556 2348 populo
567 2334 575 2346 ,
588 2313 664 2347 cujus
683 2313 841 2341 constitutus
854 2318 895 2341 est
909 2321 1003 2348 specu-

212 2357 280 2385 lator
294 2358 326 2385 ad
340 2357 504 2386 calamitates
514 2365 529 2384 a
543 2358 597 2385 Deo
611 2358 707 2385 illatas.
724 2359 762 2385 Ac
776 2358 941 2394 dicit,nequc
953 2359 1004 2386 ini-

213 2411 292 2437 quum
308 2403 398 2438 perire
410 2403 445 2430 ob
458 2403 561 2438 priores
575 2403 736 2438 iniquitates,
752 2403 774 2430 si
787 2411 933 2432 conversus
942 2403 1002 2431 fue-

214 2449 246 2476 rit
258 2448 291 2476 ad
307 2448 458 2476 faciendum
473 2456 504 2476 ea
518 2455 577 2484 quae
591 2448 646 2476 Deo
659 2453 721 2476 sunt
734 2449 829 2484 placita
841 2458 848 2482 ;
865 2458 950 2484 neque
960 2450 1003 2485 ju-

244 2542 279 2573 (η)
307 2542 382 2569 Illud.
401 2542 500 2576 $152,
524 2541 550 2566 in
574 2542 683 2574 frarlura
704 2548 817 2567 maceria:
839 2542 874 2572 (ἐν
896 2542 1000 2574 Simia-n5)

212 2579 410 2614 φρᾳγμοζδ),“ιιοη
431 2582 470 2614 est
491 2578 515 2614 in
539 2578 722 2614 exemplaribus
741 2578 952 2614 hodiernishvsed
969 2585 1000 2614 ex

213 2607 331 2643 Origetiis
346 2610 464 2643 Hegaplis
477 2607 631 2643 adiunctum;
639 2609 728 2643 trierat:
740 2612 768 2633 ut
786 2607 1002 2643 nosﬂin'I-iexaplis

213 2641 360 2665 addidimus.
379 2641 456 2665 Totus
477 2642 545 2665 locus
567 2641 591 2664 in
613 2639 769 2665 Edilionibus
789 2639 916 2664 hodiernis
939 2639 1001 2665 LXX

213 2671 247 2707 sic
264 2671 387 2707 habetur;
402 2673 447 2707 K_at‘i
464 2671 560 2707 ECv’j-reov
577 2672 600 2699 ἐξ
616 2671 695 2707 ᾳύτῶν
710 2671 1002 2707 ἄνδρᾳιᾶναστεεςιρμενο]

213 2703 296 2734 ὀρθῶς,
312 2703 353 2726 καὶ
366 2703 474 2734 γὲστῶτᾳῗ
484 2703 529 2733 πρὸ
550 2703 681 2733 προσώπου
703 2709 748 2734 μεφυ
773 2702 910 2734 ὁλῡσχερῶςγ
925 2702 949 2725 ἐν
966 2702 1001 2732 τῷ

215 2732 291 2764 stupra
307 2736 348 2761 τῆς
362 2733 440 2764 ὀργῆς.
454 2733 543 2757 Metius
558 2732 688 2763 exemplar
704 2732 884 2761 Chrysostomi,
902 2733 926 2756 ἐν
937 2741 958 2756 τ.
976 2741 1000 2756 τι.

215 2771 315 2798 τῆςγῆς.
331 2768 356 2792 ln
371 2767 476 2792 Hebrzeo
485 2770 567 2792 auth
578 2767 680 2798 legitur,
691 2767 773 2804 vam
790 2768 855 2796 1Y3,
868 2773 914 2799 pro
925 2770 1000 2793 terra.

214 2810 378 2843 Septuaginta
390 2817 449 2836 vero
462 2811 579 2842 legerunt
597 2811 666 2838 mn,
683 2809 708 2835 in
719 2813 832 2841 tempore.

1795 105 1848 133 382

1055 159 1126 183 stum
1141 157 1255 184 salutem
1268 158 1396 193 consequi
1410 157 1445 185 ob
1458 158 1572 193 priorem
1584 159 1714 194 justitiam
1727 183 1734 195 ,
1750 163 1772 191 si
1788 172 1847 191 nm-

1054 205 1125 229 tatus
1137 222 1144 234 ,
1162 203 1266 237 iniquus
1282 203 1448 239 injustusqne
1470 206 1593 233 evaserit.
1617 207 1695 234 Venit
1712 209 1844 244 quispiam

1054 247 1087 273 ad
1104 247 1281 282 prophetam,
1297 249 1423 276 nuntians
1446 255 1549 285 captam
1573 250 1656 280 fuisse
1674 252 1823 282 Jerusalem
1837 263 1844 284 :

1054 292 1119 319 dicit
1133 297 1222 320 autem
1238 293 1288 321 hac
1302 294 1336 321 de
1349 302 1379 322 re
1397 295 1536 330 incusans,
1552 297 1621 332 quod
1636 305 1689 326 non
1707 301 1846 328 attendant

1053 337 1085 364 iis
1105 346 1165 372 quae
1183 346 1197 364 a
1219 339 1356 374 prophetis
1374 341 1564 375 przcdicnntur.
1583 343 1749 372 Vaticinatur
1763 353 1844 380 porro

1053 388 1145 410 contra
1174 381 1296 418 pastores
1310 385 1414 413 israelis
1431 395 1437 412 :
1453 388 1636 424 promittitque
1651 390 1770 418 dandum
1786 400 1846 420 esse

1053 433 1186 462 pastorem
1202 438 1282 457 unum
1295 439 1301 463 ;
1318 431 1343 458 id
1355 432 1425 467 quod
1440 433 1489 460 sub
1502 433 1666 463 Zorobabele
1680 435 1777 463 factum
1792 441 1843 471 est,

1054 473 1080 501 id
1096 474 1165 509 quod
1180 476 1260 503 etiam
1275 476 1360 504 Judaei
1375 478 1546 513 impudenter
1555 480 1646 508 dicunt
1655 481 1772 509 nondum
1785 490 1846 511 eve-

1052 519 1143 553 nisse;
1160 521 1249 548 evenit
1264 526 1352 549 tamen
1363 543 1370 555 ,
1394 529 1423 550 ut
1435 523 1500 555 dixi,
1513 525 1563 552 sub
1582 525 1757 555 Zorobabcle.
1773 527 1847 555 Vati—
1894 549 1898 559 .

1052 564 1156 592 cinatur
1166 571 1259 593 contra
1275 566 1417 600 idnmacos,
1434 573 1461 595 et
1476 568 1603 596 lsraelitis
1618 570 1687 598 bona
1710 572 1841 607 pradicit,

1053 617 1112 644 quae
1124 610 1195 638 Deus
1210 611 1270 639 ideo
1284 619 1312 639 se
1323 612 1422 640 Iudaeis
1433 614 1592 642 collaturum
1606 616 1688 650 dicit,
1706 625 1759 645 non
1772 619 1844 653 quod

1053 655 1090 682 illi
1103 655 1175 691 digni
1190 657 1253 690 sint,
1261 658 1308 685 sed
1320 666 1353 686 ne
1370 666 1468 686 nomen
1482 659 1540 694 ejus
1555 660 1719 695 profanetur.
1734 663 1843 691 Ducitur

1053 701 1186 736 propheta
1201 703 1227 729 in
1241 710 1374 738 campum,
1389 708 1415 730 et
1430 704 1574 738 prophetat
1593 714 1674 741 super
1686 715 1746 735 ossa
1759 709 1843 736 arida.

1053 747 1272 782 Prophetatitem
1285 749 1319 778 de
1334 749 1511 784 Zorobabcle,
1525 752 1596 787 quod
1612 753 1715 782 futurus
1730 755 1764 782 sit
1776 763 1843 783 unus

1052 791 1205 820 Iudaeorum
1217 794 1340 830 princeps
1351 802 1359 821 :
1370 800 1458 831 potest
1474 801 1562 824 autem
1578 797 1612 825 de
1627 798 1738 827 Domino
1751 806 1845 829 nostro

1051 838 1114 867 Jesu
1122 838 1229 867 Christo
1236 841 1330 876 accipi.
1340 841 1505 870 Vaticinatur
1511 843 1591 871 etiam
1598 844 1632 872 de
1641 845 1729 881 Coget
1737 846 1844 883 Magos,

1053 885 1098 919 qui
1112 884 1220 914 Iudaeos
1232 885 1350 914 invasuri
1363 893 1439 914 erant
1453 893 1511 923 post
1522 889 1637 917 reditum
1650 899 1682 918 ex
1697 892 1844 928 Babylone,

1052 931 1152 967 quique
1166 932 1228 959 victi
1246 931 1362 961 fuerunt.
1378 933 1490 967 Quidam
1503 940 1591 963 autem
1603 936 1628 964 id
1642 937 1784 972 allegorice
1797 947 1844 967 ac-

1052 977 1156 1013 cipiunt
1167 978 1201 1005 de
1213 978 1351 1013 Ecclesiis,
1367 984 1394 1007 et
1407 980 1441 1008 de
1455 981 1561 1009 diabolo
1575 1003 1583 1016 ,
1599 983 1685 1019 deque
1704 992 1847 1022 persequu-

1053 1024 1170 1053 tionibus
1183 1033 1243 1061 qua:
1258 1027 1333 1054 vario
1345 1031 1465 1062 tempore
1478 1028 1559 1056 illatae
1574 1035 1636 1057 sunt
1646 1030 1680 1058 ab
1691 1031 1780 1067 impiis
1795 1033 1847 1060 lm-

1053 1072 1232 1106 peratoribus.
1246 1072 1410 1100 Vaticinatur
1423 1078 1486 1101 item
1505 1075 1596 1110 templi
1608 1078 1846 1115 constructionem,

1053 1122 1079 1145 et
1090 1119 1287 1147 restitutionem
1300 1119 1392 1155 legalis
1402 1120 1507 1148 cultus:
1517 1128 1577 1156 quae
1587 1122 1669 1150 etiam
1687 1129 1846 1159 exspectant

1051 1163 1155 1198 Judaei;
1170 1165 1216 1193 sed
1230 1173 1261 1193 ea
1271 1170 1417 1193 evenerunt
1429 1170 1549 1201 tempore
1562 1167 1654 1196 Esdrte
1662 1174 1688 1196 et
1697 1170 1847 1200 Zorobabc-

1053 1211 1096 1238 lis.
1117 1210 1288 1239 Constructio
1309 1216 1399 1240 autem
1425 1213 1536 1248 templi,
1559 1221 1638 1248 quam
1660 1216 1799 1251 praedicit,
1819 1223 1848 1245 et

1052 1263 1120 1292 aqua
1135 1264 1195 1292 quae
1207 1256 1335 1292 paulatim
1349 1257 1535 1292 egrediebatur
1551 1264 1578 1286 et
1590 1260 1744 1295 augebatur.
1759 1267 1847 1297 potest

1052 1301 1138 1337 accipi
1151 1302 1185 1330 de
1196 1302 1228 1330 iis
1238 1302 1284 1338 qui
1297 1302 1330 1330 ad
1343 1302 1481 1332 Christum
1495 1304 1617 1332 conversi
1628 1309 1701 1338 sunt,
1713 1306 1757 1341 qui
1771 1314 1845 1334 mor-

1053 1346 1091 1374 tui
1106 1351 1184 1374 erant
1199 1351 1342 1383 antequam
1363 1348 1521 1383 crederent,
1535 1349 1657 1378 viventes
1671 1356 1760 1379 autem
1783 1351 1846 1380 facti

1053 1398 1115 1421 sunt
1129 1398 1270 1429 postquam
1281 1393 1463 1422 crediderunt.

1108 1477 1224 1499 SYNOPSIS
1237 1478 1324 1499 EOBUH
1339 1478 1397 1503 ουλε
1411 1480 1427 1499 Δ
1439 1479 1554 1499 ωμῐειε
1568 1479 1705 1500 ΡΠΟΡΙΙΕΤΑ
1719 1481 1798 1502 DICTA

1412 1525 1490 1545 SUNT.

1093 1577 1236 1613 Etiguntur
1247 1578 1339 1606 Daniel
1354 1583 1381 1606 et
1396 1579 1476 1612 socii,
1495 1583 1523 1606 et
1533 1579 1674 1606 traduntur
1685 1580 1847 1609 archieunu-

1055 1623 1118 1655 cbo,
1134 1627 1213 1658 atque
1228 1623 1408 1658 leguminibus
1422 1629 1566 1651 vescuntur
1580 1634 1587 1652 :
1600 1629 1626 1652 et
1639 1625 1775 1654 adstantes
1790 1628 1845 1662 regi

1053 1669 1171 1696 omnium
1198 1669 1389 1703 sapientissimi
1406 1669 1567 1704 deprehensi
1589 1674 1661 1698 sunt.
1676 1670 1754 1699 Videt
1777 1680 1849 1700 som-

1054 1717 1127 1743 nium
1148 1716 1404 1748 Nabuchodonosor,
1419 1722 1446 1745 et
1466 1725 1559 1753 magos
1570 1739 1578 1751 ,
1593 1720 1637 1754 qui
1654 1726 1706 1746 non
1721 1724 1846 1754 poterant

1054 1762 1189 1790 somnium
1203 1762 1324 1790 indicare
1339 1768 1366 1790 et
1381 1763 1563 1798 interpretari,
1577 1764 1653 1799 jubet
1666 1765 1763 1792 occidi.
1773 1765 1847 1792 Peri-

1055 1807 1177 1835 clitantes
1185 1815 1290 1843 quoque
1299 1808 1434 1836 Danielem
1440 1813 1468 1836 et
1477 1809 1564 1837 socios
1572 1810 1689 1838 servavit
1698 1810 1777 1845 Deus,
1786 1818 1846 1838 cum

1054 1853 1156 1881 Danieli
1163 1853 1258 1880 somnii
1267 1853 1385 1881 notitiam
1391 1861 1439 1889 per
1447 1855 1635 1882 revelationem
1641 1855 1849 1884 dedit.lntrodu—

1053 1903 1112 1926 ctus
1122 1899 1215 1927 Daniel
1226 1900 1359 1927 somnium
1372 1901 1428 1936 regi
1439 1900 1506 1928 dixit
1524 1901 1634 1936 ejusque
1652 1902 1849 1937 interpretatio-

1056 1953 1130 1973 nem.
1151 1946 1229 1980 Lapis
1243 1950 1332 1974 autem
1351 1946 1409 1973 sine
1420 1946 1544 1974 manibus
1557 1943 1847 1979 excisusChristusest;

1054 1991 1113 2018 sine
1126 1992 1247 2019 manibus
1258 1999 1331 2024 vero,
1345 1992 1405 2027 quia
1417 1991 1475 2020 sine
1487 1993 1628 2020 concubitu
1642 1993 1783 2028 cxvirgine
1797 2002 1848 2021 na-

1055 2040 1099 2063 tus
1113 2041 1163 2064 est.
1190 2037 1313 2064 Erectam
1328 2045 1343 2064 a
1354 2045 1385 2065 sc
1395 2041 1508 2065 statuam
1519 2037 1845 2073 Nabuchodonosorjubet

1055 2091 1148 2112 omnes
1156 2084 1279 2115 adorare,
1290 2088 1317 2111 et
1330 2089 1384 2111 tres
1394 2092 1492 2119 pueros
1502 2085 1546 2119 qui
1560 2084 1673 2112 adorare
1687 2086 1812 2113 nolebant
1822 2086 1847 2113 in

1055 2129 1189 2157 fornacem
1201 2129 1333 2164 injicit.Ut
1343 2134 1432 2157 autem
1446 2130 1482 2157 illi
1491 2132 1534 2165 qui
1549 2131 1618 2158 circa
1627 2131 1760 2159 fornacem
1772 2138 1849 2160 erant

1054 2174 1186 2202 interfecti
1200 2179 1301 2207 sunt,et
1314 2175 1390 2209 pueri
1402 2175 1484 2202 Deum
1497 2175 1606 2203 canticis
1616 2176 1843 2209 celebrarent,ubi

1055 2220 1127 2254 ipsos
1139 2220 1260 2247 evocavit
1271 2227 1316 2247 rex
1327 2225 1354 2248 et
1369 2220 1516 2248 incolumes
1530 2221 1605 2253 vidit,
1621 2221 1654 2248 de
1670 2221 1715 2249 Dei
1728 2222 1844 2256 potentia

1055 2270 1166 2301 stupore
1178 2266 1327 2300 perculsus,
1343 2266 1415 2301 ipsos
1429 2266 1576 2301 principatu
1593 2266 1747 2294 Iudaeorum
1760 2268 1844 2295 hono-

1055 2312 1134 2346 ravit,
1146 2311 1336 2347 decretumque
1351 2312 1442 2344 dedit,
1467 2316 1495 2340 ut
1507 2312 1626 2347 quisquis
1641 2313 1666 2339 in
1690 2313 1772 2341 Deum
1786 2314 1843 2342 bla-

1055 2357 1217 2393 spbemaret,
1232 2362 1318 2385 morte
1332 2357 1503 2393 plecteretur.
1518 2358 1597 2386 Videt
1609 2359 1742 2386 somnium
1757 2359 1844 2388 Nabu-

1055 2403 1241 2431 chodonosor:
1256 2408 1283 2431 et
1296 2411 1356 2431 cum
1370 2403 1504 2438 sapientes
1519 2403 1662 2438 Babylonis
1675 2412 1779 2432 rursum
1791 2405 1849 2432 hae-

1056 2452 1157 2482 rerent,
1174 2448 1259 2483 ipsum
1275 2448 1356 2476 solvit
1380 2448 1470 2475 Daniel
1484 2469 1491 2482 ,
1507 2449 1616 2484 regique
1635 2454 1729 2477 auctor
1742 2455 1781 2478 est
1797 2474 1803 2485 ,
1818 2455 1853 2479 ut

1055 2495 1208 2529 iniquitates
1221 2502 1284 2522 suas
1296 2495 1475 2530 elecmosynis
1493 2494 1616 2522 redimat.
1632 2495 1686 2523 Nec
1696 2496 1740 2523 diu
1754 2501 1846 2532 postea

1055 2540 1152 2567 somnii
1168 2540 1257 2567 exitus
1278 2540 1382 2572 evenit;
1405 2540 1574 2575 laudavitque
1599 2540 1846 2570 Nabuchodonosor

1055 2585 1151 2612 Deum.
1169 2586 1259 2613 Sacris
1275 2585 1366 2620 templi
1380 2586 1450 2612 vasis
1461 2585 1538 2620 jussu
1555 2586 1699 2614 Baltasaris
1714 2588 1783 2622 regis
1800 2588 1844 2616 ﬁlii

1055 2630 1330 2658 Nabuchodonosoris
1344 2631 1457 2663 eductis,
1471 2639 1531 2658 cum
1546 2631 1571 2658 in
1588 2631 1640 2659 illis
1649 2636 1847 2666 potarentcon—

1056 2677 1132 2708 virm,
1154 2677 1218 2704 exiit
1237 2677 1365 2705 articulus
1384 2684 1479 2705 manus
1491 2698 1498 2710 ,
1516 2678 1559 2713 qui
1584 2679 1704 2706 exaravit
1728 2679 1754 2705 in
1770 2687 1846 2706 muro

1057 2723 1231 2757 scripturam,
1246 2730 1325 2758 quam
1341 2723 1420 2750 etiam
1434 2731 1494 2750 cum
1510 2731 1563 2750 non
1580 2728 1690 2758 possent
1709 2724 1847 2759 sapientes

1056 2769 1200 2804 Babylonis
1211 2769 1355 2803 explicare,
1372 2769 1466 2796 Daniel
1481 2769 1543 2804 legit
1554 2773 1582 2797 et
1594 2769 1785 2804 interpretatus
1792 2776 1845 2799 est;

1058 2814 1219 2848 indutusque
1232 2820 1274 2844 est
1284 2822 1398 2850 purpura
1409 2837 1417 2850 ,
1430 2816 1731 2851 circumposueruntque
1748 2815 1773 2844 ci
1790 2820 1842 2843 tor—
