2047 3123
206 197 285 224 quem
297 196 408 217 aureum
420 210 427 221 ,
449 190 713 225 prmdicaveruntque
732 197 793 217 eum
809 196 870 217 esse
884 189 993 217 tertium

207 235 355 269 principem
371 235 396 261 in
412 242 505 269 regno.
520 235 584 262 Cum
596 240 718 270 regnaret
733 235 824 261 Darius
838 235 936 266 Medus,
949 235 997 262 Da-

207 279 277 306 niclc
291 280 411 314 principe
425 280 579 311 constituto,
598 281 702 315 cogitur
714 289 728 307 a
743 280 858 307 tribunis
872 286 897 307 et
911 285 997 307 satra-

206 325 247 359 pis
262 325 398 352 decretutn
415 326 582 360 promulgare
597 346 603 358 ,
626 331 654 352 ιιι
670 326 832 360 quieumquc
861 326 929 352 intra
952 326 998 352 tri-

206 370 278 404 ginta
303 370 362 397 dies
383 370 481 405 aliquid
501 371 541 398 vel
555 371 588 397 ab
604 371 710 398 homine
723 372 847 406 quopiam
862 371 901 397 vel
918 378 931 397 a
947 371 996 398 dco

206 420 318 450 peteret,
331 422 507 451 prtetcrquam
520 425 533 442 a
547 424 619 452 rege,
639 417 664 443 in
679 417 765 443 lacum
780 417 888 444 leonum
904 417 996 451 injice-

207 467 291 489 retur.
306 462 364 495 Quo
387 461 472 495 facto,
492 470 552 489 cum
572 463 762 490 obscrvassent
786 464 920 491 Daniclem
937 472 996 498 prc-

206 505 260 531 cari
271 505 362 537 Deum,
378 505 464 539 ipsum
479 505 683 538 calumniantur,
700 510 848 541 coguntque
864 514 951 542 regem
963 507 995 533 ad

206 551 377 585 injiciendum
392 551 467 578 illum
483 552 509 578 in
533 551 630 578 lacum.
654 552 719 579 Cum
743 553 877 586 injecisset
892 557 993 583 autem,

208 598 252 624 tibi
268 602 359 632 postea
371 598 481 625 accessit
496 603 522 625 et
535 598 640 625 salvum
656 599 763 633 reperit,
779 599 850 625 illum
875 599 965 626 eduxit
979 607 994 626 e

204 641 282 669 lacu:
303 642 363 669 illos
382 648 469 669 autent
487 643 530 677 qui
554 643 639 676 ipsum
656 644 680 670 in
697 644 782 670 lacum
800 644 868 678 injici
886 651 995 671 curave—

206 692 267 714 rant
282 695 342 714 cum
359 688 487 714 uxoribus
503 688 637 722 perdidit,
665 689 783 716 leonibus
798 689 926 723 objectos.
944 690 994 716 De-

207 738 362 767 cretumque
387 734 581 768 promulgavit,
598 739 625 761 ut
639 742 732 761 omnes
756 735 838 762 Deum
859 735 993 762 timerent.

210 779 287 806 Videt
303 780 417 807 ferarum
433 780 572 811 visionem,
591 788 637 815 per
649 781 770 812 lemnam,
789 789 898 816 regnum
913 782 995 816 ASsy-

206 825 315 856 rioruln,
333 832 379 859 per
393 833 494 858 ursum,
512 825 647 852 Medorum
662 831 689 853 ct
704 826 856 857 Persarum,
872 834 919 861 per
935 835 995 860 par-

205 870 279 903 dum,
294 870 479 903 Macedonum,
495 878 540 905 per
555 876 675 905 quartam
692 871 783 903 feram,
801 871 992 898 llonianortnn.

210 917 373 943 \‘aticinalur
386 918 466 943 etiam
483 917 515 944 de
529 917 646 950 Christo,
659 922 685 944 et
708 918 741 944 de
756 917 887 945 Antiocho
900 918 992 952 impio.

210 962 258 990 llic
270 963 341 990 enim
355 968 396 990 cst
407 970 489 990 cornu
499 971 617 997 parvum,
627 963 697 998 quod
709 964 826 991 excussit
836 965 883 991 tria
893 965 992 999 priora.

209 1009 372 1036 Vaticinatur
383 1009 516 1044 quomodo
531 1010 679 1036 Alexander
691 1010 798 1037 Macedo
812 1018 922 1045 regnum
930 1011 993 1038 Pcr-

206 1061 296 1082 sarum
316 1055 412 1087 solvit;
426 1055 536 1082 arietem
550 1055 641 1082 dicens
654 1063 743 1090 regem
756 1056 895 1084 Persarum
908 1078 917 1091 ,
939 1058 994 1084 hir—

205 1107 266 1127 cum
281 1100 461 1127 Alexandrum
485 1100 666 1128 Macedonem.
692 1102 789 1129 Ultima
802 1103 869 1130 visio
896 1104 940 1131 hic
961 1105 994 1131 de

209 1146 300 1181 regina
312 1145 396 1173 austri
412 1146 508 1173 dicitur
519 1147 544 1173 in
564 1147 632 1174 libro
643 1148 855 1176 Maehabzeorum
871 1150 992 1185 reperiri.

203 1192 297 1219 Belum
312 1192 413 1219 decutit
434 1197 460 1219 et
480 1192 622 1220 draconem
638 1194 754 1227 occidit;
779 1195 804 1221 in
826 1196 911 1223 lacum
934 1204 994 1231 pro-

200 1238 293 1271 jicitur
318 1242 345 1265 et
369 1243 509 1271 servatur,
536 1243 561 1266 ct
584 1240 628 1274 qui
654 1240 680 1266 in
705 1247 782 1267 causa
809 1246 901 1275 erant,
923 1243 992 1277 quod

202 1283 340 1317 conjectus
359 1283 471 1317 fuisset,
494 1284 650 1319 injiciuntur
669 1290 698 1312 ct
721 1285 883 1314 devorantur
901 1295 915 1314 a
938 1287 993 1315 leo-

205 1329 292 1356 nibus.

560 1395 635 1414 OSEE.

238 1443 349 1471 Jubetur
364 1444 485 1479 accipere
497 1452 606 1472 uxorem
621 1446 799 1479 meretricem,
814 1451 841 1474 et
853 1453 992 1475 nascentes

203 1489 317 1517 infantes
328 1497 425 1517 vocare
439 1490 551 1523 Jezracl,
569 1490 629 1517 Non
642 1491 838 1519 misericordiam
855 1502 992 1529 consequu-

203 1542 264 1569 mm,
279 1541 306 1563 et
321 1536 380 1563 Non
395 1537 504 1571 populus
518 1546 587 1564 meus
613 1537 691 1571 (Osce
713 1539 738 1565 l.
756 1540 782 1566 4.
799 1540 826 1567 6.
841 1540 880 1575 9).
896 1541 930 1568 Et
946 1548 991 1568 ac-

201 1588 277 1609 cusat
297 1583 421 1617 populum
441 1583 475 1610 de
490 1583 673 1615 fornicatione,
690 1585 860 1619 przcdicitque
879 1585 915 1612 illi
930 1594 991 1620 per-

201 1628 315 1660 niciem,
340 1632 367 1655 et
394 1636 459 1663 opes
486 1630 614 1663 quasdam
648 1635 708 1664 post
739 1632 895 1665 perniciem.
925 1633 992 1660 lllud

198 1679 301 1705 autem,
316 1673 457 1708 Diaponam
469 1679 643 1702 testamentum
656 1683 714 1702 cum
727 1676 810 1704 bestii:
824 1677 880 1712 agri
889 1698 896 1710 ,
909 1682 932 1705 et
946 1679 986 1705 des

198 1718 325 1753 sponsalia
334 1718 362 1746 in
374 1719 425 1753 ﬁde
438 1718 514 1754 (Osee
528 1719 556 1747 2.
574 1720 631 1755 18).
643 1724 732 1755 potest
742 1721 827 1756 accipi
835 1722 869 1749 de
881 1722 993 1750 creden-

199 1764 272 1793 tibus
287 1764 313 1793 in
328 1765 474 1793 Christum.
491 1765 603 1793 labetur
615 1766 737 1801 accipere
752 1775 862 1795 uxorem
875 1768 991 1796 fornica-

198 1810 277 1844 riam,
300 1811 457 1839 ludtoorum
474 1811 669 1840 desolationem
690 1812 841 1845 declarans,
867 1814 992 1849 ipsosque

200 1861 310 1883 accusat
322 1856 358 1883 de
368 1856 460 1884 multis
471 1857 628 1892 magnisque
642 1858 769 1892 peccatis.
786 1862 840 1885 tam
854 1860 989 1895 populum,

200 1908 281 1935 quam
296 1901 459 1929 sacerdotes.
472 1901 635 1931 Criminatur
650 1910 757 1937 quoque
770 1911 863 1931 eorum
878 1904 992 1932 ebrieta-

200 1952 264 1980 tem,
274 1946 485 1980 fornicationem,
497 1951 525 1974 et
534 1947 708 1975 iracundiam.
720 1948 902 1985 lncusatquod
916 1957 990 1984 spem

199 1999 215 2018 a
230 1991 284 2019 Deo
298 1991 499 2025 transterentes,
510 1992 536 2019 in
550 1993 675 2028 Assyrios
685 1994 854 2028 contulerint,
866 1999 893 2022 et
905 1995 989 2031 Egy-

199 2037 261 2073 ptlis
279 2037 374 2065 conllsi
394 2037 458 2065 sint.
483 2037 701 2074 Vaticinaturquc
715 2039 754 2067 cis
769 2040 905 2068 ultionem.
924 2042 991 2069 Dicit

199 2083 374 2118 Ephraimum
385 2091 446 2111 cum
460 2092 509 2119 per
522 2085 620 2112 auxilia
634 2085 684 2112 sibi
700 2086 816 2120 praestita
831 2086 907 2114 fortis
925 2095 990 2116 eva-

197 2131 295 2163 sisset,
319 2131 401 2159 rebus
422 2131 547 2159 secundis
570 2132 638 2159 citra
665 2131 791 2159 decorum
816 2140 893 2160 usum
917 2141 988 2161 esse.

197 2176 320 2205 Ostendit
335 2177 404 2205 Deus
424 2185 500 2205 suam
521 2178 592 2207 circa
619 2178 750 2207 lsraelitas
771 2180 988 2214 sollicitudinem,

199 2223 358 2258 illorumquc
374 2230 436 2258 erga
450 2231 480 2252 se
495 2224 626 2259 ingratum
648 2225 766 2253 animum
788 2235 795 2252 :
812 2231 839 2254 et
854 2227 990 2254 calamita-

197 2272 238 2297 tes
253 2268 317 2303 ipsis
330 2269 458 2303 prtedicit.

556 2333 628 2354 JOBL.

231 2391 441 2427 Cerruptioncm
455 2391 588 2419 fructuum
604 2397 683 2420 terrae
703 2398 803 2427 narrat,
823 2399 850 2421 et
870 2394 990 2423 hortatur

195 2441 228 2463 ut
241 2437 324 2464 Deum
344 2437 394 2464 sibi
411 2438 553 2472 propitium
574 2438 697 2466 reddant.
720 2440 883 2468 Vaticinatur
897 2450 990 2469 ascen-

197 2490 257 2510 sum
273 2483 375 2518 Assyrii
391 2493 398 2511 :
415 2489 506 2518 postea
517 2492 582 2511 vero
595 2485 663 2512 bona
677 2486 799 2520 qumdam
817 2488 986 2522 pratountiat.

196 2527 274 2561 Quod
287 2528 414 2563 apostolis
434 2528 532 2556 accidit
550 2530 620 2557 circa
636 2531 723 2558 varias
738 2532 840 2567 linguas
857 2534 987 2568 prrcdicit.

197 2573 364 2600 Valicinatur
378 2574 457 2601 etiam
470 2575 589 2609 gentium
604 2576 760 2611 perniciem,
782 2586 841 2613 qua:
855 2584 914 2613 post
926 2581 987 2607 red—

197 2620 263 2646 itum
276 2628 310 2647 cx
324 2619 458 2655 Babylone
471 2620 520 2648 sub
533 2620 698 2650 Zorohabele
712 2625 831 2660 contigit.
847 2625 894 2653 Hic
910 2634 988 2662 porro

196 2664 271 2692 locus
283 2665 438 2700 allegoriam
454 2666 581 2694 continet.

556 2742 634 2763 AIOS.

232 2785 356 2814 l'rzedictt
377 2786 529 2822 iniquitates
556 2789 695 2825 Damasci,
720 2792 807 2826 Gazae,
828 2794 903 2831 Tyri,
924 2796 986 2824 ldu-

196 2838 336 2866 maaorum,
348 2832 569 2868 Ammanitarum,
583 2835 765 2873 Moabitarum,
778 2839 852 2868 Judrc
865 2846 890 2868 ct
902 2841 985 2870 Israc-

562 131 589 159 S.
611 132 748 160 JOANNIS
760 130 999 160 CHRYSOSTOMI
1020 131 1178 161 AfiClllEP.
1199 135 1469 168 CONSTANTINOP.

1791 149 1843 178 385

1052 189 1095 225 lis,
1110 196 1137 219 et
1148 200 1241 228 pronas
1253 203 1313 230 qua:
1331 197 1390 225 illos
1407 203 1558 232 exceptura:
1578 205 1649 228 sunt.
1666 202 1840 234 Numerantur

1051 237 1176 265 beneficia
1191 247 1205 266 a
1221 241 1273 267 Deo
1289 241 1315 268 in
1333 242 1439 270 Jndmos
1452 245 1560 278 collata,
1581 247 1739 284 illornmqnc
1759 252 1842 285 negli—

1049 285 1138 318 gentia
1169 290 1196 312 et
1235 293 1426 322 contemptus,
1448 295 1526 325 atque
1541 300 1668 321 mrltmna:
1700 303 1758 329 qua:
1784 297 1843 324 illos

1050 335 1214 364 exspectant.
1232 333 1354 361 Prmdicit
1377 336 1447 363 circa
1471 338 1596 365 mulieres
1618 339 1760 374 Samarim,
1784 343 1842 370 illas

1049 375 1184 403 ebrietatis
1207 383 1233 405 et
1254 379 1353 413 rapinae
1373 388 1510 409 accusans.
1527 383 1689 413 Vaticinatur
1704 386 1799 414 famem
1816 394 1841 416 et

1049 420 1249 449 dissolutionem
1264 432 1296 450 eo
1311 426 1380 459 quod
1402 435 1453 453 non
1476 418 1703 463 converterentur,
1725 438 1751 459 et
1771 435 1841 468 quod

1049 467 1139 494 multis
1154 468 1241 496 allecti
1259 470 1343 504 plagis
1357 479 1408 499 non
1429 474 1554 502 meliores
1568 477 1721 505 evaderent.
1737 467 1840 507 Inl'llSM

1050 511 1189 546 lsraclem,
1214 515 1283 548 quod
1312 523 1358 543 eos
1383 519 1427 552 qui
1452 526 1481 546 se
1509 520 1703 556 redargucbant
1728 526 1842 553 moleste

1050 557 1149 585 ferrent
1166 568 1172 585 :
1192 564 1218 587 et
1232 560 1353 589 hortatur
1376 569 1404 590 ut
1425 570 1613 594 convertantur
1625 569 1657 596 ad
1681 570 1772 598 Deum.
1796 572 1839 599 ln-

1048 603 1164 630 credulis
1182 606 1358 634 comminatur
1372 608 1455 636 futura
1472 613 1550 638 mala.
1568 612 1604 639 De
1620 614 1672 641 illis
1686 623 1764 649 porro
1779 617 1815 644 ait
1831 627 1837 643 :

1053 647 1096 674 Va:
1114 650 1156 683 qui
1169 650 1311 678 desiderant
1325 653 1389 680 diem
1406 654 1506 682 Domini
1522 657 1616 691 (Amos
1629 659 1655 686 5.
1670 647 1703 687 1-8
1713 661 1735 695 ).
1751 662 1838 697 Aliqui

1048 702 1111 721 vero
1128 695 1153 722 id
1168 697 1317 724 retulerunt
1337 699 1370 725 ad
1391 699 1507 728 futurum
1523 702 1651 737 judicium
1667 714 1673 731 :
1688 711 1716 733 ut
1730 695 1836 741 quidam

1048 740 1243 769 iucredulorum
1257 751 1326 770 nunc
1340 745 1430 772 dicunt
1445 755 1451 773 :
1468 747 1525 775 Non
1545 749 1596 776 erit
1609 740 1754 784 judicium;
1768 755 1837 789 quod

1047 786 1069 812 si
1084 786 1199 813 futurum
1215 793 1267 822 est,
1282 790 1381 816 veniat.
1397 791 1558 826 chrobatio
1572 795 1699 824 festorum
1721 786 1836 833 illorum,

1047 832 1237 861 sacrificiorum
1253 841 1279 862 ct
1295 837 1491 870 psalteriorum.
1507 840 1617 869 Stellam
1641 843 1682 871 dci
1706 845 1814 880 Raphan
1829 832 1835 863 ί

1046 878 1188 906 Saturnum
1204 880 1267 908 dicit
1291 890 1297 908 :
1323 884 1447 917 quoniam
1468 887 1581 920 gentiles
1603 888 1644 916 dei
1668 891 1708 917 stti
1730 891 1836 921 Saturni

1047 924 1149 952 stellam
1165 933 1223 953 esse
1238 927 1329 955 dicunt
1350 930 1375 956 in
1393 931 1468 964 cmlo,
1491 940 1568 966 quam
1591 936 1670 962 etiam
1694 937 1835 967 Saturnmn

1046 975 1150 997 vocant.
1167 972 1233 999 Dicit
1248 979 1347 1008 autem,
1365 975 1436 1002 Nunt
1450 978 1562 1006 victimas
1583 986 1605 1007 ct
1624 983 1750 1017 sam'ﬁcia
1763 986 1835 1012 oblu-

1046 1015 1109 1042 Iislis
1133 1017 1197 1043 milii
1213 1019 1286 1045 (mnis
1307 1020 1475 1056 quadraginta
1497 1023 1583 1058 (Amos
1605 1026 1630 1053 5.
1652 1015 1718 1063 25)?
1746 1029 1835 1065 Neque

1046 1062 1116 1088 enim
1136 1065 1247 1098 populus
1262 1065 1366 1099 obtulit,
1391 1069 1438 1095 sed
1460 1070 1510 1096 soli
1526 1072 1667 1107 principes,
1682 1062 1741 1102 cum
1764 1062 1836 1104 stetit

1047 1108 1256 1137 tabernaculum.
1271 1111 1318 1139 ilic
1332 1112 1366 1140 de
1382 1118 1436 1141 toto
1453 1117 1550 1150 populo
1572 1118 1698 1153 loquitur.
1722 1122 1836 1150 Accusat

1046 1155 1125 1182 etiam
1140 1156 1197 1183 illos
1213 1156 1246 1185 de
1262 1158 1438 1188 immoderato
1453 1163 1524 1196 cibo,
1545 1170 1572 1191 et
1590 1166 1753 1195 calamitates
1772 1169 1836 1202 ipsis

1047 1202 1176 1235 prmdicit.
1192 1203 1243 1232 Per
1256 1205 1383 1236 locustas.
1405 1213 1433 1235 et
1451 1212 1650 1245 testamentum,
1671 1218 1698 1240 et
1710 1214 1835 1244 adaman-

1047 1252 1109 1280 tem,
1124 1255 1216 1275 eorum
1232 1258 1323 1278 necem
1337 1253 1494 1281 vaticinatur
1507 1264 1513 1282 :
1525 1263 1638 1292 cumque
1652 1258 1708 1287 htec
1723 1261 1836 1289 Amesizn

1046 1294 1101 1327 regi
1117 1294 1302 1330 signiﬁcasset,
1320 1298 1362 1325 hic
1376 1300 1532 1335 prophetam
1547 1304 1572 1330 vi
1586 1305 1684 1339 repulit
1697 1311 1724 1333 et
1737 1307 1835 1343 abegit.

1046 1338 1092 1366 llle
1104 1348 1168 1367 vero
1182 1341 1230 1376 ipsi
1244 1348 1271 1370 ct
1289 1345 1385 1378 populo
1405 1347 1474 1374 mala
1496 1338 1623 1382 prtcdicit.
1644 1351 1677 1378 Et
1698 1353 1771 1381 videt.
1788 1338 1836 1382 vas

1045 1387 1170 1421 aucupis;
1188 1396 1234 1422 per
1246 1389 1295 1417 hoc
1309 1396 1396 1418 autem
1412 1393 1482 1427 ipsos
1496 1396 1641 1430 capiendos
1654 1406 1714 1426 esse
1726 1400 1833 1429 indicat.

1046 1431 1198 1466 lniquitates
1218 1440 1244 1461 ct
1270 1435 1408 1464 violentias
1428 1446 1519 1467 eorum
1540 1448 1688 1477 enumerat,
1715 1450 1742 1472 et
1768 1447 1835 1474 mala

1046 1477 1117 1510 ipsos
1127 1478 1259 1507 iuvasura.
1270 1481 1336 1508 Illud
1348 1488 1435 1511 autem
1447 1494 1453 1511 :
1466 1485 1568 1513 ()rcitlct
1580 1489 1619 1515 sol
1631 1490 1734 1517 meridie
1748 1492 1836 1526 (Amos

1045 1523 1070 1549 8.
1086 1522 1125 1557 9),
1142 1524 1175 1552 dc
1189 1530 1307 1561 tempore
1322 1529 1453 1562 passionis
1465 1531 1563 1559 Christi
1579 1522 1835 1566 vaticinatur.‘l’rte-

1044 1568 1106 1596 dicit
1120 1570 1198 1597 etiam
1212 1571 1245 1599 de
1259 1573 1429 1603 credentibus
1444 1577 1469 1604 in
1484 1577 1628 1607 Christum.

1389 1640 1488 1661 ABDIAS-

1081 1682 1211 1711 Ultionem
1232 1686 1268 1714 de
1287 1686 1410 1716 ldumtcis
1427 1692 1583 1720 sumendam
1605 1694 1734 1730 praedicit,
1754 1704 1834 1732 quam

1043 1728 1161 1762 subiere,
1177 1731 1236 1765 quia
1250 1739 1310 1760 cum
1323 1734 1434 1770 reliquis
1447 1735 1571 1767 hostibus
1583 1728 1739 1770 invaserunt
1751 1728 1835 1772 Israe-

1044 1772 1114 1801 litas.
1127 1774 1166 1802 De
1179 1775 1309 1805 Ecclesia.

1397 1844 1484 1865 ιοΝΑε.

1078 1887 1159 1916 Jonas
1178 1891 1306 1925 propheta
1325 1899 1416 1921 narrat
1429 1895 1517 1930 fugam
1538 1897 1564 1924 in
1585 1897 1705 1933 Tharsis,
1727 1905 1830 1937 tempe-

1043 1938 1149 1968 statem,
1162 1936 1316 1971 deglutitum
1330 1947 1359 1966 se
1371 1947 1385 1966 a
1396 1945 1465 1974 ceto,
1477 1947 1505 1970 et
1515 1942 1637 1978 ejectum,
1648 1936 1830 1980 paenitentiam

1042 1979 1229 2012 Ninivitarum.
1257 1990 1388 2012 servatam
1412 1987 1588 2022 cucurbitam,
1613 1979 1777 2021 crescentem
1805 1999 1833 2022 et

1042 2032 1196 2059 pereuntem
1212 2030 1407 2064 Complectitur.

1370 2106 1501 2128 llCllEAS.

1078 2164 1204 2192 Futuram
1231 2166 1421 2196 desolationem
1451 2170 1577 2198 Samaria:
1605 2176 1632 2199 et
1659 2172 1831 2209 Jerosolynnc

1042 2210 1171 2244 pra-dicit,
1187 2219 1347 2248 causamque
1361 2215 1461 2250 adjicit.
1477 2216 1618 2252 Sttbjungit
1639 2219 1719 2246 etiam
1738 2227 1830 2247 eorum

1041 2255 1155 2284 reditum
1168 2265 1200 2284 ex
1215 2258 1361 2294 Babylone,
1381 2262 1492 2289 crimina
1512 2267 1540 2290 et
1552 2265 1737 2292 accusationes
1757 2266 1831 2300 prin-

1042 2302 1130 2336 cipum
1149 2304 1239 2338 populi
1253 2310 1280 2331 et
1295 2306 1474 2338 sacerdotum.
1488 2313 1567 2343 atque
1588 2310 1833 2345 pseudopropheta-

1042 2357 1111 2375 rum.
1129 2350 1165 2377 De
1180 2351 1297 2379 Ecclesia
1312 2354 1438 2381 credente
1458 2355 1483 2381 in
1505 2356 1645 2383 Dominum
1660 2362 1789 2388 nostrum.
1806 2363 1833 2385 et

1041 2394 1074 2421 de
1086 2394 1160 2422 Novo
1173 2396 1343 2425 Testamento
1357 2407 1364 2424 :
1377 2407 1437 2426 nam
1450 2401 1520 2434 prior
1528 2400 1569 2427 lex
1580 2402 1744 2435 praeteritum
1756 2408 1830 2430 erat:

1041 2445 1068 2466 et
1088 2440 1121 2467 de
1145 2449 1219 2476 pace.
1243 2442 1308 2469 Mala
1332 2452 1437 2471 rurstnn
1460 2445 1560 2474 Iudaeis
1584 2448 1772 2482 prmdicuntur.
1796 2449 1833 2476 De

1041 2485 1138 2514 Christi
1151 2488 1299 2515 secundum
1311 2497 1417 2517 carnem
1435 2492 1616 2526 generatione,
1636 2499 1663 2520 et
1681 2494 1715 2521 de
1735 2494 1767 2521 iis
1787 2496 1832 2529 qui

1042 2531 1067 2558 in
1082 2532 1167 2566 ipsum
1181 2534 1306 2560 credituri
1321 2540 1391 2562 sunt.
1409 2536 1442 2562 Et
1453 2538 1499 2564 erit
1509 2538 1636 2566 residuum
1646 2539 1726 2566 Iacob
1737 2540 1831 2575 (llic/1.

1041 2578 1067 2605 5.
1083 2578 1109 2613 7)
1126 2579 1215 2613 :quod
1229 2579 1266 2607 ait
1279 2580 1375 2608 Paulus
1396 2583 1543 2617 apostolus,
1559 2583 1633 2616 Quod
1655 2586 1769 2612 relictum
1786 2595 1807 2613 ιιι
1815 2588 1832 2612 it

1040 2625 1176 2651 salvulu'tur
1191 2625 1278 2660 (flant.
1303 2627 1328 2654 9.
1349 2628 1406 2662 27).
1420 2628 1552 2656 Judicium
1571 2630 1683 2657 Domino
1704 2631 1832 2659 adversus

1041 2671 1165 2705 populum
1180 2680 1268 2705 stium,
1282 2677 1309 2700 et
1324 2673 1514 2702 beneficiorum
1527 2675 1584 2710 ejus
1596 2678 1772 2709 enumeratio,
1788 2685 1831 2705 rc-

1071 2738 1080 2754 ι
1097 2737 1125 2763 In
1148 2739 1207 2764 Edit.
1230 2743 1313 2770 noun,
1337 2740 1461 2773 Ruiplum,
1483 2742 1583 2774 legitur.
1606 2743 1634 2768 In
1650 2745 1766 2771 ttebraieo
1784 2748 1833 2786 ΓΗΒ

1039 2785 1192 2821 exprimitur.
1206 2787 1363 2823 Hieronymus
1375 2794 1434 2813 vero
1442 2792 1531 2814 cruos.
1550 2790 1675 2823 _Al)ettczra
1686 2785 1832 2823 quoque’di-

1038 2817 1071 2853 cit
1080 2822 1137 2852 esse
1148 2821 1282 2853 saturnum,
1295 2817 1322 2842 ἱιι
1330 2818 1535 2853 _Chrysos_tonius._
1549 2820 1575 2845 ln
1594 2821 1646 2847 Act.
1664 2817 1833 2853 Apostolorum

1040 2847 1138 2879 legitur,
1151 2848 1175 2878 7,
1188 2849 1226 2880 45,
1238 2849 1308 2875 sidus
1318 2849 1358 2875 dei
1370 2847 1441 2875 εἰςιν-ἰ
1453 2851 1590 2883 [temp/tam.
