2060 3125
193 104 245 131 585

193 160 275 191 λῶνος
290 158 463 194 ἀπορούντων
483 157 641 192 ἐπιγνῶναι,
653 158 667 184 ὁ
683 158 781 194 Δανιὴλ
797 158 912 192 ἐπέγνω,
928 158 975 184 καὶ

192 203 306 230 ἐπέλυσε
321 222 329 234 ,
345 202 392 228 καὶ
416 201 526 236 ἐνεδύθη
548 202 690 237 πορφύραν
703 222 710 231 ,
734 202 780 227 καὶ
811 201 977 236 περιέθηκαν

191 246 266 281 αὐτῷ
282 245 417 281 μανιάκην
432 245 559 280 χρυσοῦν,
575 246 622 272 καὶ
646 244 782 282 ἐκήρυξαν
796 245 876 272 αὐτὸν
888 245 978 279 τρίτον

194 290 311 325 ἄρχοντα
323 287 392 315 εἶναι
405 290 434 315 ἐν
459 290 492 324 τῇ
516 288 648 324 βασιλείᾳ.
661 288 828 320 Βασιλεύσας
841 289 950 324 Δαρεῖος
964 289 978 314 ὁ

194 334 295 369 Μῆδος,
317 334 365 359 καὶ
383 334 555 368 καταστήσας
575 332 691 369 ἄρχοντα
711 333 755 359 τὸν
770 332 878 368 Δανιὴλ,
892 332 977 366 ἀναγ-

195 377 307 410 κάζεται
321 377 372 403 ὑπὸ
386 377 440 402 τῶν
456 376 592 402 τακτικῶν
605 376 652 402 καὶ
668 376 812 412 σατραπῶν
823 375 910 411 δόγμα
928 385 978 402 κυ-

196 422 292 458 ρῶσαι,
306 421 375 447 ὥστε
398 420 444 447 τὸν
469 414 595 454 αἰτοῦντα
618 420 693 455 παρά
720 419 861 455 ἀνθρώπου
883 419 900 454 ἢ
917 418 978 446 θεοῦ

196 467 314 502 αἴτημα,
330 465 399 501 πλὴν
421 464 495 500 παρὰ
515 465 562 491 τοῦ
584 464 732 499 βασιλέως,
747 465 811 491 εἴσω
833 464 979 500 τριάκοντα

194 510 316 546 ἡμερῶν,
333 510 499 545 ἐμϐληθῆναι
515 509 555 540 είς
569 508 614 535 τὸν
628 507 703 544 [589]
720 508 821 535 λάκκον
839 508 891 535 τῶν
904 507 979 534 λεόν-

194 556 258 582 τῶν.
284 555 337 581 Καὶ
367 554 461 580 τούτου
489 553 652 588 γενομένου,
669 553 911 589 παρατηρήσαντες
933 552 980 579 τὸν

195 599 292 635 Δανιὴλ
317 599 460 633 εὐχόμενον
482 597 521 632 τῷ
549 597 625 632 Θεῷ,
649 596 901 627 διαϐάλλουσι,’καὶ
915 605 980 623 κατ-

195 642 376 679 αναγκάζουσι
387 643 432 669 τὸν
443 642 555 678 βασιλέα
566 642 696 676 ἐμϐαλεῖν
710 642 789 668 αὑτὸν
803 642 843 673 εἰς
857 641 902 667 τὸν
914 641 979 668 λάκ-

196 697 252 715 κον.
276 686 414 722 Ἐμϐαλὼν
430 687 457 713 δὲ
466 705 473 717 ,
486 685 533 713 καὶ
547 679 703 720 προσελθὼν
713 706 720 717 ,
734 685 781 712 καὶ
799 685 867 711 σῶον
881 685 978 720 εὑρὼν,

195 732 240 758 τὸν
257 731 306 766 μὲν
320 731 440 765 ἀνήγαγε
454 729 501 755 τοῦ
516 728 618 756 λάκκου
631 749 636 758 ,
653 729 716 760 τοὺς
729 728 758 754 δὲ
773 727 918 762 βάλλοντας
932 728 981 755 αὑ-

195 776 240 802 τὸν
261 775 328 810 μετὰ
351 773 405 800 τῶν
431 773 568 808 γυναικῶν
585 772 708 799 ἀπώλεσε
721 774 776 804 τοῖς
787 772 876 799 λέουσι
891 780 980 808 παρα-

196 819 266 851 δούς.
281 819 335 845 Καὶ
352 818 439 852 δόγμα
455 817 546 852 ἔθηκε,
567 816 670 848 πάντας
687 815 826 850 φοϐεῖσθαι
843 815 888 842 τὸν
904 815 979 843 Θεόν.

202 863 268 899 Ὁρᾷ
278 862 327 897 τὴν
340 862 434 896 ὅρασιν
446 861 499 887 τῶν
514 860 625 895 θηρίων,
636 859 680 886 διὰ
694 859 742 894 μὲν
755 860 804 894 τῆς
813 859 981 895 λεαίνης,τὴν

205 905 356 941 Ἀσσυρίων
372 903 568 940 βασιλείαν,διά
586 903 614 930 δέ
631 903 680 938 τῆς
696 903 869 939 ἄρκτου,τῶν
883 903 982 938 Μήδων

199 951 243 977 καί¹
272 949 399 984 Περσῶν,
419 948 463 975 διὰ
477 949 506 974 δέ
530 948 579 983 τῆς
604 946 772 983 παρδάλεως,
789 947 842 974 τῶν
862 946 982 974 Μακεδό-

198 1003 261 1026 νων,
288 993 333 1020 διὰ
357 993 385 1020 δέ
404 992 450 1020 τοῦ
476 987 606 1027 τετάρτου
627 991 721 1027 θηρίου
733 1011 740 1023 ,
758 991 811 1018 τῶν
830 991 981 1026 Ῥωμαίων.

199 1037 365 1074 Προφήτεύει
380 1036 408 1063 δέ
424 1036 471 1063 καὶ
486 1034 609 1071 περὶτοῦ
627 1035 761 1070 Χριστοῦ,
781 1035 827 1062 καὶ
841 1035 905 1071 περὶ
925 1035 983 1061 Ἀνο

198 1082 286 1117 τιόχου
302 1079 349 1106 τοῦ
360 1079 483 1111 ἀσεϐοῦς.
499 1075 582 1111 Οὗτος
601 1080 655 1115 γάρ
675 1079 731 1105 ἐστι
749 1078 781 1105 τὸ
801 1078 885 1114 κέρας
897 1078 926 1105 τὺ
939 1087 983 1114 μι-

198 1123 273 1159 κρὸν,
290 1122 320 1148 τὸ
336 1120 477 1153 ἐκτινάξαν
492 1121 555 1156 τρία
571 1120 625 1147 τῶν
641 1120 803 1156 ἔμπροσθεν.
813 1119 982 1155 Προφήτεύει

199 1164 256 1196 πῶς
276 1163 448 1198 Ἀλέξανδρος
464 1163 478 1189 ό
490 1162 620 1189 Μακεδὼν
632 1162 763 1189 κατέλυσε
777 1162 826 1196 τὴν
846 1161 984 1196 βασιλείαν

200 1206 311 1242 Περσῶν
325 1214 332 1221 ·
348 1204 394 1231 τὶν
407 1205 455 1240 μὲν
469 1204 545 1240 κριὸν
564 1205 609 1231 τὸν
627 1203 738 1239 βασιλέα
755 1203 867 1239 Περσῶν
885 1203 982 1238 λέγων,

198 1251 243 1276 τὸν
269 1250 297 1276 δέ
324 1249 425 1284 τράγον
456 1249 629 1284 Ἀλέξανδρον
651 1248 698 1275 τὸν
717 1248 870 1275 Μακεδόνα.
900 1248 932 1275 Ἡ
955 1248 984 1274 δὲ

199 1294 299 1330 ἐσχάτη
314 1295 408 1330 ὅρασις
425 1293 552 1324 ἐνταῦθα,
576 1294 640 1329 περὶ
660 1293 709 1328 τῆς
736 1292 894 1329 βασιλίσσης
908 1293 983 1319 νότου

199 1339 281 1374 φησὶν
296 1339 324 1365 ἐν
338 1337 377 1373 τῷ
399 1337 494 1373 βιϐλίῳ
515 1337 569 1364 τῶν
592 1337 778 1365 Μακκαϐαίων
800 1337 982 1373 εὑρίσκεσθαι.

198 1382 251 1410 Τὸν
276 1382 331 1417 Βὴλ
353 1383 490 1417 κατασπᾷ,
513 1381 560 1409 καὶ¹
574 1381 620 1408 τὸν
643 1380 779 1416 δράκοντα
801 1381 926 1416 ἀναιρεῖ·
943 1381 985 1413 εἰς

199 1427 244 1453 τὸν
260 1426 359 1453 λάκκον
373 1426 536 1460 ἐμϐάλλεται
549 1425 597 1453 καὶ
613 1425 784 1458 διασώζεται,
797 1424 844 1452 καὶ
864 1425 888 1452 οἱ
904 1425 984 1453 αἴτιοι

199 1470 246 1498 τοῦ
261 1470 428 1507 ἐμϐληθῆναι
442 1470 523 1497 αὑτὸν
537 1469 717 1506 ἐμϐάλλονται
733 1469 780 1497 καὶ
796 1469 985 1497 ἀναλίσκονται

201 1515 254 1542 ὑπὸ
267 1514 321 1542 τῶν
334 1514 458 1542 λεόντων.

547 1562 645 1596 Ὠσηὲ.

235 1612 382 1639 Κελεύεται
403 1611 495 1638 λαϐεῖν
509 1612 627 1645 γυναῖκα
650 1611 763 1646 πόρνην,
779 1611 827 1637 καὶ
846 1610 881 1638 τὰ
896 1611 985 1638 τικτό-

203 1662 272 1690 μενα
298 1653 390 1680 παιδία
415 1652 545 1688 ὀνομάσαι
565 1651 702 1685 Ἰεζραὴλ.
723 1653 784 1679 Οὐκ
804 1651 985 1686 ἠλεημένην,

201 1695 248 1722 καὶ
265 1696 306 1722 Οὺ
319 1694 393 1726 λαός
411 1703 481 1728 μου.
502 1694 557 1720 Καὶ
573 1693 684 1727 ἐγκαλεῖ
699 1692 738 1728 τῷ
762 1692 819 1727 λαῷ
842 1693 984 1728 πορνείαν·

202 1737 248 1763 καὶ
261 1735 387 1771 προλέγει
398 1735 471 1769 αὑτῷ
484 1734 631 1766 ἀπώλειαν,
647 1734 692 1761 καὶ
706 1733 835 1769 χρήματά
844 1742 903 1760 τινα
920 1735 988 1769 μετὰ

201 1779 250 1812 τὴν
271 1776 420 1804 ἀπώλειαν.
444 1777 480 1802 Τὸ
505 1776 543 1807 δέ,
558 1775 738 1810 Διαθήσομαι
757 1775 904 1808 διαθήκην
913 1776 988 1809 μετὰ

201 1818 260 1845 τῶν
277 1818 388 1851 θηρίων
401 1816 452 1844 τοῦ
469 1817 575 1850 ἀγροῦ,
589 1816 636 1843 καὶ
650 1817 876 1851 μνηστεύσομαι
891 1817 925 1842 ἐν
941 1817 988 1843 πί-

202 1867 277 1889 στει,
294 1859 404 1885 δύναται
427 1858 612 1893 λαμϐάνεσθαι
626 1859 665 1890 εἰς
680 1859 743 1889 τοὺς
757 1858 934 1889 πιστεύοντας
950 1857 988 1893 τῷ

201 1899 321 1935 Χριστῷ.
347 1899 550 1934 Προστάσσεται
574 1899 665 1926 λαϐεῖν
692 1900 807 1933 γυναῖκα
838 1898 986 1934 μοιχαλίδα,

205 1941 313 1976 μηνύων
341 1941 390 1975 τὴν
416 1941 552 1976 ἐρήμωσιν
579 1940 632 1967 τῶν
652 1940 794 1971 Ἰουδαίων,
809 1940 855 1966 καὶ
879 1940 989 1975 ἐγκαλεῖ

202 1982 293 2013 αὐτοῖς
312 1981 395 2008 πολλὰ
411 1982 457 2008 καὶ
477 1981 581 2016 μεγάλα
599 1982 795 2017 ἁμαρτήματα,
809 1980 848 2015 τῷ
875 1990 905 2007 τε
932 1981 989 2017 λαῷ

202 2024 314 2054 καὶτοῖς
330 2022 442 2058 ἱερεῦσι.
462 2022 604 2049 Διαϐάλλει
624 2031 653 2049 τε
668 2023 766 2053 αὐτοὺς
776 2022 823 2048 καὶ
838 2023 878 2053 εις
893 2023 987 2058 μέθην,

201 2066 250 2092 καὶ
269 2066 309 2096 είς
329 2064 461 2100 μοιχείαν.
482 2065 529 2090 καὶ
554 2066 594 2096 εἰς
615 2064 709 2100 θυμόν.
730 2064 855 2098 Ἐγκαλεῖ
875 2064 915 2090 ὅτι
940 2064 989 2100 τὴν

200 2105 298 2133 ἐλπίδα
323 2106 377 2133 ἀπὸ
390 2105 437 2132 τοῦ
460 2106 527 2132 Θεοῦ
541 2106 751 2140 μεταγαγόντες,
771 2106 816 2132 ἐπὶ
833 2107 989 2141 Ἀσσυρίους

204 2147 327 2183 ήλπιξον,
353 2148 400 2174 καὶ
423 2147 581 2181 Αἰγυπτίοις
609 2148 750 2184 ἐθάρρουν.
779 2148 833 2174 Καὶ
862 2148 990 2184 προλέγει

204 2191 295 2221 αὐτοῖς
305 2189 449 2225 τιμωρίας.
458 2188 538 2223 Λέγει
547 2189 587 2215 ὅτι
595 2188 675 2215 διὰτὸ
685 2188 838 2224 βοηθεῖσθαι
847 2189 990 2224 γενόμενος

206 2231 314 2267 ἰσχυρὸς
331 2233 345 2257 ὁ
370 2230 498 2266 Ἐφραῖμ,
514 2230 563 2257 οὐκ
574 2231 613 2262 είς
627 2229 685 2256 δέον
698 2230 831 2266 ἐχρήσατο
844 2231 875 2264 τῇ
886 2231 990 2265 εὐπρα-

205 2274 261 2309 γίᾳ.
272 2273 410 2299 Δείκνυσιν
422 2273 435 2298 ὁ
447 2271 512 2302 Θεὸς
526 2271 575 2306 τήν
589 2279 619 2297 τε
636 2271 730 2298 ἐαυτοῦ
745 2272 808 2306 περὶ
822 2271 884 2303 τοὺς
903 2272 990 2306 Ἰσρα-

203 2314 299 2349 ηλίτας
324 2313 504 2349 κηδεμονίαν,
527 2312 574 2339 καὶ
602 2312 650 2347 τὴν
681 2312 791 2339 ἐκείνων
821 2313 884 2348 περὶ
912 2313 991 2340 αὑτὸν

205 2354 400 2390 ἀγνωμοσύνην
411 2362 417 2368 ·
431 2354 478 2381 καὶ
488 2354 615 2389 προλέγει
632 2354 723 2385 αὐτοῖς
740 2355 890 2390 συμφοράς.

544 2408 626 2441 Ἰωήλ
637 2409 657 2435 '.

241 2456 393 2493 Διαφθοράν
406 2457 479 2490 λέγει
490 2456 544 2483 τῶν
553 2457 603 2491 τῆς
620 2456 672 2490 γῆς
690 2456 814 2491 καρπῶν,
829 2457 875 2483 καὶ
891 2465 992 2492 παραι-

207 2501 247 2526 νεῖ
260 2499 453 2532 ἐξιλεὼσασθαι
465 2498 511 2524 τὸν
523 2498 599 2524 Θεόν.
612 2498 667 2533 Τὴν
683 2497 775 2525 ἄνοδον
784 2497 831 2524 τοῦ
850 2498 992 2533 Ἀσσυρίου

207 2543 349 2578 προλέγει·
378 2540 547 2576 προφητεύει
565 2539 593 2567 δὲ
618 2540 665 2567 καὶ
690 2539 760 2575 μετὰ
780 2540 866 2567 ταῦτα
889 2540 995 2575 χρηστά

206 2592 277 2610 τινα.
298 2583 335 2609 Τὸ
356 2582 463 2617 συμϐὰν
483 2581 596 2608 ἐπὶτῶν
612 2581 769 2608 ἀποστόλων
791 2581 821 2608 τὸ
839 2582 893 2608 τῶν
908 2581 995 2615 γλωσ-

209 2625 263 2651 σῶν
276 2624 412 2659 προλέγει.
423 2623 629 2659 Προφητεύειδέ
639 2623 748 2649 καὶτῶν
760 2623 845 2650 ἐθνῶν
859 2623 995 2649 ἀπώλειαν

207 2666 256 2701 τὴν
267 2665 414 2700 γενομένην
431 2665 500 2700 μετά
519 2665 566 2700 τὴν
583 2664 711 2691 ἐπάνοδον
723 2665 772 2699 τὴν
787 2665 819 2691 ἐκ
838 2664 996 2696 Βαϐυλῶνος

208 2707 253 2733 ἐπὶ
268 2706 428 2742 Ζοροϐάϐελ.
444 2707 519 2741 Ἐχει
539 2707 565 2733 δέ
587 2706 634 2733 καὶ
654 2706 815 2742 ἀλληγορίαν
837 2706 867 2732 τὸ
898 2706 997 2742 χωρίον

208 2758 255 2776 του
258 2758 286 2775 τ’)

238 2823 248 2835 ’
260 2824 287 2849 In
298 2831 354 2849 mss.
369 2824 433 2849 male
452 2824 539 2854 ’Λμώς.

719 100 885 128 SYNOPSIS
905 98 1119 128 SCRIPTUR/E'
1133 100 1268 129 SACRJE.

1761 105 1813 134 εει

1368 160 1454 195 Ἀμώς
1468 167 1487 188 ⁸.

1063 198 1136 236 [590]
1151 199 1206 232 Τάς
1215 201 1328 236 ἀνομίας
1342 202 1497 237 Δαμασκοῦ,
1511 203 1610 238 Γάζης,
1622 203 1722 240 Τύρου,
1731 205 1812 232 Ἰδου-

1029 240 1128 275 μαίων,
1151 242 1334 277 Ἀμμανιτῶν,
1351 244 1513 276 Μωαϐιτῶν,
1538 245 1623 272 Ἰούδα
1642 246 1689 272 καὶ
1707 246 1814 281 Ἰσραὴλ

1028 282 1164 316 προλέγει,
1179 283 1226 309 καὶ
1240 284 1288 315 τὰς
1299 284 1487 320 διαδεξομένας
1500 286 1598 318 αὐτοὺς
1610 286 1814 322 τιμωρίας.Τὰς

1028 324 1186 359 εὐεργεσίας
1197 325 1245 356 τὰς
1258 326 1298 357 είς
1310 327 1373 358 τοὺς
1389 327 1529 359 Ἰουδαίους
1539 328 1688 363 γενομένας
1702 328 1754 354 ὑπὸ
1766 328 1814 355 τοῦ

1027 368 1096 394 Θεοῦ
1121 369 1327 405 ἀπαριθμεῖται,
1343 372 1389 398 καὶ
1413 372 1461 408 τὴν
1494 373 1583 399 αὐτῶν
1605 373 1748 409 ὀλιγωρίαν
1767 375 1815 401 καὶ

1029 411 1237 446 καταφρόνησιν,
1253 414 1300 439 καὶ
1319 413 1353 440 τὰ
1371 415 1552 450 περιμένοντα
1577 416 1676 448 αὐτοὺς
1698 414 1813 452 χαλεπά.

1029 452 1101 486 Πρὸς
1119 452 1167 484 τὰς
1191 455 1322 487 γυναῖκας
1338 455 1388 490 τῆς
1413 456 1568 492 Σαμαρείας
1586 458 1626 489 εἰς
1656 458 1752 493 μέθην,
1776 459 1817 488 εἰς

1029 493 1156 528 ἁρπαγὴν
1172 494 1319 523 διαϐάλλων
1347 497 1484 532 προλέγει.
1508 499 1638 533 Προλέγει
1663 499 1741 535 λιμὸν
1769 500 1816 526 καὶ

1028 535 1148 561 διάλυσιν
1162 536 1205 563 διὰ
1216 537 1245 563 τὸ
1256 538 1461 574 ἀνεπίστροφον,
1480 541 1526 567 καὶ
1541 542 1580 567 ὅτι
1593 541 1677 568 πολλὰ
1698 541 1816 577 πληγέν-

1028 584 1084 609 τες,
1100 577 1148 604 οὑκ
1161 578 1285 612 ἐγένοντο
1298 580 1426 615 βελτίους.
1448 582 1575 616 Ἐγκαλεῖ
1586 583 1624 618 τῷ
1639 583 1755 619 Ἰσραὴλ,
1775 584 1817 610 ὃτι

1030 618 1096 653 πρὸς
1108 619 1170 651 τοὺς
1181 619 1340 655 ἐλέγχοντας
1355 623 1452 654 αὐτοὺς
1473 618 1733 660 ὲδυσχέραινονξκαλ.
1748 633 1817 661 παρ-

1030 661 1100 687 αινεῖ
1124 661 1287 697 ἐπιστρέψαι
1314 664 1382 699 πρὸς
1407 666 1452 691 τὸν
1479 666 1554 693 Θεόν.
1580 667 1699 693 Ἀπειλεί
1722 667 1751 693 δὲ
1771 668 1818 694 καὶ

1030 703 1086 733 τοῖς
1101 702 1254 735 ἀπιστοῦσι,
1276 704 1317 730 ὅτι
1338 705 1398 740 ἥξει
1413 705 1448 733 τὰ
1467 707 1551 734 κακά.
1577 709 1645 743 Περὶ
1660 700 1749 735 αὐτῶν
1763 709 1817 743 γάρ

1031 751 1113 778 φησιν
1123 752 1129 758 '
1141 745 1212 771 Οὐαί
1227 746 1254 772 οί
1263 745 1478 781 ἐπιθυμοῦντες
1491 748 1547 782 τὴν
1564 749 1677 783 ἡμέραν
1694 750 1816 784 Κυρίου.

1031 785 1108 816 Τινὲς
1118 785 1146 811 δὲ
1158 786 1222 812 αὐτὸ
1235 786 1360 819 ἐξέλαϐον
1373 790 1412 820 εἰς
1431 789 1479 824 τὴν
1491 791 1640 825 μέλλουσαν
1657 791 1746 825 κρίσιν
1759 800 1765 806 “
1780 792 1816 822 ὡς

1031 826 1103 852 καὶδ
1120 826 1167 853 νῦν
1178 827 1233 854 τῶν
1252 829 1372 855 ἀπίστων
1392 830 1535 865 λεγόντων,
1551 833 1591 858 ὅτι
1608 834 1656 859 οὐκ
1673 832 1748 859 ἐσται
1761 833 1818 869 κρί-

1033 876 1089 910 σις’
1114 869 1139 895 εί
1165 869 1194 895 δέ
1209 870 1298 901 ἐστιν,
1322 870 1430 900 ἐλθέτω.
1451 873 1618 909 Παραίτησις
1640 874 1694 901 τῶν
1718 874 1817 910 ἑορτῶν

1032 909 1131 941 αὐτῶν,
1155 911 1201 937 καὶ
1221 911 1275 939 τῶν
1300 912 1400 940 θυσιῶν
1427 915 1475 941 καὶ
1505 914 1672 951 ψαλτηρίων.
1702 909 1818 951 Ἀστρον

1033 951 1093 978 θεοῦ
1115 952 1216 986 Ῥαφὰν
1237 952 1283 980 τὸν
1304 954 1407 990 Κρόνον
1421 955 1510 990 λέγειν
1531 956 1624 991 ἐπειδὴ
1649 957 1673 983 οί
1690 957 1818 991 ’Έλληνες

1031 991 1070 1027 τῷ
1080 992 1132 1028 θεῷ
1144 994 1233 1020 αὐτῶν
1255 994 1352 1031 Κρόνῳ
1375 997 1422 1023 καὶ
1441 997 1540 1033 ἄστρον
1555 995 1623 1024 εἶναί
1636 1006 1718 1032 φασιν
1733 999 1761 1024 ἐν
1775 997 1819 1024 οὺ-

1034 1034 1117 1070 ρανῷ,
1129 1035 1175 1062 καὶ
1188 1036 1253 1063 αὐτὸ
1266 1037 1369 1074 Κρόνον
1390 1038 1512 1065 καλοῦσι.
1526 1039 1607 1073 Λέγει
1626 1039 1664 1070 δὲ,
1681 1039 1729 1073 Μὴ
1746 1039 1820 1074 σφά-

1032 1084 1081 1110 για
1095 1076 1145 1103 καὶ
1171 1077 1279 1110 θυσίας
1299 1079 1525 1114 προσηνέγκατέ
1538 1090 1589 1115 μοι
1604 1080 1655 1114 ἔτη
1678 1080 1821 1114 τεσσαρά-

1032 1125 1140 1150 κοιντα;
1153 1118 1220 1145 Οὐδὲ
1240 1118 1294 1155 γὰρ
1308 1122 1492 1156 προσήνεγκεν
1507 1122 1521 1148 ὁ
1536 1122 1636 1157 δῆμος,
1652 1122 1720 1149 ἀλλά
1746 1123 1819 1157 μόνοι

1032 1160 1057 1186 οι
1073 1159 1212 1195 ἄρχοντες,
1226 1161 1270 1188 ὅτε
1289 1161 1353 1197 ἔστη
1374 1164 1391 1198 ὴ
1414 1163 1511 1198 σκηνή.
1534 1163 1666 1190 Ἐνταῦθα
1694 1163 1729 1190 τὰ
1757 1164 1821 1198 περὶ

1034 1201 1134 1233 παντὸς
1149 1202 1196 1228 τοῦ
1211 1202 1276 1230 λαοῦ
1293 1203 1377 1238 λέγει.
1394 1204 1538 1231 Διαϐάλλει
1554 1205 1581 1231 δὲ
1597 1205 1696 1237 αὐτοὺς
1713 1205 1760 1231 καὶ
1780 1206 1821 1236 εἰς

1033 1242 1151 1279 ἄμετρον
1167 1243 1280 1280 τροφὴν,
1296 1246 1342 1271 καὶ
1359 1245 1486 1280 προλέγει
1500 1246 1592 1277 αὐτοῖς
1605 1247 1757 1281 συμφοράς.
1771 1245 1821 1273 Διά

1033 1284 1087 1312 τῶν
1103 1285 1230 1320 ἀκρίδων,
1244 1286 1290 1312 καὶ
1305 1287 1354 1322 τῆς
1368 1287 1511 1322 διαθήκης,
1526 1288 1574 1314 καὶ
1590 1288 1637 1314 τοῦ
1656 1289 1819 1324 ἀδάμαντος,

1033 1326 1084 1362 τὴν
1101 1328 1207 1363 σφαγὴν
1220 1328 1308 1356 αὐτῶν
1319 1329 1496 1365 προφητεύει,
1508 1331 1556 1357 καὶ
1565 1330 1688 1366 δηλώσας
1707 1331 1821 1367 ’Δμεσίᾳ

1034 1369 1074 1404 τῷ
1089 1368 1194 1404 βασιλεῖ
1216 1369 1314 1400 ταῦτα.
1330 1369 1451 1405 βιάζεται
1465 1371 1510 1397 τὸν
1525 1373 1666 1408 προφήτην
1684 1372 1731 1399 καὶ
1755 1373 1822 1399 ἁπε-

1034 1409 1136 1438 λαύνει.
1153 1411 1182 1438 '0
1197 1411 1226 1438 δὲ
1242 1412 1289 1438 καὶ
1305 1412 1379 1448 αὐτῷ
1396 1413 1521 1448 προλέγει
1539 1413 1611 1440 κακὰ
1633 1414 1680 1440 καὶ
1695 1414 1734 1449 τῷ
1754 1414 1820 1449 λαῷ.

1035 1452 1091 1479 Καὶ
1103 1453 1154 1488 δρᾷ
1166 1453 1249 1487 ἄγγος
1266 1453 1380 1485 ἰξευτοῦ,
1395 1453 1442 1481 καὶ
1463 1454 1506 1482 διὰ
1520 1455 1616 1481 τούτου
1628 1455 1677 1491 τὴν
1692 1456 1823 1491 σύλληψιν

1035 1493 1134 1521 αὐτῶν.
1156 1494 1212 1526 Τὰς
1226 1495 1332 1526 ἀδικίας
1347 1495 1435 1522 αὐτῶν
1453 1496 1500 1523 καὶ
1517 1497 1565 1529 τὰς
1581 1497 1641 1532 βίας
1660 1498 1822 1533 ἀπαριθμεῖ-

1035 1545 1091 1567 ται,
1108 1536 1153 1562 καὶ
1172 1536 1206 1563 τὰ
1230 1536 1361 1571 μέλλοντα
1377 1537 1545 1570 διαδέξεσθαι
1561 1539 1659 1570 αὐτοὺς
1681 1540 1764 1566 κακά.
1786 1539 1822 1565 Τὸ

1035 1577 1073 1608 δέ,
1085 1578 1209 1605 Δύσεται
1224 1578 1310 1612 ἣλιος
1325 1579 1521 1613 μεσημϐρίας,
1540 1580 1582 1612 είς
1601 1580 1647 1606 τὸν
1661 1580 1756 1615 καιρὸν
1775 1572 1822 1607 τοῦ

1036 1618 1138 1650 πάθους
1151 1619 1198 1645 τοῦ
1216 1618 1334 1653 Χριστοῦ
1351 1620 1487 1655 προλέγει.
1508 1621 1574 1656 Περὶ
1587 1621 1640 1648 τῶν
1656 1622 1696 1652 εἰς
1706 1621 1823 1656 Χριστὸν

1037 1659 1217 1687 πιστευόντων
1230 1660 1366 1696 προλέγει.

1359 1702 1470 1730 Ἀϐδιού
1484 1709 1506 1730 ε.

1072 1742 1127 1778 Τὴν
1141 1743 1276 1778 τιμωρίαν
1293 1743 1346 1770 τῶν
1363 1744 1516 1779 Ἰδουμαίων
1534 1745 1677 1780 προλέγει,
1700 1746 1732 1781 ῆν
1759 1745 1824 1772 ὑπέ-

1039 1792 1141 1819 στησαν
1159 1784 1203 1811 διὰ
1223 1785 1253 1811 τὺ
1274 1785 1464 1812 συνεπιθέσθαι
1479 1787 1537 1818 τοῖς
1556 1787 1737 1822 Ἰσραηλίταις
1755 1788 1825 1823 μετά

1038 1826 1085 1852 καὶ
1094 1825 1147 1852 τῶν
1162 1825 1263 1854 λοιπῶν
1278 1827 1424 1863 πολεμίων.
1441 1829 1508 1864 Περὶ
1530 1829 1700 1864 Ἐκκλησίας.

1383 1869 1484 1903 Ιωνᾶς.

1080 1909 1170 1941 Ἰωνᾶς
1191 1909 1205 1935 ό
1232 1910 1373 1945 προφήτης
1388 1911 1437 1942 τὴν
1459 1913 1498 1943 είς
1514 1911 1629 1947 Θαρσεῖς
1652 1912 1759 1948 φυγὴν,
1779 1912 1826 1939 τὸν

1039 1950 1172 1984 κλύδωνα,
1189 1951 1238 1986 τὴν
1257 1951 1308 1978 ὑπὸ
1331 1952 1378 1978 τοῦ
1398 1954 1497 1988 κήτους
1520 1955 1679 1986 κατάποσιν,
1707 1955 1753 1981 καὶ
1775 1955 1826 1990 τὴν

1039 1992 1162 2028 ἐκϐολὴν,
1180 1993 1229 2028 τὴν
1241 1994 1382 2028 μετάνοιαν
1390 1995 1443 2021 τῶν
1456 1995 1614 2026 Νινευῖτῶν,
1630 1996 1678 2031 τὴν
1690 1996 1825 2032 σωτηρίαν

1039 2035 1089 2068 τῆς
1110 2034 1285 2070 κολοκύνθης,
1309 2035 1359 2070 τήν
1382 2036 1517 2068 ἀνάδοσιν,
1540 2037 1588 2064 καὶ
1612 2037 1662 2073 τὴν
1688 2037 1827 2064 ἀπώλειαν

1040 2076 1174 2111 περιέχει.

1355 2120 1489 2153 ’Μιχαίας
1509 2120 1534 2145 ά.

1075 2159 1130 2195 Τὴν
1140 2160 1271 2195 ἐσομένην
1281 2161 1419 2196 ἐρήμωσιν
1436 2162 1592 2197 Σαμαρείας
1599 2163 1645 2189 καὶ
1652 2162 1827 2199 Ἰερουσαλὴμ,

1041 2201 1177 2237 προλέγει,
1188 2202 1235 2228 καὶ
1251 2201 1299 2237 τὴν
1314 2202 1403 2229 αἰτίαν
1415 2204 1584 2238 προστίθησι.
1601 2204 1674 2240 [591]
1688 2203 1826 2232 Συνάπτει

1041 2242 1125 2270 δὲκαὶ
1144 2243 1192 2278 τὴν
1209 2243 1300 2270 ἄνοδον
1313 2244 1401 2270 αὐτῶν
1415 2245 1463 2280 τὴν
1479 2245 1512 2271 ἐκ
1534 2246 1700 2278 Βαϐυλῶνος,
1727 2247 1827 2281 ἐγκλή-

1044 2292 1126 2320 ματα,
1143 2285 1309 2321 κατηγορίας
1331 2286 1385 2312 τῶν
1404 2287 1540 2322 ἀρχόντων
1562 2287 1608 2313 τοῦ
1630 2288 1694 2314 λαοῦ
1712 2289 1758 2315 καὶ
1773 2288 1828 2314 τῶν

1043 2326 1149 2362 ἱερέων,
1173 2327 1220 2354 καὶ
1238 2327 1475 2363 ψευδοπροφητῶν.
1500 2329 1567 2365 Περὶ
1593 2330 1642 2365 τῆς
1666 2330 1828 2365 Ἐκκλησίας

1042 2368 1092 2403 τῆς
1105 2368 1285 2403 πιστευούσης
1303 2370 1343 2400 εἰς
1357 2370 1402 2396 τὸν
1419 2370 1519 2405 Κύριον
1529 2371 1618 2406 ἡμῶν,
1636 2372 1758 2407 καὶπερὶ
1777 2371 1829 2406 τῆς

1043 2409 1114 2441 Νέας
1122 2409 1266 2445 Διαθήκης.
1276 2410 1304 2437 ’0
1312 2410 1365 2446 γὰρ
1374 2412 1505 2447 πρότερος
1515 2412 1595 2447 νόμος
1605 2414 1693 2440 ἐκεῖνα
1699 2413 1792 2447 ἐξῆλθε
1802 2418 1828 2432 ε’

1044 2452 1090 2478 καὶ
1103 2451 1168 2486 περὶ
1184 2452 1233 2486 τῆς
1243 2452 1361 2487 εἰρήνης.
1375 2453 1430 2479 Καὶ
1442 2453 1514 2481 κακά
1533 2454 1613 2481 πάλιν
1624 2456 1680 2487 τοῖς
1693 2455 1826 2486 ’1ουδαίοι;

1044 2493 1215 2528 προλέγεται.
1236 2494 1303 2528 Περὶ
1318 2495 1368 2530 τῆς
1382 2495 1452 2522 κατὰ
1466 2496 1555 2531 σάρκα
1564 2496 1611 2523 τοῦ
1633 2496 1749 2532 Χριστοῦ
1765 2505 1829 2531 γεν-

1043 2535 1158 2570 νήσεως,
1183 2535 1311 2570 καὶπερὶ
1333 2535 1388 2562 τῶν
1409 2537 1449 2568 εὶς
1473 2537 1554 2564 αὐτὸν
1567 2538 1757 2565 πιστευόντων.
1773 2538 1828 2565 Καὶ

1044 2575 1130 2602 ἔσται
1143 2575 1176 2602 τὸ
1189 2576 1359 2611 ὑπόλειμμα
1378 2578 1431 2605 τοῦ
1447 2578 1564 2606 Ἰακώϐ·
1581 2579 1595 2605 ὃ
1613 2579 1686 2613 λέγει
1702 2579 1806 2610 Παῦλος
1816 2580 1831 2605 ὁ

1076 2638 1089 2671 ξι
1102 2638 1128 2671 _I_n
1145 2644 1203 2662 msm
1215 2645 1343 2670 perperam
1352 2641 1462 2671 Μιχαίας.

1076 2668 1267 2723 ἒιξδνρὲίότέυε
1276 2672 1365 2696 similia
1384 2668 1460 2696 Habes
1478 2679 1550 2703 supra
1562 2673 1696 2698 Comment.
1710 2674 1735 2697 in
1746 2673 1830 2698 isainm

1094 2717 1099 2723 .
1130 2718 1135 2726 ,
1164 2705 1197 2723 .2.
1209 2718 1215 2723 .

1046 2705 1090 2766 cal;
1143 2705 1207 2766 ‘31.“:
1216 2731 1255 2755 hic
1271 2730 1340 2760 ’ῐωῆλ
1353 2739 1396 2763 [πο
1411 2732 1506 2766 ῘΑϐδιού
1519 2735 1618 2765 ponitur
1627 2735 1703 2759 male.

1077 2761 1091 2780 αἱ
1161 2762 1253 2796 in‘msAQ.
1267 2761 1396 2796 pfrper'am
1411 2763 1506 2788 Ἀϐδιοὺ
1520 2761 1623 2796 ροῐιὶιιπ
1635 2772 1678 2796 pro
1689 2765 1796 2796 Μίιεὶιωειἶ

1080 2800 1091 2808 α
1105 2792 1177 2826 Ιίιιιο,
1189 2793 1365 2826 ἐκεῖναγέξῆλθε,
1377 2792 1627 2825 οοπυριυιηόῐηιιίιιο
1636 2792 1688 2826 ‘cst,
1702 2802 1747 2820 nec
1759 2795 1831 2819 video

1048 2824 1170 2854 quomadn
1182 2825 1259 2855 possit
1270 2825 1339 2848 locus
1352 2824 1493 2851 rcslaurziri.
