2047 3123
193 113 246 141 585

196 163 350 196 ἀπόστολος,
370 163 406 191 Τὸ
416 164 633 200 ἐγκατάλειμμα
647 167 825 200 σωθήσεται.
836 165 933 201 Κρῖσις
939 164 978 200 τῷ

197 204 289 240 Κυρίῳ
302 205 369 241 πρὸς
378 205 423 232 τὸν
435 206 498 233 λαὸν
509 207 601 238 αὑτοῦ,
620 209 665 234 καὶ
679 208 733 234 τῶν
746 207 908 241 εὐεργεσιῶν
927 207 978 234 αὺ-

194 245 241 272 τοῦ
266 247 530 282 ἀπαρίθμησις,,κα“ι
547 249 712 284 παραίτησις
730 248 838 275 θυσιῶν.
867 247 979 275 Ἀποδύ-

197 295 273 322 ρεται
284 288 299 314 ὸ
309 289 451 324 προφήτης
463 289 501 321 ὡς
509 289 563 316 τῶν
577 290 688 317 δικαίων
701 290 747 317 καὶ
755 289 864 324 ἀγαθῶν
876 289 980 325 ἀνδρῶν

517 110 546 137 S.
573 109 715 138 JOANNIS
736 107 979 137 CHRYSOSTOMI
997 105 1156 134 ARCHIEP.
1180 106 1453 137 CONSTANTINOP.

1764 106 1814 133 386

1368 166 1479 200 Ναούμ.

1069 206 1136 242 Περὶ
1147 208 1197 242 τῆς
1205 206 1251 233 τοῦ
1264 207 1332 234 Θεοῦ
1346 207 1488 243 δυνάμεως
1499 206 1650 241 διαλέγεται
1659 213 1666 221 °
1681 207 1747 241 περὶ
1763 207 1819 234 τῶν

1032 247 1189 274 ἀποστόλων
1204 248 1341 285 προλέγει.
1365 249 1530 284 Προστίθησι
1550 249 1578 275 δὲ
1590 248 1638 275 καὶ
1655 247 1704 283 τὴν
1727 248 1819 276 ἄνοδον

1033 289 1210 317 Βαϐυλωνίων
1226 291 1296 317 κατὰ
1315 291 1462 317 Νινευῑτῶν
1486 291 1655 326 κατακράτος
1680 290 1819 325 αῑχμαλω·

198 327 385 357 ἐκλειπόντων.
400 330 456 357 Καὶ
468 330 535 366 πρὸς
549 330 588 367 τῷ
606 331 677 358 τέλει
694 331 763 367 μετὰ
785 331 817 358 τδ
835 331 980 365 ἐγκαλέσαι

197 369 244 415 καὶ
254 370 400 450 imagini
415 373 558 409 συμφορὰς
575 373 706 409 μεγάλας,
714 372 821 409 χρηστὰ
830 372 982 408 προμηνύει

197 417 236 446 τφ
254 411 261 422 “
276 420 327 449 σρα

195 411 236 446 τῷ
254 411 272 439 ‘i
276 420 327 449 σρα

1034 331 1103 357 σίαν.
1113 331 1195 366 Λέγει
1204 332 1233 358 δὲ
1247 332 1293 359 καὶ
1306 332 1355 367 τὴν
1361 332 1474 368 δύναμιν
1486 333 1569 368 αὐτῆς
1585 332 1685 359 καὶτὸν
1695 332 1819 365 πλοῦτον,

1034 372 1064 399 ὃν
1075 370 1133 406 εἶχε
1147 373 1212 409 πρὶν
1223 373 1489 409 αἰχμαλωτευθῆναι.

1191 414 1268 448 Ἕως
1280 412 1338 442 ὧδε
1351 413 1414 450 size
1429 415 1463 443 τὸ
1473 416 1665 452 ἀντίγραφον.

911 745 1100 778 MONITUM

228 870 302 899 Inter
316 871 410 906 spuria
432 870 575 900 Athanasii
589 878 673 908 opera
689 871 835 900 Homiliam
855 872 979 901 dedimus

1038 885 1050 900 ι.
1068 873 1131 907 410,
1152 873 1231 910 cujus
1251 873 1358 902 initium
1383 880 1426 904 est
1438 874 1550 909 Graece,
1568 876 1726 914 Μυστήριον
1748 878 1822 910 ξένον

191 930 294 966 βλέπω,
306 933 358 962 hoc
371 940 422 969 est,
437 936 592 972 Mysterium
606 945 701 964 novum
716 937 789 964 video
801 955 809 968 ,
823 942 885 963 cum
904 934 982 962 titulo

1038 924 1061 967 ἲς
1079 935 1129 970 τὴν
1143 935 1270 971 γέννησιν
1292 937 1340 964 τοῦ
1357 937 1486 973 Χριστοῦ,
1505 938 1557 966 hoc
1581 942 1640 970 est,
1655 936 1687 965 In
1712 947 1823 974 genera-

192 993 289 1021 tionem
303 994 412 1024 Christi.
426 996 537 1025 initium
556 1005 638 1032 porro
660 996 726 1024 illud
747 996 864 1031 idipsum
885 999 928 1023 est
942 994 1016 1030 quod
1031 995 1130 1030 hujus,
1148 1003 1209 1031 quae
1226 996 1411 1032 Chrysostomi
1429 996 1540 1024 nomine
1554 997 1755 1030 circumfertur,
1773 997 1823 1024 ho-

192 1049 272 1078 milia:
288 1059 294 1076 :
309 1059 362 1080 nec
375 1052 480 1080 initium
494 1053 586 1087 modo,
600 1053 647 1081 sed
665 1053 747 1081 etiam
763 1053 814 1080 alia
828 1060 884 1080 non
908 1059 994 1088 pauca
1014 1051 1080 1080 hinc
1093 1055 1121 1080 et
1134 1051 1198 1079 inde
1216 1060 1248 1080 ex
1265 1053 1316 1080 hac
1333 1053 1444 1085 humilia
1467 1054 1606 1089 decerpsit
1628 1054 1660 1087 is,
1681 1054 1726 1090 qui
1751 1053 1822 1081 illam

191 1108 333 1136 Athanasii
352 1109 464 1136 nomine
478 1108 689 1137 consarcinavit.
713 1108 777 1137 Haec
794 1113 884 1136 autem
906 1108 940 1136 de
963 1115 1016 1144 qua
1033 1115 1107 1136 nunc
1125 1108 1231 1144 agimus
1253 1108 1364 1136 homilia
1380 1117 1439 1137 aevo
1458 1110 1612 1138 certissime
1638 1110 1824 1147 Chrysostomi

190 1166 291 1194 emissa
311 1166 362 1194 fuit
377 1174 458 1193 :nam
479 1166 595 1202 Cyrillus
611 1167 680 1194 libro
704 1166 739 1194 ad
759 1165 887 1201 Reginas,
897 1166 944 1201 qui
958 1166 1030 1194 inter
1046 1165 1192 1201 Ephesinae
1215 1166 1317 1202 Synodi
1337 1166 1405 1194 Acta
1425 1175 1508 1195 cusus
1528 1167 1610 1195 etiam
1628 1168 1774 1203 reperitur,
1791 1175 1824 1195 ex

192 1226 243 1254 hac
266 1226 377 1254 homilia
399 1227 524 1262 quaedam
548 1225 736 1263 Clirysostomi
761 1225 870 1253 nomine
898 1225 1003 1261 profert
1031 1225 1197 1259 testimonia,
1222 1233 1338 1260 quorum
1365 1225 1483 1260 primum
1509 1225 1553 1253 his
1580 1226 1672 1254 verbis
1691 1226 1821 1253 eil'ertur:

195 1295 205 1311 ε
221 1284 334 1312 Joannis
362 1284 483 1320 episcopi
508 1284 802 1320 Constantinopolitani
829 1284 864 1312 de
889 1283 980 1312 divina
1003 1283 1217 1320 generatione.»
1246 1283 1378 1318 Loquitur
1402 1288 1494 1311 autem
1524 1284 1558 1311 de
1583 1289 1677 1311 sancta
1702 1283 1821 1320 Virgine.

193 1353 205 1371 ς
222 1344 294 1372 Loco
312 1343 389 1377 solis,
409 1343 508 1379 inquit,
533 1343 646 1379 justitia:
671 1343 755 1370 solem
778 1343 1014 1379 incircumscripte
1030 1343 1170 1379 complexa
1188 1343 1250 1371 fuit.
1274 1344 1314 1371 Ac
1333 1351 1368 1370 ne
1383 1350 1489 1378 quaeras
1512 1343 1666 1378 quomodo;
1680 1343 1824 1371 ubi‘enim

191 1400 249 1429 Vult
270 1400 358 1432 Deus,
385 1398 422 1426 ibi
447 1402 553 1427 natura:
577 1399 645 1426 ordo
659 1398 789 1426 vincitur.
814 1398 905 1426 Voluit
928 1399 1012 1432 enim,
1030 1400 1129 1435 potuit,
1151 1399 1303 1433 descendit,
1329 1399 1458 1434 salvavit;
1478 1400 1572 1428 omnia
1595 1401 1641 1429 Dei
1670 1406 1766 1429 nutum
1781 1410 1824 1430 se—

191 1461 323 1492 quuntur.
348 1456 434 1484 Hodie
447 1455 494 1491 qui
508 1459 552 1483 est
576 1446 710 1491 gignitur,
733 1461 761 1483 et
776 1454 823 1490 qui
838 1460 897 1489 est,
922 1455 953 1483 iit
966 1456 994 1484 id
1011 1457 1082 1492 quod
1098 1464 1153 1484 non
1181 1460 1255 1489 erat;
1275 1463 1339 1484 nam
1360 1463 1422 1484 eum
1439 1456 1509 1484 Deus
1525 1462 1608 1490 esset,
1629 1457 1659 1485 ﬁt
1674 1459 1771 1493 homo;
1788 1459 1822 1486 ab

191 1522 224 1543 ea
239 1520 341 1546 tamen,
355 1521 436 1549 quam
451 1513 584 1546 habebat,
599 1513 700 1541 deitate
715 1521 771 1541 non
795 1513 905 1542 excidit.
920 1514 1014 1549 Neque
1029 1514 1103 1542 enim
1117 1522 1180 1542 cum
1200 1514 1311 1543 deitatis
1328 1514 1435 1551 jactura
1457 1514 1545 1543 factus
1567 1520 1610 1544 est
1625 1515 1718 1548 homo.
1735 1525 1823 1552 neque

193 1580 242 1608 per
251 1572 402 1608 profectum
423 1580 455 1600 ex
468 1572 580 1600 homine
596 1571 684 1600 factus
702 1577 745 1600 est
763 1572 834 1601 Deus
848 1581 854 1600 :
868 1573 917 1601 sed
934 1572 1007 1601 Deus
1024 1573 1159 1601 exsistens
1181 1577 1294 1609 propter
1307 1573 1565 1609 impassibilitatem,
1587 1582 1651 1602 caro
1667 1575 1755 1603 iactus
1771 1581 1823 1610 est,

478 1873 531 1906 Εἰς
545 1872 578 1900 τὸ
599 1872 755 1908 γενέθλιον
784 1874 838 1901 τοῦ
864 1873 1001 1909 Σωτῆρος
1022 1873 1106 1909 ἡμῶν
1140 1874 1237 1909 Ἰησοῦ
1252 1877 1399 1913 Χριστοῦ,
1422 1879 1548 1915 Λόγοςι.

231 2129 388 2166 Μυστήριον
408 2129 483 2162 ξένον
496 2129 543 2156 καὶ
563 2127 713 2164 παράδοξον
734 2127 842 2163 βλέπω·
856 2127 984 2163 ποιμένες

197 2180 249 2206 μου
259 2172 418 2208 περιηχοῦσι
435 2171 469 2198 τὰ
483 2167 550 2202 ὦτα,
563 2170 613 2197 οὐκ
627 2170 729 2206 ἔρημον
744 2169 806 2205 (sic)
829 2168 984 2204 συρίζοντες

197 2213 288 2249 μέλος,
307 2213 364 2240 ἀλλ’
379 2212 502 2249 οὐράνιον
517 2212 626 2248 ᾅδοντες
644 2212 739 2247 ὕμνον.
759 2210 886 2245 Ἄγγελοι
904 2211 984 2246 ᾄδου-

196 2263 249 2287 σιν,
259 2255 421 2290 ἁρχάγγελοι
439 2254 594 2289 μέλπουσιν,
612 2254 691 2289 ὑμνεῖ
705 2254 738 2280 τὰ
749 2252 897 2288 Χερουϐὶμ,
913 2252 985 2285 δοξο-

195 2295 270 2331 λογεῖ
286 2297 321 2323 τὰ
344 2296 479 2332 Σεραφὶμ,
493 2295 592 2327 πάντες
613 2294 771 2330 ἑορτάζουσι
786 2294 852 2320 Θεὸν
867 2294 914 2320 ἐπὶ
933 2295 985 2329 γῆς

194 2338 322 2374 δρῶντες,
338 2338 386 2365 καὶ
405 2337 546 2372 ἄνθρωπον
566 2337 595 2363 ὲν
608 2337 731 2371 οὐρανοῖς
742 2343 749 2351 ·
768 2335 814 2362 τὸν
833 2335 888 2362 ἄνω
910 2335 986 2362 κάτω

195 2381 229 2407 δι’
240 2379 406 2415 οἰκονομίαν,
420 2379 466 2406 καὶ
476 2378 523 2405 τδν
535 2377 611 2404 κάτω
622 2377 678 2404 ἄνω
691 2377 735 2404 διὰ
747 2376 950 2411 φιλανθρωπίαν
958 2377 983 2404 ιι.

195 2422 322 2456 Σήμερον
341 2420 466 2455 Βηθλεὲμ
479 2419 525 2446 τὸν
543 2418 655 2454 οὐρανὸν
671 2418 841 2454 ἐμιμήσατο·
858 2418 918 2444 ἀντὶ
936 2418 986 2453 μὲν

196 2463 319 2498 ἀστέρων
335 2462 466 2496 ἀγγέλους
478 2460 629 2496 ὑμνοῦντας
638 2460 784 2495 δεξαμένη,
798 2459 859 2486 ἀντὶ
868 2459 896 2486 δὲ
911 2460 985 2495 ἡλίου

195 2504 243 2531 τὸν
265 2505 315 2539 τῆς
332 2502 505 2537 δικαιοσύνης
519 2501 735 2537 ἀπεριγράπτως
754 2502 911 2537 χωρήσασα.
932 2502 986 2528 Καὶ

198 2545 236 2581 μὴ
249 2545 324 2580 ζήτει
340 2544 412 2576 πῶς·
428 2545 494 2570 ὅπου
509 2543 563 2577 γὰρ
581 2543 705 2578 βούλεται
720 2543 796 2575 Θεὸς,
813 2543 922 2569 νικᾶται
936 2543 987 2577 φύ-

198 2595 266 2618 σεως
294 2585 378 2618 τάξις.
411 2585 564 2620 Ἦὸουλήθη
597 2584 662 2620 γὰρ,
683 2584 813 2620 ἠδυνήθη,
840 2583 985 2620 κατῆλθεν,

197 2630 299 2656 Eumae-
316 2628 454 2663 σύνδρομα
467 2627 502 2654 τὰ
517 2627 607 2654 πάντα
628 2626 667 2662 τῷ
689 2626 760 2662 Θεῷ.
785 2627 907 2662 Σήμερον
920 2627 934 2653 ὸ
948 2625 986 2653 ὢν

227 2730 242 2745 ⁸
252 2730 310 2760 Cod,
323 2729 384 2759 Reg.
402 2728 471 2757 1852,
485 2728 629 2760 είοωυιυπι
650 2728 734 2758 habet,
746 2729 822 2760 Λόγος
833 2730 866 2757 εἰς
886 2729 913 2754 τὸ
923 2729 987 2760 γενέ-

196 2762 260 2787 θλιον
268 2759 310 2785 τοῦ
319 2760 407 2791 Κυρίου
420 2761 459 2784 καὶ
471 2759 533 2784 Θεοῦ
545 2760 584 2783 καὶ
596 2761 712 2791 Σωτῆρος,

228 2792 242 2812 b
254 2792 313 2816 Haec
332 2791 533 2823 sicinvertuntur
543 2791 569 2823 in
585 2791 647 2823 Reg.
659 2791 762 2823 révdvm
771 2791 838 2816 κάτω
850 2791 889 2816 διὰ
905 2791 986 2823 φιλαν-

197 2823 310 2855 θρωπίαν,
321 2822 362 2846 καὶ
373 2822 414 2846 τὸν
425 2821 491 2846 κάτω
499 2821 549 2845 ἄνω
561 2822 591 2845 δι’
603 2822 747 2852 οἰκονομίαν.

1037 2129 1167 2162 τίκτεται,
1184 2129 1230 2157 καὶ
1257 2131 1271 2157 ὁ
1298 2130 1336 2158 ὢν
1359 2131 1464 2166 γίνεται
1482 2132 1549 2170 ὅπερ
1574 2134 1623 2161 οὐκ
1643 2132 1692 2171 ἦν·
1708 2135 1746 2163 ὣν
1770 2137 1825 2172 γὰρ

1037 2173 1113 2206 Θεὸς,
1128 2174 1233 2208 γίνεται
1252 2175 1404 2210 ἄνθρωπος,
1421 2177 1471 2203 οὐκ
1489 2177 1589 2211 ἐκστὰς
1604 2179 1649 2206 τοῦ
1665 2179 1735 2207 εἶναι
1747 2180 1822 2212 Θεός.

1038 2215 1104 2241 Οὐδὲ
1123 2215 1177 2250 γὰρ
1188 2216 1248 2242 κατ’
1263 2216 1389 2244 ἔκστασιν
1406 2217 1531 2254 θεότητος
1544 2220 1654 2255 γέγονεν
1670 2221 1822 2257 ἄνθρωπος,

1037 2257 1098 2283 οὐδὲ
1109 2257 1189 2283 πάλιν
1201 2258 1270 2285 κατὰ
1285 2259 1425 2295 προκοπὴν
1437 2261 1466 2293 ἐξ
1478 2261 1621 2297 ἀνθρώπου
1636 2265 1731 2297 γέγονε
1746 2264 1823 2296 Θεὸς·

1038 2298 1107 2341 αλλὰ
1121 2298 1207 2333 Λόγος
1217 2298 1265 2331 ὣν,
1288 2300 1332 2327 διὰ
1346 2301 1376 2327 τὸ
1390 2302 1494 2334 ἀπαθὲς
1507 2303 1575 2339 σὰρξ
1592 2304 1708 2338 ἐγένετο,
1725 2306 1826 2341 ἀμετα-

1039 2339 1137 2376 ϐλήτου
1154 2341 1287 2376 μενούσης
1305 2342 1354 2378 τῆς
1370 2343 1486 2378 φύσεως.
1506 2345 1575 2372 Ἀλλ’
1588 2347 1633 2373 ὅτε
1652 2347 1701 2382 μὲν
1716 2339 1823 2382 ἐτέχθη,

1045 2381 1164 2409 Ἰουδαῖοι
1190 2383 1319 2418 ἠρνοῦντο
1346 2385 1391 2411 τὸν
1408 2385 1482 2418 ξένον
1506 2386 1600 2420 τόκον,
1622 2381 1669 2415 καὶ
1685 2381 1827 2424 Φαρισαῖοι

1039 2425 1251 2460 παρηρμήνευον
1272 2426 1322 2457 τὰς
1340 2426 1414 2458 θείας
1437 2427 1559 2461 Βίϐλους,
1580 2429 1627 2456 καὶ
1656 2433 1828 2466 γραμματεῖς

1039 2466 1187 2492 ὑπεναντία
1201 2466 1247 2492 τοῦ
1264 2467 1346 2502 νόμου
1360 2467 1480 2495 ἐλάλουν.
1499 2469 1621 2506 Ἡρώδης
1639 2471 1684 2499 τὸν
1699 2473 1828 2507 τεχθέντα

1039 2507 1141 2542 ἐζήτει,
1149 2507 1203 2550 οὐχ,
1212 2509 1253 2534 ἴνα
1265 2509 1347 2536 αὑτὸν
1355 2510 1469 2547 τιμήσῃ,
1477 2511 1535 2537 ἀλλ’
1548 2512 1590 2538 ἵνα
1604 2512 1685 2540 αὑτὸν
1697 2513 1828 2550 ἀπολεσῃ.

1039 2550 1162 2585 Σήμερον
1175 2549 1228 2585 γὰρ
1243 2556 1254 2570 π
1280 2550 1369 2577 πάντα
1380 2552 1527 2579 ὑπεναντία
1546 2553 1626 2581 εἶδον.
1644 2556 1704 2581 Οὐκ
1719 2549 1830 2590 ἐκρύϐη

1040 2591 1106 2626 γὰρ,
1126 2591 1197 2618 κατὰ
1220 2592 1265 2620 τὸν
1287 2592 1441 2628 ψαλμῳδὸν,
1455 2593 1532 2631 [595]
1560 2595 1618 2622 ἀπὸ
1638 2596 1697 2622 τῶν
1717 2597 1830 2624 τέκνων

1040 2633 1140 2660 αὐτῶν
1152 2634 1195 2666 εἰς
1209 2633 1316 2668 γενεὰν
1328 2635 1441 2670 ἑτέραν.
1455 2636 1578 2669 Βασιλεῖς
1595 2638 1644 2673 μὲν
1665 2638 1719 2675 γὰρ
1737 2636 1828 2672 ἦλθον,

1039 2675 1086 2701 τὸν
1108 2675 1267 2710 ἐπουράνιον
1291 2675 1403 2711 βασιλέα
1427 2677 1622 2713 Θαυμάζοντες,
1648 2679 1688 2706 ὃτι
1712 2679 1770 2711 πῶς
1782 2680 1830 2707 ἐπὶ

1040 2716 1093 2752 γῆς
1106 2714 1188 2752 ἦλθεν
1203 2717 1253 2744 οὐκ
1266 2718 1399 2753 ἀγγέλους
1423 2719 1502 2756 ἔχων,
1519 2720 1570 2748 οὑκ
1584 2720 1779 2757 ἀρχαγγέλους,
1796 2720 1830 2749 οὔ

1073 2823 1084 2838 ⁶
1099 2822 1176 2848 Savil.
1195 2822 1229 2848 δέ.
