2047 3123
155 106 208 136 885
594 136 600 138 Α
725 107 758 136 ΙΝ
778 107 942 136 NATALEM
961 107 1095 137 CHRISTI
1116 108 1208 138 DIEM.

155 161 329 198 probatioque
351 161 552 191 sacriﬁciorum.
566 162 651 201 Luget
668 163 797 198 propheta
814 164 888 199 quasi
901 164 946 199 ju-

154 207 204 235 stis
218 212 244 234 ct
258 207 335 235 bo‘nis
350 208 414 234 viris
432 206 628 236 deﬁcientibus.
643 208 676 235 Et
690 209 715 235 in
731 209 782 236 [ine
796 214 855 244 post
867 217 946 236 accu-

153 253 283 280 sationem
297 258 324 280 et
336 253 570 281 comminationein
585 262 739 288 magnarum
754 256 942 287 calamitatum,

154 299 222 326 bona
236 299 395 334 praenuntiat
410 299 513 326 Israeli.

1735 117 1790 145 386

1002 164 1100 200 Adjicit
1112 170 1200 194 autem
1217 165 1379 195 invasionem
1392 168 1596 205 Babyloniorum
1611 177 1703 200 contra
1719 173 1793 201 Nini-

1002 211 1081 243 vitas,
1096 211 1190 238 borum
1204 212 1397 247 captivitatem.
1413 215 1526 243 Enarrat
1538 217 1595 251 ejus
1611 218 1754 252 potcntiam
1765 225 1793 247 et

999 256 1115 291 divitias,
1130 265 1195 292 quas
1211 258 1303 286 habuit
1320 264 1463 295 antequam
1478 267 1630 297 caperetur.

1169 313 1299 342 Hactenus
1311 316 1439 351 exemplar
1453 316 1557 344 habebat
1571 318 1621 353 (α).

1029 379 1067 419 _(_¢_z_)
1305 381 1399 408 Culicis
1411 382 1548 419 coislinianj
1567 389 1624 410 nota
1642 388 1792 419 qua‘signii-

997 413 1066 464 ἓξὲξ
1076 416 1138 441 opus
1149 411 1318 447 imperfectum
1330 419 1395 445 esse,
1409 417 1435 447 et
1446 415 1572 447 exemplar
1590 411 1660 442 suum
1673 417 1714 442 illo
1723 411 1792 444 ῗιεὲἶ-

498 372 596 393 Nullm-

189 432 227 460 De
240 432 357 468 potentia
379 432 427 460 Dei
448 431 556 460 disserit
579 441 586 459 :
611 431 645 460 dc
668 433 795 468 apostolis
810 433 938 468 praedicit.

516 756 570 787 AD
598 755 808 787 HOMILIAM
829 755 871 786 IN
897 755 1090 787 NATALEM
1118 755 1277 800 CHRISTI
1310 758 1422 790 DIEM.

154 887 296 916 immutata
322 890 451 914 manente
479 890 586 914 natura.
602 894 611 912 ι
631 885 680 913 liis
703 892 785 920 porro
812 885 954 922 subiungit
972 886 1024 914 alia
1048 886 1189 921 quaedam,
1210 895 1271 922 quae
1286 895 1361 915 num.
1381 887 1399 914 2
1420 887 1547 923 leguntur
1567 899 1573 916 :
1594 888 1645 922 Qui
1671 890 1699 916 in
1719 891 1785 918 solio

154 946 259 973 sublimi
277 946 451 982 praecelsaque
470 945 595 978 considet,
615 945 638 972 is
654 945 682 972 in
697 945 823 980 pra'sepio
842 946 968 980 ponitur:
987 945 1177 980 impalpabilis,
1195 946 1317 982 simplex,
1335 947 1512 981 incorporeus,
1527 947 1649 975 humanis
1665 949 1784 976 manibus

155 1009 331 1032 conluctatur
341 1013 351 1032 :
362 1006 407 1040 qui
419 1010 586 1040 peccatorum
598 1004 702 1033 vincula
720 1004 870 1039 disrumpit,
898 1005 988 1039 fasciis
1005 1005 1202 1041 constringitur.

191 1063 239 1090 His
255 1063 409 1098 conspectis
434 1062 596 1091 testimoniis
619 1066 699 1098 atque
719 1062 806 1096 locis,
833 1061 894 1098 quis
914 1069 970 1090 non
986 1063 1081 1091 credat
1100 1071 1157 1091 rem
1178 1070 1241 1091 esse
1259 1062 1429 1094 confectam,
1453 1063 1648 1098 homiliamquc
1666 1063 1785 1100 Chryso-

153 1127 242 1150 stomo
255 1121 445 1149 incunctanter
461 1121 546 1150 fuisse
563 1121 764 1156 adiudicatum?
779 1121 879 1149 Verum
896 1129 975 1149 secus
994 1128 1038 1149 res
1053 1121 1145 1149 cessit.
1166 1121 1233 1149 Nam
1261 1121 1378 1149 Saviiius
1402 1129 1462 1149 eam
1483 1121 1554 1150 inter
1566 1123 1652 1149 'dubiu
1673 1122 1782 1150 locavit.

154 1176 255 1205 Fronto
282 1177 396 1205 Ducacus
425 1177 497 1205 inter
524 1177 616 1217 spuria
645 1177 740 1206 edidit.
762 1177 951 1213 Tillemontius
975 1185 1040 1206 vero
1060 1182 1136 1213 putat
1154 1177 1292 1206 laudatam
1314 1185 1330 1205 a
1349 1178 1450 1214 Cyrillo
1469 1178 1654 1214 Cbrysostomi
1672 1180 1784 1208 nomine

154 1235 291 1264 bomiliam
303 1256 310 1268 ,
330 1235 517 1271 Chrysostomi
538 1243 598 1264 esse
624 1239 770 1271 oportere:
789 1235 837 1263 sed
851 1234 1002 1263 arbitratur
1015 1235 1096 1269 hanc,
1112 1243 1195 1271 quam
1216 1243 1292 1263 nunc
1315 1235 1458 1268 habemus,
1481 1235 1619 1263 homiliam
1635 1244 1695 1272 esse
1717 1244 1783 1265 ceu-

154 1298 263 1327 tonem,
280 1294 328 1322 ubi
345 1293 368 1321 is
383 1293 428 1328 qui
447 1293 519 1321 illam
542 1293 625 1321 variis
641 1300 673 1320 ex
697 1293 763 1320 locis
784 1292 1002 1326 consarcinavit,
1018 1297 1050 1321 ut
1063 1292 1169 1321 facilius
1186 1293 1278 1321 fucum
1292 1292 1410 1326 faceret,
1435 1294 1489 1322 duo
1510 1294 1555 1322 illa
1574 1294 1631 1322 loca
1647 1302 1662 1322 a
1685 1294 1784 1331 Cyrillo

153 1353 235 1386 allata
259 1353 415 1387 inseruerit.
444 1352 575 1389 Quodque
600 1353 746 1381 observatu
771 1352 881 1389 dignum
908 1356 966 1386 est,
985 1352 1024 1380 ait
1043 1351 1157 1387 Cyl-ilius
1176 1352 1204 1379 in
1221 1352 1280 1380 loco
1298 1352 1424 1388 superius
1445 1352 1545 1391 allato,
1570 1353 1683 1387 justitiw
1703 1355 1784 1382 solem

153 1413 376 1448 incircumscripte
402 1413 536 1447 compleat}
562 1414 622 1450 fuit,
645 1414 698 1442 dici
720 1414 754 1442 de
776 1418 869 1449 sancta
899 1413 1028 1451 Virgine,
1051 1414 1095 1442 hic
1116 1418 1206 1441 autem
1229 1415 1262 1442 de
1285 1414 1442 1442 Bcthlchcm
1463 1415 1606 1448 dicuntur;
1628 1417 1699 1451 quod
1720 1424 1784 1444 sane

154 1474 297 1499 centonem
318 1477 379 1497 esse
393 1470 519 1504 suadeat,
538 1470 620 1499 modo
634 1470 794 1501 Athanasio,
810 1469 890 1498 modo
909 1469 1103 1505 Chrysostomo
1120 1469 1263 1497 tributum.

190 1528 381 1564 lnterpretatio
396 1529 490 1558 Latina
506 1535 547 1558 est
566 1530 709 1564 Frontonis
723 1529 823 1557 Ducaai.

434 1837 466 1860 tn
485 1837 676 1860 SALVATORIS
699 1838 811 1861 NOSTM
836 1839 909 1861 JESU
928 1838 1054 1867 cunisri
1080 1837 1297 1861 NATIVITATEM
1319 1835 1436 1859 onnro
1453 1826 1506 1867 (α).

186 2053 222 2089 (ιι)
235 2053 390 2089 Mysterium
400 2061 496 2083 novum
505 2058 532 2082 et
541 2054 697 2084 admirabile
705 2054 781 2087 video
789 2063 795 2081 :
804 2059 939 2089 pastorum

151 2100 258 2132 vocibus
266 2107 345 2128 aures
353 2108 420 2128 mea:
427 2100 634 2134 circumsonant,
641 2101 685 2135 qui
695 2109 746 2133 non
758 2101 812 2132 leni
820 2106 897 2128 cantu
906 2101 942 2129 si-

153 2146 242 2179 bilanl,
249 2146 295 2173 sed
301 2147 435 2174 culcstem
442 2146 568 2188 hymnum
575 2147 823 2182 concinunt.Angcli
830 2152 939 2182 canunt,

151 2191 301 2226 archangeli
311 2191 490 2225 modulantur,
497 2192 641 2223 Cherubim
650 2193 776 2228 hymnum
785 2193 886 2228 dicunt,
893 2194 941 2221 Se-

151 2237 253 2270 raphim
268 2237 433 2272 glorificant,
446 2245 539 2270 omnes
552 2238 647 2267 festum
665 2239 820 2272 celebrant,
835 2239 899 2267 dum
914 2239 940 2267 in

153 2282 229 2309 terris
248 2282 330 2310 Deum
342 2303 349 2315 ,
363 2290 389 2312 ei
405 2283 540 2313 hominem
554 2285 579 2311 in
593 2284 666 2315 caelis
679 2291 792 2317 cernunt
804 2294 810 2311 :
820 2293 881 2322 eum
895 2285 940 2321 qui

150 2335 255 2355 sursum
268 2333 318 2360 est,
331 2334 439 2364 propter
450 2329 675 2367 dispensationem
688 2330 812 2365 deorsum
823 2330 939 2363 versari;

152 2379 211 2400 cum
226 2374 270 2408 qui
282 2373 410 2405 deorsum
421 2382 496 2407 erat,
509 2380 617 2411 propter
629 2375 819 2410 benignitatem
832 2384 939 2411 sursum

153 2425 221 2445 nunc
236 2419 335 2446 versari
351 2420 370 2445 ³.
387 2419 470 2449 liodie
490 2421 624 2455 Bethleem
650 2421 744 2456 caelum
764 2421 864 2457 imitata
877 2427 919 2454 est
933 2433 939 2450 :

152 2471 210 2498 qua:
223 2465 361 2495 stellarum
373 2466 478 2501 quidem
489 2467 549 2499 loco
562 2468 671 2503 angelos
681 2473 807 2504 canentes
821 2470 940 2505 excepit,

152 2509 217 2537 solis
228 2515 316 2540 autem
333 2511 392 2546 loco
399 2513 509 2547 iustitia:
527 2513 611 2548 solem
627 2514 857 2550 incircumscripte
867 2523 941 2543 com-

151 2555 226 2590 plexa
240 2556 297 2586 fuit.
311 2557 403 2594 Neque
415 2559 458 2587 hic
471 2560 618 2594 quaesieris,
633 2560 766 2596 quomodo
778 2561 829 2596 hoc
842 2561 941 2598 factm

183 2654 472 2694 sic‘invertpntur
484 2659 509 2683 in
520 2661 588 2689 περ..
604 2666 661 2694 eum
672 2659 714 2691 qui
724 2667 820 2694 meum
829 2665 872 2691 est.
884 2668 940 2694 pro-

151 2687 209 2724 fic:
215 2684 388 2724 benignitatem
394 2684 507 2713 deorsum
517 2684 685 2720 νενῖώίξείιηὶ
699 2684 872 2724 ἧιιῖἅέξιῖςᾶἶίί
879 2684 940 2724 aia).

151 2712 248 2747 propter
257 2712 461 2749 dispensationem
466 2712 567 2745 sum»;
571 2712 641 2746 ἧιῶιῖ
645 2712 745 2747 ὖὲιῖδᾶἶῖ.

184 2755 232 2796 ρ)-
340 2765 394 2796 cum
405 2759 558 2796 Codicetteg.
570 2762 639 2796 18:53.
651 2764 694 2796 qui
705 2761 845 2796 sic'titulum
859 2766 940 2796 habet,

153 2789 233 2822 Sergio
243 2789 269 2822 in
432 2791 527 2816 Domini
534 2789 558 2817 ἷιι
567 2794 613 2822 Δηεξ
622 2789 644 2820 εὶ
655 2789 791 2822 salvatoris.

184 2817 220 2848 (Ir)
236 2819 324 2844 Citatur
336 2820 374 2844 hic
385 2820 453 2846 locus
465 2823 488 2846 in
500 2817 739 2856 conciliorlipliesinu:

312 2861 446 2895 ΡΑτιιοι,
468 2865 527 2896 Gn.
552 2864 628 2898 LVI.

995 2051 1045 2078 sit:
1058 2050 1102 2078 ubi
1116 2051 1187 2078 enim
1201 2051 1271 2080 Deus
1282 2052 1346 2086 vult,
1362 2054 1397 2081 ibi
1412 2060 1514 2084 natura:
1524 2058 1591 2086 ordo
1605 2059 1685 2089 (edit.
1697 2061 1786 2091 Voluit

993 2096 1064 2123 enim
1078 2116 1084 2127 ,
1097 2096 1202 2130 potuit,
1219 2096 1373 2132 descendit,
1386 2100 1512 2132 salvavit;
1526 2094 1613 2131 omnia
1631 2105 1676 2134 Dei
1694 2112 1785 2136 nutum

993 2147 1148 2176 sequuntur.
1162 2142 1247 2180 Hodie
1260 2144 1304 2178 qui
1318 2149 1367 2176 est,
1381 2146 1506 2185 gignitur,
1518 2153 1544 2175 et
1559 2157 1663 2177 rursum
1676 2153 1720 2186 qui
1735 2159 1785 2187 cst,

993 2187 1022 2214 tit
1034 2188 1058 2214 id
1085 2187 1155 2222 quod
1171 2196 1223 2215 non
1237 2194 1293 2227 erat
1306 2198 1313 2219 :
1329 2198 1388 2227 nam
1403 2199 1462 2219 cum
1477 2193 1547 2221 Dcus
1560 2201 1639 2228 esset,
1655 2198 1682 2224 iit
1696 2197 1787 2233 homo;

993 2232 1026 2259 ab
1039 2240 1068 2260 ea
1084 2238 1182 2267 tamen,
1194 2241 1272 2268 quam
1289 2235 1394 2273 habeat,
1406 2237 1504 2266 deitate
1514 2247 1566 2271 non
1581 2243 1688 2281 excidit.
1698 2235 1788 2281 Ncqite

993 2278 1064 2305 enim
1089 2285 1150 2305 cum
1173 2279 1279 2317 deitatis
1301 2280 1402 2315 jactura
1426 2283 1510 2317 factus
1531 2291 1571 2322 est
1587 2278 1682 2321 homo,
1700 2278 1786 2325 nerine

994 2330 1100 2351 rursum
1117 2332 1163 2359 per
1178 2325 1345 2363 succedentia
1361 2328 1523 2367 incrementa
1536 2339 1567 2359 ex
1584 2332 1690 2361 homine
1702 2335 1787 2364 factus

993 2373 1034 2395 est
1049 2369 1133 2402 Deus;
1149 2370 1196 2398 sed
1210 2370 1326 2400 Verbum
1347 2373 1478 2403 exsistens
1489 2397 1496 2409 ,
1512 2367 1603 2416 natura
1629 2381 1734 2415 propria
1754 2383 1789 2409 ob

994 2414 1033 2442 sui
1058 2414 1279 2450 impatibilitatem
1303 2423 1427 2447 manente
1451 2414 1608 2455 immutata,
1625 2414 1721 2453 factum
1745 2433 1787 2455 est

993 2467 1065 2488 caro.
1082 2461 1194 2502 Quando
1206 2467 1296 2490 autem
1314 2469 1392 2504 natus
1405 2470 1463 2502 est,
1479 2466 1563 2495 Judan
1576 2469 1684 2504 quidem
1705 2472 1788 2501 inusi-

993 2509 1077 2533 tatum
1088 2512 1192 2542 partum
1208 2509 1339 2544 negabant
1349 2530 1356 2542 ,
1370 2509 1497 2543 Pharisaei
1513 2521 1576 2541 vero
1586 2509 1729 2553 perperam
1745 2525 1788 2546 sa-

993 2557 1053 2579 cros
1065 2552 1147 2580 libros
1162 2553 1414 2589 interpretabantur,
1429 2561 1456 2584 et
1468 2558 1561 2586 scriba:
1575 2566 1634 2594 qua:
1647 2561 1698 2597 legi
1710 2554 1786 2590 erant

993 2598 1124 2626 contraria
1138 2599 1331 2634 loquebantur;
1347 2601 1464 2639 Herodes
1480 2610 1540 2630 eum
1556 2604 1601 2639 qui
1622 2610 1699 2634 natus
1713 2613 1769 2643 erat
1785 2629 1793 2641 ,

993 2643 1146 2679 qurerebat,
1158 2652 1210 2672 non
1231 2649 1261 2672 ut
1274 2654 1334 2673 eum
1348 2646 1450 2675 honore
1470 2648 1602 2683 aﬂiceret,
1616 2651 1663 2679 sed
1677 2658 1706 2680 ut
1727 2661 1787 2680 eum

993 2688 1164 2717 interﬁceret.
1176 2689 1259 2723 Ilodie
1269 2699 1383 2727 namque
1391 2695 1522 2721 contraria
1532 2701 1625 2723 cuncta
1635 2698 1791 2726 cernebant.

994 2733 1054 2761 Non
1067 2735 1132 2761 enim
1146 2736 1271 2764 occultata
1292 2743 1369 2771 sunt,
1383 2743 1412 2766 ut
1424 2747 1484 2766 cum
1500 2740 1666 2776 Psalmorum
1682 2750 1791 2772 auctore

993 2780 1097 2815 loquar,
1112 2790 1127 2808 a
1142 2782 1202 2815 ﬁliis
1217 2791 1302 2818 eorum
1318 2785 1344 2810 in
1364 2787 1548 2827 generationem
1565 2780 1676 2815 ἀίιενὰηι
1697 2789 1706 2825 (
1715 2788 1788 2816 Pcal.

996 2826 1038 2852 '77.
1054 2827 1091 2862 4).
1105 2827 1240 2862 Siquidem
1255 2837 1330 2866 rcgcs
1346 2837 1484 2866 venerunt,
1501 2837 1528 2860 et
1542 2834 1675 2861 ca-lcstem
1691 2834 1789 2869 Regem

1570 2881 1608 2910 Ωιι
