2047 3123
226 113 287 143 m7

222 174 410 207 «suspexerunt
423 190 430 204 ,
444 170 515 206 quod
539 170 565 198 in
583 174 683 199 terram
704 169 827 203 venerit,
841 177 895 197 non
915 169 1026 205 angelos

224 225 325 246 secum
345 216 462 251 habens,
476 224 528 244 non
543 215 717 251 archangelos
729 235 736 248 ,
753 223 806 242 non
825 214 937 242 thronos
950 235 957 247 ,
974 222 1028 242 non

233 262 442 295 dominationes,
458 269 512 289 non
525 262 648 295 virtutes,
662 268 716 288 non
730 265 885 296 potestates,
899 260 946 288 sed
960 267 1028 287 nova

233 313 262 336 et
280 308 390 336 minime
406 308 466 336 trita
487 307 614 335 incedens
627 308 669 335 via
690 315 723 335 ex
746 307 847 334 illibato
869 306 1029 341 processerit

233 359 310 382 utero
322 363 329 382 :
340 362 391 383 nec
403 359 492 382 tamen
507 352 615 389 angelos
628 361 683 382 suae
695 353 894 389 gubernationis
909 357 1029 380 exsortes

228 400 391 436 dereliquit,
402 408 489 435 neque
503 404 611 435 propter
624 399 834 427 incarnationem
849 406 924 426 suam
945 406 960 425 a
981 405 1029 426 sua

223 446 335 475 excidit
346 446 444 474 deitate
458 455 465 472 :
478 446 525 474 sed
539 453 616 481 reges
628 445 736 481 quidem
749 449 896 478 venerunt,
908 449 937 472 ut
948 445 1030 473 mele.

227 497 302 520 stem
315 492 414 528 [legem
424 492 516 528 gloriae
526 492 679 523 adorarent,
689 491 787 519 milites
799 494 899 524 autem,
911 494 941 518 ut
952 490 1029 518 Prin-

221 538 319 573 cipem
332 537 465 565 exercitus
479 537 616 565 colerent:
628 537 756 565 mulieres
765 557 773 570 ,
783 544 846 564 eum
860 537 905 572 qui
920 544 954 564 ex
968 544 1031 565 mu-

220 583 298 614 'liere
309 588 390 612 natus
400 587 451 616 est,
473 588 503 611 ut
516 583 635 611 mulieris
652 583 759 611 dolores
773 582 800 610 in
814 583 933 610 laetitiam
952 590 1028 611 com-

223 633 316 656 :mutet
326 637 333 656 :
344 629 470 664 virgines,
482 629 566 657 filium
576 629 703 664 Virginis,
714 629 877 656 admirantes
889 628 934 663 qui
946 627 991 655 ﬁat
1001 633 1030 655 ut

220 673 307 701 lactis
318 674 452 707 conditor,
464 674 508 709 qui
521 673 604 702 efﬁcit
615 679 643 701 ut
655 674 767 702 uberum
781 674 868 701 fontes
881 677 1028 708 spontanee

221 719 330 747 inuenta
342 719 500 753 diffundant,
513 727 528 746 a
540 719 648 754 Virgine
661 723 747 747 matre
761 719 865 754 pueruli
873 719 1029 746 alimentum

222 765 361 800 accipiat:
376 765 502 798 infantes,
515 773 575 793 eum
588 765 631 800 qui
645 764 730 792 factus
740 770 782 792 est
792 764 888 798 infans,
898 769 926 792 ut
936 772 969 792 ex
982 771 1029 791 ore

228 812 371 839 infantium
381 816 410 840 et
423 812 576 840 lactentium
589 811 693 839 laudem
709 811 848 846 perficeret
861 811 966 847 (Matth.
981 810 1027 838 21.

230 857 281 889 16ς
293 857 369 885 Ῥιαι.
391 857 418 885 8.
440 857 470 893 3)
488 866 495 884 :
514 857 612 892 pueri,
624 864 758 892 puerum,
773 857 817 892 qui
840 860 972 892 martyres
993 856 1029 883 ob

231 902 345 931 Herodis
364 903 495 930 insaniam
515 902 604 930 effecit
615 911 621 929 :
634 902 683 929 viri
695 923 703 936 ,
716 909 778 930 eum
791 902 835 937 qui
851 902 931 929 homo
943 901 1028 929 factus

223 953 287 982 est,
302 953 332 977 ut
343 956 482 977 servorum
499 949 575 976 malis
589 948 759 977 mederetur:
771 953 909 983 pastores,
926 948 1026 976 bonum

225 1001 380 1031 pastorem,
395 995 441 1030 qui
455 995 571 1022 animam
586 1002 635 1030 pro
648 994 742 1022 cvibus
761 994 816 1022 suis
832 994 926 1029 ponit:
939 1001 1028 1021 sacer-

227 1041 314 1073 dotes,
328 1048 389 1069 eum
402 1041 446 1076 qui
461 1040 545 1068 factus
560 1045 601 1068 est
612 1040 732 1068 Pontifex
746 1040 892 1068 secundum
904 1040 1027 1068 ordinem

222 1086 404 1114 ‘Melchisedec
419 1086 510 1122 (Hebr.
527 1087 554 1113 7.
570 1086 620 1119 l7;
636 1085 707 1113 Ρδαι.
723 1086 785 1114 109.
800 1085 830 1121 ι)
843 1095 849 1112 :
862 1086 952 1119 servi,
964 1093 1026 1114 eum

224 1132 273 1167 qui
287 1132 356 1159 servi
373 1131 485 1159 formam
500 1131 603 1166 accepit
612 1151 619 1164 ,
632 1136 661 1159 ut
676 1136 794 1158 nostram
807 1131 962 1158 servitutem
975 1131 1026 1159 ho-

228 1185 294 1205 nore
314 1177 445 1205 libertatis
470 1181 578 1204 ornaret
603 1176 730 1212 (Philipp.
751 1176 778 1203 2.
800 1175 852 1212 7);
868 1176 1023 1212 piscatores,

227 1232 289 1252 eum
303 1225 346 1259 qui
362 1231 395 1252 ex
412 1224 588 1259 piscatoribus
611 1224 746 1252 hominum
772 1224 854 1252 efﬁcit
866 1229 1024 1253 venatores:

224 1270 362 1305 publicani
376 1291 383 1303 ,
399 1278 459 1297 eum
473 1271 517 1305 qui
533 1277 566 1298 ex
584 1270 734 1305 publicanis
750 1270 879 1299 selectum
893 1271 1027 1307 evangeli-

227 1321 296 1344 stam
311 1316 432 1352 designat
445 1315 553 1351 (Matth.
564 1316 594 1344 9.
609 1316 648 1352 9);
664 1317 830 1348 meretrices,
846 1324 908 1345 eum
923 1318 968 1353 qui
983 1317 1024 1345 la-

227 1363 325 1398 crymis
338 1362 497 1390 meretriciis
506 1361 592 1397 pedes
606 1369 669 1389 suos
680 1362 807 1397 exponit;
819 1366 899 1398 atque
913 1368 940 1390 ut
951 1370 1025 1391 com-

225 1408 326 1442 plectar
340 1407 425 1441 brevi,
436 1412 589 1443 peccatores
599 1414 693 1434 omnes
703 1407 877 1441 advenerunt,
889 1412 918 1436 ut
927 1416 1024 1444 agnum

227 1455 275 1483 Dei
288 1458 446 1487 cernerent,
462 1454 508 1489 qui
523 1453 590 1480 tollit
604 1458 711 1489 peccata
724 1453 834 1487 mundi,
848 1453 885 1489 (ιι)
899 1453 980 1490 [magi
994 1460 1025 1482 ut

216 1509 287 1529 reum
300 1500 425 1529 satellitio
438 1507 487 1528 suo
499 1499 624 1535 cingant,
640 1504 771 1535 pastores,
790 1504 819 1527 ut
832 1507 892 1528 eum
907 1501 1021 1529 benedi-

216 1551 297 1580 -cant,
312 1546 457 1582 publicani,
468 1550 495 1574 ut
503 1546 678 1582 Evangelium
686 1545 841 1580 praedicent,
854 1547 1019 1581 meretrices,

216 1598 254 1620 ¹ιιι
276 1596 408 1628 unguenta
430 1591 552 1619 deferant
564 1611 572 1624 ,
586 1591 752 1619 Samaritana
764 1611 772 1624 ,
789 1596 818 1618 ut
842 1590 942 1619 fontem
960 1592 1024 1619 vitae

225 1639 313 1672 sitiat,
329 1638 479 1666 Chananaza
492 1659 500 1672 ,
517 1641 546 1665 ut
566 1638 740 1665 indubitatam
766 1637 844 1664 tidem
867 1637 1021 1674 exhibeat].

226 1686 292 1717 Cum
308 1685 387 1721 igitur
399 1692 492 1713 omnes
505 1684 658 1717 exsultent,
671 1682 735 1710 mihi
750 1690 855 1718 quoque
867 1683 954 1718 placet
972 1691 1023 1712 ex-

225 1731 326 1758 sultare
336 1751 343 1764 ,
357 1731 472 1758 choreas
491 1737 571 1765 agere
595 1729 656 1756 volo
667 1749 675 1762 ,
690 1728 841 1764 festumque
863 1729 999 1757 celebrare
1013 1739 1021 1758 :

226 1784 306 1811 porro
319 1776 432 1804 choreas
442 1783 562 1810 ago,non
573 1774 701 1802 citharam
709 1775 826 1809 pulsans,
835 1782 887 1802 non
900 1775 1021 1811 thyrsum

216 1822 360 1856 quatiens,
374 1829 427 1849 non
442 1821 519 1849 tibias
532 1820 638 1854 intlans,
654 1827 707 1847 non
720 1820 790 1848 faces
801 1821 959 1854 accendens,
974 1821 1022 1849 sed

228 1869 392 1896 musicorum
419 1868 656 1895 instrutnentOrum
681 1867 741 1894 loco
766 1866 865 1894 Christi
892 1874 1021 1895 cunarum

227 1915 323 1942 fascias
335 1919 454 1950 gestans.
467 1914 513 1941 Hae
527 1921 641 1948 namque
656 1912 721 1940 mihi
735 1917 798 1940 sunt
810 1920 886 1947 spes,
901 1913 943 1940 ha:
957 1914 1021 1941 mihi

227 1962 290 1993 vita,
307 1961 347 1988 ha:
362 1961 427 1988 mihi
441 1961 523 1993 salus,
538 1961 579 1987 hu:
593 1959 657 1986 mihi
672 1959 753 1993 tibiae,
768 1959 809 1986 Ine
821 1960 884 1986 mihi
900 1959 1000 1988 cithara
1013 1970 1019 1987 ε

216 2011 368 2042 propterea
384 2010 411 2034 et
426 2007 496 2041 ipsas
509 2011 617 2042 gestans
629 2004 741 2033 advenio
751 2026 758 2039 ,
771 2010 799 2033 ut
817 2013 907 2034 earum
923 2007 1021 2035 virtute

227 2053 378 2081 facultatem
391 2053 522 2080 sermonis
535 2052 646 2087 adeptus
657 2060 718 2079 cum
733 2052 834 2088 angelis
846 2052 943 2086 dicam,
960 2053 1022 2080 Glo-

216 2100 265 2126 ‘rio
277 2100 303 2126 in
318 2099 446 2126 altissimis
460 2097 524 2130 Deo;
539 2106 600 2125 cum
615 2098 774 2132 pastoribus,
790 2097 824 2125 Et
838 2098 863 2125 in
877 2103 943 2125 terra
958 2107 1020 2134 pax,

225 2147 253 2172 in
271 2145 412 2172 hominibus
427 2144 609 2179 beneplacitum
630 2143 705 2178 (Luc.
717 2143 745 2170 2.
760 2142 815 2180 l4).
833 2144 917 2172 Hodie
930 2146 974 2180 qui
988 2153 1019 2173 ex

224 2189 306 2218 Patre
318 2189 486 2218 ineffabiliter
499 2190 602 2225 genitus
618 2194 669 2222 est,
684 2196 716 2216 ex
733 2188 841 2224 Virgine
853 2194 962 2225 propter
979 2198 1022 2218 me

226 2235 407 2272 inexplicabili
421 2234 501 2262 modo
515 2235 644 2262 nascitur.
662 2234 715 2261 Sed
729 2238 784 2261 tum
798 2234 904 2269 quidem
922 2243 1020 2262 secun-

225 2284 288 2311 dum
302 2287 422 2309 naturam
436 2286 498 2309 ante
512 2281 609 2308 saecula
624 2281 728 2315 genitus
743 2284 784 2308 est
795 2288 829 2307 ex
844 2280 930 2313 Patre,
943 2286 1022 2316 prout

224 2329 299 2356 novit
320 2329 364 2355 ille
377 2350 383 2360 ,
399 2328 442 2363 qui
458 2327 567 2362 genuit:
581 2326 659 2354 hodie
681 2333 745 2354 vero
757 2334 849 2353 rursus
869 2334 901 2354 ex
914 2327 1022 2363 Virgine

225 2379 323 2408 praeter
337 2380 457 2401 naturam
469 2379 548 2401 natus
562 2377 619 2407 est,
635 2378 713 2408 prout
724 2373 839 2408 Spiritus
851 2374 934 2401 sancti
949 2375 1022 2402 novit

223 2421 319 2457 gratia.
335 2421 368 2448 Et
379 2428 492 2455 superna
504 2420 561 2454 ejus
576 2420 712 2455 generatio
727 2427 788 2447 vera
803 2424 854 2453 est,
872 2425 899 2448 et
913 2420 1022 2449 inferior

225 2467 284 2502 ejus
302 2466 438 2501 generatio
457 2465 567 2492 minime
590 2464 714 2492 falsa:et
734 2472 797 2492 vere
822 2465 891 2493 Deus
910 2474 943 2493 ex
967 2466 1022 2494 Deo

226 2511 332 2546 genitus
343 2516 384 2538 est
396 2531 403 2544 ,
419 2515 447 2538 et
460 2518 522 2538 vere
536 2510 616 2537 homo
629 2510 699 2537 idem
711 2519 744 2538 ex
758 2510 865 2546 Virgine
878 2516 955 2539 natus
969 2517 1020 2540 est.

225 2557 337 2585 Sursum
357 2557 429 2584 solus
443 2564 475 2583 ex
489 2556 548 2583 solo
567 2555 725 2591 Unigenitus
736 2576 743 2588 ,
758 2556 883 2584 deorsum
903 2558 976 2585 solus
989 2565 1021 2585 ex

227 2603 284 2630 sola
300 2602 406 2636 Virgine
426 2601 496 2628 idem
509 2601 676 2636 Unigenitus.
690 2601 763 2629 Sicut
776 2602 846 2629 enirn
863 2602 889 2629 in
907 2610 1022 2638 superna

228 2648 401 2684 generatione
415 2652 528 2675 matrem
542 2647 689 2682 intelligere
701 2647 811 2682 impium
823 2653 865 2675 est
877 2657 883 2675 ε
896 2649 935 2676 sic
945 2649 971 2676 in
983 2650 1022 2676 in.

230 2694 321 2723 feriori
344 2694 516 2729 generatione
539 2699 640 2727 patrem
663 2693 816 2721 existimare
837 2694 1022 2730 blasphetnum

229 2745 284 2769 est.
300 2740 377 2767 Pater
392 2739 493 2774 absque
511 2738 620 2766 deﬂuam
629 2739 720 2774 genuit
731 2759 740 2773 ,
754 2744 781 2766 et
796 2739 874 2774 Virgo
894 2740 952 2768 sine
964 2748 1023 2769 oor-

230 2787 355 2821 ruptione
368 2785 488 2820 peperit:
501 2792 561 2812 nam
577 2792 662 2820 neque
679 2784 816 2814 dctluxum
830 2786 956 2814 sustinuit
974 2786 1024 2815 Pa-

263 2854 302 2886 (a)
317 2858 373 2884 Qua:
385 2852 480 2879 uncinis
491 2850 645 2882 clauduntur,
659 2852 748 2878 desunt
760 2853 784 2878 in
795 2856 852 2886 Reg.

596 113 628 141 8.
647 111 786 142 JOANNIS
804 109 1039 139 CHRYSOSTOMI
1058 109 1216 139 ARCHIEP.
1236 111 1504 142 CONSTANTINOP.

1823 116 1878 148 388

1085 174 1134 203 ter;
1144 170 1241 206 quippe
1253 171 1310 207 qui,
1323 177 1401 208 prout
1414 173 1590 202 conveniebat
1597 174 1663 208 Deo,
1672 175 1779 211 genuit:
1791 183 1880 213 neque

1083 216 1164 251 Virgo
1178 218 1376 252 corruptionem
1395 219 1520 247 sustinuit
1544 220 1690 255 pariendo;
1705 222 1804 257 quippe
1818 231 1879 258 quae

1082 262 1255 297 spiritualiter
1263 265 1375 298 peperit.
1386 264 1462 292 Unde
1470 272 1556 299 neque
1562 273 1677 301 superna
1688 267 1746 301 ejus
1755 269 1879 296 nativitas

1082 309 1209 343 explicari
1226 314 1322 344 potest,
1337 318 1422 346 neque
1435 319 1591 347 progressus
1605 313 1663 348 ejus
1677 313 1704 341 in
1727 315 1879 344 novissimis

1083 355 1247 390 temporibus
1261 355 1367 384 curiose
1381 358 1555 393 pervestigari
1573 366 1603 386 se
1617 359 1691 386 sinit.
1703 359 1769 387 Nam
1791 360 1879 396 Virgi-

1082 408 1144 428 nem
1167 401 1274 436 quidem
1299 401 1378 430 hodie
1401 403 1540 438 peperisse
1563 405 1638 437 scio,
1660 409 1688 432 et
1715 405 1799 433 Deum
1820 407 1879 434 sine

1083 450 1203 481 tempore
1216 447 1341 482 genuisse
1358 448 1439 475 credo
1452 458 1458 475 :
1472 448 1580 476 modum
1593 454 1682 476 autem
1696 451 1877 485 generationis

1082 492 1189 519 silentio
1206 492 1289 519 didici
1311 494 1432 521 venerari
1446 515 1454 527 ,
1467 502 1520 521 non
1534 495 1655 522 oratione
1675 497 1780 524 curiose
1803 497 1877 524 illam

1082 536 1267 572 inquirendam
1282 540 1383 574 accepi.
1398 539 1535 574 Siquidem
1550 540 1576 568 in
1593 541 1646 569 Deo
1661 549 1713 568 non
1727 550 1817 570 rerum
1830 551 1877 570 na-

1083 587 1141 610 tura
1163 588 1203 610 est
1221 583 1381 611 attendenda
1394 605 1401 617 ,
1414 585 1460 612 sed
1482 585 1557 620 ejus,
1570 586 1614 621 qui
1628 591 1771 622 operatur,
1786 589 1877 616 virtuti

1082 629 1148 657 ﬁdes
1169 629 1300 657 habenda.
1322 630 1378 657 Lex
1397 631 1468 658 enim
1494 637 1536 659 est
1555 638 1675 665 naturae,
1699 640 1758 661 cum
1782 635 1878 662 mulier

1082 676 1348 711 matrimoniojuncta
1362 677 1450 712 parit:
1461 684 1521 704 cum
1535 685 1598 705 vero
1608 678 1693 706 virum
1705 687 1756 707 non
1768 686 1877 716 experta

1081 722 1156 755 virgo
1175 726 1313 757 postquam
1337 722 1458 756 peperit,
1472 723 1548 758 virgo
1564 731 1656 750 rursus
1677 729 1803 759 apparet,
1820 728 1877 753 tum

1081 774 1124 793 res
1138 772 1259 794 naturam
1277 768 1391 795 excedit.
1407 767 1483 801 Quod
1497 768 1577 803 igitur
1589 769 1736 797 secundutn
1751 775 1876 799 naturam

1081 811 1127 844 ﬁt,
1142 812 1291 847 inquiratur
1302 822 1308 840 ε
1320 812 1391 848 quod
1411 821 1474 841 vero
1496 818 1617 841 naturam
1631 821 1755 850 superat,
1770 817 1877 845 silentio

1080 857 1183 884 colatur
1195 866 1202 884 :
1213 865 1267 885 non
1283 863 1417 893 tamquam
1430 858 1593 893 fugiendum,
1609 860 1656 888 sed
1677 864 1810 896 tamquam
1832 862 1876 889 in—

1080 902 1242 935 enarrabile,
1254 903 1416 938 dignumque
1429 903 1499 938 quod
1515 903 1621 931 silentio
1636 910 1806 933 veneremur.
1820 906 1872 934 Sed

1081 948 1142 975 date
1155 948 1229 980 mihi,
1245 956 1346 983 quasso,
1363 948 1430 976 hanc
1443 949 1547 977 veniam
1561 970 1569 983 ,
1585 954 1615 977 ut
1632 950 1657 977 in
1673 951 1783 979 exordio
1796 951 1875 980 finem

1079 993 1174 1021 faciam
1189 993 1304 1021 dicendi.
1317 993 1383 1022 Cum
1403 995 1474 1022 enim
1489 1002 1578 1022 rerum
1602 995 1785 1023 sublimiorum
1801 997 1876 1026 inve-

1079 1039 1246 1075 stigationem
1255 1040 1384 1075 attingere
1393 1041 1574 1074 reformidem,
1583 1049 1636 1077 quo
1644 1047 1730 1077 pacto,
1739 1048 1786 1071 aut
1795 1051 1876 1079 quam

1078 1085 1105 1113 in
1119 1091 1221 1121 partem
1234 1087 1361 1114 orationis
1373 1087 1477 1115 clavum
1490 1087 1596 1115 flectam
1608 1088 1709 1115 nescio.
1722 1087 1790 1122 Quid
1803 1091 1875 1117 enim

1078 1131 1176 1165 dicam,
1193 1137 1239 1159 aut
1252 1132 1314 1168 quid
1329 1133 1442 1168 loquar?
1457 1133 1567 1161 Matrem
1581 1134 1668 1167 video,
1683 1142 1743 1169 qua;
1761 1136 1874 1170 peperit;

1078 1177 1160 1204 filium
1172 1183 1247 1212 partu
1261 1177 1360 1206 editum
1372 1186 1452 1206 cerno
1462 1188 1469 1207 :
1478 1179 1585 1206 moduni
1599 1183 1687 1206 autem
1695 1181 1875 1215 generationis

1078 1230 1131 1250 non
1147 1223 1282 1258 conspicio
1293 1232 1300 1250 :
1311 1223 1426 1251 vincitur
1437 1223 1508 1251 enim
1523 1229 1616 1251 natura
1628 1245 1635 1257 ,
1647 1224 1762 1252 vincitur
1773 1225 1876 1254 ordinis

1078 1268 1172 1303 limes,
1185 1269 1291 1304 quando
1304 1269 1362 1297 vult
1376 1269 1457 1297 Deus.
1470 1269 1529 1296 Non
1544 1269 1615 1297 enim
1628 1270 1774 1298 secundum
1794 1276 1874 1299 natu-

1077 1322 1135 1342 ram
1144 1323 1188 1343 res
1197 1315 1302 1349 accidit,
1312 1315 1360 1344 sed
1372 1323 1453 1351 supra
1464 1319 1586 1344 naturam
1598 1316 1755 1344 miraculum
1765 1318 1854 1345 evenit
1865 1327 1873 1346 :

1077 1361 1178 1396 quievit
1199 1361 1269 1389 enim
1294 1367 1407 1396 natura,
1427 1362 1474 1390 sed
1496 1362 1599 1390 Domini
1620 1363 1742 1390 voluntas
1764 1368 1874 1398 operata

1077 1410 1128 1434 est.
1143 1407 1165 1435 0
1180 1407 1338 1435 ineffabilem
1357 1408 1468 1443 gratiam
1481 1408 1487 1435 !
1506 1407 1662 1443 Unigenitus
1675 1429 1683 1442 ,
1696 1408 1741 1443 qui
1758 1413 1800 1436 est
1812 1415 1874 1438 ante

1075 1453 1174 1480 sarcula
1188 1473 1195 1485 ,
1211 1453 1256 1488 qui
1271 1453 1341 1488 tangi
1356 1461 1408 1480 non
1423 1457 1527 1488 potest,
1540 1454 1586 1488 qui
1601 1454 1714 1489 simplex
1735 1459 1777 1482 est
1791 1459 1818 1483 et
1832 1455 1874 1485 itt-

1075 1505 1230 1534 corporeus,
1245 1505 1341 1533 corpus
1353 1506 1441 1526 meum
1455 1498 1535 1526 subiit
1544 1499 1708 1534 corruptioni
1724 1500 1872 1529 obnoxium

1075 1549 1103 1573 et
1116 1544 1278 1580 aspectabile
1291 1545 1309 1570 ¹.
1327 1544 1412 1578 Quam
1426 1544 1461 1571 ob
1471 1544 1596 1572 causam?
1608 1543 1643 1572 Ut
1656 1549 1815 1580 conspectus
1824 1546 1874 1574 do-

1074 1595 1142 1624 ceat,
1156 1591 1256 1618 docens
1268 1595 1366 1620 autem.
1376 1589 1408 1617 ad
1420 1597 1450 1617 ea
1463 1597 1523 1625 quae
1536 1598 1588 1617 non
1602 1590 1700 1618 cadunt
1708 1592 1757 1618 sub
1768 1592 1870 1626 oculos,

1075 1643 1156 1663 manu
1177 1635 1266 1663 ducat.
1278 1634 1344 1662 Nam
1361 1635 1486 1669 quoniam
1502 1635 1594 1662 oculos
1610 1635 1718 1663 auribus
1738 1636 1872 1665 fideliores

1074 1688 1135 1709 esse
1146 1681 1301 1709 existimant
1315 1681 1438 1708 homines
1447 1701 1455 1714 ,
1471 1680 1504 1708 de
1517 1688 1550 1708 eo
1565 1688 1628 1708 vero
1641 1681 1765 1709 dubitant
1776 1703 1783 1715 ,
1800 1683 1870 1718 quod

1075 1735 1128 1754 non
1148 1727 1256 1759 vident,
1281 1731 1422 1762 propterea
1446 1726 1569 1762 dignatus
1591 1731 1633 1754 est
1654 1731 1682 1754 et
1702 1735 1749 1762 per
1773 1735 1872 1764 corpus

1074 1773 1159 1801 oculis
1173 1777 1345 1808 conspectum
1358 1772 1398 1800 sui
1414 1773 1552 1808 praebere,
1568 1778 1596 1800 ut
1610 1773 1803 1802 dubitationem
1819 1776 1872 1803 tol-

1074 1819 1150 1847 leret.
1167 1819 1199 1846 Et
1222 1818 1341 1846 nascitur
1360 1826 1392 1846 ex
1414 1819 1538 1853 Virgine,
1551 1826 1611 1853 quae
1631 1827 1687 1846 rem
1710 1820 1870 1855 ignorabat:

1074 1872 1136 1892 nam
1153 1872 1239 1900 neque
1257 1869 1399 1899 cooperata
1421 1869 1464 1892 est
1480 1865 1512 1892 ad
1534 1872 1590 1892 rem
1605 1865 1748 1900 gerendam
1759 1886 1767 1899 ,
1783 1874 1871 1901 neque

1073 1911 1184 1939 contulit
1196 1911 1330 1946 quippiam
1347 1911 1379 1938 ad
1393 1910 1419 1937 id
1435 1911 1505 1946 quod
1529 1911 1608 1938 ﬁebat
1621 1921 1627 1938 :
1642 1912 1688 1939 sed
1707 1912 1806 1940 nudum
1821 1913 1871 1942 fuit

1073 1964 1177 1983 arcana:
1188 1957 1293 1983 virtutis
1303 1956 1360 1991 ejus
1375 1957 1591 1989 instrumentum;
1606 1962 1706 1984 tantum
1721 1957 1746 1985 id
1759 1964 1870 1987 noverat

1073 2001 1142 2036 quod
1158 2009 1191 2028 ex
1206 2001 1327 2029 Gabriele
1349 2002 1479 2029 sciscitata
1494 2001 1621 2029 didicerat
1638 2011 1643 2028 :
1661 2002 1791 2036 Quomodo
1809 2004 1871 2032 mihi

1073 2048 1115 2081 ﬁet
1130 2047 1208 2079 istud,
1224 2048 1283 2082 quia
1298 2048 1378 2073 virum
1391 2055 1441 2074 non
1458 2055 1580 2082 cognosco
1595 2047 1670 2082 (Luc.
1684 2048 1709 2074 l.
1726 2047 1869 2084 54>2Τυιιι

1074 2093 1159 2128 inquit
1174 2093 1217 2120 ille
1231 2102 1237 2119 :
1251 2093 1296 2120 Vis
1316 2093 1367 2120 hoc
1384 2093 1474 2120 seire?
1495 2093 1608 2128 Spiritus
1628 2099 1731 2121 sanctus
1751 2102 1870 2130 superne-

1074 2140 1124 2166 nict
1137 2140 1163 2166 in
1177 2145 1200 2166 te
1212 2160 1218 2171 ,
1233 2145 1256 2167 et
1276 2140 1354 2167 virtus
1375 2138 1497 2166 Altissimt'
1514 2139 1669 2166 obumbrabit
1690 2140 1733 2167 tibi
1746 2139 1827 2175 (Ibid.
1843 2149 1867 2168 tr.

1074 2185 1130 2220 55).
1151 2186 1184 2212 Et
1206 2186 1340 2220 quomodo
1364 2193 1424 2213 cum
1441 2186 1496 2220 ipsa
1520 2189 1593 2218 erat,
1608 2190 1636 2213 et
1657 2186 1736 2220 paulo
1757 2191 1817 2221 post
1835 2195 1869 2215 ex

1074 2231 1150 2266 ipsa?
1163 2231 1393 2265 Quemadmodum
1407 2231 1503 2258 artifex
1514 2252 1522 2264 ,
1535 2231 1640 2258 inventa
1657 2233 1768 2260 ntateria
1782 2233 1871 2260 utilis-

1075 2277 1158 2310 sima,
1180 2285 1227 2304 vas
1250 2277 1458 2312 pulcherrimum
1483 2276 1647 2304 fabricatur:
1664 2277 1700 2304 ita
1724 2278 1848 2306 Christus
1866 2305 1874 2314 ,

1075 2323 1183 2350 invento
1195 2323 1305 2357 virginis
1327 2327 1419 2350 sancto
1441 2330 1554 2358 corpore
1577 2327 1603 2349 et
1617 2323 1705 2351 anima
1718 2344 1725 2355 ,
1740 2324 1868 2358 templum

1074 2369 1125 2396 sibi
1145 2369 1294 2396 construxit
1311 2370 1476 2401 animatum,
1489 2373 1518 2397 et
1539 2369 1675 2397 hominem
1693 2377 1746 2405 qua
1766 2371 1873 2400 ratione

1075 2415 1173 2449 voluit,
1187 2415 1336 2443 eil‘ormavit
1356 2423 1389 2442 ex
1403 2415 1505 2450 virgine
1518 2436 1525 2448 ,
1540 2423 1654 2450 eumque
1667 2415 1775 2443 indutus
1789 2415 1870 2444 hodie

1075 2462 1215 2498 processit,
1229 2469 1316 2496 neque
1330 2467 1431 2489 natum
1441 2461 1638 2489 deformitatem
1652 2462 1766 2489 erubuit.
1779 2461 1871 2497 Neque

1075 2509 1146 2535 enitn
1162 2508 1318 2543 probrosum
1331 2508 1368 2534 illi
1382 2507 1441 2539 fuit,
1453 2512 1482 2534 ut
1491 2514 1568 2534 suum
1582 2514 1650 2541 opus
1663 2507 1721 2542 ipse
1734 2511 1850 2542 gestaret
1863 2515 1872 2534 :

1074 2555 1161 2591 ipsum
1175 2563 1280 2590 qnoqttc
1294 2554 1428 2589 opificium
1444 2554 1557 2581 maxima
1569 2554 1653 2588 gloria
1666 2553 1852 2581 cumulabatur
1863 2573 1872 2586 ,

1075 2600 1146 2636 quod
1158 2601 1260 2636 opiﬁcis
1270 2601 1311 2628 sui
1327 2600 1402 2628 fieret
1413 2600 1606 2628 indumentum.
1619 2600 1685 2627 Nam
1697 2600 1875 2635 quemadmo-

1075 2647 1137 2674 dttm
1156 2647 1182 2674 in
1197 2647 1281 2682 prima
1305 2646 1463 2674 formatione
1477 2647 1534 2674 fieri
1546 2654 1598 2674 non
1611 2651 1718 2682 poterat
1730 2667 1737 2679 ,
1750 2651 1777 2673 ut
1790 2645 1873 2676 homo

1075 2693 1292 2727 constitueretur,
1302 2699 1443 2729 antequam
1453 2693 1538 2720 lututn
1547 2694 1572 2720 in
1582 2693 1639 2728 ejus
1648 2700 1741 2720 manus
1750 2693 1871 2720 veniret:

1076 2740 1111 2767 ita
1127 2740 1183 2767 ﬁeri
1199 2740 1291 2774 nequit
1303 2744 1331 2766 ut
1346 2747 1394 2767 vas
1407 2739 1580 2775 corruptibile
1597 2743 1804 2773 transmutctur,
1819 2737 1874 2766 nisi

1076 2784 1122 2812 fiat
1135 2784 1244 2820 Opiﬁcis
1258 2785 1453 2812 indumentum.
1488 2811 1490 2813 .

1108 2854 1117 2868 ³
1136 2855 1203 2884 neg.,
1216 2850 1370 2883 corruptibile
1381 2855 1404 2877 et
1414 2849 1524 2878 γηοηαει.
