  <div class='ocr_page' id='page_1' title='image "/cluster/home/n/w/nwhite01/storage/ocr_20150623/56/njp.32101077772646/386.png"; bbox 0 0 2060 3125; ppageno 0'>
   <div class='ocr_carea' id='block_1_1' title="bbox 212 148 266 178">
    <p class='ocr_par' dir='ltr' id='par_1_1' title="bbox 212 148 266 178">
     <span class='ocr_line' id='line_1_1' title="bbox 212 148 266 178; baseline -0.056 0"><span class='ocrx_word' id='word_1_1' title='bbox 212 148 266 178; x_wconf 75' lang='grc'><strong>589</strong></span> 
     </span>
    </p>
   </div>
   <div class='ocr_carea' id='block_1_2' title="bbox 245 204 1003 246">
    <p class='ocr_par' dir='ltr' id='par_1_2' title="bbox 245 204 1003 246">
     <span class='ocr_line' id='line_1_2' title="bbox 245 204 1003 246; baseline 0.009 -14"><span class='ocrx_word' id='word_1_2' title='bbox 245 205 273 234; x_wconf 80' lang='lat'><strong>2.</strong></span> <span class='ocrx_word' id='word_1_3' title='bbox 287 204 325 241; x_wconf 80' lang='grc' dir='ltr'><strong>(α)</strong></span> <span class='ocrx_word' id='word_1_4' title='bbox 339 205 394 234; x_wconf 82' lang='lat' dir='ltr'><strong>Sed</strong></span> <span class='ocrx_word' id='word_1_5' title='bbox 413 205 481 241; x_wconf 83' lang='lat' dir='ltr'><strong>quid</strong></span> <span class='ocrx_word' id='word_1_6' title='bbox 492 206 579 235; x_wconf 81' lang='lat' dir='ltr'><strong>dicam</strong></span> <span class='ocrx_word' id='word_1_7' title='bbox 590 228 597 241; x_wconf 92' lang='lat'><strong>,</strong></span> <span class='ocrx_word' id='word_1_8' title='bbox 613 212 660 236; x_wconf 75' lang='lat' dir='ltr'><strong>aut</strong></span> <span class='ocrx_word' id='word_1_9' title='bbox 682 209 744 244; x_wconf 90' lang='lat' dir='ltr'><strong>quid</strong></span> <span class='ocrx_word' id='word_1_10' title='bbox 767 210 877 246; x_wconf 80' lang='lat' dir='ltr'><strong>loquar?</strong></span> <span class='ocrx_word' id='word_1_11' title='bbox 890 211 1003 238; x_wconf 84' lang='lat' dir='ltr'><strong>Miracu-</strong></span> 
     </span>
    </p>
   </div>
   <div class='ocr_carea' id='block_1_3' title="bbox 209 251 1004 292">
    <p class='ocr_par' dir='ltr' id='par_1_3' title="bbox 209 251 1004 292">
     <span class='ocr_line' id='line_1_3' title="bbox 209 251 1004 292; baseline 0.01 -15"><span class='ocrx_word' id='word_1_12' title='bbox 209 251 264 278; x_wconf 91' lang='lat' dir='ltr'><strong>lum</strong></span> <span class='ocrx_word' id='word_1_13' title='bbox 284 251 355 278; x_wconf 92' lang='lat' dir='ltr'><strong>enim</strong></span> <span class='ocrx_word' id='word_1_14' title='bbox 378 252 410 279; x_wconf 61' lang='lat' dir='ltr'><strong>in.</strong></span> <span class='ocrx_word' id='word_1_15' title='bbox 427 251 632 281; x_wconf 92' lang='lat' dir='ltr'><strong>admirationem</strong></span> <span class='ocrx_word' id='word_1_16' title='bbox 657 262 700 282; x_wconf 88' lang='lat' dir='ltr'><strong>me</strong></span> <span class='ocrx_word' id='word_1_17' title='bbox 724 255 849 284; x_wconf 84' lang='lat' dir='ltr'><strong>traducit.</strong></span> <span class='ocrx_word' id='word_1_18' title='bbox 871 257 1004 292; x_wconf 81' lang='lat' dir='ltr'><strong>Antiquos</strong></span> 
     </span>
    </p>
   </div>
   <div class='ocr_carea' id='block_1_4' title="bbox 209 296 1004 337">
    <p class='ocr_par' dir='ltr' id='par_1_4' title="bbox 209 296 1004 337">
     <span class='ocr_line' id='line_1_4' title="bbox 209 296 1004 337; baseline 0.009 -14"><span class='ocrx_word' id='word_1_19' title='bbox 209 296 314 324; x_wconf 90' lang='lat' dir='ltr'><strong>dierum</strong></span> <span class='ocrx_word' id='word_1_20' title='bbox 328 297 413 325; x_wconf 87' lang='lat' dir='ltr'><strong>factus</strong></span> <span class='ocrx_word' id='word_1_21' title='bbox 426 303 467 325; x_wconf 88' lang='lat' dir='ltr'><strong>est</strong></span> <span class='ocrx_word' id='word_1_22' title='bbox 478 298 577 332; x_wconf 91' lang='lat' dir='ltr'><strong>infans,</strong></span> <span class='ocrx_word' id='word_1_23' title='bbox 591 304 619 327; x_wconf 91' lang='lat' dir='ltr'><strong>ct</strong></span> <span class='ocrx_word' id='word_1_24' title='bbox 631 301 676 335; x_wconf 88' lang='lat' dir='ltr'><strong>qui</strong></span> <span class='ocrx_word' id='word_1_25' title='bbox 689 300 715 327; x_wconf 91' lang='lat' dir='ltr'><strong>itt</strong></span> <span class='ocrx_word' id='word_1_26' title='bbox 730 301 800 329; x_wconf 88' lang='lat' dir='ltr'><strong>solio</strong></span> <span class='ocrx_word' id='word_1_27' title='bbox 810 302 917 330; x_wconf 86' lang='lat' dir='ltr'><strong>sublimi</strong></span> <span class='ocrx_word' id='word_1_28' title='bbox 934 310 1004 337; x_wconf 71' lang='lat' dir='ltr'><strong>pra:-</strong></span> 
     </span>
    </p>
   </div>
   <div class='ocr_carea' id='block_1_5' title="bbox 208 343 1004 383">
    <p class='ocr_par' dir='ltr' id='par_1_5' title="bbox 208 343 1004 383">
     <span class='ocr_line' id='line_1_5' title="bbox 208 343 1004 383; baseline 0.006 -13"><span class='ocrx_word' id='word_1_29' title='bbox 208 343 335 378; x_wconf 87' lang='lat' dir='ltr'><strong>celsoque</strong></span> <span class='ocrx_word' id='word_1_30' title='bbox 349 343 489 378; x_wconf 77' lang='lat' dir='ltr'><strong>considet,</strong></span> <span class='ocrx_word' id='word_1_31' title='bbox 506 345 533 372; x_wconf 96' lang='lat' dir='ltr'><strong>in</strong></span> <span class='ocrx_word' id='word_1_32' title='bbox 548 346 679 381; x_wconf 75' lang='lat' dir='ltr'><strong>prmsepio</strong></span> <span class='ocrx_word' id='word_1_33' title='bbox 699 347 824 381; x_wconf 85' lang='lat' dir='ltr'><strong>ponitur;</strong></span> <span class='ocrx_word' id='word_1_34' title='bbox 840 352 868 376; x_wconf 92' lang='lat' dir='ltr'><strong>et</strong></span> <span class='ocrx_word' id='word_1_35' title='bbox 887 348 932 383; x_wconf 96' lang='lat' dir='ltr'><strong>qui</strong></span> <span class='ocrx_word' id='word_1_36' title='bbox 954 348 1004 375; x_wconf 86' lang='lat' dir='ltr'><strong>im-</strong></span> 
     </span>
    </p>
   </div>
   <div class='ocr_carea' id='block_1_6' title="bbox 209 389 1003 430">
    <p class='ocr_par' dir='ltr' id='par_1_6' title="bbox 209 389 1003 430">
     <span class='ocr_line' id='line_1_6' title="bbox 209 389 1003 430; baseline 0.008 -15"><span class='ocrx_word' id='word_1_37' title='bbox 209 389 349 423; x_wconf 87' lang='lat' dir='ltr'><strong>palpabilis</strong></span> <span class='ocrx_word' id='word_1_38' title='bbox 368 394 396 418; x_wconf 88' lang='lat' dir='ltr'><strong>et</strong></span> <span class='ocrx_word' id='word_1_39' title='bbox 417 390 551 425; x_wconf 79' lang='lat' dir='ltr'><strong>simplex,</strong></span> <span class='ocrx_word' id='word_1_40' title='bbox 573 396 600 419; x_wconf 91' lang='lat' dir='ltr'><strong>et</strong></span> <span class='ocrx_word' id='word_1_41' title='bbox 622 392 815 428; x_wconf 85' lang='lat' dir='ltr'><strong>incompositus</strong></span> <span class='ocrx_word' id='word_1_42' title='bbox 828 414 836 427; x_wconf 96' lang='lat'><strong>,</strong></span> <span class='ocrx_word' id='word_1_43' title='bbox 860 399 941 430; x_wconf 87' lang='lat' dir='ltr'><strong>atque</strong></span> <span class='ocrx_word' id='word_1_44' title='bbox 963 393 1003 421; x_wconf 94' lang='lat' dir='ltr'><strong>in-</strong></span> 
     </span>
    </p>
   </div>
   <div class='ocr_carea' id='block_1_7' title="bbox 207 436 1002 475">
    <p class='ocr_par' dir='ltr' id='par_1_7' title="bbox 207 436 1002 475">
     <span class='ocr_line' id='line_1_7' title="bbox 207 436 1002 475; baseline 0.008 -13"><span class='ocrx_word' id='word_1_45' title='bbox 207 442 353 470; x_wconf 81' lang='lat' dir='ltr'><strong>corporeus</strong></span> <span class='ocrx_word' id='word_1_46' title='bbox 374 441 433 469; x_wconf 88' lang='lat' dir='ltr'><strong>est,</strong></span> <span class='ocrx_word' id='word_1_47' title='bbox 447 436 571 465; x_wconf 84' lang='lat' dir='ltr'><strong>humanis</strong></span> <span class='ocrx_word' id='word_1_48' title='bbox 593 438 717 466; x_wconf 91' lang='lat' dir='ltr'><strong>manibus</strong></span> <span class='ocrx_word' id='word_1_49' title='bbox 738 443 921 468; x_wconf 82' lang='lat' dir='ltr'><strong>contrectatur</strong></span> <span class='ocrx_word' id='word_1_50' title='bbox 936 449 941 454; x_wconf 93' lang='grc'><strong>·</strong></span> <span class='ocrx_word' id='word_1_51' title='bbox 956 441 1002 475; x_wconf 87' lang='lat' dir='ltr'><strong>qui</strong></span> 
     </span>
    </p>
   </div>
   <div class='ocr_carea' id='block_1_8' title="bbox 207 484 1000 522">
    <p class='ocr_par' dir='ltr' id='par_1_8' title="bbox 207 484 1000 522">
     <span class='ocr_line' id='line_1_8' title="bbox 207 484 1000 522; baseline 0.006 -11"><span class='ocrx_word' id='word_1_52' title='bbox 207 488 378 520; x_wconf 80' lang='lat' dir='ltr'><strong>peccatorum</strong></span> <span class='ocrx_word' id='word_1_53' title='bbox 401 484 507 511; x_wconf 87' lang='lat' dir='ltr'><strong>vincula</strong></span> <span class='ocrx_word' id='word_1_54' title='bbox 528 484 690 520; x_wconf 83' lang='lat' dir='ltr'><strong>disrumpit,</strong></span> <span class='ocrx_word' id='word_1_55' title='bbox 709 485 799 514; x_wconf 82' lang='lat' dir='ltr'><strong>fasciis</strong></span> <span class='ocrx_word' id='word_1_56' title='bbox 811 507 819 519; x_wconf 94' lang='lat'><strong>,</strong></span> <span class='ocrx_word' id='word_1_57' title='bbox 837 489 897 522; x_wconf 86' lang='lat' dir='ltr'><strong>quia</strong></span> <span class='ocrx_word' id='word_1_58' title='bbox 923 489 980 517; x_wconf 90' lang='lat' dir='ltr'><strong>vult</strong></span> <span class='ocrx_word' id='word_1_59' title='bbox 992 508 1000 521; x_wconf 86' lang='lat'><strong>.</strong></span> 
     </span>
    </p>
   </div>
   <div class='ocr_carea' id='block_1_9' title="bbox 206 529 1002 566">
    <p class='ocr_par' dir='ltr' id='par_1_9' title="bbox 206 529 1002 566">
     <span class='ocr_line' id='line_1_9' title="bbox 206 529 1002 566; baseline 0.006 -8"><span class='ocrx_word' id='word_1_60' title='bbox 206 530 356 565; x_wconf 86' lang='lat' dir='ltr'><strong>stringitur.</strong></span> <span class='ocrx_word' id='word_1_61' title='bbox 373 529 472 558; x_wconf 86' lang='lat' dir='ltr'><strong>Statuit</strong></span> <span class='ocrx_word' id='word_1_62' title='bbox 487 530 558 558; x_wconf 88' lang='lat' dir='ltr'><strong>enim</strong></span> <span class='ocrx_word' id='word_1_63' title='bbox 572 531 744 566; x_wconf 77' lang='lat' dir='ltr'><strong>ignominiam</strong></span> <span class='ocrx_word' id='word_1_64' title='bbox 759 538 864 561; x_wconf 82' lang='lat' dir='ltr'><strong>vertere</strong></span> <span class='ocrx_word' id='word_1_65' title='bbox 876 534 903 562; x_wconf 84' lang='lat' dir='ltr'><strong>in</strong></span> <span class='ocrx_word' id='word_1_66' title='bbox 916 534 1002 563; x_wconf 91' lang='lat' dir='ltr'><strong>hono-</strong></span> 
     </span>
    </p>
   </div>
   <div class='ocr_carea' id='block_1_10' title="bbox 206 575 1001 612">
    <p class='ocr_par' dir='ltr' id='par_1_10' title="bbox 206 575 1001 612">
     <span class='ocr_line' id='line_1_10' title="bbox 206 575 1001 612; baseline 0.005 -8"><span class='ocrx_word' id='word_1_67' title='bbox 206 584 262 604; x_wconf 86' lang='lat' dir='ltr'><strong>rem</strong></span> <span class='ocrx_word' id='word_1_68' title='bbox 274 597 282 609; x_wconf 98' lang='lat'><strong>,</strong></span> <span class='ocrx_word' id='word_1_69' title='bbox 299 575 435 603; x_wconf 79' lang='lat' dir='ltr'><strong>infamiam</strong></span> <span class='ocrx_word' id='word_1_70' title='bbox 459 576 570 604; x_wconf 84' lang='lat' dir='ltr'><strong>induere</strong></span> <span class='ocrx_word' id='word_1_71' title='bbox 582 577 665 612; x_wconf 87' lang='lat' dir='ltr'><strong>gloria</strong></span> <span class='ocrx_word' id='word_1_72' title='bbox 678 598 686 611; x_wconf 96' lang='lat'><strong>,</strong></span> <span class='ocrx_word' id='word_1_73' title='bbox 702 583 730 606; x_wconf 90' lang='lat' dir='ltr'><strong>et</strong></span> <span class='ocrx_word' id='word_1_74' title='bbox 741 579 909 607; x_wconf 73' lang='lat' dir='ltr'><strong>contumelia:</strong></span> <span class='ocrx_word' id='word_1_75' title='bbox 933 580 1001 609; x_wconf 86' lang='lat' dir='ltr'><strong>ﬁnes</strong></span> 
     </span>
    </p>
   </div>
   <div class='ocr_carea' id='block_1_11' title="bbox 205 616 1000 661">
    <p class='ocr_par' dir='ltr' id='par_1_11' title="bbox 205 616 1000 661">
     <span class='ocr_line' id='line_1_11' title="bbox 205 616 1000 661; baseline 0.005 -11"><span class='ocrx_word' id='word_1_76' title='bbox 205 622 314 650; x_wconf 88' lang='lat' dir='ltr'><strong>ntodum</strong></span> <span class='ocrx_word' id='word_1_77' title='bbox 329 621 434 649; x_wconf 78' lang='lat' dir='ltr'><strong>virtutis</strong></span> <span class='ocrx_word' id='word_1_78' title='bbox 446 622 598 651; x_wconf 82' lang='lat' dir='ltr'><strong>ostendere.</strong></span> <span class='ocrx_word' id='word_1_79' title='bbox 609 622 710 652; x_wconf 89' lang='lat' dir='ltr'><strong>Idcirco</strong></span> <span class='ocrx_word' id='word_1_80' title='bbox 723 632 811 653; x_wconf 92' lang='lat' dir='ltr'><strong>meum</strong></span> <span class='ocrx_word' id='word_1_81' title='bbox 824 616 921 661; x_wconf 85' lang='lat' dir='ltr'><strong>corpus</strong></span> <span class='ocrx_word' id='word_1_82' title='bbox 934 627 1000 654; x_wconf 91' lang='lat' dir='ltr'><strong>sub-</strong></span> 
     </span>
    </p>
   </div>
   <div class='ocr_carea' id='block_1_12' title="bbox 205 669 999 706">
    <p class='ocr_par' dir='ltr' id='par_1_12' title="bbox 205 669 999 706">
     <span class='ocr_line' id='line_1_12' title="bbox 205 669 999 706; baseline 0.008 -10"><span class='ocrx_word' id='word_1_83' title='bbox 205 669 243 701; x_wconf 90' lang='lat' dir='ltr'><strong>it,</strong></span> <span class='ocrx_word' id='word_1_84' title='bbox 260 674 288 697; x_wconf 91' lang='lat' dir='ltr'><strong>ut</strong></span> <span class='ocrx_word' id='word_1_85' title='bbox 301 670 359 705; x_wconf 85' lang='lat' dir='ltr'><strong>ejus</strong></span> <span class='ocrx_word' id='word_1_86' title='bbox 375 670 454 698; x_wconf 82' lang='lat' dir='ltr'><strong>Verbi</strong></span> <span class='ocrx_word' id='word_1_87' title='bbox 475 678 525 706; x_wconf 90' lang='lat' dir='ltr'><strong>ego</strong></span> <span class='ocrx_word' id='word_1_88' title='bbox 539 679 622 706; x_wconf 82' lang='lat' dir='ltr'><strong>capax</strong></span> <span class='ocrx_word' id='word_1_89' title='bbox 644 671 763 706; x_wconf 90' lang='lat' dir='ltr'><strong>ﬁam;et</strong></span> <span class='ocrx_word' id='word_1_90' title='bbox 777 681 864 701; x_wconf 85' lang='lat' dir='ltr'><strong>meatu</strong></span> <span class='ocrx_word' id='word_1_91' title='bbox 891 681 999 703; x_wconf 89' lang='lat' dir='ltr'><strong>carnem</strong></span> 
     </span>
    </p>
   </div>
   <div class='ocr_carea' id='block_1_13' title="bbox 204 715 1000 756">
    <p class='ocr_par' dir='ltr' id='par_1_13' title="bbox 204 715 1000 756">
     <span class='ocr_line' id='line_1_13' title="bbox 204 715 1000 756; baseline 0.009 -15"><span class='ocrx_word' id='word_1_92' title='bbox 204 715 371 750; x_wconf 81' lang='lat' dir='ltr'><strong>suseipiens,</strong></span> <span class='ocrx_word' id='word_1_93' title='bbox 384 716 510 751; x_wconf 88' lang='lat' dir='ltr'><strong>Spiritum</strong></span> <span class='ocrx_word' id='word_1_94' title='bbox 525 717 591 744; x_wconf 89' lang='lat' dir='ltr'><strong>mihi</strong></span> <span class='ocrx_word' id='word_1_95' title='bbox 606 726 684 745; x_wconf 90' lang='lat' dir='ltr'><strong>suunt</strong></span> <span class='ocrx_word' id='word_1_96' title='bbox 700 718 824 754; x_wconf 84' lang='lat' dir='ltr'><strong>largiens,</strong></span> <span class='ocrx_word' id='word_1_97' title='bbox 840 725 869 747; x_wconf 90' lang='lat' dir='ltr'><strong>ut</strong></span> <span class='ocrx_word' id='word_1_98' title='bbox 883 719 1000 756; x_wconf 72' lang='lat' dir='ltr'><strong>largiens</strong></span> 
     </span>
    </p>
   </div>
   <div class='ocr_carea' id='block_1_14' title="bbox 204 761 997 800">
    <p class='ocr_par' dir='ltr' id='par_1_14' title="bbox 204 761 997 800">
     <span class='ocr_line' id='line_1_14' title="bbox 204 761 997 800; baseline 0.009 -13"><span class='ocrx_word' id='word_1_99' title='bbox 204 765 230 788; x_wconf 86' lang='lat' dir='ltr'><strong>et</strong></span> <span class='ocrx_word' id='word_1_100' title='bbox 249 761 383 797; x_wconf 88' lang='lat' dir='ltr'><strong>accipiens</strong></span> <span class='ocrx_word' id='word_1_101' title='bbox 400 763 460 790; x_wconf 75' lang='lat' dir='ltr'><strong>vita:</strong></span> <span class='ocrx_word' id='word_1_102' title='bbox 473 763 537 790; x_wconf 89' lang='lat' dir='ltr'><strong>mihi</strong></span> <span class='ocrx_word' id='word_1_103' title='bbox 553 763 707 791; x_wconf 84' lang='lat' dir='ltr'><strong>thesaurum</strong></span> <span class='ocrx_word' id='word_1_104' title='bbox 721 770 869 800; x_wconf 87' lang='lat' dir='ltr'><strong>comparet.</strong></span> <span class='ocrx_word' id='word_1_105' title='bbox 884 765 997 795; x_wconf 89' lang='lat' dir='ltr'><strong>Carnem</strong></span> 
     </span>
    </p>
   </div>
   <div class='ocr_carea' id='block_1_15' title="bbox 203 807 998 845">
    <p class='ocr_par' dir='ltr' id='par_1_15' title="bbox 203 807 998 845">
     <span class='ocr_line' id='line_1_15' title="bbox 203 807 998 845; baseline 0.01 -12"><span class='ocrx_word' id='word_1_106' title='bbox 203 814 290 835; x_wconf 84' lang='lat' dir='ltr'><strong>meam</strong></span> <span class='ocrx_word' id='word_1_107' title='bbox 305 807 426 844; x_wconf 75' lang='lat' dir='ltr'><strong>suscipit,</strong></span> <span class='ocrx_word' id='word_1_108' title='bbox 436 812 464 835; x_wconf 93' lang='lat' dir='ltr'><strong>ut</strong></span> <span class='ocrx_word' id='word_1_109' title='bbox 478 816 520 835; x_wconf 91' lang='lat' dir='ltr'><strong>tne</strong></span> <span class='ocrx_word' id='word_1_110' title='bbox 532 809 829 845; x_wconf 90' lang='lat' dir='ltr'><strong>sanctiﬁcet:Spiritum</strong></span> <span class='ocrx_word' id='word_1_111' title='bbox 845 811 907 838; x_wconf 91' lang='lat' dir='ltr'><strong>mihi</strong></span> <span class='ocrx_word' id='word_1_112' title='bbox 920 820 998 840; x_wconf 91' lang='lat' dir='ltr'><strong>suutn</strong></span> 
     </span>
    </p>
   </div>
   <div class='ocr_carea' id='block_1_16' title="bbox 204 852 999 892">
    <p class='ocr_par' dir='ltr' id='par_1_16' title="bbox 204 852 999 892">
     <span class='ocr_line' id='line_1_16' title="bbox 204 852 999 892; baseline 0.008 -13"><span class='ocrx_word' id='word_1_113' title='bbox 204 852 313 887; x_wconf 86' lang='lat' dir='ltr'><strong>largitur</strong></span> <span class='ocrx_word' id='word_1_114' title='bbox 324 875 331 886; x_wconf 86' lang='lat'><strong>,</strong></span> <span class='ocrx_word' id='word_1_115' title='bbox 347 859 376 881; x_wconf 93' lang='lat' dir='ltr'><strong>ut</strong></span> <span class='ocrx_word' id='word_1_116' title='bbox 392 854 494 882; x_wconf 86' lang='lat' dir='ltr'><strong>salvum</strong></span> <span class='ocrx_word' id='word_1_117' title='bbox 513 863 556 882; x_wconf 89' lang='lat' dir='ltr'><strong>tne</strong></span> <span class='ocrx_word' id='word_1_118' title='bbox 573 855 664 882; x_wconf 80' lang='lat' dir='ltr'><strong>faciat.</strong></span> <span class='ocrx_word' id='word_1_119' title='bbox 677 855 729 883; x_wconf 79' lang='lat' dir='ltr'><strong>Sed</strong></span> <span class='ocrx_word' id='word_1_120' title='bbox 748 857 812 891; x_wconf 90' lang='lat' dir='ltr'><strong>quid</strong></span> <span class='ocrx_word' id='word_1_121' title='bbox 834 857 921 885; x_wconf 91' lang='lat' dir='ltr'><strong>dicam</strong></span> <span class='ocrx_word' id='word_1_122' title='bbox 933 878 941 892; x_wconf 95' lang='lat'><strong>,</strong></span> <span class='ocrx_word' id='word_1_123' title='bbox 952 864 999 887; x_wconf 88' lang='lat' dir='ltr'><strong>aut</strong></span> 
     </span>
    </p>
   </div>
   <div class='ocr_carea' id='block_1_17' title="bbox 202 898 997 939">
    <p class='ocr_par' dir='ltr' id='par_1_17' title="bbox 202 898 997 939">
     <span class='ocr_line' id='line_1_17' title="bbox 202 898 997 939; baseline 0.009 -14"><span class='ocrx_word' id='word_1_124' title='bbox 202 898 266 933; x_wconf 83' lang='lat' dir='ltr'><strong>quid</strong></span> <span class='ocrx_word' id='word_1_125' title='bbox 288 899 399 935; x_wconf 78' lang='lat' dir='ltr'><strong>loquar?</strong></span> <span class='ocrx_word' id='word_1_126' title='bbox 416 900 480 927; x_wconf 84' lang='lat' dir='ltr'><strong>Ecce</strong></span> <span class='ocrx_word' id='word_1_127' title='bbox 503 900 571 936; x_wconf 82' lang='lat' dir='ltr'><strong>virgo</strong></span> <span class='ocrx_word' id='word_1_128' title='bbox 589 902 711 937; x_wconf 74' lang='lat' dir='ltr'><strong>concipiet</strong></span> <span class='ocrx_word' id='word_1_129' title='bbox 727 902 803 937; x_wconf 74' lang='lat' dir='ltr'><strong>(lsai.</strong></span> <span class='ocrx_word' id='word_1_130' title='bbox 825 904 851 930; x_wconf 92' lang='lat'><strong>7.</strong></span> <span class='ocrx_word' id='word_1_131' title='bbox 869 902 924 939; x_wconf 75' lang='lat' dir='ltr'><strong>M).</strong></span> <span class='ocrx_word' id='word_1_132' title='bbox 938 904 997 932; x_wconf 87' lang='lat' dir='ltr'><strong>Non</strong></span> 
     </span>
    </p>
   </div>
   <div class='ocr_carea' id='block_1_18' title="bbox 201 943 995 984">
    <p class='ocr_par' dir='ltr' id='par_1_18' title="bbox 201 943 995 984">
     <span class='ocr_line' id='line_1_18' title="bbox 201 943 995 984; baseline 0.01 -14"><span class='ocrx_word' id='word_1_133' title='bbox 201 943 255 979; x_wconf 80' lang='lat' dir='ltr'><strong>jam</strong></span> <span class='ocrx_word' id='word_1_134' title='bbox 268 943 374 977; x_wconf 90' lang='lat' dir='ltr'><strong>dicitur,</strong></span> <span class='ocrx_word' id='word_1_135' title='bbox 389 950 416 972; x_wconf 95' lang='lat' dir='ltr'><strong>ut</strong></span> <span class='ocrx_word' id='word_1_136' title='bbox 428 945 555 979; x_wconf 89' lang='lat' dir='ltr'><strong>futurum,</strong></span> <span class='ocrx_word' id='word_1_137' title='bbox 567 946 613 974; x_wconf 89' lang='lat' dir='ltr'><strong>sed</strong></span> <span class='ocrx_word' id='word_1_138' title='bbox 625 947 768 982; x_wconf 81' lang='lat' dir='ltr'><strong>suspicitur</strong></span> <span class='ocrx_word' id='word_1_139' title='bbox 782 949 872 984; x_wconf 84' lang='lat' dir='ltr'><strong>utjant</strong></span> <span class='ocrx_word' id='word_1_140' title='bbox 886 950 995 978; x_wconf 90' lang='lat' dir='ltr'><strong>factum.</strong></span> 
     </span>
    </p>
   </div>
   <div class='ocr_carea' id='block_1_19' title="bbox 202 991 997 1032">
    <p class='ocr_par' dir='ltr' id='par_1_19' title="bbox 202 991 997 1032">
     <span class='ocr_line' id='line_1_19' title="bbox 202 991 997 1032; baseline 0.01 -15"><span class='ocrx_word' id='word_1_141' title='bbox 202 991 289 1024; x_wconf 83' lang='lat' dir='ltr'><strong>Atque</strong></span> <span class='ocrx_word' id='word_1_142' title='bbox 308 991 378 1026; x_wconf 90' lang='lat' dir='ltr'><strong>apud</strong></span> <span class='ocrx_word' id='word_1_143' title='bbox 392 991 500 1019; x_wconf 72' lang='lat' dir='ltr'><strong>Judaaos</strong></span> <span class='ocrx_word' id='word_1_144' title='bbox 521 992 629 1028; x_wconf 89' lang='lat' dir='ltr'><strong>quidem</strong></span> <span class='ocrx_word' id='word_1_145' title='bbox 649 993 745 1021; x_wconf 87' lang='lat' dir='ltr'><strong>factum</strong></span> <span class='ocrx_word' id='word_1_146' title='bbox 768 999 827 1029; x_wconf 92' lang='lat' dir='ltr'><strong>cst,</strong></span> <span class='ocrx_word' id='word_1_147' title='bbox 844 996 914 1031; x_wconf 89' lang='lat' dir='ltr'><strong>apud</strong></span> <span class='ocrx_word' id='word_1_148' title='bbox 929 1005 997 1032; x_wconf 89' lang='lat' dir='ltr'><strong>quos</strong></span> 
     </span>
    </p>
   </div>
   <div class='ocr_carea' id='block_1_20' title="bbox 201 1036 997 1077">
    <p class='ocr_par' dir='ltr' id='par_1_20' title="bbox 201 1036 997 1077">
     <span class='ocr_line' id='line_1_20' title="bbox 201 1036 997 1077; baseline 0.01 -14"><span class='ocrx_word' id='word_1_149' title='bbox 201 1036 338 1065; x_wconf 87' lang='lat' dir='ltr'><strong>dicebatur</strong></span> <span class='ocrx_word' id='word_1_150' title='bbox 351 1046 357 1065; x_wconf 92' lang='lat'><strong>:</strong></span> <span class='ocrx_word' id='word_1_151' title='bbox 370 1046 384 1065; x_wconf 90' lang='lat' dir='ltr'><strong>a</strong></span> <span class='ocrx_word' id='word_1_152' title='bbox 400 1038 477 1067; x_wconf 89' lang='lat' dir='ltr'><strong>nobis</strong></span> <span class='ocrx_word' id='word_1_153' title='bbox 489 1043 577 1067; x_wconf 87' lang='lat' dir='ltr'><strong>autem</strong></span> <span class='ocrx_word' id='word_1_154' title='bbox 589 1039 716 1073; x_wconf 86' lang='lat' dir='ltr'><strong>creditur,</strong></span> <span class='ocrx_word' id='word_1_155' title='bbox 731 1041 802 1076; x_wconf 89' lang='lat' dir='ltr'><strong>apud</strong></span> <span class='ocrx_word' id='word_1_156' title='bbox 821 1050 887 1077; x_wconf 90' lang='lat' dir='ltr'><strong>quos</strong></span> <span class='ocrx_word' id='word_1_157' title='bbox 900 1050 934 1071; x_wconf 88' lang='lat' dir='ltr'><strong>ne</strong></span> <span class='ocrx_word' id='word_1_158' title='bbox 949 1052 997 1070; x_wconf 84' lang='lat' dir='ltr'><strong>no-</strong></span> 
     </span>
    </p>
   </div>
   <div class='ocr_carea' id='block_1_21' title="bbox 201 1083 995 1123">
    <p class='ocr_par' dir='ltr' id='par_1_21' title="bbox 201 1083 995 1123">
     <span class='ocr_line' id='line_1_21' title="bbox 201 1083 995 1123; baseline 0.009 -14"><span class='ocrx_word' id='word_1_159' title='bbox 201 1083 351 1111; x_wconf 85' lang='lat' dir='ltr'><strong>minabatur</strong></span> <span class='ocrx_word' id='word_1_160' title='bbox 365 1084 482 1119; x_wconf 88' lang='lat' dir='ltr'><strong>quidem.</strong></span> <span class='ocrx_word' id='word_1_161' title='bbox 491 1084 557 1112; x_wconf 82' lang='lat' dir='ltr'><strong>Ecce</strong></span> <span class='ocrx_word' id='word_1_162' title='bbox 568 1085 636 1120; x_wconf 79' lang='lat' dir='ltr'><strong>virgo</strong></span> <span class='ocrx_word' id='word_1_163' title='bbox 647 1087 777 1122; x_wconf 79' lang='lat' dir='ltr'><strong>concipiet.</strong></span> <span class='ocrx_word' id='word_1_164' title='bbox 790 1086 877 1115; x_wconf 80' lang='lat' dir='ltr'><strong>Litora</strong></span> <span class='ocrx_word' id='word_1_165' title='bbox 888 1089 995 1123; x_wconf 82' lang='lat' dir='ltr'><strong>quidem</strong></span> 
     </span>
    </p>
   </div>
   <div class='ocr_carea' id='block_1_22' title="bbox 201 1130 995 1165">
    <p class='ocr_par' dir='ltr' id='par_1_22' title="bbox 201 1130 995 1165">
     <span class='ocr_line' id='line_1_22' title="bbox 201 1130 995 1165; baseline 0.009 -10"><span class='ocrx_word' id='word_1_166' title='bbox 201 1136 342 1165; x_wconf 76' lang='lat' dir='ltr'><strong>synagoga:</strong></span> <span class='ocrx_word' id='word_1_167' title='bbox 350 1134 402 1163; x_wconf 87' lang='lat' dir='ltr'><strong>est,</strong></span> <span class='ocrx_word' id='word_1_168' title='bbox 413 1130 547 1165; x_wconf 79' lang='lat' dir='ltr'><strong>pOssessio</strong></span> <span class='ocrx_word' id='word_1_169' title='bbox 558 1138 622 1159; x_wconf 90' lang='lat' dir='ltr'><strong>vero</strong></span> <span class='ocrx_word' id='word_1_170' title='bbox 632 1131 768 1160; x_wconf 60' lang='lat' dir='ltr'><strong>Ecclesiae.</strong></span> <span class='ocrx_word' id='word_1_171' title='bbox 778 1132 823 1160; x_wconf 89' lang='lat' dir='ltr'><strong>illa</strong></span> <span class='ocrx_word' id='word_1_172' title='bbox 835 1134 945 1162; x_wconf 86' lang='lat' dir='ltr'><strong>tabellas</strong></span> <span class='ocrx_word' id='word_1_173' title='bbox 955 1135 995 1162; x_wconf 84' lang='lat' dir='ltr'><strong>in-</strong></span> 
     </span>
    </p>
   </div>
   <div class='ocr_carea' id='block_1_23' title="bbox 200 1176 995 1214">
    <p class='ocr_par' dir='ltr' id='par_1_23' title="bbox 200 1176 995 1214">
     <span class='ocr_line' id='line_1_23' title="bbox 200 1176 995 1214; baseline 0.009 -12"><span class='ocrx_word' id='word_1_174' title='bbox 200 1176 282 1208; x_wconf 81' lang='lat' dir='ltr'><strong>venit,</strong></span> <span class='ocrx_word' id='word_1_175' title='bbox 294 1176 352 1204; x_wconf 78' lang='lat' dir='ltr'><strong>hrec</strong></span> <span class='ocrx_word' id='word_1_176' title='bbox 362 1177 533 1213; x_wconf 72' lang='lat' dir='ltr'><strong>margaritam</strong></span> <span class='ocrx_word' id='word_1_177' title='bbox 545 1177 676 1206; x_wconf 93' lang='lat' dir='ltr'><strong>inveniet:</strong></span> <span class='ocrx_word' id='word_1_178' title='bbox 688 1179 732 1206; x_wconf 87' lang='lat' dir='ltr'><strong>illa</strong></span> <span class='ocrx_word' id='word_1_179' title='bbox 744 1180 829 1207; x_wconf 86' lang='lat' dir='ltr'><strong>lanam</strong></span> <span class='ocrx_word' id='word_1_180' title='bbox 841 1180 927 1214; x_wconf 82' lang='lat' dir='ltr'><strong>tinxit,</strong></span> <span class='ocrx_word' id='word_1_181' title='bbox 937 1181 995 1209; x_wconf 73' lang='lat' dir='ltr'><strong>inec</strong></span> 
     </span>
    </p>
   </div>
   <div class='ocr_carea' id='block_1_24' title="bbox 200 1224 995 1262">
    <p class='ocr_par' dir='ltr' id='par_1_24' title="bbox 200 1224 995 1262">
     <span class='ocr_line' id='line_1_24' title="bbox 200 1224 995 1262; baseline 0.008 -13"><span class='ocrx_word' id='word_1_182' title='bbox 200 1228 273 1250; x_wconf 82' lang='lat' dir='ltr'><strong>veste</strong></span> <span class='ocrx_word' id='word_1_183' title='bbox 296 1231 427 1258; x_wconf 87' lang='lat' dir='ltr'><strong>purpurea</strong></span> <span class='ocrx_word' id='word_1_184' title='bbox 444 1228 487 1252; x_wconf 89' lang='lat' dir='ltr'><strong>est</strong></span> <span class='ocrx_word' id='word_1_185' title='bbox 508 1224 608 1252; x_wconf 87' lang='lat' dir='ltr'><strong>induta.</strong></span> <span class='ocrx_word' id='word_1_186' title='bbox 633 1225 770 1260; x_wconf 85' lang='lat' dir='ltr'><strong>Siquidem</strong></span> <span class='ocrx_word' id='word_1_187' title='bbox 792 1226 883 1254; x_wconf 76' lang='lat' dir='ltr'><strong>.lndzea</strong></span> <span class='ocrx_word' id='word_1_188' title='bbox 907 1227 995 1262; x_wconf 88' lang='lat' dir='ltr'><strong>ipsum</strong></span> 
     </span>
    </p>
   </div>
   <div class='ocr_carea' id='block_1_25' title="bbox 200 1270 995 1309">
    <p class='ocr_par' dir='ltr' id='par_1_25' title="bbox 200 1270 995 1309">
     <span class='ocr_line' id='line_1_25' title="bbox 200 1270 995 1309; baseline 0.008 -13"><span class='ocrx_word' id='word_1_189' title='bbox 200 1270 326 1304; x_wconf 85' lang='lat' dir='ltr'><strong>peperit,</strong></span> <span class='ocrx_word' id='word_1_190' title='bbox 348 1275 375 1298; x_wconf 89' lang='lat' dir='ltr'><strong>at</strong></span> <span class='ocrx_word' id='word_1_191' title='bbox 398 1271 472 1298; x_wconf 88' lang='lat' dir='ltr'><strong>orbis</strong></span> <span class='ocrx_word' id='word_1_192' title='bbox 498 1275 630 1298; x_wconf 89' lang='lat' dir='ltr'><strong>terrarum</strong></span> <span class='ocrx_word' id='word_1_193' title='bbox 660 1272 747 1306; x_wconf 88' lang='lat' dir='ltr'><strong>ipsunt</strong></span> <span class='ocrx_word' id='word_1_194' title='bbox 771 1274 886 1308; x_wconf 78' lang='lat' dir='ltr'><strong>excepit.</strong></span> <span class='ocrx_word' id='word_1_195' title='bbox 910 1273 995 1309; x_wconf 79' lang='lat' dir='ltr'><strong>Syna-</strong></span> 
     </span>
    </p>
   </div>
   <div class='ocr_carea' id='block_1_26' title="bbox 198 1316 993 1353">
    <p class='ocr_par' dir='ltr' id='par_1_26' title="bbox 198 1316 993 1353">
     <span class='ocr_line' id='line_1_26' title="bbox 198 1316 993 1353; baseline 0.005 -11"><span class='ocrx_word' id='word_1_196' title='bbox 198 1322 265 1350; x_wconf 73' lang='lat' dir='ltr'><strong>goga</strong></span> <span class='ocrx_word' id='word_1_197' title='bbox 287 1316 373 1351; x_wconf 79' lang='lat' dir='ltr'><strong>ipsum</strong></span> <span class='ocrx_word' id='word_1_198' title='bbox 393 1316 459 1344; x_wconf 89' lang='lat' dir='ltr'><strong>aluit</strong></span> <span class='ocrx_word' id='word_1_199' title='bbox 479 1321 506 1344; x_wconf 89' lang='lat' dir='ltr'><strong>et</strong></span> <span class='ocrx_word' id='word_1_200' title='bbox 527 1316 650 1344; x_wconf 80' lang='lat' dir='ltr'><strong>educavit</strong></span> <span class='ocrx_word' id='word_1_201' title='bbox 666 1326 672 1344; x_wconf 78' lang='grc' dir='ltr'>ς</span> <span class='ocrx_word' id='word_1_202' title='bbox 689 1317 835 1345; x_wconf 86' lang='lat' dir='ltr'><strong>Ecclesiatn</strong></span> <span class='ocrx_word' id='word_1_203' title='bbox 849 1318 935 1353; x_wconf 90' lang='lat' dir='ltr'><strong>ipsum</strong></span> <span class='ocrx_word' id='word_1_204' title='bbox 952 1324 993 1346; x_wconf 90' lang='lat' dir='ltr'><strong>te-</strong></span> 
     </span>
    </p>
   </div>
   <div class='ocr_carea' id='block_1_27' title="bbox 199 1361 992 1399">
    <p class='ocr_par' dir='ltr' id='par_1_27' title="bbox 199 1361 992 1399">
     <span class='ocr_line' id='line_1_27' title="bbox 199 1361 992 1399; baseline 0.006 -12"><span class='ocrx_word' id='word_1_205' title='bbox 199 1361 274 1393; x_wconf 89' lang='lat' dir='ltr'><strong>nuit,</strong></span> <span class='ocrx_word' id='word_1_206' title='bbox 297 1369 382 1397; x_wconf 91' lang='lat' dir='ltr'><strong>coque</strong></span> <span class='ocrx_word' id='word_1_207' title='bbox 405 1362 488 1397; x_wconf 90' lang='lat' dir='ltr'><strong>potita</strong></span> <span class='ocrx_word' id='word_1_208' title='bbox 512 1366 562 1390; x_wconf 90' lang='lat' dir='ltr'><strong>est.</strong></span> <span class='ocrx_word' id='word_1_209' title='bbox 588 1362 665 1398; x_wconf 84' lang='lat' dir='ltr'><strong>Apud</strong></span> <span class='ocrx_word' id='word_1_210' title='bbox 691 1362 764 1390; x_wconf 81' lang='lat' dir='ltr'><strong>illam</strong></span> <span class='ocrx_word' id='word_1_211' title='bbox 788 1363 890 1398; x_wconf 91' lang='lat' dir='ltr'><strong>palmes</strong></span> <span class='ocrx_word' id='word_1_212' title='bbox 901 1365 992 1399; x_wconf 25' lang='lat' dir='ltr'><strong>avitis,</strong></span> 
     </span>
    </p>
   </div>
   <div class='ocr_carea' id='block_1_28' title="bbox 199 1407 993 1442">
    <p class='ocr_par' dir='ltr' id='par_1_28' title="bbox 199 1407 993 1442">
     <span class='ocr_line' id='line_1_28' title="bbox 199 1407 993 1442; baseline 0.004 -7"><span class='ocrx_word' id='word_1_213' title='bbox 199 1412 225 1435; x_wconf 84' lang='lat' dir='ltr'><strong>et</strong></span> <span class='ocrx_word' id='word_1_214' title='bbox 244 1407 314 1442; x_wconf 86' lang='lat' dir='ltr'><strong>apud</strong></span> <span class='ocrx_word' id='word_1_215' title='bbox 336 1416 378 1436; x_wconf 91' lang='lat' dir='ltr'><strong>me</strong></span> <span class='ocrx_word' id='word_1_216' title='bbox 402 1416 523 1436; x_wconf 88' lang='lat' dir='ltr'><strong>racetnus</strong></span> <span class='ocrx_word' id='word_1_217' title='bbox 538 1409 665 1436; x_wconf 84' lang='lat' dir='ltr'><strong>veritatis.</strong></span> <span class='ocrx_word' id='word_1_218' title='bbox 680 1408 726 1436; x_wconf 85' lang='lat' dir='ltr'><strong>illa</strong></span> <span class='ocrx_word' id='word_1_219' title='bbox 745 1416 881 1437; x_wconf 89' lang='lat' dir='ltr'><strong>racemum</strong></span> <span class='ocrx_word' id='word_1_220' title='bbox 901 1410 993 1438; x_wconf 77' lang='lat' dir='ltr'><strong>vinde—</strong></span> 
     </span>
    </p>
   </div>
   <div class='ocr_carea' id='block_1_29' title="bbox 199 1453 992 1490">
    <p class='ocr_par' dir='ltr' id='par_1_29' title="bbox 199 1453 992 1490">
     <span class='ocr_line' id='line_1_29' title="bbox 199 1453 992 1490; baseline 0.004 -9"><span class='ocrx_word' id='word_1_221' title='bbox 199 1453 307 1486; x_wconf 87' lang='lat' dir='ltr'><strong>ntiavit,</strong></span> <span class='ocrx_word' id='word_1_222' title='bbox 322 1459 350 1482; x_wconf 91' lang='lat' dir='ltr'><strong>et</strong></span> <span class='ocrx_word' id='word_1_223' title='bbox 372 1459 466 1489; x_wconf 85' lang='lat' dir='ltr'><strong>gentes</strong></span> <span class='ocrx_word' id='word_1_224' title='bbox 491 1455 631 1490; x_wconf 86' lang='lat' dir='ltr'><strong>mysticam</strong></span> <span class='ocrx_word' id='word_1_225' title='bbox 655 1455 792 1489; x_wconf 86' lang='lat' dir='ltr'><strong>potionem</strong></span> <span class='ocrx_word' id='word_1_226' title='bbox 816 1455 919 1483; x_wconf 88' lang='lat' dir='ltr'><strong>bibunt.</strong></span> <span class='ocrx_word' id='word_1_227' title='bbox 946 1456 992 1484; x_wconf 87' lang='lat' dir='ltr'><strong>Illa</strong></span> 
     </span>
    </p>
   </div>
   <div class='ocr_carea' id='block_1_30' title="bbox 197 1499 993 1536">
    <p class='ocr_par' dir='ltr' id='par_1_30' title="bbox 197 1499 993 1536">
     <span class='ocr_line' id='line_1_30' title="bbox 197 1499 993 1536; baseline 0.004 -10"><span class='ocrx_word' id='word_1_228' title='bbox 197 1507 308 1533; x_wconf 89' lang='lat' dir='ltr'><strong>grattum</strong></span> <span class='ocrx_word' id='word_1_229' title='bbox 336 1499 460 1527; x_wconf 81' lang='lat' dir='ltr'><strong>frumenti</strong></span> <span class='ocrx_word' id='word_1_230' title='bbox 490 1500 516 1527; x_wconf 90' lang='lat' dir='ltr'><strong>in</strong></span> <span class='ocrx_word' id='word_1_231' title='bbox 541 1499 633 1527; x_wconf 72' lang='lat' dir='ltr'><strong>Judzea</strong></span> <span class='ocrx_word' id='word_1_232' title='bbox 654 1500 813 1534; x_wconf 83' lang='lat' dir='ltr'><strong>seminavit;</strong></span> <span class='ocrx_word' id='word_1_233' title='bbox 839 1505 867 1528; x_wconf 89' lang='lat' dir='ltr'><strong>et</strong></span> <span class='ocrx_word' id='word_1_234' title='bbox 899 1506 993 1536; x_wconf 79' lang='lat' dir='ltr'><strong>gentes</strong></span> 
     </span>
    </p>
   </div>
   <div class='ocr_carea' id='block_1_31' title="bbox 198 1544 992 1582">
    <p class='ocr_par' dir='ltr' id='par_1_31' title="bbox 198 1544 992 1582">
     <span class='ocr_line' id='line_1_31' title="bbox 198 1544 992 1582; baseline 0.005 -11"><span class='ocrx_word' id='word_1_235' title='bbox 198 1544 258 1572; x_wconf 83' lang='lat' dir='ltr'><strong>fidei</strong></span> <span class='ocrx_word' id='word_1_236' title='bbox 282 1544 350 1572; x_wconf 84' lang='lat' dir='ltr'><strong>falce</strong></span> <span class='ocrx_word' id='word_1_237' title='bbox 369 1550 485 1578; x_wconf 76' lang='lat' dir='ltr'><strong>segetem</strong></span> <span class='ocrx_word' id='word_1_238' title='bbox 513 1550 689 1573; x_wconf 88' lang='lat' dir='ltr'><strong>messueruttt.</strong></span> <span class='ocrx_word' id='word_1_239' title='bbox 710 1545 810 1573; x_wconf 87' lang='lat' dir='ltr'><strong>Gentes</strong></span> <span class='ocrx_word' id='word_1_240' title='bbox 835 1553 924 1574; x_wconf 68' lang='lat' dir='ltr'><strong>rosam</strong></span> <span class='ocrx_word' id='word_1_241' title='bbox 949 1547 992 1582; x_wconf 87' lang='lat' dir='ltr'><strong>pie</strong></span> 
     </span>
    </p>
   </div>
   <div class='ocr_carea' id='block_1_32' title="bbox 198 1590 992 1626">
    <p class='ocr_par' dir='ltr' id='par_1_32' title="bbox 198 1590 992 1626">
     <span class='ocr_line' id='line_1_32' title="bbox 198 1590 992 1626; baseline 0.005 -9"><span class='ocrx_word' id='word_1_242' title='bbox 198 1590 405 1625; x_wconf 86' lang='lat' dir='ltr'><strong>decerpserunt,</strong></span> <span class='ocrx_word' id='word_1_243' title='bbox 421 1596 447 1617; x_wconf 90' lang='lat' dir='ltr'><strong>et</strong></span> <span class='ocrx_word' id='word_1_244' title='bbox 465 1591 534 1626; x_wconf 88' lang='lat' dir='ltr'><strong>apud</strong></span> <span class='ocrx_word' id='word_1_245' title='bbox 559 1590 666 1618; x_wconf 64' lang='lat' dir='ltr'><strong>ludccos</strong></span> <span class='ocrx_word' id='word_1_246' title='bbox 696 1591 772 1625; x_wconf 85' lang='lat' dir='ltr'><strong>spina</strong></span> <span class='ocrx_word' id='word_1_247' title='bbox 798 1591 992 1621; x_wconf 81' lang='lat' dir='ltr'><strong>incredulitatis</strong></span> 
     </span>
    </p>
   </div>
   <div class='ocr_carea' id='block_1_33' title="bbox 198 1635 990 1671">
    <p class='ocr_par' dir='ltr' id='par_1_33' title="bbox 198 1635 990 1671">
     <span class='ocr_line' id='line_1_33' title="bbox 198 1635 990 1671; baseline 0.003 -8"><span class='ocrx_word' id='word_1_248' title='bbox 198 1636 346 1664; x_wconf 74' lang='lat' dir='ltr'><strong>remansit:</strong></span> <span class='ocrx_word' id='word_1_249' title='bbox 362 1635 449 1671; x_wconf 89' lang='lat' dir='ltr'><strong>pullus</strong></span> <span class='ocrx_word' id='word_1_250' title='bbox 469 1636 603 1668; x_wconf 88' lang='lat' dir='ltr'><strong>avolavit,</strong></span> <span class='ocrx_word' id='word_1_251' title='bbox 627 1641 654 1664; x_wconf 90' lang='lat' dir='ltr'><strong>et</strong></span> <span class='ocrx_word' id='word_1_252' title='bbox 673 1636 790 1664; x_wconf 88' lang='lat' dir='ltr'><strong>assident</strong></span> <span class='ocrx_word' id='word_1_253' title='bbox 810 1637 873 1664; x_wconf 91' lang='lat' dir='ltr'><strong>nido</strong></span> <span class='ocrx_word' id='word_1_254' title='bbox 897 1638 990 1666; x_wconf 85' lang='lat' dir='ltr'><strong>stulti:</strong></span> 
     </span>
    </p>
   </div>
   <div class='ocr_carea' id='block_1_34' title="bbox 198 1681 992 1718">
    <p class='ocr_par' dir='ltr' id='par_1_34' title="bbox 198 1681 992 1718">
     <span class='ocr_line' id='line_1_34' title="bbox 198 1681 992 1718; baseline 0.005 -10"><span class='ocrx_word' id='word_1_255' title='bbox 198 1681 260 1709; x_wconf 87' lang='lat' dir='ltr'><strong>folia</strong></span> <span class='ocrx_word' id='word_1_256' title='bbox 275 1683 358 1710; x_wconf 72' lang='lat' dir='ltr'><strong>litera:</strong></span> <span class='ocrx_word' id='word_1_257' title='bbox 372 1682 691 1717; x_wconf 68' lang='lat' dir='ltr'><strong>intcrpretanturJudtci,</strong></span> <span class='ocrx_word' id='word_1_258' title='bbox 708 1687 734 1710; x_wconf 91' lang='lat' dir='ltr'><strong>et</strong></span> <span class='ocrx_word' id='word_1_259' title='bbox 748 1681 862 1710; x_wconf 90' lang='lat' dir='ltr'><strong>fructum</strong></span> <span class='ocrx_word' id='word_1_260' title='bbox 875 1682 992 1718; x_wconf 85' lang='lat' dir='ltr'><strong>Spiritus</strong></span> 
     </span>
    </p>
   </div>
   <div class='ocr_carea' id='block_1_35' title="bbox 197 1727 990 1763">
    <p class='ocr_par' dir='ltr' id='par_1_35' title="bbox 197 1727 990 1763">
     <span class='ocr_line' id='line_1_35' title="bbox 197 1727 990 1763; baseline 0.003 -8"><span class='ocrx_word' id='word_1_261' title='bbox 197 1733 290 1762; x_wconf 82' lang='lat' dir='ltr'><strong>gentes</strong></span> <span class='ocrx_word' id='word_1_262' title='bbox 309 1728 467 1763; x_wconf 88' lang='lat' dir='ltr'><strong>decerputtt.</strong></span> <span class='ocrx_word' id='word_1_263' title='bbox 488 1727 554 1755; x_wconf 85' lang='lat' dir='ltr'><strong>Ecce</strong></span> <span class='ocrx_word' id='word_1_264' title='bbox 572 1728 641 1763; x_wconf 79' lang='lat' dir='ltr'><strong>uirgo</strong></span> <span class='ocrx_word' id='word_1_265' title='bbox 664 1728 691 1755; x_wconf 81' lang='lat' dir='ltr'><strong>in</strong></span> <span class='ocrx_word' id='word_1_266' title='bbox 705 1732 777 1755; x_wconf 80' lang='lat' dir='ltr'><strong>utero</strong></span> <span class='ocrx_word' id='word_1_267' title='bbox 796 1729 926 1763; x_wconf 70' lang='lat' dir='ltr'><strong>concipiet.</strong></span> <span class='ocrx_word' id='word_1_268' title='bbox 944 1729 990 1757; x_wconf 91' lang='lat' dir='ltr'><strong>Dic</strong></span> 
     </span>
    </p>
   </div>
   <div class='ocr_carea' id='block_1_36' title="bbox 197 1774 991 1809">
    <p class='ocr_par' dir='ltr' id='par_1_36' title="bbox 197 1774 991 1809">
     <span class='ocr_line' id='line_1_36' title="bbox 197 1774 991 1809; baseline 0.003 -8"><span class='ocrx_word' id='word_1_269' title='bbox 197 1774 274 1808; x_wconf 84' lang='lat' dir='ltr'><strong>milii,</strong></span> <span class='ocrx_word' id='word_1_270' title='bbox 288 1774 398 1808; x_wconf 73' lang='lat' dir='ltr'><strong>Judzne,</strong></span> <span class='ocrx_word' id='word_1_271' title='bbox 418 1774 461 1801; x_wconf 93' lang='lat' dir='ltr'><strong>dic</strong></span> <span class='ocrx_word' id='word_1_272' title='bbox 482 1774 548 1801; x_wconf 89' lang='lat' dir='ltr'><strong>ntihi</strong></span> <span class='ocrx_word' id='word_1_273' title='bbox 575 1781 664 1809; x_wconf 91' lang='lat' dir='ltr'><strong>porro,</strong></span> <span class='ocrx_word' id='word_1_274' title='bbox 689 1782 768 1809; x_wconf 89' lang='lat' dir='ltr'><strong>quem</strong></span> <span class='ocrx_word' id='word_1_275' title='bbox 790 1775 912 1809; x_wconf 82' lang='lat' dir='ltr'><strong>peperit?</strong></span> <span class='ocrx_word' id='word_1_276' title='bbox 925 1774 991 1803; x_wconf 82' lang='lat' dir='ltr'><strong>Fide</strong></span> 
     </span>
    </p>
   </div>
   <div class='ocr_carea' id='block_1_37' title="bbox 197 1820 990 1856">
    <p class='ocr_par' dir='ltr' id='par_1_37' title="bbox 197 1820 990 1856">
     <span class='ocr_line' id='line_1_37' title="bbox 197 1820 990 1856; baseline 0 -8"><span class='ocrx_word' id='word_1_277' title='bbox 197 1820 276 1855; x_wconf 86' lang='lat' dir='ltr'><strong>Inibi,</strong></span> <span class='ocrx_word' id='word_1_278' title='bbox 289 1821 383 1848; x_wconf 86' lang='lat' dir='ltr'><strong>saltem</strong></span> <span class='ocrx_word' id='word_1_279' title='bbox 401 1825 429 1848; x_wconf 90' lang='lat' dir='ltr'><strong>ut</strong></span> <span class='ocrx_word' id='word_1_280' title='bbox 447 1820 554 1848; x_wconf 79' lang='lat' dir='ltr'><strong>Herodi.</strong></span> <span class='ocrx_word' id='word_1_281' title='bbox 568 1820 621 1848; x_wconf 90' lang='lat' dir='ltr'><strong>Sed</strong></span> <span class='ocrx_word' id='word_1_282' title='bbox 633 1828 686 1848; x_wconf 91' lang='lat' dir='ltr'><strong>non</strong></span> <span class='ocrx_word' id='word_1_283' title='bbox 702 1820 772 1848; x_wconf 87' lang='lat' dir='ltr'><strong>ﬁdis.</strong></span> <span class='ocrx_word' id='word_1_284' title='bbox 788 1821 849 1848; x_wconf 89' lang='lat' dir='ltr'><strong>Scio</strong></span> <span class='ocrx_word' id='word_1_285' title='bbox 864 1829 942 1856; x_wconf 89' lang='lat' dir='ltr'><strong>quattt</strong></span> <span class='ocrx_word' id='word_1_286' title='bbox 955 1821 990 1849; x_wconf 90' lang='lat' dir='ltr'><strong>ob</strong></span> 
     </span>
    </p>
   </div>
   <div class='ocr_carea' id='block_1_38' title="bbox 197 1867 989 1902">
    <p class='ocr_par' dir='ltr' id='par_1_38' title="bbox 197 1867 989 1902">
     <span class='ocr_line' id='line_1_38' title="bbox 197 1867 989 1902; baseline 0.001 -8"><span class='ocrx_word' id='word_1_287' title='bbox 197 1874 305 1894; x_wconf 81' lang='lat' dir='ltr'><strong>causam</strong></span> <span class='ocrx_word' id='word_1_288' title='bbox 321 1875 328 1893; x_wconf 87' lang='lat'><strong>:</strong></span> <span class='ocrx_word' id='word_1_289' title='bbox 345 1872 454 1902; x_wconf 88' lang='lat' dir='ltr'><strong>propter</strong></span> <span class='ocrx_word' id='word_1_290' title='bbox 473 1867 594 1894; x_wconf 91' lang='lat' dir='ltr'><strong>insidias.</strong></span> <span class='ocrx_word' id='word_1_291' title='bbox 616 1867 656 1894; x_wconf 91' lang='lat' dir='ltr'><strong>Illi</strong></span> <span class='ocrx_word' id='word_1_292' title='bbox 678 1867 749 1894; x_wconf 87' lang='lat' dir='ltr'><strong>enim</strong></span> <span class='ocrx_word' id='word_1_293' title='bbox 771 1867 873 1901; x_wconf 83' lang='lat' dir='ltr'><strong>dixisti,</strong></span> <span class='ocrx_word' id='word_1_294' title='bbox 886 1872 914 1895; x_wconf 94' lang='lat' dir='ltr'><strong>ut</strong></span> <span class='ocrx_word' id='word_1_295' title='bbox 927 1876 989 1895; x_wconf 92' lang='lat' dir='ltr'><strong>entn</strong></span> 
     </span>
    </p>
   </div>
   <div class='ocr_carea' id='block_1_39' title="bbox 198 1912 988 1945">
    <p class='ocr_par' dir='ltr' id='par_1_39' title="bbox 198 1912 988 1945">
     <span class='ocr_line' id='line_1_39' title="bbox 198 1912 988 1945; baseline 0 -5"><span class='ocrx_word' id='word_1_296' title='bbox 198 1913 359 1941; x_wconf 83' lang='lat' dir='ltr'><strong>interﬁceret</strong></span> <span class='ocrx_word' id='word_1_297' title='bbox 375 1922 381 1939; x_wconf 90' lang='lat'>:</span> <span class='ocrx_word' id='word_1_298' title='bbox 401 1912 466 1939; x_wconf 91' lang='lat' dir='ltr'><strong>mihi</strong></span> <span class='ocrx_word' id='word_1_299' title='bbox 480 1920 542 1940; x_wconf 91' lang='lat' dir='ltr'><strong>vero</strong></span> <span class='ocrx_word' id='word_1_300' title='bbox 555 1920 607 1939; x_wconf 95' lang='lat' dir='ltr'><strong>nott</strong></span> <span class='ocrx_word' id='word_1_301' title='bbox 619 1913 695 1945; x_wconf 88' lang='lat' dir='ltr'><strong>dicis,</strong></span> <span class='ocrx_word' id='word_1_302' title='bbox 709 1917 737 1939; x_wconf 93' lang='lat' dir='ltr'><strong>ut</strong></span> <span class='ocrx_word' id='word_1_303' title='bbox 749 1920 783 1940; x_wconf 92' lang='lat' dir='ltr'><strong>ne</strong></span> <span class='ocrx_word' id='word_1_304' title='bbox 797 1920 857 1940; x_wconf 94' lang='lat' dir='ltr'><strong>eum</strong></span> <span class='ocrx_word' id='word_1_305' title='bbox 869 1913 988 1940; x_wconf 91' lang='lat' dir='ltr'><strong>adorem.</strong></span> 
     </span>
    </p>
   </div>
   <div class='ocr_carea' id='block_1_40' title="bbox 197 1958 990 1994">
    <p class='ocr_par' dir='ltr' id='par_1_40' title="bbox 197 1958 990 1994">
     <span class='ocr_line' id='line_1_40' title="bbox 197 1958 990 1994; baseline -0.001 -7"><span class='ocrx_word' id='word_1_306' title='bbox 197 1959 347 1993; x_wconf 83' lang='lat' dir='ltr'><strong>Quemnam</strong></span> <span class='ocrx_word' id='word_1_307' title='bbox 371 1966 437 1986; x_wconf 86' lang='lat' dir='ltr'><strong>vero</strong></span> <span class='ocrx_word' id='word_1_308' title='bbox 460 1959 580 1994; x_wconf 81' lang='lat' dir='ltr'><strong>peperit?</strong></span> <span class='ocrx_word' id='word_1_309' title='bbox 596 1958 763 1992; x_wconf 84' lang='lat' dir='ltr'><strong>Quemnam?</strong></span> <span class='ocrx_word' id='word_1_310' title='bbox 776 1958 883 1986; x_wconf 70' lang='lat' dir='ltr'><strong>Natura:</strong></span> <span class='ocrx_word' id='word_1_311' title='bbox 899 1959 990 1986; x_wconf 88' lang='lat' dir='ltr'><strong>Domi-</strong></span> 
     </span>
    </p>
   </div>
   <div class='ocr_carea' id='block_1_41' title="bbox 199 2004 991 2039">
    <p class='ocr_par' dir='ltr' id='par_1_41' title="bbox 199 2004 991 2039">
     <span class='ocr_line' id='line_1_41' title="bbox 199 2004 991 2039; baseline 0 -7"><span class='ocrx_word' id='word_1_312' title='bbox 199 2013 271 2032; x_wconf 92' lang='lat' dir='ltr'><strong>num.</strong></span> <span class='ocrx_word' id='word_1_313' title='bbox 287 2005 361 2032; x_wconf 89' lang='lat' dir='ltr'><strong>Licet</strong></span> <span class='ocrx_word' id='word_1_314' title='bbox 385 2004 457 2032; x_wconf 90' lang='lat' dir='ltr'><strong>enim</strong></span> <span class='ocrx_word' id='word_1_315' title='bbox 478 2004 507 2031; x_wconf 87' lang='lat' dir='ltr'><strong>tu</strong></span> <span class='ocrx_word' id='word_1_316' title='bbox 528 2004 617 2038; x_wconf 84' lang='lat' dir='ltr'><strong>sileas,</strong></span> <span class='ocrx_word' id='word_1_317' title='bbox 634 2004 731 2031; x_wconf 91' lang='lat' dir='ltr'><strong>clamat</strong></span> <span class='ocrx_word' id='word_1_318' title='bbox 757 2009 850 2031; x_wconf 87' lang='lat' dir='ltr'><strong>natura</strong></span> <span class='ocrx_word' id='word_1_319' title='bbox 865 2013 872 2031; x_wconf 89' lang='lat'><strong>:</strong></span> <span class='ocrx_word' id='word_1_320' title='bbox 887 2005 991 2039; x_wconf 87' lang='lat' dir='ltr'><strong>peperit</strong></span> 
     </span>
    </p>
   </div>
   <div class='ocr_carea' id='block_1_42' title="bbox 198 2049 990 2084">
    <p class='ocr_par' dir='ltr' id='par_1_42' title="bbox 198 2049 990 2084">
     <span class='ocr_line' id='line_1_42' title="bbox 198 2049 990 2084; baseline 0 -7"><span class='ocrx_word' id='word_1_321' title='bbox 198 2050 280 2084; x_wconf 90' lang='lat' dir='ltr'><strong>enim,</strong></span> <span class='ocrx_word' id='word_1_322' title='bbox 294 2054 321 2077; x_wconf 93' lang='lat' dir='ltr'><strong>ut</strong></span> <span class='ocrx_word' id='word_1_323' title='bbox 334 2049 417 2077; x_wconf 87' lang='lat' dir='ltr'><strong>voluit</strong></span> <span class='ocrx_word' id='word_1_324' title='bbox 430 2054 506 2084; x_wconf 90' lang='lat' dir='ltr'><strong>partu</strong></span> <span class='ocrx_word' id='word_1_325' title='bbox 524 2049 579 2083; x_wconf 85' lang='lat' dir='ltr'><strong>edi,</strong></span> <span class='ocrx_word' id='word_1_326' title='bbox 593 2049 639 2084; x_wconf 89' lang='lat' dir='ltr'><strong>qui</strong></span> <span class='ocrx_word' id='word_1_327' title='bbox 655 2053 732 2084; x_wconf 91' lang='lat' dir='ltr'><strong>partu</strong></span> <span class='ocrx_word' id='word_1_328' title='bbox 755 2053 799 2077; x_wconf 90' lang='lat' dir='ltr'><strong>est</strong></span> <span class='ocrx_word' id='word_1_329' title='bbox 822 2050 919 2077; x_wconf 87' lang='lat' dir='ltr'><strong>editus.</strong></span> <span class='ocrx_word' id='word_1_330' title='bbox 932 2049 990 2077; x_wconf 82' lang='lat' dir='ltr'><strong>Non</strong></span> 
     </span>
    </p>
   </div>
   <div class='ocr_carea' id='block_1_43' title="bbox 196 2094 991 2130">
    <p class='ocr_par' dir='ltr' id='par_1_43' title="bbox 196 2094 991 2130">
     <span class='ocr_line' id='line_1_43' title="bbox 196 2094 991 2130; baseline -0.003 -6"><span class='ocrx_word' id='word_1_331' title='bbox 196 2097 268 2124; x_wconf 89' lang='lat' dir='ltr'><strong>enim</strong></span> <span class='ocrx_word' id='word_1_332' title='bbox 287 2094 314 2123; x_wconf 88' lang='lat' dir='ltr'><strong>id</strong></span> <span class='ocrx_word' id='word_1_333' title='bbox 337 2103 353 2122; x_wconf 90' lang='lat' dir='ltr'><strong>a</strong></span> <span class='ocrx_word' id='word_1_334' title='bbox 375 2099 468 2122; x_wconf 87' lang='lat' dir='ltr'><strong>natura</strong></span> <span class='ocrx_word' id='word_1_335' title='bbox 489 2095 701 2130; x_wconf 89' lang='lat' dir='ltr'><strong>permittebatur,</strong></span> <span class='ocrx_word' id='word_1_336' title='bbox 715 2095 763 2123; x_wconf 91' lang='lat' dir='ltr'><strong>sed</strong></span> <span class='ocrx_word' id='word_1_337' title='bbox 776 2099 805 2123; x_wconf 95' lang='lat' dir='ltr'><strong>ut</strong></span> <span class='ocrx_word' id='word_1_338' title='bbox 817 2100 919 2123; x_wconf 69' lang='lat' dir='ltr'><strong>natura:</strong></span> <span class='ocrx_word' id='word_1_339' title='bbox 938 2096 991 2123; x_wconf 91' lang='lat' dir='ltr'><strong>Do-</strong></span> 
     </span>
    </p>
   </div>
   <div class='ocr_carea' id='block_1_44' title="bbox 200 2141 991 2176">
    <p class='ocr_par' dir='ltr' id='par_1_44' title="bbox 200 2141 991 2176">
     <span class='ocr_line' id='line_1_44' title="bbox 200 2141 991 2176; baseline 0 -7"><span class='ocrx_word' id='word_1_340' title='bbox 200 2143 287 2170; x_wconf 91' lang='lat' dir='ltr'><strong>minus</strong></span> <span class='ocrx_word' id='word_1_341' title='bbox 297 2141 450 2169; x_wconf 80' lang='lat' dir='ltr'><strong>inusitatum</strong></span> <span class='ocrx_word' id='word_1_342' title='bbox 462 2141 607 2169; x_wconf 87' lang='lat' dir='ltr'><strong>nativitatis</strong></span> <span class='ocrx_word' id='word_1_343' title='bbox 616 2141 724 2169; x_wconf 89' lang='lat' dir='ltr'><strong>modum</strong></span> <span class='ocrx_word' id='word_1_344' title='bbox 735 2142 848 2176; x_wconf 80' lang='lat' dir='ltr'><strong>invexit,</strong></span> <span class='ocrx_word' id='word_1_345' title='bbox 861 2147 888 2169; x_wconf 90' lang='lat' dir='ltr'><strong>ut</strong></span> <span class='ocrx_word' id='word_1_346' title='bbox 901 2147 991 2169; x_wconf 85' lang='lat' dir='ltr'><strong>osten-</strong></span> 
     </span>
    </p>
   </div>
   <div class='ocr_carea' id='block_1_45' title="bbox 199 2187 989 2222">
    <p class='ocr_par' dir='ltr' id='par_1_45' title="bbox 199 2187 989 2222">
     <span class='ocr_line' id='line_1_45' title="bbox 199 2187 989 2222; baseline 0.001 -8"><span class='ocrx_word' id='word_1_347' title='bbox 199 2187 244 2215; x_wconf 89' lang='lat' dir='ltr'><strong>dat</strong></span> <span class='ocrx_word' id='word_1_348' title='bbox 258 2195 287 2215; x_wconf 91' lang='lat' dir='ltr'><strong>se</strong></span> <span class='ocrx_word' id='word_1_349' title='bbox 300 2187 436 2215; x_wconf 86' lang='lat' dir='ltr'><strong>hominem</strong></span> <span class='ocrx_word' id='word_1_350' title='bbox 450 2187 559 2221; x_wconf 90' lang='lat' dir='ltr'><strong>factum,</strong></span> <span class='ocrx_word' id='word_1_351' title='bbox 573 2195 627 2215; x_wconf 93' lang='lat' dir='ltr'><strong>non</strong></span> <span class='ocrx_word' id='word_1_352' title='bbox 643 2193 670 2215; x_wconf 91' lang='lat' dir='ltr'><strong>ut</strong></span> <span class='ocrx_word' id='word_1_353' title='bbox 688 2187 822 2215; x_wconf 90' lang='lat' dir='ltr'><strong>hominem</strong></span> <span class='ocrx_word' id='word_1_354' title='bbox 844 2195 921 2222; x_wconf 88' lang='lat' dir='ltr'><strong>partu</strong></span> <span class='ocrx_word' id='word_1_355' title='bbox 936 2189 989 2222; x_wconf 91' lang='lat' dir='ltr'><strong>edi,</strong></span> 
     </span>
    </p>
   </div>
   <div class='ocr_carea' id='block_1_46' title="bbox 200 2233 989 2269">
    <p class='ocr_par' dir='ltr' id='par_1_46' title="bbox 200 2233 989 2269">
     <span class='ocr_line' id='line_1_46' title="bbox 200 2233 989 2269; baseline 0 -8"><span class='ocrx_word' id='word_1_356' title='bbox 200 2233 247 2261; x_wconf 87' lang='lat' dir='ltr'><strong>sed</strong></span> <span class='ocrx_word' id='word_1_357' title='bbox 266 2237 295 2260; x_wconf 84' lang='lat' dir='ltr'><strong>ut</strong></span> <span class='ocrx_word' id='word_1_358' title='bbox 316 2233 400 2260; x_wconf 86' lang='lat' dir='ltr'><strong>Deum</strong></span> <span class='ocrx_word' id='word_1_359' title='bbox 420 2233 505 2260; x_wconf 88' lang='lat' dir='ltr'><strong>nasci.</strong></span> <span class='ocrx_word' id='word_1_360' title='bbox 522 2233 559 2260; x_wconf 89' lang='lat' dir='ltr'><strong>Ex</strong></span> <span class='ocrx_word' id='word_1_361' title='bbox 576 2233 684 2268; x_wconf 83' lang='lat' dir='ltr'><strong>Virgine</strong></span> <span class='ocrx_word' id='word_1_362' title='bbox 695 2233 775 2269; x_wconf 79' lang='lat' dir='ltr'><strong>igitur</strong></span> <span class='ocrx_word' id='word_1_363' title='bbox 788 2233 866 2261; x_wconf 93' lang='lat' dir='ltr'><strong>hodie</strong></span> <span class='ocrx_word' id='word_1_364' title='bbox 881 2234 989 2268; x_wconf 89' lang='lat' dir='ltr'><strong>prodiit,</strong></span> 
     </span>
    </p>
   </div>
   <div class='ocr_carea' id='block_1_47' title="bbox 199 2278 990 2314">
    <p class='ocr_par' dir='ltr' id='par_1_47' title="bbox 199 2278 990 2314">
     <span class='ocr_line' id='line_1_47' title="bbox 199 2278 990 2314; baseline 0.001 -7"><span class='ocrx_word' id='word_1_365' title='bbox 199 2287 258 2314; x_wconf 74' lang='lat' dir='ltr'><strong>qua:</strong></span> <span class='ocrx_word' id='word_1_366' title='bbox 283 2283 407 2307; x_wconf 88' lang='lat' dir='ltr'><strong>naturam</strong></span> <span class='ocrx_word' id='word_1_367' title='bbox 432 2279 506 2313; x_wconf 86' lang='lat' dir='ltr'><strong>vicit,</strong></span> <span class='ocrx_word' id='word_1_368' title='bbox 529 2284 556 2307; x_wconf 92' lang='lat' dir='ltr'><strong>et</strong></span> <span class='ocrx_word' id='word_1_369' title='bbox 581 2278 687 2314; x_wconf 89' lang='lat' dir='ltr'><strong>nuptias</strong></span> <span class='ocrx_word' id='word_1_370' title='bbox 713 2280 868 2314; x_wconf 71' lang='lat' dir='ltr'><strong>superavit‘.</strong></span> <span class='ocrx_word' id='word_1_371' title='bbox 886 2280 990 2308; x_wconf 84' lang='lat' dir='ltr'><strong>Etenim</strong></span> 
     </span>
    </p>
   </div>
   <div class='ocr_carea' id='block_1_48' title="bbox 199 2325 991 2361">
    <p class='ocr_par' dir='ltr' id='par_1_48' title="bbox 199 2325 991 2361">
     <span class='ocr_line' id='line_1_48' title="bbox 199 2325 991 2361; baseline 0 -8"><span class='ocrx_word' id='word_1_372' title='bbox 199 2325 348 2353; x_wconf 79' lang='lat' dir='ltr'><strong>sanctitatis</strong></span> <span class='ocrx_word' id='word_1_373' title='bbox 366 2325 548 2361; x_wconf 91' lang='lat' dir='ltr'><strong>Dispensatori</strong></span> <span class='ocrx_word' id='word_1_374' title='bbox 570 2325 756 2358; x_wconf 85' lang='lat' dir='ltr'><strong>conveniebat,</strong></span> <span class='ocrx_word' id='word_1_375' title='bbox 769 2329 798 2352; x_wconf 90' lang='lat' dir='ltr'><strong>ut</strong></span> <span class='ocrx_word' id='word_1_376' title='bbox 810 2334 876 2360; x_wconf 92' lang='lat' dir='ltr'><strong>puro</strong></span> <span class='ocrx_word' id='word_1_377' title='bbox 889 2330 916 2354; x_wconf 88' lang='lat' dir='ltr'><strong>et</strong></span> <span class='ocrx_word' id='word_1_378' title='bbox 929 2334 991 2353; x_wconf 88' lang='lat' dir='ltr'><strong>san-</strong></span> 
     </span>
    </p>
   </div>
   <div class='ocr_carea' id='block_1_49' title="bbox 199 2371 991 2407">
    <p class='ocr_par' dir='ltr' id='par_1_49' title="bbox 199 2371 991 2407">
     <span class='ocr_line' id='line_1_49' title="bbox 199 2371 991 2407; baseline 0.001 -8"><span class='ocrx_word' id='word_1_379' title='bbox 199 2377 242 2400; x_wconf 91' lang='lat' dir='ltr'><strong>cto</strong></span> <span class='ocrx_word' id='word_1_380' title='bbox 257 2377 333 2407; x_wconf 90' lang='lat' dir='ltr'><strong>partu</strong></span> <span class='ocrx_word' id='word_1_381' title='bbox 349 2372 375 2399; x_wconf 93' lang='lat' dir='ltr'><strong>in</strong></span> <span class='ocrx_word' id='word_1_382' title='bbox 389 2372 476 2400; x_wconf 88' lang='lat' dir='ltr'><strong>lucem</strong></span> <span class='ocrx_word' id='word_1_383' title='bbox 497 2371 631 2400; x_wconf 90' lang='lat' dir='ltr'><strong>ederetur.</strong></span> <span class='ocrx_word' id='word_1_384' title='bbox 649 2371 708 2406; x_wconf 86' lang='lat' dir='ltr'><strong>Ipse</strong></span> <span class='ocrx_word' id='word_1_385' title='bbox 723 2379 836 2406; x_wconf 86' lang='lat' dir='ltr'><strong>namque</strong></span> <span class='ocrx_word' id='word_1_386' title='bbox 850 2376 901 2405; x_wconf 89' lang='lat' dir='ltr'><strong>est,</strong></span> <span class='ocrx_word' id='word_1_387' title='bbox 916 2372 961 2407; x_wconf 88' lang='lat' dir='ltr'><strong>qui</strong></span> <span class='ocrx_word' id='word_1_388' title='bbox 975 2380 991 2400; x_wconf 89' lang='lat' dir='ltr'><strong>e</strong></span> 
     </span>
    </p>
   </div>
   <div class='ocr_carea' id='block_1_50' title="bbox 201 2416 991 2454">
    <p class='ocr_par' dir='ltr' id='par_1_50' title="bbox 201 2416 991 2454">
     <span class='ocr_line' id='line_1_50' title="bbox 201 2416 991 2454; baseline -0.001 -8"><span class='ocrx_word' id='word_1_389' title='bbox 201 2422 272 2446; x_wconf 84' lang='lat' dir='ltr'><strong>terra</strong></span> <span class='ocrx_word' id='word_1_390' title='bbox 284 2419 387 2454; x_wconf 78' lang='lat' dir='ltr'><strong>virgine</strong></span> <span class='ocrx_word' id='word_1_391' title='bbox 401 2418 535 2453; x_wconf 91' lang='lat' dir='ltr'><strong>quondam</strong></span> <span class='ocrx_word' id='word_1_392' title='bbox 549 2417 674 2445; x_wconf 79' lang='lat' dir='ltr'><strong>formavit</strong></span> <span class='ocrx_word' id='word_1_393' title='bbox 687 2416 828 2454; x_wconf 81' lang='lat' dir='ltr'><strong>Adamutn,</strong></span> <span class='ocrx_word' id='word_1_394' title='bbox 839 2425 874 2444; x_wconf 80' lang='lat' dir='ltr'><strong>ex</strong></span> <span class='ocrx_word' id='word_1_395' title='bbox 889 2418 991 2445; x_wconf 85' lang='lat' dir='ltr'><strong>Adatno</strong></span> 
     </span>
    </p>
   </div>
   <div class='ocr_carea' id='block_1_51' title="bbox 201 2464 991 2494">
    <p class='ocr_par' dir='ltr' id='par_1_51' title="bbox 201 2464 991 2494">
     <span class='ocr_line' id='line_1_51' title="bbox 201 2464 991 2494; baseline -0.003 0"><span class='ocrx_word' id='word_1_396' title='bbox 201 2473 266 2493; x_wconf 87' lang='lat' dir='ltr'><strong>vero</strong></span> <span class='ocrx_word' id='word_1_397' title='bbox 285 2466 344 2494; x_wconf 88' lang='lat' dir='ltr'><strong>sine</strong></span> <span class='ocrx_word' id='word_1_398' title='bbox 367 2465 480 2493; x_wconf 91' lang='lat' dir='ltr'><strong>muliere</strong></span> <span class='ocrx_word' id='word_1_399' title='bbox 503 2465 642 2492; x_wconf 76' lang='lat' dir='ltr'><strong>mulierem</strong></span> <span class='ocrx_word' id='word_1_400' title='bbox 661 2464 819 2492; x_wconf 77' lang='lat' dir='ltr'><strong>cﬂ’ormavit.</strong></span> <span class='ocrx_word' id='word_1_401' title='bbox 832 2464 906 2491; x_wconf 91' lang='lat' dir='ltr'><strong>Sicut</strong></span> <span class='ocrx_word' id='word_1_402' title='bbox 918 2465 991 2492; x_wconf 90' lang='lat' dir='ltr'><strong>enim</strong></span> 
     </span>
    </p>
   </div>
   <div class='ocr_carea' id='block_1_52' title="bbox 201 2510 990 2547">
    <p class='ocr_par' dir='ltr' id='par_1_52' title="bbox 201 2510 990 2547">
     <span class='ocr_line' id='line_1_52' title="bbox 201 2510 990 2547; baseline -0.004 -7"><span class='ocrx_word' id='word_1_403' title='bbox 201 2513 258 2540; x_wconf 87' lang='lat' dir='ltr'><strong>sine</strong></span> <span class='ocrx_word' id='word_1_404' title='bbox 278 2512 391 2540; x_wconf 76' lang='lat' dir='ltr'><strong>muliere</strong></span> <span class='ocrx_word' id='word_1_405' title='bbox 413 2511 524 2547; x_wconf 86' lang='lat' dir='ltr'><strong>protulit</strong></span> <span class='ocrx_word' id='word_1_406' title='bbox 543 2512 683 2539; x_wconf 91' lang='lat' dir='ltr'><strong>tnuliercm</strong></span> <span class='ocrx_word' id='word_1_407' title='bbox 706 2510 834 2542; x_wconf 82' lang='lat' dir='ltr'><strong>Adamus.</strong></span> <span class='ocrx_word' id='word_1_408' title='bbox 850 2511 889 2538; x_wconf 92' lang='lat' dir='ltr'><strong>sic</strong></span> <span class='ocrx_word' id='word_1_409' title='bbox 910 2510 990 2537; x_wconf 87' lang='lat' dir='ltr'><strong>etiatn</strong></span> 
     </span>
    </p>
   </div>
   <div class='ocr_carea' id='block_1_53' title="bbox 202 2555 991 2594">
    <p class='ocr_par' dir='ltr' id='par_1_53' title="bbox 202 2555 991 2594">
     <span class='ocr_line' id='line_1_53' title="bbox 202 2555 991 2594; baseline -0.003 -8"><span class='ocrx_word' id='word_1_410' title='bbox 202 2558 281 2594; x_wconf 82' lang='lat' dir='ltr'><strong>Virgo</strong></span> <span class='ocrx_word' id='word_1_411' title='bbox 293 2559 351 2587; x_wconf 88' lang='lat' dir='ltr'><strong>sine</strong></span> <span class='ocrx_word' id='word_1_412' title='bbox 364 2558 422 2586; x_wconf 90' lang='lat' dir='ltr'><strong>viro</strong></span> <span class='ocrx_word' id='word_1_413' title='bbox 438 2557 574 2585; x_wconf 90' lang='lat' dir='ltr'><strong>hominem</strong></span> <span class='ocrx_word' id='word_1_414' title='bbox 598 2555 677 2585; x_wconf 85' lang='lat' dir='ltr'><strong>hodie</strong></span> <span class='ocrx_word' id='word_1_415' title='bbox 695 2557 806 2591; x_wconf 85' lang='lat' dir='ltr'><strong>peperit.</strong></span> <span class='ocrx_word' id='word_1_416' title='bbox 822 2556 908 2583; x_wconf 87' lang='lat' dir='ltr'><strong>Homo</strong></span> <span class='ocrx_word' id='word_1_417' title='bbox 919 2556 991 2584; x_wconf 91' lang='lat' dir='ltr'><strong>enim</strong></span> 
     </span>
    </p>
   </div>
   <div class='ocr_carea' id='block_1_54' title="bbox 200 2603 991 2641">
    <p class='ocr_par' dir='ltr' id='par_1_54' title="bbox 200 2603 991 2641">
     <span class='ocr_line' id='line_1_54' title="bbox 200 2603 991 2641; baseline -0.004 -8"><span class='ocrx_word' id='word_1_418' title='bbox 200 2605 360 2641; x_wconf 58' lang='lat' dir='ltr'><strong>esuinquit,</strong></span> <span class='ocrx_word' id='word_1_419' title='bbox 384 2609 412 2633; x_wconf 90' lang='lat' dir='ltr'><strong>et</strong></span> <span class='ocrx_word' id='word_1_420' title='bbox 433 2605 493 2640; x_wconf 85' lang='lat' dir='ltr'><strong>quis</strong></span> <span class='ocrx_word' id='word_1_421' title='bbox 517 2607 661 2639; x_wconf 82' lang='lat' dir='ltr'><strong>cognoscet</strong></span> <span class='ocrx_word' id='word_1_422' title='bbox 688 2604 766 2631; x_wconf 88' lang='lat' dir='ltr'><strong>eum?</strong></span> <span class='ocrx_word' id='word_1_423' title='bbox 780 2603 846 2631; x_wconf 86' lang='lat' dir='ltr'><strong>Nam</strong></span> <span class='ocrx_word' id='word_1_424' title='bbox 866 2604 991 2638; x_wconf 91' lang='lat' dir='ltr'><strong>quoniam</strong></span> 
     </span>
    </p>
   </div>
   <div class='ocr_carea' id='block_1_55' title="bbox 202 2648 992 2686">
    <p class='ocr_par' dir='ltr' id='par_1_55' title="bbox 202 2648 992 2686">
     <span class='ocr_line' id='line_1_55' title="bbox 202 2648 992 2686; baseline -0.004 -8"><span class='ocrx_word' id='word_1_425' title='bbox 202 2651 352 2679; x_wconf 88' lang='lat' dir='ltr'><strong>hominibus</strong></span> <span class='ocrx_word' id='word_1_426' title='bbox 374 2658 459 2686; x_wconf 87' lang='lat' dir='ltr'><strong>genus</strong></span> <span class='ocrx_word' id='word_1_427' title='bbox 481 2650 610 2677; x_wconf 89' lang='lat' dir='ltr'><strong>muliebre</strong></span> <span class='ocrx_word' id='word_1_428' title='bbox 633 2649 792 2676; x_wconf 87' lang='lat' dir='ltr'><strong>beneﬁcium</strong></span> <span class='ocrx_word' id='word_1_429' title='bbox 807 2648 931 2682; x_wconf 87' lang='lat' dir='ltr'><strong>debebat,</strong></span> <span class='ocrx_word' id='word_1_430' title='bbox 948 2654 992 2676; x_wconf 85' lang='lat' dir='ltr'><strong>ut-</strong></span> 
     </span>
    </p>
   </div>
   <div class='ocr_carea' id='block_1_56' title="bbox 203 2694 990 2733">
    <p class='ocr_par' dir='ltr' id='par_1_56' title="bbox 203 2694 990 2733">
     <span class='ocr_line' id='line_1_56' title="bbox 203 2694 990 2733; baseline -0.005 -8"><span class='ocrx_word' id='word_1_431' title='bbox 203 2703 263 2732; x_wconf 85' lang='lat' dir='ltr'><strong>pote</strong></span> <span class='ocrx_word' id='word_1_432' title='bbox 277 2697 349 2733; x_wconf 90' lang='lat' dir='ltr'><strong>quod</strong></span> <span class='ocrx_word' id='word_1_433' title='bbox 361 2697 446 2724; x_wconf 82' lang='lat' dir='ltr'><strong>Adam</strong></span> <span class='ocrx_word' id='word_1_434' title='bbox 459 2697 517 2724; x_wconf 90' lang='lat' dir='ltr'><strong>sine</strong></span> <span class='ocrx_word' id='word_1_435' title='bbox 529 2696 641 2724; x_wconf 88' lang='lat' dir='ltr'><strong>muliere</strong></span> <span class='ocrx_word' id='word_1_436' title='bbox 654 2695 792 2722; x_wconf 89' lang='lat' dir='ltr'><strong>mulierem</strong></span> <span class='ocrx_word' id='word_1_437' title='bbox 806 2694 970 2730; x_wconf 88' lang='lat' dir='ltr'><strong>produxerat</strong></span> <span class='ocrx_word' id='word_1_438' title='bbox 983 2703 990 2721; x_wconf 88' lang='lat'><strong>:</strong></span> 
     </span>
    </p>
   </div>
   <div class='ocr_carea' id='block_1_57' title="bbox 204 2740 991 2778">
    <p class='ocr_par' dir='ltr' id='par_1_57' title="bbox 204 2740 991 2778">
     <span class='ocr_line' id='line_1_57' title="bbox 204 2740 991 2778; baseline -0.004 -8"><span class='ocrx_word' id='word_1_439' title='bbox 204 2746 343 2778; x_wconf 86' lang='lat' dir='ltr'><strong>propterea</strong></span> <span class='ocrx_word' id='word_1_440' title='bbox 363 2742 438 2777; x_wconf 85' lang='lat' dir='ltr'><strong>virgo</strong></span> <span class='ocrx_word' id='word_1_441' title='bbox 460 2742 519 2770; x_wconf 89' lang='lat' dir='ltr'><strong>sine</strong></span> <span class='ocrx_word' id='word_1_442' title='bbox 538 2742 595 2769; x_wconf 87' lang='lat' dir='ltr'><strong>viro</strong></span> <span class='ocrx_word' id='word_1_443' title='bbox 607 2741 686 2769; x_wconf 89' lang='lat' dir='ltr'><strong>hodie</strong></span> <span class='ocrx_word' id='word_1_444' title='bbox 702 2741 815 2776; x_wconf 87' lang='lat' dir='ltr'><strong>peperit,</strong></span> <span class='ocrx_word' id='word_1_445' title='bbox 830 2747 862 2768; x_wconf 89' lang='lat' dir='ltr'><strong>ac</strong></span> <span class='ocrx_word' id='word_1_446' title='bbox 875 2748 924 2776; x_wconf 91' lang='lat' dir='ltr'><strong>pro</strong></span> <span class='ocrx_word' id='word_1_447' title='bbox 937 2740 991 2767; x_wconf 86' lang='lat' dir='ltr'><strong>Eva</strong></span> 
     </span>
    </p>
   </div>
   <div class='ocr_carea' id='block_1_58' title="bbox 236 2827 962 2859">
    <p class='ocr_par' dir='ltr' id='par_1_58' title="bbox 236 2827 962 2859">
     <span class='ocr_line' id='line_1_58' title="bbox 236 2827 962 2859; baseline -0.001 -7"><span class='ocrx_word' id='word_1_448' title='bbox 236 2828 244 2859; x_wconf 59' lang='grc' dir='ltr'>ξ</span> <span class='ocrx_word' id='word_1_449' title='bbox 263 2831 332 2858; x_wconf 63' lang='lat' dir='ltr'><strong>Reg,</strong></span> <span class='ocrx_word' id='word_1_450' title='bbox 384 2827 482 2859; x_wconf 80' lang='lat' dir='ltr'><strong>prodiit,</strong></span> <span class='ocrx_word' id='word_1_451' title='bbox 495 2831 606 2859; x_wconf 69' lang='lat' dir='ltr'><strong>naturam</strong></span> <span class='ocrx_word' id='word_1_452' title='bbox 616 2827 719 2857; x_wconf 75' lang='lat' dir='ltr'><strong>vincens,</strong></span> <span class='ocrx_word' id='word_1_453' title='bbox 731 2830 826 2859; x_wconf 68' lang='lat' dir='ltr'><strong>mtpttas</strong></span> <span class='ocrx_word' id='word_1_454' title='bbox 836 2833 962 2858; x_wconf 75' lang='lat' dir='ltr'><strong>superans.</strong></span> 
     </span>
    </p>
   </div>
   <div class='ocr_carea' id='block_1_59' title="bbox 235 2857 994 2889">
    <p class='ocr_par' dir='ltr' id='par_1_59' title="bbox 235 2857 994 2889">
     <span class='ocr_line' id='line_1_59' title="bbox 235 2857 994 2889; baseline 0.001 -7"><span class='ocrx_word' id='word_1_455' title='bbox 235 2857 271 2888; x_wconf 77' lang='lat'><strong>((1)</strong></span> <span class='ocrx_word' id='word_1_456' title='bbox 288 2857 345 2887; x_wconf 60' lang='lat' dir='ltr'><strong>(ina:</strong></span> <span class='ocrx_word' id='word_1_457' title='bbox 364 2857 498 2889; x_wconf 78' lang='lat' dir='ltr'><strong>séquttntur</strong></span> <span class='ocrx_word' id='word_1_458' title='bbox 513 2858 545 2882; x_wconf 86' lang='lat' dir='ltr'><strong>de</strong></span> <span class='ocrx_word' id='word_1_459' title='bbox 566 2858 731 2889; x_wconf 81' lang='lat' dir='ltr'><strong>incarnatione</strong></span> <span class='ocrx_word' id='word_1_460' title='bbox 747 2857 834 2883; x_wconf 80' lang='lat' dir='ltr'><strong>Christi</strong></span> <span class='ocrx_word' id='word_1_461' title='bbox 852 2857 994 2884; x_wconf 79' lang='lat' dir='ltr'><strong>concinnata</strong></span> 
     </span>
    </p>
   </div>
   <div class='ocr_carea' id='block_1_60' title="bbox 205 2887 914 2921">
    <p class='ocr_par' dir='ltr' id='par_1_60' title="bbox 205 2887 914 2921">
     <span class='ocr_line' id='line_1_60' title="bbox 205 2887 914 2921; baseline 0.001 -8"><span class='ocrx_word' id='word_1_462' title='bbox 205 2892 308 2915; x_wconf 68' lang='lat' dir='ltr'><strong>utantur</strong></span> <span class='ocrx_word' id='word_1_463' title='bbox 316 2895 331 2915; x_wconf 83' lang='lat' dir='ltr'><strong>a</strong></span> <span class='ocrx_word' id='word_1_464' title='bbox 341 2892 363 2914; x_wconf 90' lang='lat' dir='ltr'><strong>s.</strong></span> <span class='ocrx_word' id='word_1_465' title='bbox 376 2887 463 2920; x_wconf 57' lang='grc' dir='ltr'><strong>(Σάπωο</strong></span> <span class='ocrx_word' id='word_1_466' title='bbox 475 2887 643 2919; x_wconf 74' lang='lat' dir='ltr'><strong>Alexandrino,</strong></span> <span class='ocrx_word' id='word_1_467' title='bbox 652 2889 676 2913; x_wconf 87' lang='lat' dir='ltr'><strong>in</strong></span> <span class='ocrx_word' id='word_1_468' title='bbox 688 2888 748 2914; x_wconf 86' lang='lat' dir='ltr'><strong>libro</strong></span> <span class='ocrx_word' id='word_1_469' title='bbox 764 2889 793 2914; x_wconf 86' lang='lat' dir='ltr'><strong>ad</strong></span> <span class='ocrx_word' id='word_1_470' title='bbox 806 2891 914 2921; x_wconf 77' lang='lat' dir='ltr'><strong>negatas.</strong></span> 
     </span>
    </p>
   </div>
   <div class='ocr_carea' id='block_1_61' title="bbox 781 151 1265 182">
    <p class='ocr_par' dir='ltr' id='par_1_61' title="bbox 781 151 1265 182">
     <span class='ocr_line' id='line_1_61' title="bbox 781 151 1265 182; baseline 0.002 -2"><span class='ocrx_word' id='word_1_471' title='bbox 781 152 814 180; x_wconf 84' lang='lat' dir='ltr'><strong>IN</strong></span> <span class='ocrx_word' id='word_1_472' title='bbox 833 151 997 180; x_wconf 74' lang='lat' dir='ltr'><strong>NATALEM</strong></span> <span class='ocrx_word' id='word_1_473' title='bbox 1015 151 1154 181; x_wconf 53' lang='lat' dir='ltr'><strong>CHRISTI“</strong></span> <span class='ocrx_word' id='word_1_474' title='bbox 1173 153 1265 182; x_wconf 77' lang='lat' dir='ltr'><strong>DIEM.</strong></span> 
     </span>
    </p>
   </div>
   <div class='ocr_carea' id='block_1_62' title="bbox 1791 157 1846 188">
    <p class='ocr_par' dir='ltr' id='par_1_62' title="bbox 1791 157 1846 188">
     <span class='ocr_line' id='line_1_62' title="bbox 1791 157 1846 188; baseline 0.018 -1"><span class='ocrx_word' id='word_1_475' title='bbox 1791 157 1846 188; x_wconf 76' lang='lat'><strong>390</strong></span> 
     </span>
    </p>
   </div>
   <div class='ocr_carea' id='block_1_63' title="bbox 1059 211 1847 253">
    <p class='ocr_par' dir='ltr' id='par_1_63' title="bbox 1059 211 1847 253">
     <span class='ocr_line' id='line_1_63' title="bbox 1059 211 1847 253; baseline 0.011 -14"><span class='ocrx_word' id='word_1_476' title='bbox 1059 211 1178 240; x_wconf 86' lang='lat' dir='ltr'><strong>debitum</strong></span> <span class='ocrx_word' id='word_1_477' title='bbox 1197 213 1245 241; x_wconf 92' lang='lat' dir='ltr'><strong>viri</strong></span> <span class='ocrx_word' id='word_1_478' title='bbox 1260 213 1397 249; x_wconf 87' lang='lat' dir='ltr'><strong>persolvit.</strong></span> <span class='ocrx_word' id='word_1_479' title='bbox 1413 213 1448 243; x_wconf 80' lang='lat' dir='ltr'><strong>Ut</strong></span> <span class='ocrx_word' id='word_1_480' title='bbox 1459 215 1530 242; x_wconf 89' lang='lat' dir='ltr'><strong>enim</strong></span> <span class='ocrx_word' id='word_1_481' title='bbox 1543 223 1597 244; x_wconf 89' lang='lat' dir='ltr'><strong>tton</strong></span> <span class='ocrx_word' id='word_1_482' title='bbox 1611 219 1761 253; x_wconf 86' lang='lat' dir='ltr'><strong>superbiret</strong></span> <span class='ocrx_word' id='word_1_483' title='bbox 1775 219 1847 248; x_wconf 79' lang='lat' dir='ltr'><strong>Ada-</strong></span> 
     </span>
    </p>
   </div>
   <div class='ocr_carea' id='block_1_64' title="bbox 1059 258 1847 297">
    <p class='ocr_par' dir='ltr' id='par_1_64' title="bbox 1059 258 1847 297">
     <span class='ocr_line' id='line_1_64' title="bbox 1059 258 1847 297; baseline 0.011 -13"><span class='ocrx_word' id='word_1_484' title='bbox 1059 264 1128 289; x_wconf 86' lang='lat' dir='ltr'><strong>mus,</strong></span> <span class='ocrx_word' id='word_1_485' title='bbox 1144 258 1214 293; x_wconf 91' lang='lat' dir='ltr'><strong>quod</strong></span> <span class='ocrx_word' id='word_1_486' title='bbox 1224 259 1284 286; x_wconf 87' lang='lat' dir='ltr'><strong>sine</strong></span> <span class='ocrx_word' id='word_1_487' title='bbox 1296 259 1407 288; x_wconf 88' lang='lat' dir='ltr'><strong>muliere</strong></span> <span class='ocrx_word' id='word_1_488' title='bbox 1420 261 1558 288; x_wconf 88' lang='lat' dir='ltr'><strong>mulierem</strong></span> <span class='ocrx_word' id='word_1_489' title='bbox 1568 262 1732 297; x_wconf 76' lang='lat' dir='ltr'><strong>protulisset,</strong></span> <span class='ocrx_word' id='word_1_490' title='bbox 1747 263 1847 293; x_wconf 89' lang='lat' dir='ltr'><strong>idcirco</strong></span> 
     </span>
    </p>
   </div>
   <div class='ocr_carea' id='block_1_65' title="bbox 1057 304 1849 341">
    <p class='ocr_par' dir='ltr' id='par_1_65' title="bbox 1057 304 1849 341">
     <span class='ocr_line' id='line_1_65' title="bbox 1057 304 1849 341; baseline 0.009 -11"><span class='ocrx_word' id='word_1_491' title='bbox 1057 307 1085 330; x_wconf 90' lang='lat' dir='ltr'><strong>et</strong></span> <span class='ocrx_word' id='word_1_492' title='bbox 1096 304 1190 332; x_wconf 89' lang='lat' dir='ltr'><strong>mulier</strong></span> <span class='ocrx_word' id='word_1_493' title='bbox 1200 305 1257 332; x_wconf 88' lang='lat' dir='ltr'><strong>sine</strong></span> <span class='ocrx_word' id='word_1_494' title='bbox 1267 305 1324 333; x_wconf 93' lang='lat' dir='ltr'><strong>viro</strong></span> <span class='ocrx_word' id='word_1_495' title='bbox 1338 306 1440 341; x_wconf 88' lang='lat' dir='ltr'><strong>peperit</strong></span> <span class='ocrx_word' id='word_1_496' title='bbox 1449 307 1545 341; x_wconf 86' lang='lat' dir='ltr'><strong>virum,</strong></span> <span class='ocrx_word' id='word_1_497' title='bbox 1559 312 1586 334; x_wconf 90' lang='lat' dir='ltr'><strong>ut</strong></span> <span class='ocrx_word' id='word_1_498' title='bbox 1596 308 1716 336; x_wconf 79' lang='lat' dir='ltr'><strong>miraculi</strong></span> <span class='ocrx_word' id='word_1_499' title='bbox 1728 315 1849 336; x_wconf 90' lang='lat' dir='ltr'><strong>commu-</strong></span> 
     </span>
    </p>
   </div>
   <div class='ocr_carea' id='block_1_66' title="bbox 1057 348 1846 390">
    <p class='ocr_par' dir='ltr' id='par_1_66' title="bbox 1057 348 1846 390">
     <span class='ocr_line' id='line_1_66' title="bbox 1057 348 1846 390; baseline 0.009 -15"><span class='ocrx_word' id='word_1_500' title='bbox 1057 348 1138 377; x_wconf 90' lang='lat' dir='ltr'><strong>nione</strong></span> <span class='ocrx_word' id='word_1_501' title='bbox 1152 354 1254 378; x_wconf 64' lang='lat' dir='ltr'><strong>naturae</strong></span> <span class='ocrx_word' id='word_1_502' title='bbox 1267 351 1447 386; x_wconf 70' lang='lat' dir='ltr'><strong>mqualitatem</strong></span> <span class='ocrx_word' id='word_1_503' title='bbox 1459 353 1621 381; x_wconf 86' lang='lat' dir='ltr'><strong>ostenderet.</strong></span> <span class='ocrx_word' id='word_1_504' title='bbox 1635 353 1701 381; x_wconf 85' lang='lat' dir='ltr'><strong>Nam</strong></span> <span class='ocrx_word' id='word_1_505' title='bbox 1715 354 1846 390; x_wconf 78' lang='lat' dir='ltr'><strong>quemad-</strong></span> 
     </span>
    </p>
   </div>
   <div class='ocr_carea' id='block_1_67' title="bbox 1056 395 1847 432">
    <p class='ocr_par' dir='ltr' id='par_1_67' title="bbox 1056 395 1847 432">
     <span class='ocr_line' id='line_1_67' title="bbox 1056 395 1847 432; baseline 0.008 -10"><span class='ocrx_word' id='word_1_506' title='bbox 1056 395 1164 423; x_wconf 88' lang='lat' dir='ltr'><strong>modum</strong></span> <span class='ocrx_word' id='word_1_507' title='bbox 1177 397 1211 424; x_wconf 90' lang='lat' dir='ltr'><strong>ab</strong></span> <span class='ocrx_word' id='word_1_508' title='bbox 1226 397 1328 426; x_wconf 82' lang='lat' dir='ltr'><strong>Adamo</strong></span> <span class='ocrx_word' id='word_1_509' title='bbox 1342 403 1446 426; x_wconf 86' lang='lat' dir='ltr'><strong>costam</strong></span> <span class='ocrx_word' id='word_1_510' title='bbox 1459 399 1579 432; x_wconf 90' lang='lat' dir='ltr'><strong>abstulit,</strong></span> <span class='ocrx_word' id='word_1_511' title='bbox 1594 404 1622 428; x_wconf 88' lang='lat' dir='ltr'><strong>et</strong></span> <span class='ocrx_word' id='word_1_512' title='bbox 1631 400 1764 428; x_wconf 85' lang='lat' dir='ltr'><strong>Adamum</strong></span> <span class='ocrx_word' id='word_1_513' title='bbox 1780 400 1847 428; x_wconf 84' lang='lat' dir='ltr'><strong>nihil</strong></span> 
     </span>
    </p>
   </div>
   <div class='ocr_carea' id='block_1_68' title="bbox 1056 441 1839 482">
    <p class='ocr_par' dir='ltr' id='par_1_68' title="bbox 1056 441 1839 482">
     <span class='ocr_line' id='line_1_68' title="bbox 1056 441 1839 482; baseline 0.008 -14"><span class='ocrx_word' id='word_1_514' title='bbox 1056 441 1188 470; x_wconf 91' lang='lat' dir='ltr'><strong>imminuit</strong></span> <span class='ocrx_word' id='word_1_515' title='bbox 1204 451 1211 470; x_wconf 92' lang='lat'><strong>:</strong></span> <span class='ocrx_word' id='word_1_516' title='bbox 1226 444 1265 471; x_wconf 91' lang='lat' dir='ltr'><strong>sic</strong></span> <span class='ocrx_word' id='word_1_517' title='bbox 1284 448 1311 472; x_wconf 91' lang='lat' dir='ltr'><strong>et</strong></span> <span class='ocrx_word' id='word_1_518' title='bbox 1325 445 1352 472; x_wconf 89' lang='lat' dir='ltr'><strong>in</strong></span> <span class='ocrx_word' id='word_1_519' title='bbox 1365 444 1474 480; x_wconf 80' lang='lat' dir='ltr'><strong>Virgine</strong></span> <span class='ocrx_word' id='word_1_520' title='bbox 1492 446 1639 474; x_wconf 85' lang='lat' dir='ltr'><strong>animatum</strong></span> <span class='ocrx_word' id='word_1_521' title='bbox 1665 447 1790 482; x_wconf 85' lang='lat' dir='ltr'><strong>templum</strong></span> <span class='ocrx_word' id='word_1_522' title='bbox 1805 447 1839 475; x_wconf 82' lang='lat' dir='ltr'><strong>ef-</strong></span> 
     </span>
    </p>
   </div>
   <div class='ocr_carea' id='block_1_69' title="bbox 1055 485 1846 525">
    <p class='ocr_par' dir='ltr' id='par_1_69' title="bbox 1055 485 1846 525">
     <span class='ocr_line' id='line_1_69' title="bbox 1055 485 1846 525; baseline 0.009 -11"><span class='ocrx_word' id='word_1_523' title='bbox 1055 485 1140 521; x_wconf 87' lang='lat' dir='ltr'><strong>ﬁttxit,</strong></span> <span class='ocrx_word' id='word_1_524' title='bbox 1155 493 1182 516; x_wconf 89' lang='lat' dir='ltr'><strong>et</strong></span> <span class='ocrx_word' id='word_1_525' title='bbox 1195 488 1372 525; x_wconf 73' lang='lat' dir='ltr'><strong>virginitatem</strong></span> <span class='ocrx_word' id='word_1_526' title='bbox 1387 491 1496 519; x_wconf 89' lang='lat' dir='ltr'><strong>minime</strong></span> <span class='ocrx_word' id='word_1_527' title='bbox 1514 491 1605 519; x_wconf 88' lang='lat' dir='ltr'><strong>solvit.</strong></span> <span class='ocrx_word' id='word_1_528' title='bbox 1619 492 1715 520; x_wconf 85' lang='lat' dir='ltr'><strong>Salvus</strong></span> <span class='ocrx_word' id='word_1_529' title='bbox 1726 497 1754 521; x_wconf 89' lang='lat' dir='ltr'><strong>et</strong></span> <span class='ocrx_word' id='word_1_530' title='bbox 1767 493 1846 520; x_wconf 82' lang='lat' dir='ltr'><strong>ineo--</strong></span> 
     </span>
    </p>
   </div>
   <div class='ocr_carea' id='block_1_70' title="bbox 1055 531 1841 572">
    <p class='ocr_par' dir='ltr' id='par_1_70' title="bbox 1055 531 1841 572">
     <span class='ocr_line' id='line_1_70' title="bbox 1055 531 1841 572; baseline 0.006 -13"><span class='ocrx_word' id='word_1_531' title='bbox 1055 531 1133 560; x_wconf 88' lang='lat' dir='ltr'><strong>fumis</strong></span> <span class='ocrx_word' id='word_1_532' title='bbox 1152 535 1281 562; x_wconf 89' lang='lat' dir='ltr'><strong>remansit</strong></span> <span class='ocrx_word' id='word_1_533' title='bbox 1303 536 1383 563; x_wconf 89' lang='lat' dir='ltr'><strong>etiam</strong></span> <span class='ocrx_word' id='word_1_534' title='bbox 1406 542 1467 571; x_wconf 88' lang='lat' dir='ltr'><strong>post</strong></span> <span class='ocrx_word' id='word_1_535' title='bbox 1486 542 1568 564; x_wconf 59' lang='lat' dir='ltr'><strong>costas</strong></span> <span class='ocrx_word' id='word_1_536' title='bbox 1582 537 1756 572; x_wconf 88' lang='lat' dir='ltr'><strong>privationem</strong></span> <span class='ocrx_word' id='word_1_537' title='bbox 1771 537 1841 566; x_wconf 76' lang='lat' dir='ltr'><strong>Ada-</strong></span> 
     </span>
    </p>
   </div>
   <div class='ocr_carea' id='block_1_71' title="bbox 1053 579 1844 619">
    <p class='ocr_par' dir='ltr' id='par_1_71' title="bbox 1053 579 1844 619">
     <span class='ocr_line' id='line_1_71' title="bbox 1053 579 1844 619; baseline 0.01 -15"><span class='ocrx_word' id='word_1_538' title='bbox 1053 579 1295 615; x_wconf 90' lang='lat' dir='ltr'><strong>mus:incorrupta</strong></span> <span class='ocrx_word' id='word_1_539' title='bbox 1318 581 1399 609; x_wconf 89' lang='lat' dir='ltr'><strong>etiam</strong></span> <span class='ocrx_word' id='word_1_540' title='bbox 1425 582 1500 618; x_wconf 87' lang='lat' dir='ltr'><strong>virgo</strong></span> <span class='ocrx_word' id='word_1_541' title='bbox 1522 583 1679 618; x_wconf 86' lang='lat' dir='ltr'><strong>permansit,</strong></span> <span class='ocrx_word' id='word_1_542' title='bbox 1702 588 1844 619; x_wconf 83' lang='lat' dir='ltr'><strong>postquam</strong></span> 
     </span>
    </p>
   </div>
   <div class='ocr_carea' id='block_1_72' title="bbox 1053 623 1842 661">
    <p class='ocr_par' dir='ltr' id='par_1_72' title="bbox 1053 623 1842 661">
     <span class='ocr_line' id='line_1_72' title="bbox 1053 623 1842 661; baseline 0.011 -11"><span class='ocrx_word' id='word_1_543' title='bbox 1053 623 1140 652; x_wconf 87' lang='lat' dir='ltr'><strong>infans</strong></span> <span class='ocrx_word' id='word_1_544' title='bbox 1152 632 1185 653; x_wconf 85' lang='lat' dir='ltr'><strong>ex</strong></span> <span class='ocrx_word' id='word_1_545' title='bbox 1199 633 1230 653; x_wconf 88' lang='lat' dir='ltr'><strong>ea</strong></span> <span class='ocrx_word' id='word_1_546' title='bbox 1245 626 1352 661; x_wconf 90' lang='lat' dir='ltr'><strong>prodiit.</strong></span> <span class='ocrx_word' id='word_1_547' title='bbox 1367 627 1468 656; x_wconf 84' lang='lat' dir='ltr'><strong>Idcirco</strong></span> <span class='ocrx_word' id='word_1_548' title='bbox 1486 633 1575 657; x_wconf 80' lang='lat' dir='ltr'><strong>autem</strong></span> <span class='ocrx_word' id='word_1_549' title='bbox 1596 637 1648 657; x_wconf 86' lang='lat' dir='ltr'><strong>non</strong></span> <span class='ocrx_word' id='word_1_550' title='bbox 1671 629 1779 658; x_wconf 89' lang='lat' dir='ltr'><strong>aliunde</strong></span> <span class='ocrx_word' id='word_1_551' title='bbox 1791 631 1842 660; x_wconf 92' lang='lat' dir='ltr'><strong>sibi</strong></span> 
     </span>
    </p>
   </div>
   <div class='ocr_carea' id='block_1_73' title="bbox 1054 670 1842 710">
    <p class='ocr_par' dir='ltr' id='par_1_73' title="bbox 1054 670 1842 710">
     <span class='ocr_line' id='line_1_73' title="bbox 1054 670 1842 710; baseline 0.01 -14"><span class='ocrx_word' id='word_1_552' title='bbox 1054 670 1182 705; x_wconf 88' lang='lat' dir='ltr'><strong>templum</strong></span> <span class='ocrx_word' id='word_1_553' title='bbox 1195 673 1336 706; x_wconf 84' lang='lat' dir='ltr'><strong>exstruxit,</strong></span> <span class='ocrx_word' id='word_1_554' title='bbox 1351 681 1437 710; x_wconf 93' lang='lat' dir='ltr'><strong>neque</strong></span> <span class='ocrx_word' id='word_1_555' title='bbox 1447 674 1519 702; x_wconf 84' lang='lat' dir='ltr'><strong>aliud</strong></span> <span class='ocrx_word' id='word_1_556' title='bbox 1530 682 1626 710; x_wconf 85' lang='lat' dir='ltr'><strong>corpus</strong></span> <span class='ocrx_word' id='word_1_557' title='bbox 1639 675 1781 704; x_wconf 86' lang='lat' dir='ltr'><strong>formatum</strong></span> <span class='ocrx_word' id='word_1_558' title='bbox 1801 676 1842 703; x_wconf 94' lang='lat' dir='ltr'><strong>in-</strong></span> 
     </span>
    </p>
   </div>
   <div class='ocr_carea' id='block_1_74' title="bbox 1052 715 1840 750">
    <p class='ocr_par' dir='ltr' id='par_1_74' title="bbox 1052 715 1840 750">
     <span class='ocr_line' id='line_1_74' title="bbox 1052 715 1840 750; baseline 0.009 -7"><span class='ocrx_word' id='word_1_559' title='bbox 1052 715 1119 750; x_wconf 92' lang='lat' dir='ltr'><strong>duit,</strong></span> <span class='ocrx_word' id='word_1_560' title='bbox 1132 725 1166 745; x_wconf 89' lang='lat' dir='ltr'><strong>ne</strong></span> <span class='ocrx_word' id='word_1_561' title='bbox 1179 726 1293 746; x_wconf 89' lang='lat' dir='ltr'><strong>massam</strong></span> <span class='ocrx_word' id='word_1_562' title='bbox 1306 720 1400 748; x_wconf 83' lang='lat' dir='ltr'><strong>Adami</strong></span> <span class='ocrx_word' id='word_1_563' title='bbox 1412 722 1572 749; x_wconf 84' lang='lat' dir='ltr'><strong>contumelia</strong></span> <span class='ocrx_word' id='word_1_564' title='bbox 1581 722 1688 750; x_wconf 86' lang='lat' dir='ltr'><strong>afﬁcere</strong></span> <span class='ocrx_word' id='word_1_565' title='bbox 1697 723 1840 750; x_wconf 90' lang='lat' dir='ltr'><strong>videretur.</strong></span> 
     </span>
    </p>
   </div>
   <div class='ocr_carea' id='block_1_75' title="bbox 1051 763 1842 801">
    <p class='ocr_par' dir='ltr' id='par_1_75' title="bbox 1051 763 1842 801">
     <span class='ocr_line' id='line_1_75' title="bbox 1051 763 1842 801; baseline 0.009 -11"><span class='ocrx_word' id='word_1_566' title='bbox 1051 763 1116 790; x_wconf 85' lang='lat' dir='ltr'><strong>Nam</strong></span> <span class='ocrx_word' id='word_1_567' title='bbox 1129 765 1254 799; x_wconf 84' lang='lat' dir='ltr'><strong>quoniam</strong></span> <span class='ocrx_word' id='word_1_568' title='bbox 1277 766 1403 801; x_wconf 77' lang='lat' dir='ltr'><strong>decoptus</strong></span> <span class='ocrx_word' id='word_1_569' title='bbox 1416 767 1508 801; x_wconf 91' lang='lat' dir='ltr'><strong>homo,</strong></span> <span class='ocrx_word' id='word_1_570' title='bbox 1523 767 1620 796; x_wconf 91' lang='lat' dir='ltr'><strong>diaboli</strong></span> <span class='ocrx_word' id='word_1_571' title='bbox 1635 768 1842 798; x_wconf 88' lang='lat' dir='ltr'><strong>instrumentum</strong></span> 
     </span>
    </p>
   </div>
   <div class='ocr_carea' id='block_1_76' title="bbox 1051 808 1839 849">
    <p class='ocr_par' dir='ltr' id='par_1_76' title="bbox 1051 808 1839 849">
     <span class='ocr_line' id='line_1_76' title="bbox 1051 808 1839 849; baseline 0.008 -14"><span class='ocrx_word' id='word_1_572' title='bbox 1051 808 1134 836; x_wconf 87' lang='lat' dir='ltr'><strong>facttts</strong></span> <span class='ocrx_word' id='word_1_573' title='bbox 1146 814 1213 843; x_wconf 92' lang='lat' dir='ltr'><strong>erat,</strong></span> <span class='ocrx_word' id='word_1_574' title='bbox 1227 815 1367 846; x_wconf 86' lang='lat' dir='ltr'><strong>propterea</strong></span> <span class='ocrx_word' id='word_1_575' title='bbox 1377 812 1462 847; x_wconf 89' lang='lat' dir='ltr'><strong>ipsum</strong></span> <span class='ocrx_word' id='word_1_576' title='bbox 1477 814 1522 848; x_wconf 92' lang='lat' dir='ltr'><strong>qui</strong></span> <span class='ocrx_word' id='word_1_577' title='bbox 1535 814 1718 849; x_wconf 88' lang='lat' dir='ltr'><strong>supplantatus</strong></span> <span class='ocrx_word' id='word_1_578' title='bbox 1735 814 1839 843; x_wconf 80' lang='lat' dir='ltr'><strong>fuerat‘</strong></span> 
     </span>
    </p>
   </div>
   <div class='ocr_carea' id='block_1_77' title="bbox 1051 858 1842 896">
    <p class='ocr_par' dir='ltr' id='par_1_77' title="bbox 1051 858 1842 896">
     <span class='ocr_line' id='line_1_77' title="bbox 1051 858 1842 896; baseline 0.009 -14"><span class='ocrx_word' id='word_1_579' title='bbox 1051 860 1184 891; x_wconf 88' lang='lat' dir='ltr'><strong>tamquam</strong></span> <span class='ocrx_word' id='word_1_580' title='bbox 1208 858 1353 886; x_wconf 87' lang='lat' dir='ltr'><strong>animatum</strong></span> <span class='ocrx_word' id='word_1_581' title='bbox 1379 859 1509 894; x_wconf 91' lang='lat' dir='ltr'><strong>templum</strong></span> <span class='ocrx_word' id='word_1_582' title='bbox 1528 860 1653 893; x_wconf 88' lang='lat' dir='ltr'><strong>assumit,</strong></span> <span class='ocrx_word' id='word_1_583' title='bbox 1675 867 1705 888; x_wconf 89' lang='lat' dir='ltr'><strong>ut</strong></span> <span class='ocrx_word' id='word_1_584' title='bbox 1733 866 1842 896; x_wconf 83' lang='lat' dir='ltr'><strong>propter</strong></span> 
     </span>
    </p>
   </div>
   <div class='ocr_carea' id='block_1_78' title="bbox 1050 899 1839 940">
    <p class='ocr_par' dir='ltr' id='par_1_78' title="bbox 1050 899 1839 940">
     <span class='ocr_line' id='line_1_78' title="bbox 1050 899 1839 940; baseline 0.009 -13"><span class='ocrx_word' id='word_1_585' title='bbox 1050 899 1118 928; x_wconf 87' lang='lat' dir='ltr'><strong>hanc</strong></span> <span class='ocrx_word' id='word_1_586' title='bbox 1131 909 1191 929; x_wconf 90' lang='lat' dir='ltr'><strong>cutn</strong></span> <span class='ocrx_word' id='word_1_587' title='bbox 1205 911 1253 931; x_wconf 86' lang='lat' dir='ltr'><strong>suo</strong></span> <span class='ocrx_word' id='word_1_588' title='bbox 1266 903 1408 932; x_wconf 88' lang='lat' dir='ltr'><strong>Conditore</strong></span> <span class='ocrx_word' id='word_1_589' title='bbox 1421 904 1636 940; x_wconf 83' lang='lat' dir='ltr'><strong>conjunctionem</strong></span> <span class='ocrx_word' id='word_1_590' title='bbox 1651 906 1736 940; x_wconf 90' lang='lat' dir='ltr'><strong>ipsum</strong></span> <span class='ocrx_word' id='word_1_591' title='bbox 1751 914 1766 934; x_wconf 93' lang='lat' dir='ltr'><strong>a</strong></span> <span class='ocrx_word' id='word_1_592' title='bbox 1781 907 1839 934; x_wconf 86' lang='lat' dir='ltr'><strong>dia-</strong></span> 
     </span>
    </p>
   </div>
   <div class='ocr_carea' id='block_1_79' title="bbox 1049 946 1839 981">
    <p class='ocr_par' dir='ltr' id='par_1_79' title="bbox 1049 946 1839 981">
     <span class='ocr_line' id='line_1_79' title="bbox 1049 946 1839 981; baseline 0.01 -8"><span class='ocrx_word' id='word_1_593' title='bbox 1049 946 1102 974; x_wconf 88' lang='lat' dir='ltr'><strong>boli</strong></span> <span class='ocrx_word' id='word_1_594' title='bbox 1118 949 1313 978; x_wconf 88' lang='lat' dir='ltr'><strong>cottsuetudinc</strong></span> <span class='ocrx_word' id='word_1_595' title='bbox 1328 958 1359 978; x_wconf 91' lang='lat' dir='ltr'><strong>ac</strong></span> <span class='ocrx_word' id='word_1_596' title='bbox 1370 950 1548 980; x_wconf 84' lang='lat' dir='ltr'><strong>familiaritate</strong></span> <span class='ocrx_word' id='word_1_597' title='bbox 1562 952 1711 980; x_wconf 86' lang='lat' dir='ltr'><strong>divelleret.</strong></span> <span class='ocrx_word' id='word_1_598' title='bbox 1727 953 1839 981; x_wconf 87' lang='lat' dir='ltr'><strong>Verum-</strong></span> 
     </span>
    </p>
   </div>
   <div class='ocr_carea' id='block_1_80' title="bbox 1049 993 1840 1033">
    <p class='ocr_par' dir='ltr' id='par_1_80' title="bbox 1049 993 1840 1033">
     <span class='ocr_line' id='line_1_80' title="bbox 1049 993 1840 1033; baseline 0.009 -14"><span class='ocrx_word' id='word_1_599' title='bbox 1049 996 1138 1020; x_wconf 87' lang='lat' dir='ltr'><strong>tamen</strong></span> <span class='ocrx_word' id='word_1_600' title='bbox 1152 993 1215 1021; x_wconf 91' lang='lat' dir='ltr'><strong>duttt</strong></span> <span class='ocrx_word' id='word_1_601' title='bbox 1235 994 1264 1022; x_wconf 90' lang='lat' dir='ltr'><strong>ﬁt</strong></span> <span class='ocrx_word' id='word_1_602' title='bbox 1285 995 1376 1029; x_wconf 88' lang='lat' dir='ltr'><strong>homo,</strong></span> <span class='ocrx_word' id='word_1_603' title='bbox 1391 1004 1444 1024; x_wconf 93' lang='lat' dir='ltr'><strong>non</strong></span> <span class='ocrx_word' id='word_1_604' title='bbox 1456 1001 1485 1024; x_wconf 92' lang='lat' dir='ltr'><strong>ut</strong></span> <span class='ocrx_word' id='word_1_605' title='bbox 1499 997 1578 1025; x_wconf 89' lang='lat' dir='ltr'><strong>homo</strong></span> <span class='ocrx_word' id='word_1_606' title='bbox 1592 1003 1668 1033; x_wconf 92' lang='lat' dir='ltr'><strong>partu</strong></span> <span class='ocrx_word' id='word_1_607' title='bbox 1681 998 1778 1031; x_wconf 88' lang='lat' dir='ltr'><strong>editttr,</strong></span> <span class='ocrx_word' id='word_1_608' title='bbox 1792 999 1840 1027; x_wconf 88' lang='lat' dir='ltr'><strong>sed</strong></span> 
     </span>
    </p>
   </div>
   <div class='ocr_carea' id='block_1_81' title="bbox 1049 1038 1839 1080">
    <p class='ocr_par' dir='ltr' id='par_1_81' title="bbox 1049 1038 1839 1080">
     <span class='ocr_line' id='line_1_81' title="bbox 1049 1038 1839 1080; baseline 0.009 -15"><span class='ocrx_word' id='word_1_609' title='bbox 1049 1042 1077 1065; x_wconf 92' lang='lat' dir='ltr'><strong>ut</strong></span> <span class='ocrx_word' id='word_1_610' title='bbox 1093 1038 1163 1067; x_wconf 89' lang='lat' dir='ltr'><strong>Deus</strong></span> <span class='ocrx_word' id='word_1_611' title='bbox 1176 1041 1301 1069; x_wconf 90' lang='lat' dir='ltr'><strong>nascitur.</strong></span> <span class='ocrx_word' id='word_1_612' title='bbox 1317 1041 1345 1069; x_wconf 89' lang='lat' dir='ltr'><strong>Si</strong></span> <span class='ocrx_word' id='word_1_613' title='bbox 1360 1043 1430 1070; x_wconf 91' lang='lat' dir='ltr'><strong>enim</strong></span> <span class='ocrx_word' id='word_1_614' title='bbox 1444 1050 1478 1070; x_wconf 92' lang='lat' dir='ltr'><strong>ex</strong></span> <span class='ocrx_word' id='word_1_615' title='bbox 1492 1044 1626 1071; x_wconf 90' lang='lat' dir='ltr'><strong>commutti</strong></span> <span class='ocrx_word' id='word_1_616' title='bbox 1641 1044 1766 1080; x_wconf 83' lang='lat' dir='ltr'><strong>conjugio</strong></span> <span class='ocrx_word' id='word_1_617' title='bbox 1777 1052 1839 1080; x_wconf 84' lang='lat' dir='ltr'><strong>pro-</strong></span> 
     </span>
    </p>
   </div>
   <div class='ocr_carea' id='block_1_82' title="bbox 1047 1083 1836 1123">
    <p class='ocr_par' dir='ltr' id='par_1_82' title="bbox 1047 1083 1836 1123">
     <span class='ocr_line' id='line_1_82' title="bbox 1047 1083 1836 1123; baseline 0.006 -12"><span class='ocrx_word' id='word_1_618' title='bbox 1047 1083 1142 1112; x_wconf 89' lang='lat' dir='ltr'><strong>diisset</strong></span> <span class='ocrx_word' id='word_1_619' title='bbox 1156 1090 1184 1112; x_wconf 89' lang='lat' dir='ltr'><strong>ut</strong></span> <span class='ocrx_word' id='word_1_620' title='bbox 1198 1093 1257 1122; x_wconf 83' lang='lat' dir='ltr'><strong>ego,</strong></span> <span class='ocrx_word' id='word_1_621' title='bbox 1274 1087 1428 1122; x_wconf 88' lang='lat' dir='ltr'><strong>ﬁgmentum</strong></span> <span class='ocrx_word' id='word_1_622' title='bbox 1443 1096 1458 1115; x_wconf 90' lang='lat' dir='ltr'><strong>a</strong></span> <span class='ocrx_word' id='word_1_623' title='bbox 1473 1089 1551 1123; x_wconf 81' lang='lat' dir='ltr'><strong>vulgo</strong></span> <span class='ocrx_word' id='word_1_624' title='bbox 1564 1090 1732 1117; x_wconf 86' lang='lat' dir='ltr'><strong>existimatus</strong></span> <span class='ocrx_word' id='word_1_625' title='bbox 1746 1095 1816 1118; x_wconf 88' lang='lat' dir='ltr'><strong>esset</strong></span> <span class='ocrx_word' id='word_1_626' title='bbox 1830 1099 1836 1116; x_wconf 89' lang='lat'><strong>:</strong></span> 
     </span>
    </p>
   </div>
   <div class='ocr_carea' id='block_1_83' title="bbox 1045 1128 1838 1170">
    <p class='ocr_par' dir='ltr' id='par_1_83' title="bbox 1045 1128 1838 1170">
     <span class='ocr_line' id='line_1_83' title="bbox 1045 1128 1838 1170; baseline 0.008 -13"><span class='ocrx_word' id='word_1_627' title='bbox 1045 1128 1100 1163; x_wconf 80' lang='lat' dir='ltr'><strong>jam</strong></span> <span class='ocrx_word' id='word_1_628' title='bbox 1115 1138 1180 1158; x_wconf 89' lang='lat' dir='ltr'><strong>vero</strong></span> <span class='ocrx_word' id='word_1_629' title='bbox 1192 1131 1292 1159; x_wconf 90' lang='lat' dir='ltr'><strong>idcirco</strong></span> <span class='ocrx_word' id='word_1_630' title='bbox 1303 1140 1338 1160; x_wconf 79' lang='lat' dir='ltr'><strong>ex</strong></span> <span class='ocrx_word' id='word_1_631' title='bbox 1350 1133 1457 1169; x_wconf 75' lang='lat' dir='ltr'><strong>Virgine</strong></span> <span class='ocrx_word' id='word_1_632' title='bbox 1470 1134 1598 1169; x_wconf 88' lang='lat' dir='ltr'><strong>nascitur,</strong></span> <span class='ocrx_word' id='word_1_633' title='bbox 1615 1142 1727 1163; x_wconf 85' lang='lat' dir='ltr'><strong>nascens</strong></span> <span class='ocrx_word' id='word_1_634' title='bbox 1737 1140 1838 1170; x_wconf 88' lang='lat' dir='ltr'><strong>autem,</strong></span> 
     </span>
    </p>
   </div>
   <div class='ocr_carea' id='block_1_84' title="bbox 1047 1177 1837 1217">
    <p class='ocr_par' dir='ltr' id='par_1_84' title="bbox 1047 1177 1837 1217">
     <span class='ocr_line' id='line_1_84' title="bbox 1047 1177 1837 1217; baseline 0.006 -14"><span class='ocrx_word' id='word_1_635' title='bbox 1047 1180 1074 1203; x_wconf 91' lang='lat' dir='ltr'><strong>et</strong></span> <span class='ocrx_word' id='word_1_636' title='bbox 1088 1181 1194 1205; x_wconf 85' lang='lat' dir='ltr'><strong>uterum</strong></span> <span class='ocrx_word' id='word_1_637' title='bbox 1208 1177 1337 1206; x_wconf 88' lang='lat' dir='ltr'><strong>illibatum</strong></span> <span class='ocrx_word' id='word_1_638' title='bbox 1350 1184 1500 1213; x_wconf 86' lang='lat' dir='ltr'><strong>conservat,</strong></span> <span class='ocrx_word' id='word_1_639' title='bbox 1513 1185 1540 1207; x_wconf 92' lang='lat' dir='ltr'><strong>et</strong></span> <span class='ocrx_word' id='word_1_640' title='bbox 1554 1180 1739 1208; x_wconf 88' lang='lat' dir='ltr'><strong>intemeratatn</strong></span> <span class='ocrx_word' id='word_1_641' title='bbox 1755 1181 1837 1217; x_wconf 83' lang='lat' dir='ltr'><strong>virgi-</strong></span> 
     </span>
    </p>
   </div>
   <div class='ocr_carea' id='block_1_85' title="bbox 1047 1221 1838 1262">
    <p class='ocr_par' dir='ltr' id='par_1_85' title="bbox 1047 1221 1838 1262">
     <span class='ocr_line' id='line_1_85' title="bbox 1047 1221 1838 1262; baseline 0.008 -14"><span class='ocrx_word' id='word_1_642' title='bbox 1047 1221 1156 1250; x_wconf 87' lang='lat' dir='ltr'><strong>nitatem</strong></span> <span class='ocrx_word' id='word_1_643' title='bbox 1165 1223 1290 1256; x_wconf 88' lang='lat' dir='ltr'><strong>custodit,</strong></span> <span class='ocrx_word' id='word_1_644' title='bbox 1302 1229 1330 1251; x_wconf 92' lang='lat' dir='ltr'><strong>ut</strong></span> <span class='ocrx_word' id='word_1_645' title='bbox 1344 1225 1484 1254; x_wconf 87' lang='lat' dir='ltr'><strong>inusitatus</strong></span> <span class='ocrx_word' id='word_1_646' title='bbox 1496 1225 1615 1261; x_wconf 87' lang='lat' dir='ltr'><strong>pariendi</strong></span> <span class='ocrx_word' id='word_1_647' title='bbox 1627 1226 1722 1253; x_wconf 89' lang='lat' dir='ltr'><strong>modus</strong></span> <span class='ocrx_word' id='word_1_648' title='bbox 1736 1233 1838 1262; x_wconf 76' lang='lat' dir='ltr'><strong>magna:</strong></span> 
     </span>
    </p>
   </div>
   <div class='ocr_carea' id='block_1_86' title="bbox 1046 1268 1837 1312">
    <p class='ocr_par' dir='ltr' id='par_1_86' title="bbox 1046 1268 1837 1312">
     <span class='ocr_line' id='line_1_86' title="bbox 1046 1268 1837 1312; baseline 0.005 -17"><span class='ocrx_word' id='word_1_649' title='bbox 1046 1268 1111 1312; x_wconf 75' lang='lat' dir='ltr'><strong>mihi</strong></span> <span class='ocrx_word' id='word_1_650' title='bbox 1126 1268 1187 1297; x_wconf 89' lang='lat' dir='ltr'><strong>ﬁdei</strong></span> <span class='ocrx_word' id='word_1_651' title='bbox 1205 1270 1360 1298; x_wconf 86' lang='lat' dir='ltr'><strong>conciliator</strong></span> <span class='ocrx_word' id='word_1_652' title='bbox 1383 1272 1504 1299; x_wconf 80' lang='lat' dir='ltr'><strong>exsistat.</strong></span> <span class='ocrx_word' id='word_1_653' title='bbox 1520 1271 1596 1300; x_wconf 91' lang='lat' dir='ltr'><strong>Unde</strong></span> <span class='ocrx_word' id='word_1_654' title='bbox 1606 1271 1663 1312; x_wconf 76' lang='lat' dir='ltr'><strong>sive</strong></span> <span class='ocrx_word' id='word_1_655' title='bbox 1677 1280 1720 1300; x_wconf 89' lang='lat' dir='ltr'><strong>tne</strong></span> <span class='ocrx_word' id='word_1_656' title='bbox 1732 1272 1837 1307; x_wconf 81' lang='lat' dir='ltr'><strong>gentilis</strong></span> 
     </span>
    </p>
   </div>
   <div class='ocr_carea' id='block_1_87' title="bbox 1046 1309 1836 1349">
    <p class='ocr_par' dir='ltr' id='par_1_87' title="bbox 1046 1309 1836 1349">
     <span class='ocr_line' id='line_1_87' title="bbox 1046 1309 1836 1349; baseline 0.005 -11"><span class='ocrx_word' id='word_1_657' title='bbox 1046 1309 1102 1338; x_wconf 85' lang='lat' dir='ltr'><strong>sive</strong></span> <span class='ocrx_word' id='word_1_658' title='bbox 1114 1310 1222 1339; x_wconf 71' lang='lat' dir='ltr'><strong>Iudaeus</strong></span> <span class='ocrx_word' id='word_1_659' title='bbox 1234 1312 1390 1349; x_wconf 76' lang='lat' dir='ltr'><strong>interroget,</strong></span> <span class='ocrx_word' id='word_1_660' title='bbox 1407 1321 1470 1341; x_wconf 94' lang='lat' dir='ltr'><strong>num</strong></span> <span class='ocrx_word' id='word_1_661' title='bbox 1483 1309 1675 1342; x_wconf 42' lang='lat' dir='ltr'><strong>Christus&#39;cum</strong></span> <span class='ocrx_word' id='word_1_662' title='bbox 1691 1315 1836 1342; x_wconf 90' lang='lat' dir='ltr'><strong>secundutn</strong></span> 
     </span>
    </p>
   </div>
   <div class='ocr_carea' id='block_1_88' title="bbox 1046 1358 1836 1396">
    <p class='ocr_par' dir='ltr' id='par_1_88' title="bbox 1046 1358 1836 1396">
     <span class='ocr_line' id='line_1_88' title="bbox 1046 1358 1836 1396; baseline 0.006 -12"><span class='ocrx_word' id='word_1_663' title='bbox 1046 1362 1166 1385; x_wconf 87' lang='lat' dir='ltr'><strong>naturam</strong></span> <span class='ocrx_word' id='word_1_664' title='bbox 1181 1358 1251 1386; x_wconf 88' lang='lat' dir='ltr'><strong>Deus</strong></span> <span class='ocrx_word' id='word_1_665' title='bbox 1260 1363 1341 1392; x_wconf 88' lang='lat' dir='ltr'><strong>esset,</strong></span> <span class='ocrx_word' id='word_1_666' title='bbox 1353 1359 1434 1386; x_wconf 90' lang='lat' dir='ltr'><strong>homo</strong></span> <span class='ocrx_word' id='word_1_667' title='bbox 1447 1364 1543 1395; x_wconf 71' lang='lat' dir='ltr'><strong>prmtcr</strong></span> <span class='ocrx_word' id='word_1_668' title='bbox 1556 1367 1677 1387; x_wconf 88' lang='lat' dir='ltr'><strong>naturam</strong></span> <span class='ocrx_word' id='word_1_669' title='bbox 1691 1362 1726 1388; x_wconf 90' lang='lat' dir='ltr'><strong>sit</strong></span> <span class='ocrx_word' id='word_1_670' title='bbox 1740 1361 1836 1396; x_wconf 80' lang='lat' dir='ltr'><strong>factus,</strong></span> 
     </span>
    </p>
   </div>
   <div class='ocr_carea' id='block_1_89' title="bbox 1045 1399 1834 1438">
    <p class='ocr_par' dir='ltr' id='par_1_89' title="bbox 1045 1399 1834 1438">
     <span class='ocr_line' id='line_1_89' title="bbox 1045 1399 1834 1438; baseline 0.006 -11"><span class='ocrx_word' id='word_1_671' title='bbox 1045 1399 1142 1434; x_wconf 83' lang='lat' dir='ltr'><strong>dicam,</strong></span> <span class='ocrx_word' id='word_1_672' title='bbox 1156 1400 1200 1428; x_wconf 92' lang='lat' dir='ltr'><strong>Sic</strong></span> <span class='ocrx_word' id='word_1_673' title='bbox 1213 1406 1272 1429; x_wconf 88' lang='lat' dir='ltr'><strong>est:</strong></span> <span class='ocrx_word' id='word_1_674' title='bbox 1286 1406 1313 1429; x_wconf 87' lang='lat' dir='ltr'><strong>et</strong></span> <span class='ocrx_word' id='word_1_675' title='bbox 1332 1406 1427 1429; x_wconf 89' lang='lat' dir='ltr'><strong>testem</strong></span> <span class='ocrx_word' id='word_1_676' title='bbox 1451 1402 1605 1430; x_wconf 88' lang='lat' dir='ltr'><strong>inviolatum</strong></span> <span class='ocrx_word' id='word_1_677' title='bbox 1626 1403 1785 1438; x_wconf 77' lang='lat' dir='ltr'><strong>virginitatis</strong></span> <span class='ocrx_word' id='word_1_678' title='bbox 1796 1405 1834 1433; x_wconf 91' lang='lat' dir='ltr'><strong>si-</strong></span> 
     </span>
    </p>
   </div>
   <div class='ocr_carea' id='block_1_90' title="bbox 1043 1445 1835 1484">
    <p class='ocr_par' dir='ltr' id='par_1_90' title="bbox 1043 1445 1835 1484">
     <span class='ocr_line' id='line_1_90' title="bbox 1043 1445 1835 1484; baseline 0.006 -12"><span class='ocrx_word' id='word_1_679' title='bbox 1043 1445 1138 1480; x_wconf 80' lang='lat' dir='ltr'><strong>gillum</strong></span> <span class='ocrx_word' id='word_1_680' title='bbox 1152 1446 1241 1474; x_wconf 86' lang='lat' dir='ltr'><strong>citabo</strong></span> <span class='ocrx_word' id='word_1_681' title='bbox 1256 1455 1264 1473; x_wconf 88' lang='lat'><strong>:</strong></span> <span class='ocrx_word' id='word_1_682' title='bbox 1278 1447 1313 1474; x_wconf 88' lang='lat' dir='ltr'><strong>ita</strong></span> <span class='ocrx_word' id='word_1_683' title='bbox 1338 1455 1451 1482; x_wconf 88' lang='lat' dir='ltr'><strong>namque</strong></span> <span class='ocrx_word' id='word_1_684' title='bbox 1470 1448 1540 1476; x_wconf 83' lang='lat' dir='ltr'><strong>Deus</strong></span> <span class='ocrx_word' id='word_1_685' title='bbox 1555 1452 1604 1481; x_wconf 89' lang='lat' dir='ltr'><strong>est,</strong></span> <span class='ocrx_word' id='word_1_686' title='bbox 1618 1449 1662 1484; x_wconf 89' lang='lat' dir='ltr'><strong>qui</strong></span> <span class='ocrx_word' id='word_1_687' title='bbox 1676 1453 1778 1476; x_wconf 64' lang='lat' dir='ltr'><strong>natura:</strong></span> <span class='ocrx_word' id='word_1_688' title='bbox 1792 1456 1835 1477; x_wconf 87' lang='lat' dir='ltr'><strong>or-</strong></span> 
     </span>
    </p>
   </div>
   <div class='ocr_carea' id='block_1_91' title="bbox 1044 1491 1835 1529">
    <p class='ocr_par' dir='ltr' id='par_1_91' title="bbox 1044 1491 1835 1529">
     <span class='ocr_line' id='line_1_91' title="bbox 1044 1491 1835 1529; baseline 0.005 -11"><span class='ocrx_word' id='word_1_689' title='bbox 1044 1491 1134 1519; x_wconf 91' lang='lat' dir='ltr'><strong>dinem</strong></span> <span class='ocrx_word' id='word_1_690' title='bbox 1149 1493 1308 1520; x_wconf 79' lang='lat' dir='ltr'><strong>vincatzita</strong></span> <span class='ocrx_word' id='word_1_691' title='bbox 1333 1493 1433 1521; x_wconf 87' lang='lat' dir='ltr'><strong>ventris</strong></span> <span class='ocrx_word' id='word_1_692' title='bbox 1456 1498 1498 1521; x_wconf 87' lang='lat' dir='ltr'><strong>est</strong></span> <span class='ocrx_word' id='word_1_693' title='bbox 1521 1494 1607 1528; x_wconf 89' lang='lat' dir='ltr'><strong>ﬁctor,</strong></span> <span class='ocrx_word' id='word_1_694' title='bbox 1630 1499 1657 1521; x_wconf 90' lang='lat' dir='ltr'><strong>et</strong></span> <span class='ocrx_word' id='word_1_695' title='bbox 1678 1494 1835 1529; x_wconf 74' lang='lat' dir='ltr'><strong>virginitatis</strong></span> 
     </span>
    </p>
   </div>
   <div class='ocr_carea' id='block_1_92' title="bbox 1044 1538 1836 1574">
    <p class='ocr_par' dir='ltr' id='par_1_92' title="bbox 1044 1538 1836 1574">
     <span class='ocr_line' id='line_1_92' title="bbox 1044 1538 1836 1574; baseline 0.005 -9"><span class='ocrx_word' id='word_1_696' title='bbox 1044 1538 1178 1572; x_wconf 88' lang='lat' dir='ltr'><strong>inventor,</strong></span> <span class='ocrx_word' id='word_1_697' title='bbox 1193 1539 1238 1574; x_wconf 89' lang='lat' dir='ltr'><strong>qui</strong></span> <span class='ocrx_word' id='word_1_698' title='bbox 1257 1543 1284 1566; x_wconf 91' lang='lat' dir='ltr'><strong>et</strong></span> <span class='ocrx_word' id='word_1_699' title='bbox 1307 1539 1505 1567; x_wconf 87' lang='lat' dir='ltr'><strong>immaculatum</strong></span> <span class='ocrx_word' id='word_1_700' title='bbox 1535 1540 1658 1568; x_wconf 88' lang='lat' dir='ltr'><strong>habuerit</strong></span> <span class='ocrx_word' id='word_1_701' title='bbox 1691 1542 1836 1569; x_wconf 75' lang='lat' dir='ltr'><strong>nativitatis</strong></span> 
     </span>
    </p>
   </div>
   <div class='ocr_carea' id='block_1_93' title="bbox 1044 1584 1836 1621">
    <p class='ocr_par' dir='ltr' id='par_1_93' title="bbox 1044 1584 1836 1621">
     <span class='ocr_line' id='line_1_93' title="bbox 1044 1584 1836 1621; baseline 0.005 -10"><span class='ocrx_word' id='word_1_702' title='bbox 1044 1584 1165 1618; x_wconf 91' lang='lat' dir='ltr'><strong>modum,</strong></span> <span class='ocrx_word' id='word_1_703' title='bbox 1178 1589 1206 1612; x_wconf 90' lang='lat' dir='ltr'><strong>et</strong></span> <span class='ocrx_word' id='word_1_704' title='bbox 1225 1585 1396 1613; x_wconf 80' lang='lat' dir='ltr'><strong>ineﬁ‘abilitcr</strong></span> <span class='ocrx_word' id='word_1_705' title='bbox 1419 1586 1547 1621; x_wconf 88' lang='lat' dir='ltr'><strong>templum</strong></span> <span class='ocrx_word' id='word_1_706' title='bbox 1572 1586 1632 1619; x_wconf 90' lang='lat' dir='ltr'><strong>sibi,</strong></span> <span class='ocrx_word' id='word_1_707' title='bbox 1648 1595 1701 1621; x_wconf 90' lang='lat' dir='ltr'><strong>quo</strong></span> <span class='ocrx_word' id='word_1_708' title='bbox 1724 1587 1836 1615; x_wconf 84' lang='lat' dir='ltr'><strong>voluerit</strong></span> 
     </span>
    </p>
   </div>
   <div class='ocr_carea' id='block_1_94' title="bbox 1043 1630 1835 1667">
    <p class='ocr_par' dir='ltr' id='par_1_94' title="bbox 1043 1630 1835 1667">
     <span class='ocr_line' id='line_1_94' title="bbox 1043 1630 1835 1667; baseline 0.004 -10"><span class='ocrx_word' id='word_1_709' title='bbox 1043 1630 1133 1664; x_wconf 90' lang='lat' dir='ltr'><strong>modo,</strong></span> <span class='ocrx_word' id='word_1_710' title='bbox 1147 1631 1336 1659; x_wconf 87' lang='lat' dir='ltr'><strong>construxerit.</strong></span> <span class='ocrx_word' id='word_1_711' title='bbox 1353 1631 1399 1659; x_wconf 90' lang='lat' dir='ltr'><strong>Dic</strong></span> <span class='ocrx_word' id='word_1_712' title='bbox 1413 1632 1477 1659; x_wconf 89' lang='lat' dir='ltr'><strong>mihi</strong></span> <span class='ocrx_word' id='word_1_713' title='bbox 1491 1639 1569 1667; x_wconf 83' lang='lat' dir='ltr'><strong>ergo,</strong></span> <span class='ocrx_word' id='word_1_714' title='bbox 1581 1632 1681 1665; x_wconf 74' lang='lat' dir='ltr'><strong>Juda-e,</strong></span> <span class='ocrx_word' id='word_1_715' title='bbox 1697 1633 1835 1667; x_wconf 83' lang='lat' dir='ltr'><strong>peperitne</strong></span> 
     </span>
    </p>
   </div>
   <div class='ocr_carea' id='block_1_95' title="bbox 1043 1677 1827 1715">
    <p class='ocr_par' dir='ltr' id='par_1_95' title="bbox 1043 1677 1827 1715">
     <span class='ocr_line' id='line_1_95' title="bbox 1043 1677 1827 1715; baseline 0.003 -11"><span class='ocrx_word' id='word_1_716' title='bbox 1043 1677 1126 1712; x_wconf 87' lang='lat' dir='ltr'><strong>virgo,</strong></span> <span class='ocrx_word' id='word_1_717' title='bbox 1140 1678 1283 1706; x_wconf 84' lang='lat' dir='ltr'><strong>annon?Si</strong></span> <span class='ocrx_word' id='word_1_718' title='bbox 1309 1678 1381 1706; x_wconf 88' lang='lat' dir='ltr'><strong>ettim</strong></span> <span class='ocrx_word' id='word_1_719' title='bbox 1406 1678 1518 1713; x_wconf 88' lang='lat' dir='ltr'><strong>peperit,</strong></span> <span class='ocrx_word' id='word_1_720' title='bbox 1544 1679 1696 1706; x_wconf 88' lang='lat' dir='ltr'><strong>inttsitatum</strong></span> <span class='ocrx_word' id='word_1_721' title='bbox 1723 1683 1827 1715; x_wconf 88' lang='lat' dir='ltr'><strong>partum</strong></span> 
     </span>
    </p>
   </div>
   <div class='ocr_carea' id='block_1_96' title="bbox 1042 1722 1832 1759">
    <p class='ocr_par' dir='ltr' id='par_1_96' title="bbox 1042 1722 1832 1759">
     <span class='ocr_line' id='line_1_96' title="bbox 1042 1722 1832 1759; baseline 0.004 -10"><span class='ocrx_word' id='word_1_722' title='bbox 1042 1722 1169 1750; x_wconf 86' lang='lat' dir='ltr'><strong>conﬁtere</strong></span> <span class='ocrx_word' id='word_1_723' title='bbox 1183 1732 1189 1748; x_wconf 92' lang='lat'><strong><em>:</em></strong></span> <span class='ocrx_word' id='word_1_724' title='bbox 1207 1723 1278 1758; x_wconf 90' lang='lat' dir='ltr'><strong>quod</strong></span> <span class='ocrx_word' id='word_1_725' title='bbox 1300 1723 1321 1751; x_wconf 92' lang='lat' dir='ltr'><strong>si</strong></span> <span class='ocrx_word' id='word_1_726' title='bbox 1334 1731 1386 1751; x_wconf 94' lang='lat' dir='ltr'><strong>non</strong></span> <span class='ocrx_word' id='word_1_727' title='bbox 1401 1725 1514 1759; x_wconf 87' lang='lat' dir='ltr'><strong>peperit,</strong></span> <span class='ocrx_word' id='word_1_728' title='bbox 1528 1731 1576 1751; x_wconf 91' lang='lat' dir='ltr'><strong>cur</strong></span> <span class='ocrx_word' id='word_1_729' title='bbox 1589 1724 1721 1752; x_wconf 81' lang='lat' dir='ltr'><strong>Herodem</strong></span> <span class='ocrx_word' id='word_1_730' title='bbox 1736 1724 1832 1752; x_wconf 82' lang='lat' dir='ltr'><strong>fefelli-</strong></span> 
     </span>
    </p>
   </div>
   <div class='ocr_carea' id='block_1_97' title="bbox 1042 1768 1832 1804">
    <p class='ocr_par' dir='ltr' id='par_1_97' title="bbox 1042 1768 1832 1804">
     <span class='ocr_line' id='line_1_97' title="bbox 1042 1768 1832 1804; baseline 0.003 -9"><span class='ocrx_word' id='word_1_731' title='bbox 1042 1768 1093 1796; x_wconf 82' lang='lat' dir='ltr'><strong>sti?</strong></span> <span class='ocrx_word' id='word_1_732' title='bbox 1105 1769 1145 1796; x_wconf 87' lang='lat' dir='ltr'><strong>Tu</strong></span> <span class='ocrx_word' id='word_1_733' title='bbox 1155 1769 1226 1797; x_wconf 89' lang='lat' dir='ltr'><strong>ettim</strong></span> <span class='ocrx_word' id='word_1_734' title='bbox 1241 1769 1290 1804; x_wconf 89' lang='lat' dir='ltr'><strong>ipsi</strong></span> <span class='ocrx_word' id='word_1_735' title='bbox 1299 1770 1454 1802; x_wconf 89' lang='lat' dir='ltr'><strong>sciscitanti,</strong></span> <span class='ocrx_word' id='word_1_736' title='bbox 1472 1770 1516 1797; x_wconf 89' lang='lat' dir='ltr'><strong>ubi</strong></span> <span class='ocrx_word' id='word_1_737' title='bbox 1531 1769 1654 1797; x_wconf 86' lang='lat' dir='ltr'><strong>Christus</strong></span> <span class='ocrx_word' id='word_1_738' title='bbox 1666 1775 1832 1803; x_wconf 75' lang='lat' dir='ltr'><strong>nasceretur,</strong></span> 
     </span>
    </p>
   </div>
   <div class='ocr_carea' id='block_1_98' title="bbox 1042 1814 1833 1852">
    <p class='ocr_par' dir='ltr' id='par_1_98' title="bbox 1042 1814 1833 1852">
     <span class='ocr_line' id='line_1_98' title="bbox 1042 1814 1833 1852; baseline 0.004 -11"><span class='ocrx_word' id='word_1_739' title='bbox 1042 1814 1141 1848; x_wconf 89' lang='lat' dir='ltr'><strong>dixisti,</strong></span> <span class='ocrx_word' id='word_1_740' title='bbox 1158 1815 1186 1842; x_wconf 87' lang='lat' dir='ltr'><strong>in</strong></span> <span class='ocrx_word' id='word_1_741' title='bbox 1202 1815 1336 1843; x_wconf 84' lang='lat' dir='ltr'><strong>Bethleem</strong></span> <span class='ocrx_word' id='word_1_742' title='bbox 1349 1815 1458 1843; x_wconf 68' lang='lat' dir='ltr'><strong>.lttdteaz.</strong></span> <span class='ocrx_word' id='word_1_743' title='bbox 1478 1816 1547 1843; x_wconf 87' lang='lat' dir='ltr'><strong>Nunt</strong></span> <span class='ocrx_word' id='word_1_744' title='bbox 1568 1816 1646 1851; x_wconf 85' lang='lat' dir='ltr'><strong>igitur</strong></span> <span class='ocrx_word' id='word_1_745' title='bbox 1668 1824 1718 1852; x_wconf 84' lang='lat' dir='ltr'><strong>ego</strong></span> <span class='ocrx_word' id='word_1_746' title='bbox 1739 1824 1833 1851; x_wconf 83' lang='lat' dir='ltr'><strong>pagum</strong></span> 
     </span>
    </p>
   </div>
   <div class='ocr_carea' id='block_1_99' title="bbox 1042 1861 1834 1897">
    <p class='ocr_par' dir='ltr' id='par_1_99' title="bbox 1042 1861 1834 1897">
     <span class='ocr_line' id='line_1_99' title="bbox 1042 1861 1834 1897; baseline 0.001 -10"><span class='ocrx_word' id='word_1_747' title='bbox 1042 1867 1169 1887; x_wconf 87' lang='lat' dir='ltr'><strong>noveram</strong></span> <span class='ocrx_word' id='word_1_748' title='bbox 1184 1865 1229 1888; x_wconf 88' lang='lat' dir='ltr'><strong>aut</strong></span> <span class='ocrx_word' id='word_1_749' title='bbox 1240 1861 1327 1888; x_wconf 90' lang='lat' dir='ltr'><strong>locum</strong></span> <span class='ocrx_word' id='word_1_750' title='bbox 1341 1861 1447 1896; x_wconf 79' lang='lat' dir='ltr'><strong>(Matth.</strong></span> <span class='ocrx_word' id='word_1_751' title='bbox 1470 1861 1497 1889; x_wconf 78' lang='grc'><strong>2.</strong></span> <span class='ocrx_word' id='word_1_752' title='bbox 1512 1861 1560 1897; x_wconf 87' lang='lat'><strong>5)?</strong></span> <span class='ocrx_word' id='word_1_753' title='bbox 1573 1869 1636 1889; x_wconf 92' lang='lat' dir='ltr'><strong>num</strong></span> <span class='ocrx_word' id='word_1_754' title='bbox 1657 1869 1707 1897; x_wconf 87' lang='lat' dir='ltr'><strong>ego</strong></span> <span class='ocrx_word' id='word_1_755' title='bbox 1721 1861 1834 1897; x_wconf 79' lang='lat' dir='ltr'><strong>dignita-</strong></span> 
     </span>
    </p>
   </div>
   <div class='ocr_carea' id='block_1_100' title="bbox 1043 1907 1835 1942">
    <p class='ocr_par' dir='ltr' id='par_1_100' title="bbox 1043 1907 1835 1942">
     <span class='ocr_line' id='line_1_100' title="bbox 1043 1907 1835 1942; baseline 0.001 -8"><span class='ocrx_word' id='word_1_756' title='bbox 1043 1912 1096 1934; x_wconf 89' lang='lat' dir='ltr'><strong>tem</strong></span> <span class='ocrx_word' id='word_1_757' title='bbox 1110 1907 1168 1942; x_wconf 85' lang='lat' dir='ltr'><strong>ejus</strong></span> <span class='ocrx_word' id='word_1_758' title='bbox 1182 1908 1227 1942; x_wconf 91' lang='lat' dir='ltr'><strong>qui</strong></span> <span class='ocrx_word' id='word_1_759' title='bbox 1240 1912 1317 1935; x_wconf 89' lang='lat' dir='ltr'><strong>natus</strong></span> <span class='ocrx_word' id='word_1_760' title='bbox 1332 1913 1390 1935; x_wconf 89' lang='lat' dir='ltr'><strong>erat</strong></span> <span class='ocrx_word' id='word_1_761' title='bbox 1402 1912 1570 1942; x_wconf 80' lang='lat' dir='ltr'><strong>perspech</strong></span> <span class='ocrx_word' id='word_1_762' title='bbox 1585 1907 1733 1935; x_wconf 86' lang='lat' dir='ltr'><strong>habebam?</strong></span> <span class='ocrx_word' id='word_1_763' title='bbox 1745 1915 1835 1936; x_wconf 82' lang='lat' dir='ltr'><strong>nonne</strong></span> 
     </span>
    </p>
   </div>
   <div class='ocr_carea' id='block_1_101' title="bbox 1043 1954 1839 1990">
    <p class='ocr_par' dir='ltr' id='par_1_101' title="bbox 1043 1954 1839 1990">
     <span class='ocr_line' id='line_1_101' title="bbox 1043 1954 1839 1990; baseline 0 -9"><span class='ocrx_word' id='word_1_764' title='bbox 1043 1954 1124 1982; x_wconf 89' lang='lat' dir='ltr'><strong>lsaias</strong></span> <span class='ocrx_word' id='word_1_765' title='bbox 1147 1954 1230 1990; x_wconf 86' lang='lat' dir='ltr'><strong>ipsius</strong></span> <span class='ocrx_word' id='word_1_766' title='bbox 1251 1959 1385 1989; x_wconf 87' lang='lat' dir='ltr'><strong>tamquam</strong></span> <span class='ocrx_word' id='word_1_767' title='bbox 1409 1954 1455 1982; x_wconf 83' lang='lat' dir='ltr'><strong>Dei</strong></span> <span class='ocrx_word' id='word_1_768' title='bbox 1474 1955 1638 1982; x_wconf 91' lang='lat' dir='ltr'><strong>mentionem</strong></span> <span class='ocrx_word' id='word_1_769' title='bbox 1653 1954 1734 1982; x_wconf 87' lang='lat' dir='ltr'><strong>fecit?</strong></span> <span class='ocrx_word' id='word_1_770' title='bbox 1748 1954 1839 1981; x_wconf 72' lang='lat' dir='ltr'><strong>Portet</strong></span> 
     </span>
    </p>
   </div>
   <div class='ocr_carea' id='block_1_102' title="bbox 1042 1999 1836 2036">
    <p class='ocr_par' dir='ltr' id='par_1_102' title="bbox 1042 1999 1836 2036">
     <span class='ocr_line' id='line_1_102' title="bbox 1042 1999 1836 2036; baseline -0.001 -9"><span class='ocrx_word' id='word_1_771' title='bbox 1042 2000 1123 2033; x_wconf 88' lang='lat' dir='ltr'><strong>enim,</strong></span> <span class='ocrx_word' id='word_1_772' title='bbox 1138 2000 1233 2034; x_wconf 91' lang='lat' dir='ltr'><strong>inquit,</strong></span> <span class='ocrx_word' id='word_1_773' title='bbox 1251 2000 1344 2034; x_wconf 84' lang='lat' dir='ltr'><strong>ﬁlium,</strong></span> <span class='ocrx_word' id='word_1_774' title='bbox 1365 2005 1390 2027; x_wconf 85' lang='lat' dir='ltr'><strong>et</strong></span> <span class='ocrx_word' id='word_1_775' title='bbox 1408 2000 1531 2027; x_wconf 78' lang='lat' dir='ltr'><strong>uocabunt</strong></span> <span class='ocrx_word' id='word_1_776' title='bbox 1547 2008 1638 2027; x_wconf 79' lang='lat' dir='ltr'><strong>nomen</strong></span> <span class='ocrx_word' id='word_1_777' title='bbox 1658 2000 1713 2036; x_wconf 74' lang='lat' dir='ltr'><strong>ejus</strong></span> <span class='ocrx_word' id='word_1_778' title='bbox 1730 1999 1836 2026; x_wconf 83' lang='lat' dir='ltr'><strong>Emma-</strong></span> 
     </span>
    </p>
   </div>
   <div class='ocr_carea' id='block_1_103' title="bbox 1043 2045 1836 2082">
    <p class='ocr_par' dir='ltr' id='par_1_103' title="bbox 1043 2045 1836 2082">
     <span class='ocr_line' id='line_1_103' title="bbox 1043 2045 1836 2082; baseline -0.003 -9"><span class='ocrx_word' id='word_1_779' title='bbox 1043 2046 1102 2073; x_wconf 83' lang='lat' dir='ltr'><strong>nuel</strong></span> <span class='ocrx_word' id='word_1_780' title='bbox 1125 2045 1201 2082; x_wconf 76' lang='lat' dir='ltr'><strong>(Isai.</strong></span> <span class='ocrx_word' id='word_1_781' title='bbox 1216 2046 1244 2072; x_wconf 88' lang='lat'><strong>&#39;1.</strong></span> <span class='ocrx_word' id='word_1_782' title='bbox 1259 2045 1314 2081; x_wconf 74' lang='grc'><strong>14).</strong></span> <span class='ocrx_word' id='word_1_783' title='bbox 1329 2045 1424 2073; x_wconf 85' lang='lat' dir='ltr'><strong>Nonne</strong></span> <span class='ocrx_word' id='word_1_784' title='bbox 1437 2053 1485 2072; x_wconf 88' lang='lat' dir='ltr'><strong>vos</strong></span> <span class='ocrx_word' id='word_1_785' title='bbox 1500 2045 1613 2080; x_wconf 86' lang='lat' dir='ltr'><strong>improbi</strong></span> <span class='ocrx_word' id='word_1_786' title='bbox 1627 2045 1725 2073; x_wconf 91' lang='lat' dir='ltr'><strong>initnici</strong></span> <span class='ocrx_word' id='word_1_787' title='bbox 1738 2045 1836 2072; x_wconf 85' lang='lat' dir='ltr'><strong>verita-</strong></span> 
     </span>
    </p>
   </div>
   <div class='ocr_carea' id='block_1_104' title="bbox 1044 2090 1833 2120">
    <p class='ocr_par' dir='ltr' id='par_1_104' title="bbox 1044 2090 1833 2120">
     <span class='ocr_line' id='line_1_104' title="bbox 1044 2090 1833 2120; baseline -0.003 -1"><span class='ocrx_word' id='word_1_788' title='bbox 1044 2096 1097 2120; x_wconf 89' lang='lat' dir='ltr'><strong>tem</strong></span> <span class='ocrx_word' id='word_1_789' title='bbox 1112 2091 1312 2119; x_wconf 83' lang='lat' dir='ltr'><strong>introduxistis?</strong></span> <span class='ocrx_word' id='word_1_790' title='bbox 1338 2099 1427 2119; x_wconf 88' lang='lat' dir='ltr'><strong>nonne</strong></span> <span class='ocrx_word' id='word_1_791' title='bbox 1448 2099 1495 2119; x_wconf 90' lang='lat' dir='ltr'><strong>vos</strong></span> <span class='ocrx_word' id='word_1_792' title='bbox 1510 2091 1604 2119; x_wconf 83' lang='lat' dir='ltr'><strong>scribae</strong></span> <span class='ocrx_word' id='word_1_793' title='bbox 1616 2095 1644 2119; x_wconf 87' lang='lat' dir='ltr'><strong>et</strong></span> <span class='ocrx_word' id='word_1_794' title='bbox 1656 2090 1782 2118; x_wconf 61' lang='lat' dir='ltr'><strong>Pharisaei</strong></span> <span class='ocrx_word' id='word_1_795' title='bbox 1793 2090 1833 2117; x_wconf 90' lang='lat' dir='ltr'><strong>di--</strong></span> 
     </span>
    </p>
   </div>
   <div class='ocr_carea' id='block_1_105' title="bbox 1044 2137 1837 2173">
    <p class='ocr_par' dir='ltr' id='par_1_105' title="bbox 1044 2137 1837 2173">
     <span class='ocr_line' id='line_1_105' title="bbox 1044 2137 1837 2173; baseline -0.001 -8"><span class='ocrx_word' id='word_1_796' title='bbox 1044 2138 1155 2173; x_wconf 83' lang='lat' dir='ltr'><strong>ligentes</strong></span> <span class='ocrx_word' id='word_1_797' title='bbox 1178 2138 1244 2173; x_wconf 85' lang='lat' dir='ltr'><strong>legis</strong></span> <span class='ocrx_word' id='word_1_798' title='bbox 1265 2138 1451 2165; x_wconf 87' lang='lat' dir='ltr'><strong>observatores</strong></span> <span class='ocrx_word' id='word_1_799' title='bbox 1476 2144 1571 2164; x_wconf 90' lang='lat' dir='ltr'><strong>omnes</strong></span> <span class='ocrx_word' id='word_1_800' title='bbox 1592 2145 1636 2165; x_wconf 88' lang='lat' dir='ltr'><strong>res</strong></span> <span class='ocrx_word' id='word_1_801' title='bbox 1651 2137 1710 2172; x_wconf 82' lang='lat' dir='ltr'><strong>ejus</strong></span> <span class='ocrx_word' id='word_1_802' title='bbox 1725 2145 1773 2165; x_wconf 87' lang='lat' dir='ltr'><strong>nos</strong></span> <span class='ocrx_word' id='word_1_803' title='bbox 1785 2138 1837 2165; x_wconf 85' lang='lat' dir='ltr'><strong>do-</strong></span> 
     </span>
    </p>
   </div>
   <div class='ocr_carea' id='block_1_106' title="bbox 1043 2182 1834 2220">
    <p class='ocr_par' dir='ltr' id='par_1_106' title="bbox 1043 2182 1834 2220">
     <span class='ocr_line' id='line_1_106' title="bbox 1043 2182 1834 2220; baseline 0.001 -9"><span class='ocrx_word' id='word_1_804' title='bbox 1043 2184 1137 2211; x_wconf 87' lang='lat' dir='ltr'><strong>cuistis</strong></span> <span class='ocrx_word' id='word_1_805' title='bbox 1149 2182 1258 2219; x_wconf 81' lang='lat' dir='ltr'><strong>(Matth.</strong></span> <span class='ocrx_word' id='word_1_806' title='bbox 1271 2184 1298 2216; x_wconf 75' lang='lat' dir='ltr'><strong>t,</strong></span> <span class='ocrx_word' id='word_1_807' title='bbox 1314 2182 1381 2218; x_wconf 77' lang='lat'><strong>23)?</strong></span> <span class='ocrx_word' id='word_1_808' title='bbox 1392 2183 1520 2218; x_wconf 90' lang='lat' dir='ltr'><strong>numquid</strong></span> <span class='ocrx_word' id='word_1_809' title='bbox 1541 2182 1698 2210; x_wconf 84' lang='lat' dir='ltr'><strong>Hebraicam</strong></span> <span class='ocrx_word' id='word_1_810' title='bbox 1718 2184 1834 2220; x_wconf 86' lang='lat' dir='ltr'><strong>linguam</strong></span> 
     </span>
    </p>
   </div>
   <div class='ocr_carea' id='block_1_107' title="bbox 1043 2229 1836 2265">
    <p class='ocr_par' dir='ltr' id='par_1_107' title="bbox 1043 2229 1836 2265">
     <span class='ocr_line' id='line_1_107' title="bbox 1043 2229 1836 2265; baseline 0.001 -8"><span class='ocrx_word' id='word_1_811' title='bbox 1043 2238 1093 2257; x_wconf 88' lang='lat' dir='ltr'><strong>nos</strong></span> <span class='ocrx_word' id='word_1_812' title='bbox 1118 2230 1265 2257; x_wconf 82' lang='lat' dir='ltr'><strong>callemus?</strong></span> <span class='ocrx_word' id='word_1_813' title='bbox 1292 2236 1379 2257; x_wconf 82' lang='lat' dir='ltr'><strong>nOnne</strong></span> <span class='ocrx_word' id='word_1_814' title='bbox 1404 2236 1452 2256; x_wconf 81' lang='lat' dir='ltr'><strong>vos</strong></span> <span class='ocrx_word' id='word_1_815' title='bbox 1486 2229 1636 2264; x_wconf 86' lang='lat' dir='ltr'><strong>Seripturas</strong></span> <span class='ocrx_word' id='word_1_816' title='bbox 1670 2229 1836 2265; x_wconf 82' lang='lat' dir='ltr'><strong>interpretati</strong></span> 
     </span>
    </p>
   </div>
   <div class='ocr_carea' id='block_1_108' title="bbox 1043 2274 1835 2311">
    <p class='ocr_par' dir='ltr' id='par_1_108' title="bbox 1043 2274 1835 2311">
     <span class='ocr_line' id='line_1_108' title="bbox 1043 2274 1835 2311; baseline 0.001 -8"><span class='ocrx_word' id='word_1_817' title='bbox 1043 2276 1127 2304; x_wconf 85' lang='lat' dir='ltr'><strong>estis?</strong></span> <span class='ocrx_word' id='word_1_818' title='bbox 1142 2274 1288 2310; x_wconf 88' lang='lat' dir='ltr'><strong>Postquam</strong></span> <span class='ocrx_word' id='word_1_819' title='bbox 1300 2275 1375 2311; x_wconf 89' lang='lat' dir='ltr'><strong>virgo</strong></span> <span class='ocrx_word' id='word_1_820' title='bbox 1388 2275 1501 2310; x_wconf 85' lang='lat' dir='ltr'><strong>peperit,</strong></span> <span class='ocrx_word' id='word_1_821' title='bbox 1515 2279 1542 2302; x_wconf 80' lang='lat' dir='ltr'><strong>et</strong></span> <span class='ocrx_word' id='word_1_822' title='bbox 1562 2279 1704 2310; x_wconf 84' lang='lat' dir='ltr'><strong>antequam</strong></span> <span class='ocrx_word' id='word_1_823' title='bbox 1719 2281 1835 2310; x_wconf 86' lang='lat' dir='ltr'><strong>pareret,</strong></span> 
     </span>
    </p>
   </div>
   <div class='ocr_carea' id='block_1_109' title="bbox 1044 2321 1836 2357">
    <p class='ocr_par' dir='ltr' id='par_1_109' title="bbox 1044 2321 1836 2357">
     <span class='ocr_line' id='line_1_109' title="bbox 1044 2321 1836 2357; baseline 0 -7"><span class='ocrx_word' id='word_1_824' title='bbox 1044 2331 1077 2350; x_wconf 85' lang='lat' dir='ltr'><strong>ne</strong></span> <span class='ocrx_word' id='word_1_825' title='bbox 1091 2321 1227 2350; x_wconf 89' lang='lat' dir='ltr'><strong>videretur</strong></span> <span class='ocrx_word' id='word_1_826' title='bbox 1249 2322 1325 2350; x_wconf 91' lang='lat' dir='ltr'><strong>locus</strong></span> <span class='ocrx_word' id='word_1_827' title='bbox 1347 2322 1391 2349; x_wconf 91' lang='lat' dir='ltr'><strong>ille</strong></span> <span class='ocrx_word' id='word_1_828' title='bbox 1413 2322 1439 2348; x_wconf 91' lang='lat' dir='ltr'><strong>itt</strong></span> <span class='ocrx_word' id='word_1_829' title='bbox 1461 2321 1573 2357; x_wconf 81' lang='lat' dir='ltr'><strong>gratiam</strong></span> <span class='ocrx_word' id='word_1_830' title='bbox 1597 2321 1701 2349; x_wconf 86' lang='lat' dir='ltr'><strong>Domini</strong></span> <span class='ocrx_word' id='word_1_831' title='bbox 1721 2323 1836 2357; x_wconf 86' lang='lat' dir='ltr'><strong>exponi,</strong></span> 
     </span>
    </p>
   </div>
   <div class='ocr_carea' id='block_1_110' title="bbox 1044 2367 1836 2403">
    <p class='ocr_par' dir='ltr' id='par_1_110' title="bbox 1044 2367 1836 2403">
     <span class='ocr_line' id='line_1_110' title="bbox 1044 2367 1836 2403; baseline 0 -7"><span class='ocrx_word' id='word_1_832' title='bbox 1044 2377 1134 2396; x_wconf 87' lang='lat' dir='ltr'><strong>nonne</strong></span> <span class='ocrx_word' id='word_1_833' title='bbox 1155 2376 1204 2396; x_wconf 91' lang='lat' dir='ltr'><strong>vos</strong></span> <span class='ocrx_word' id='word_1_834' title='bbox 1223 2368 1380 2403; x_wconf 86' lang='lat' dir='ltr'><strong>interrogati</strong></span> <span class='ocrx_word' id='word_1_835' title='bbox 1404 2368 1438 2394; x_wconf 87' lang='lat' dir='ltr'><strong>ab</strong></span> <span class='ocrx_word' id='word_1_836' title='bbox 1454 2367 1560 2395; x_wconf 89' lang='lat' dir='ltr'><strong>lierode</strong></span> <span class='ocrx_word' id='word_1_837' title='bbox 1581 2372 1676 2395; x_wconf 88' lang='lat' dir='ltr'><strong>testem</strong></span> <span class='ocrx_word' id='word_1_838' title='bbox 1699 2368 1836 2396; x_wconf 74' lang='lat' dir='ltr'><strong>Michream</strong></span> 
     </span>
    </p>
   </div>
   <div class='ocr_carea' id='block_1_111' title="bbox 1045 2415 1837 2452">
    <p class='ocr_par' dir='ltr' id='par_1_111' title="bbox 1045 2415 1837 2452">
     <span class='ocr_line' id='line_1_111' title="bbox 1045 2415 1837 2452; baseline -0.004 -8"><span class='ocrx_word' id='word_1_839' title='bbox 1045 2417 1202 2452; x_wconf 88' lang='lat' dir='ltr'><strong>prophetam</strong></span> <span class='ocrx_word' id='word_1_840' title='bbox 1223 2416 1380 2451; x_wconf 89' lang='lat' dir='ltr'><strong>protulistis,</strong></span> <span class='ocrx_word' id='word_1_841' title='bbox 1393 2419 1422 2442; x_wconf 92' lang='lat' dir='ltr'><strong>ut</strong></span> <span class='ocrx_word' id='word_1_842' title='bbox 1435 2422 1587 2442; x_wconf 84' lang='lat' dir='ltr'><strong>sermonem</strong></span> <span class='ocrx_word' id='word_1_843' title='bbox 1598 2419 1715 2441; x_wconf 89' lang='lat' dir='ltr'><strong>vestrum</strong></span> <span class='ocrx_word' id='word_1_844' title='bbox 1740 2415 1837 2442; x_wconf 88' lang='lat' dir='ltr'><strong>conﬁr-</strong></span> 
     </span>
    </p>
   </div>
   <div class='ocr_carea' id='block_1_112' title="bbox 1045 2460 1835 2496">
    <p class='ocr_par' dir='ltr' id='par_1_112' title="bbox 1045 2460 1835 2496">
     <span class='ocr_line' id='line_1_112' title="bbox 1045 2460 1835 2496; baseline -0.003 -6"><span class='ocrx_word' id='word_1_845' title='bbox 1045 2464 1147 2491; x_wconf 86' lang='lat' dir='ltr'><strong>maret?</strong></span> <span class='ocrx_word' id='word_1_846' title='bbox 1161 2463 1194 2489; x_wconf 82' lang='lat' dir='ltr'><strong>Et</strong></span> <span class='ocrx_word' id='word_1_847' title='bbox 1206 2468 1233 2489; x_wconf 87' lang='lat' dir='ltr'><strong>tu</strong></span> <span class='ocrx_word' id='word_1_848' title='bbox 1245 2462 1328 2494; x_wconf 88' lang='lat' dir='ltr'><strong>enim,</strong></span> <span class='ocrx_word' id='word_1_849' title='bbox 1342 2462 1438 2496; x_wconf 87' lang='lat' dir='ltr'><strong>ittquit,</strong></span> <span class='ocrx_word' id='word_1_850' title='bbox 1452 2460 1580 2488; x_wconf 82' lang='lat' dir='ltr'><strong>Bethleem</strong></span> <span class='ocrx_word' id='word_1_851' title='bbox 1598 2461 1688 2487; x_wconf 83' lang='lat' dir='ltr'><strong>domus</strong></span> <span class='ocrx_word' id='word_1_852' title='bbox 1709 2460 1835 2496; x_wconf 74' lang='lat' dir='ltr'><strong>Ephrem,</strong></span> 
     </span>
    </p>
   </div>
   <div class='ocr_carea' id='block_1_113' title="bbox 1045 2505 1837 2543">
    <p class='ocr_par' dir='ltr' id='par_1_113' title="bbox 1045 2505 1837 2543">
     <span class='ocr_line' id='line_1_113' title="bbox 1045 2505 1837 2543; baseline -0.004 -8"><span class='ocrx_word' id='word_1_853' title='bbox 1045 2516 1202 2543; x_wconf 83' lang='lat' dir='ltr'><strong>nequaqu</strong></span> <span class='ocrx_word' id='word_1_854' title='bbox 1218 2507 1325 2534; x_wconf 81' lang='lat' dir='ltr'><strong>minima</strong></span> <span class='ocrx_word' id='word_1_855' title='bbox 1340 2515 1367 2534; x_wconf 72' lang='lat' dir='ltr'><strong>es</strong></span> <span class='ocrx_word' id='word_1_856' title='bbox 1381 2507 1408 2533; x_wconf 83' lang='lat' dir='ltr'><strong>in</strong></span> <span class='ocrx_word' id='word_1_857' title='bbox 1418 2506 1572 2542; x_wconf 71' lang='lat' dir='ltr'><strong>principibus</strong></span> <span class='ocrx_word' id='word_1_858' title='bbox 1581 2505 1597 2532; x_wconf 91' lang='lat' dir='ltr'><strong>.l</strong></span> <span class='ocrx_word' id='word_1_859' title='bbox 1601 2505 1652 2532; x_wconf 89' lang='lat' dir='ltr'><strong>uda</strong></span> <span class='ocrx_word' id='word_1_860' title='bbox 1666 2513 1675 2533; x_wconf 89' lang='lat'><em>:</em></span> <span class='ocrx_word' id='word_1_861' title='bbox 1691 2514 1722 2533; x_wconf 76' lang='lat' dir='ltr'><strong>ex</strong></span> <span class='ocrx_word' id='word_1_862' title='bbox 1736 2512 1759 2532; x_wconf 87' lang='lat' dir='ltr'><strong>te</strong></span> <span class='ocrx_word' id='word_1_863' title='bbox 1772 2507 1837 2533; x_wconf 87' lang='lat' dir='ltr'><strong>enim</strong></span> 
     </span>
    </p>
   </div>
   <div class='ocr_carea' id='block_1_114' title="bbox 1045 2551 1837 2590">
    <p class='ocr_par' dir='ltr' id='par_1_114' title="bbox 1045 2551 1837 2590">
     <span class='ocr_line' id='line_1_114' title="bbox 1045 2551 1837 2590; baseline -0.005 -8"><span class='ocrx_word' id='word_1_864' title='bbox 1045 2556 1109 2583; x_wconf 67' lang='lat' dir='ltr'><strong>eriet</strong></span> <span class='ocrx_word' id='word_1_865' title='bbox 1131 2555 1194 2587; x_wconf 67' lang='lat' dir='ltr'><strong>dum,</strong></span> <span class='ocrx_word' id='word_1_866' title='bbox 1207 2555 1250 2589; x_wconf 83' lang='lat' dir='ltr'><strong>qui</strong></span> <span class='ocrx_word' id='word_1_867' title='bbox 1263 2558 1331 2590; x_wconf 73' lang='lat' dir='ltr'><strong>reget</strong></span> <span class='ocrx_word' id='word_1_868' title='bbox 1349 2553 1471 2588; x_wconf 85' lang='lat' dir='ltr'><strong>populum</strong></span> <span class='ocrx_word' id='word_1_869' title='bbox 1496 2561 1580 2580; x_wconf 87' lang='lat' dir='ltr'><strong>meum</strong></span> <span class='ocrx_word' id='word_1_870' title='bbox 1598 2551 1680 2580; x_wconf 80' lang='lat' dir='ltr'><strong>Israel</strong></span> <span class='ocrx_word' id='word_1_871' title='bbox 1703 2552 1796 2588; x_wconf 86' lang='lat' dir='ltr'><strong>(Illiclt.</strong></span> <span class='ocrx_word' id='word_1_872' title='bbox 1810 2553 1837 2581; x_wconf 86' lang='lat'><strong>5.</strong></span> 
     </span>
    </p>
   </div>
   <div class='ocr_carea' id='block_1_115' title="bbox 1044 2598 1839 2636">
    <p class='ocr_par' dir='ltr' id='par_1_115' title="bbox 1044 2598 1839 2636">
     <span class='ocr_line' id='line_1_115' title="bbox 1044 2598 1839 2636; baseline -0.003 -8"><span class='ocrx_word' id='word_1_873' title='bbox 1044 2600 1072 2634; x_wconf 77' lang='lat'><strong>2;</strong></span> <span class='ocrx_word' id='word_1_874' title='bbox 1088 2600 1182 2627; x_wconf 79' lang='lat' dir='ltr'><strong>Matth.</strong></span> <span class='ocrx_word' id='word_1_875' title='bbox 1197 2600 1226 2626; x_wconf 81' lang='lat'><strong>‘2.</strong></span> <span class='ocrx_word' id='word_1_876' title='bbox 1237 2599 1276 2636; x_wconf 86' lang='lat'><strong>6).</strong></span> <span class='ocrx_word' id='word_1_877' title='bbox 1290 2599 1373 2628; x_wconf 81' lang='lat' dir='ltr'><strong>Recte</strong></span> <span class='ocrx_word' id='word_1_878' title='bbox 1383 2599 1454 2626; x_wconf 76' lang='lat' dir='ltr'><strong>dixit</strong></span> <span class='ocrx_word' id='word_1_879' title='bbox 1465 2599 1604 2634; x_wconf 84' lang='lat' dir='ltr'><strong>propheta,</strong></span> <span class='ocrx_word' id='word_1_880' title='bbox 1619 2598 1660 2625; x_wconf 80' lang='lat' dir='ltr'><strong>Ea;</strong></span> <span class='ocrx_word' id='word_1_881' title='bbox 1670 2603 1704 2625; x_wconf 85' lang='lat' dir='ltr'><strong>te.</strong></span> <span class='ocrx_word' id='word_1_882' title='bbox 1715 2599 1753 2625; x_wconf 86' lang='lat' dir='ltr'><strong>Ex</strong></span> <span class='ocrx_word' id='word_1_883' title='bbox 1764 2599 1839 2626; x_wconf 84' lang='lat' dir='ltr'><strong>vobis</strong></span> 
     </span>
    </p>
   </div>
   <div class='ocr_carea' id='block_1_116' title="bbox 1045 2645 1840 2681">
    <p class='ocr_par' dir='ltr' id='par_1_116' title="bbox 1045 2645 1840 2681">
     <span class='ocr_line' id='line_1_116' title="bbox 1045 2645 1840 2681; baseline -0.005 -6"><span class='ocrx_word' id='word_1_884' title='bbox 1045 2648 1121 2681; x_wconf 87' lang='lat' dir='ltr'><strong>exiit,</strong></span> <span class='ocrx_word' id='word_1_885' title='bbox 1132 2651 1160 2674; x_wconf 92' lang='lat' dir='ltr'><strong>et</strong></span> <span class='ocrx_word' id='word_1_886' title='bbox 1173 2647 1199 2674; x_wconf 91' lang='lat' dir='ltr'><strong>itt</strong></span> <span class='ocrx_word' id='word_1_887' title='bbox 1213 2645 1306 2674; x_wconf 87' lang='lat' dir='ltr'><strong>orbem</strong></span> <span class='ocrx_word' id='word_1_888' title='bbox 1322 2650 1452 2673; x_wconf 90' lang='lat' dir='ltr'><strong>terrarum</strong></span> <span class='ocrx_word' id='word_1_889' title='bbox 1466 2645 1547 2673; x_wconf 91' lang='lat' dir='ltr'><strong>venit.</strong></span> <span class='ocrx_word' id='word_1_890' title='bbox 1560 2645 1610 2679; x_wconf 85' lang='lat' dir='ltr'><strong>Qui</strong></span> <span class='ocrx_word' id='word_1_891' title='bbox 1624 2645 1696 2672; x_wconf 89' lang='lat' dir='ltr'><strong>enim</strong></span> <span class='ocrx_word' id='word_1_892' title='bbox 1709 2649 1759 2676; x_wconf 87' lang='lat' dir='ltr'><strong>cst,</strong></span> <span class='ocrx_word' id='word_1_893' title='bbox 1776 2652 1840 2679; x_wconf 87' lang='lat' dir='ltr'><strong>pro-</strong></span> 
     </span>
    </p>
   </div>
   <div class='ocr_carea' id='block_1_117' title="bbox 1047 2690 1839 2729">
    <p class='ocr_par' dir='ltr' id='par_1_117' title="bbox 1047 2690 1839 2729">
     <span class='ocr_line' id='line_1_117' title="bbox 1047 2690 1839 2729; baseline -0.006 -8"><span class='ocrx_word' id='word_1_894' title='bbox 1047 2694 1183 2729; x_wconf 81' lang='lat' dir='ltr'><strong>greditur;</strong></span> <span class='ocrx_word' id='word_1_895' title='bbox 1198 2692 1244 2728; x_wconf 88' lang='lat' dir='ltr'><strong>qui</strong></span> <span class='ocrx_word' id='word_1_896' title='bbox 1257 2699 1321 2719; x_wconf 83' lang='lat' dir='ltr'><strong>veto</strong></span> <span class='ocrx_word' id='word_1_897' title='bbox 1333 2699 1388 2719; x_wconf 89' lang='lat' dir='ltr'><strong>non</strong></span> <span class='ocrx_word' id='word_1_898' title='bbox 1402 2696 1452 2724; x_wconf 90' lang='lat' dir='ltr'><strong>est,</strong></span> <span class='ocrx_word' id='word_1_899' title='bbox 1465 2695 1580 2724; x_wconf 88' lang='lat' dir='ltr'><strong>creatur,</strong></span> <span class='ocrx_word' id='word_1_900' title='bbox 1596 2695 1642 2717; x_wconf 93' lang='lat' dir='ltr'><strong>aut</strong></span> <span class='ocrx_word' id='word_1_901' title='bbox 1654 2691 1692 2718; x_wconf 92' lang='lat' dir='ltr'><strong>ﬁt.</strong></span> <span class='ocrx_word' id='word_1_902' title='bbox 1703 2691 1738 2717; x_wconf 86' lang='lat' dir='ltr'><strong>At</strong></span> <span class='ocrx_word' id='word_1_903' title='bbox 1748 2690 1804 2724; x_wconf 85' lang='lat' dir='ltr'><strong>ipse</strong></span> <span class='ocrx_word' id='word_1_904' title='bbox 1812 2694 1839 2716; x_wconf 90' lang='lat' dir='ltr'><strong>et</strong></span> 
     </span>
    </p>
   </div>
   <div class='ocr_carea' id='block_1_118' title="bbox 1047 2734 1838 2773">
    <p class='ocr_par' dir='ltr' id='par_1_118' title="bbox 1047 2734 1838 2773">
     <span class='ocr_line' id='line_1_118' title="bbox 1047 2734 1838 2773; baseline -0.01 -4"><span class='ocrx_word' id='word_1_905' title='bbox 1047 2746 1115 2773; x_wconf 85' lang='lat' dir='ltr'><strong>erat,</strong></span> <span class='ocrx_word' id='word_1_906' title='bbox 1129 2745 1156 2767; x_wconf 89' lang='lat' dir='ltr'><strong>et</strong></span> <span class='ocrx_word' id='word_1_907' title='bbox 1175 2744 1237 2766; x_wconf 87' lang='lat' dir='ltr'><strong>ante</strong></span> <span class='ocrx_word' id='word_1_908' title='bbox 1253 2743 1320 2771; x_wconf 88' lang='lat' dir='ltr'><strong>erat,</strong></span> <span class='ocrx_word' id='word_1_909' title='bbox 1335 2743 1363 2764; x_wconf 89' lang='lat' dir='ltr'><strong>et</strong></span> <span class='ocrx_word' id='word_1_910' title='bbox 1382 2744 1489 2772; x_wconf 83' lang='lat' dir='ltr'><strong>semper</strong></span> <span class='ocrx_word' id='word_1_911' title='bbox 1508 2741 1580 2764; x_wconf 86' lang='lat' dir='ltr'><strong>erat:</strong></span> <span class='ocrx_word' id='word_1_912' title='bbox 1592 2736 1640 2763; x_wconf 90' lang='lat' dir='ltr'><strong>sed</strong></span> <span class='ocrx_word' id='word_1_913' title='bbox 1654 2740 1713 2764; x_wconf 87' lang='lat' dir='ltr'><strong>erat</strong></span> <span class='ocrx_word' id='word_1_914' title='bbox 1731 2734 1838 2770; x_wconf 87' lang='lat' dir='ltr'><strong>quidem</strong></span> 
     </span>
    </p>
   </div>
   <div class='ocr_carea' id='block_1_119' title="bbox 1048 2781 1838 2822">
    <p class='ocr_par' dir='ltr' id='par_1_119' title="bbox 1048 2781 1838 2822">
     <span class='ocr_line' id='line_1_119' title="bbox 1048 2781 1838 2822; baseline -0.009 -7"><span class='ocrx_word' id='word_1_915' title='bbox 1048 2794 1155 2822; x_wconf 89' lang='lat' dir='ltr'><strong>semper</strong></span> <span class='ocrx_word' id='word_1_916' title='bbox 1170 2790 1199 2813; x_wconf 91' lang='lat' dir='ltr'><strong>ut</strong></span> <span class='ocrx_word' id='word_1_917' title='bbox 1219 2785 1290 2812; x_wconf 89' lang='lat' dir='ltr'><strong>Deus</strong></span> <span class='ocrx_word' id='word_1_918' title='bbox 1302 2805 1309 2819; x_wconf 88' lang='lat'><strong>,</strong></span> <span class='ocrx_word' id='word_1_919' title='bbox 1330 2783 1458 2812; x_wconf 90' lang='lat' dir='ltr'><strong>mundum</strong></span> <span class='ocrx_word' id='word_1_920' title='bbox 1483 2783 1635 2818; x_wconf 84' lang='lat' dir='ltr'><strong>gubernans</strong></span> <span class='ocrx_word' id='word_1_921' title='bbox 1655 2791 1662 2810; x_wconf 87' lang='lat'><strong>:</strong></span> <span class='ocrx_word' id='word_1_922' title='bbox 1679 2781 1758 2809; x_wconf 90' lang='lat' dir='ltr'><strong>hodie</strong></span> <span class='ocrx_word' id='word_1_923' title='bbox 1775 2788 1838 2808; x_wconf 89' lang='lat' dir='ltr'><strong>vero</strong></span> 
     </span>
    </p>
   </div>
   <div class='ocr_carea' id='block_1_120' title="bbox 1081 2850 1836 2885">
    <p class='ocr_par' dir='ltr' id='par_1_120' title="bbox 1081 2850 1836 2885">
     <span class='ocr_line' id='line_1_120' title="bbox 1081 2850 1836 2885; baseline -0.012 -4"><span class='ocrx_word' id='word_1_924' title='bbox 1081 2858 1088 2872; x_wconf 83' lang='grc'>¹</span> <span class='ocrx_word' id='word_1_925' title='bbox 1104 2855 1130 2881; x_wconf 88' lang='lat' dir='ltr'><strong>in</strong></span> <span class='ocrx_word' id='word_1_926' title='bbox 1143 2853 1312 2885; x_wconf 65' lang='lat' dir='ltr'><strong>neglegitur,</strong></span> <span class='ocrx_word' id='word_1_927' title='bbox 1335 2856 1430 2885; x_wconf 68' lang='lat' dir='ltr'><strong>propter</strong></span> <span class='ocrx_word' id='word_1_928' title='bbox 1454 2852 1559 2884; x_wconf 73' lang='lat' dir='ltr'><strong>idtpsum</strong></span> <span class='ocrx_word' id='word_1_929' title='bbox 1582 2850 1645 2883; x_wconf 80' lang='lat' dir='ltr'><strong>quod</strong></span> <span class='ocrx_word' id='word_1_930' title='bbox 1657 2850 1836 2875; x_wconf 66' lang='lat' dir='ltr'><strong>instrumentum</strong></span> 
     </span>
    </p>
   </div>
   <div class='ocr_carea' id='block_1_121' title="bbox 1049 2887 1227 2915">
    <p class='ocr_par' dir='ltr' id='par_1_121' title="bbox 1049 2887 1227 2915">
     <span class='ocr_line' id='line_1_121' title="bbox 1049 2887 1227 2915; baseline -0.028 0"><span class='ocrx_word' id='word_1_931' title='bbox 1049 2894 1098 2915; x_wconf 59' lang='lat' dir='ltr'><strong>esse</strong></span> <span class='ocrx_word' id='word_1_932' title='bbox 1113 2887 1227 2913; x_wconf 68' lang='lat' dir='ltr'><strong>redeatur.</strong></span> 
     </span>
    </p>
   </div>
  </div>
