2060 3125
225 166 275 195 591

225 223 388 259 prodiit:nt
414 223 495 252 homo
515 223 640 259 populum
668 222 754 258 regit,
782 227 812 250 ut
832 223 903 250 Deus
926 227 1015 251 autem

225 270 317 297 orbem
344 273 475 298 tetrarum
500 270 600 297 salvum
626 268 697 296 fecit.
712 268 734 296 0
753 268 882 304 benignos
904 268 1013 296 hostes!

223 323 241 342 ο
266 315 402 344 modestos
425 323 457 343 ac
482 316 561 343 miles
588 319 773 349 accusatores,
797 315 842 350 qui
869 320 959 342 natum
988 316 1016 342 in

223 361 360 390 Bemleem
398 361 482 389 Deum
520 368 581 389 esse
620 360 802 396 imprudentes
834 361 1013 389 indicarunt:

222 409 266 443 qui
280 408 404 435 latentem
418 409 443 436 in
459 408 589 443 praesepio
604 408 744 435 Dominutn
760 413 850 441 notum
872 408 1011 443 fecerunt,

221 454 266 489 qui
276 455 408 488 jacentem
421 454 446 480 in
458 454 583 488 spelunca
597 453 670 480 inviti
683 453 842 486 indicarunt,
851 454 1015 482 etbencficio

221 501 344 528 nolentes
356 508 403 528 sua
418 505 512 535 sponte
524 507 573 528 nos
592 499 755 532 affecerunt,
770 500 938 534 revelarunt,
953 508 1013 528 eum

220 547 355 574 occultare
373 547 555 574 conarentur!
583 545 664 573 Vides
691 545 828 580 imperitos
850 546 1015 581 magistros?

220 593 285 627 Qua:
295 593 392 620 docent
407 593 457 628 ipsi
470 592 594 620 nesciunt
608 602 614 619 :
629 591 699 620 fame
710 593 823 620 confecti
838 593 967 626 nutriunt,
978 593 1013 620 si-

219 639 317 667 tientes
331 637 420 674 potum
433 638 552 673 prmbeut
562 659 569 672 ,
584 642 701 674 egestate
712 639 797 673 pressi
809 639 903 666 ditant.
919 639 1013 667 Venite

219 685 298 720 igitur
313 705 321 718 ,
344 684 439 712 festum
453 692 563 720 agamus
573 705 581 718 ,
596 685 695 716 venite.
712 685 912 714 'solemnitatem
941 686 1013 714 cele-

218 730 336 758 bremus.
351 730 494 758 Inusitatus
507 731 577 758 enim
591 735 632 759 est
646 731 795 758 festivitatis
809 731 913 764 modus,
929 740 1013 767 quan-

218 777 361 813 doquidem
379 782 406 805 et
420 777 583 805 incredibilis
599 782 641 805 est
653 785 742 805 sermo
757 778 911 806 nativitatis.
928 778 1011 807 Hodie

218 831 332 858 namque
347 827 423 851 vetus
435 823 550 850 solutum
565 827 607 851 est
620 823 765 857 vinculum,
781 823 904 851 diabolus
917 824 1012 852 confu-

217 880 264 899 sus
278 877 329 906 est,
349 872 486 899 daemones
507 872 667 907 aufugerunt
680 893 687 904 ,
704 872 838 900 destructa
857 879 930 900 mors
950 876 1008 906 est,

216 918 355 953 paradisus
369 922 501 946 reseratus
515 939 523 952 ,
538 918 691 946 maledictio
705 918 792 946 deleta
804 924 854 952 εει,
870 923 1010 953 peccatum

216 974 232 992 c
247 965 335 992 medio
349 965 481 994 sublatum
494 970 546 999 cst,
561 966 696 1000 ablegatus
708 970 749 993 est
759 974 845 999 error,
858 967 955 994 veritas
967 974 1010 994 re-

216 1009 281 1041 diit.
298 1014 325 1038 et
337 1011 442 1045 pietatis
461 1018 550 1039 sermo
565 1011 738 1046 undequaque
751 1011 939 1039 disseminatus
953 1017 1008 1046 est,

216 1061 243 1084 et
258 1057 396 1085 cucurrit:
412 1058 579 1085 conversatio
604 1058 718 1085 caelitum
743 1059 768 1085 in
792 1059 870 1086 terris
894 1059 1009 1094 plantata

216 1103 451 1138 estzangelicum
476 1103 628 1131 hominibus
645 1104 863 1138 communicant,
887 1104 1008 1133 homines

215 1156 276 1177 cum
291 1149 392 1185 angelis
411 1150 542 1186 intrepide
561 1151 759 1186 colloquuntur.
778 1151 846 1185 Quid
863 1152 915 1180 ita?
934 1152 1008 1187 Quo-

215 1197 287 1224 niam
300 1196 371 1224 Deus
384 1197 409 1224 in
425 1202 523 1225 terram
539 1198 627 1230 venit,
649 1203 676 1225 et
689 1198 768 1226 homo
784 1199 810 1226 in
825 1199 919 1226 caelum
929 1219 937 1232 ,
951 1207 1009 1227 om-

215 1243 258 1270 nia
274 1243 373 1278 paSsim
385 1243 529 1270 commixta
543 1248 616 1271 sunt.
631 1243 710 1271 Venit
722 1245 792 1271 enim
805 1245 830 1272 in
845 1249 914 1276 terra
924 1267 931 1278 ,
948 1253 1007 1274 cum

214 1292 286 1315 totus
302 1289 327 1314 in
341 1288 408 1315 czelo
421 1288 456 1315 sit
471 1298 476 1315 :
490 1296 606 1324 Curtaque
620 1293 691 1317 totus
705 1290 730 1317 in
745 1291 810 1318 caelo
823 1291 868 1324 sit,
884 1295 953 1319 totus
968 1296 1009 1320 est

213 1333 240 1361 in
256 1338 336 1362 terra.
352 1333 419 1364 Cum
436 1338 508 1361 esset
525 1334 613 1368 Deus,
630 1334 715 1363 factus
727 1340 768 1363 est
780 1336 860 1363 homo
870 1356 877 1368 ,
891 1344 944 1364 non
959 1345 1007 1364 ne-

212 1387 279 1414 gans
293 1387 322 1407 se
335 1380 418 1409 Deum
431 1387 491 1409 esse
507 1390 514 1407 ε
530 1388 590 1408 cum
606 1385 679 1409 esset
703 1381 817 1410 Verbum
841 1383 986 1418 impatibile
998 1404 1006 1416 ,

212 1425 298 1455 factus
311 1429 352 1453 est
364 1433 428 1453 caro
442 1434 449 1452 :
467 1429 496 1453 ut
508 1426 640 1456 habitaret
650 1427 675 1454 in
688 1428 764 1455 nobis
777 1435 840 1456 caro
856 1428 940 1456 factus
955 1433 1005 1456 est.

212 1470 282 1499 Deus
295 1471 366 1499 enim
382 1471 468 1500 factus
491 1480 543 1503 non
555 1477 596 1501 est
607 1493 624 1506 ,,
636 1472 684 1501 sed
696 1478 763 1501 erat.
785 1473 930 1509 Propterea
944 1482 1008 1503 caro

212 1517 297 1547 factus
311 1522 352 1545 est
363 1539 370 1551 ,
386 1523 414 1545 ut
428 1526 506 1554 quem
519 1519 613 1547 caelum
628 1527 679 1547 non
694 1520 826 1555 capiebat,
843 1520 922 1549 hodie
937 1529 1006 1557 prte-

211 1564 314 1599 sepium
330 1565 485 1600 susciperet.
501 1565 645 1601 Propterea
658 1567 766 1601 ponitur
780 1567 806 1594 in
824 1569 964 1603 prmsepio,
978 1573 1008 1596 ut

211 1610 235 1638 is
250 1618 264 1639 a
278 1617 330 1646 quo
343 1611 496 1638 nutriuntur
509 1612 598 1641 omnia
611 1612 714 1647 pueruli
728 1613 883 1640 alimentum
896 1621 911 1640 a
925 1614 1005 1649 virgi-

210 1664 245 1685 ne
265 1661 349 1686 matre
371 1657 492 1692 accipiat.
519 1657 662 1692 Propterea
681 1657 830 1686 futurorum
846 1659 1004 1686 szeculorum

210 1703 290 1731 Pater
312 1707 448 1738 tamquam
466 1703 500 1731 ab
523 1703 606 1731 ubere
625 1703 745 1739 pendens
763 1704 850 1732 infans
873 1705 1007 1740 virgineas

210 1748 321 1777 minime
336 1749 433 1784 refugit
449 1750 543 1782 ulnas,
566 1753 595 1776 ut
607 1750 692 1785 magis
710 1757 819 1779 accessu
846 1751 929 1778 facilis
949 1752 1004 1779 fiat.

210 1795 346 1829 Siquidem
360 1799 387 1822 et
401 1795 481 1826 hodie
493 1796 560 1830 magi
573 1795 749 1828 advenerunt,
764 1800 791 1824 et
804 1800 945 1831 tyrannum
955 1796 1006 1824 ab-

211 1841 326 1877 negandi
345 1842 449 1870 initium
469 1841 590 1869 fecerunt
601 1862 609 1875 ,
630 1846 658 1870 et
670 1842 765 1870 caelum
780 1842 924 1877 gloriatur,
942 1842 1005 1870 dum

210 1896 259 1923 per
273 1887 376 1915 stellam
393 1887 532 1915 Dominum
547 1895 623 1915 suum
637 1887 735 1915 indicat
748 1908 755 1920 ,
774 1892 801 1915 et
814 1895 895 1922 super
907 1889 1004 1916 nubem

211 1935 296 1962 levetn
317 1934 437 1969 corporis
452 1934 493 1961 sui
509 1934 606 1962 sedens
627 1935 754 1966 Dominus
768 1936 852 1962 currit
873 1936 898 1962 in
922 1935 1004 1971 (Egy-

209 1985 285 2016 ptum
301 1989 307 2008 :
323 1985 349 2008 et
362 1980 452 2016 fugere
466 1981 573 2016 quidem
591 1981 703 2008 Ilerodis
716 1981 820 2008 videtur
833 1982 941 2009 insidias
953 2003 960 2015 ,
975 1990 1005 2011 re

209 2031 298 2055 autem
317 2034 379 2055 vera
395 2027 465 2062 quod
485 2027 519 2054 ab
537 2027 603 2054 Isaia
626 2027 725 2054 dictum
748 2027 835 2055 fuerat
855 2028 1004 2064 adimplet:

212 2079 222 2094 ε
235 2070 379 2102 Eritenim,
392 2079 401 2095 ι
416 2070 512 2105 inquit,
523 2079 532 2095 ‹
545 2069 570 2096 ἰη
584 2069 627 2097 die
638 2070 682 2097 illa
692 2070 772 2097 Israel
781 2071 872 2097 tertius
881 2071 906 2097 in
920 2071 1004 2106 Assy-

208 2116 275 2149 riis,
291 2120 318 2144 et
331 2116 357 2143 in
373 2116 508 2152 (Egyptiis
519 2117 676 2145 benetlictus
690 2116 741 2144 erit
756 2117 869 2151 populus
887 2124 963 2145 meus
977 2119 1004 2146 in

209 2169 299 2194 terra,
323 2171 403 2198 quam
425 2163 561 2191 benedixit
583 2162 712 2190 Dominus
730 2162 868 2196 Sabaoth,
889 2163 1002 2191 dicens:

208 2209 368 2238 Benedictus
381 2209 433 2239 erit
447 2209 560 2243 populus
580 2216 656 2236 meus
671 2209 756 2243 quiin
772 2208 890 2244 IEgypto
912 2214 939 2236 et
958 2209 1003 2244 qui

208 2257 234 2282 in
249 2255 366 2290 Assyriis
380 2260 407 2282 et
418 2255 463 2290 qui
477 2255 502 2281 in
518 2254 598 2282 Israel
612 2264 621 2280 ι
638 2254 647 2290 (
661 2253 725 2281 Isai.
741 2254 784 2282 l9.
798 2254 844 2282 24.
856 2255 918 2290 25).
934 2255 1003 2288 Quid

208 2303 269 2335 ais,
293 2303 406 2331 ludme?
430 2303 474 2337 qui
500 2303 601 2337 primus
619 2310 699 2336 eras,
723 2303 817 2331 tertius
842 2303 928 2331 factus
953 2304 1005 2331 es?

209 2350 327 2385 A‘agyptii
340 2354 367 2378 et
380 2350 480 2386 Assyrii
498 2350 543 2377 tibi
557 2349 666 2379 antelati
682 2353 753 2382 sunt,
770 2353 797 2377 et
811 2350 1003 2385 primogenitus

208 2397 289 2424 Israel
304 2404 415 2424 numero
430 2397 562 2432 posterior
581 2396 642 2424 est?
666 2396 703 2423 Ita
719 2400 760 2423 est
777 2405 783 2423 :
799 2397 897 2424 merito
919 2397 1003 2432 Assy-

207 2445 240 2472 rii
256 2444 335 2478 primi
348 2449 426 2471 erunt
442 2453 450 2472 :
463 2443 678 2479 quandoquidem
691 2448 717 2471 et
728 2443 777 2478 ipsi
792 2444 869 2478 primi
884 2451 932 2480 per
945 2452 1003 2471 ma-

208 2499 257 2525 gos
274 2498 335 2517 eum
356 2490 535 2518 adoraverunt
547 2499 555 2517 :
569 2490 687 2526 Egyptii
707 2497 771 2517 vero
784 2495 844 2525 post
860 2491 984 2526 Assyrios
995 2511 1003 2524 ,

209 2536 427 2571 quandoquidem
439 2536 524 2571 ipsum
536 2536 650 2563 Herodis
659 2536 767 2564 insidias
776 2535 918 2572 fugientem
930 2544 1005 2565 exce

209 2587 324 2618 perunt;
340 2587 477 2617 postremo
490 2590 554 2610 vero
567 2583 626 2610 loco
640 2588 795 2610 numeratur
811 2583 903 2617 Israel,
917 2591 1004 2618 quam

209 2627 353 2662 doquidem
366 2632 425 2662 post
435 2635 573 2654 ascensum
588 2627 645 2662 ejus
655 2636 688 2657 ex
700 2628 817 2656 Iordane
829 2633 883 2656 tum
896 2624 1003 2657 demu'm

207 2683 258 2710 per
275 2675 410 2710 apostolos
423 2682 483 2701 eum
496 2680 674 2709 agnoverunt.
697 2674 834 2710 Ingressus
854 2680 895 2703 est
915 2681 1005 2706 autem

208 2721 355 2758 Egyptum
368 2742 376 2755 ,
398 2720 554 2748 concutiens
566 2720 674 2756 Egypli
688 2721 837 2749 mannfacta
847 2743 855 2755 ,
872 2730 924 2749 non
936 2730 1004 2758 quo-

209 2775 263 2804 quo
277 2768 373 2801 modo,
389 2767 437 2795 sed
453 2772 590 2802 postquam
604 2767 713 2803 {Egypti
729 2768 858 2795 vestibula
877 2769 1007 2796 conclusit

208 2815 318 2843 interitu
342 2814 579 2850 primogenitorum
606 2813 688 2850 (Isai.
717 2813 761 2841 l9.
789 2815 833 2848 l).
860 2814 1005 2849 Propterea

209 2866 344 2897 tamquam
355 2861 550 2897 primogenitus
562 2860 642 2888 hodie
654 2860 790 2895 ingressus
800 2865 841 2888 est
853 2866 882 2887 ut
890 2861 1005 2896 antiquae

211 2909 346 2939 mmstitiaa
370 2909 470 2937 luctum
490 2907 614 2936 solveret.
639 2906 846 2942 Primogenitum
869 2915 932 2936 vero
953 2908 1006 2936 dici

591 164 620 193 S.
640 163 782 193 JOANNIS
798 164 1042 196 CHRYSOSTOMI
1068 169 1228 197 AHCHIEP.
1249 168 1520 197 CONSTANTINOP.

1811 179 1863 208 392

1073 223 1207 253 Christum
1223 231 1335 255 testatur
1348 228 1428 256 hodie
1442 229 1526 258 Lucas
1536 231 1697 268 evangelista
1713 241 1773 261 cum
1786 234 1863 263 dicit:

1070 270 1103 297 Et
1117 274 1211 307 peperit
1221 273 1302 308 ﬁlium
1315 283 1390 302 suum
1402 276 1604 311 primogenitum,
1619 283 1642 306 et
1655 281 1746 315 pannis
1761 281 1864 309 involvit

1068 325 1124 344 eum
1134 338 1141 350 ,
1157 323 1181 345 et
1193 320 1322 347 reclinavit
1336 329 1393 348 eum
1412 322 1438 349 in
1460 324 1601 358 prresepio,
1621 325 1681 359 quia
1694 334 1745 353 non
1760 332 1813 354 erat
1827 329 1862 355 eis

1069 363 1138 391 locus
1160 365 1186 392 in
1209 365 1345 393 diversorio
1363 366 1530 403 (Luc.2.7).
1556 368 1694 404 Ingressus
1717 376 1760 399 est
1783 373 1863 407 igitur

1067 409 1213 446 Egyptum
1227 416 1256 439 ut
1269 412 1384 448 antiqua:
1403 414 1537 441 maestitiae
1555 415 1656 443 luctum
1677 417 1795 446 solveret
1812 428 1818 446 :
1835 425 1862 448 et

1068 456 1202 491 plagarum
1224 457 1282 485 loco
1296 458 1422 493 gaudium
1435 459 1534 487 invexit
1547 482 1553 493 ,
1569 465 1595 488 et
1610 461 1668 489 loco
1682 463 1768 490 noctis
1782 468 1862 500 atqtte

1066 502 1236 530 tenebrarum
1253 503 1342 531 lumen
1365 504 1458 532 salutis
1472 505 1582 540 largitus
1599 510 1651 535 est.
1673 507 1859 537 Contamiuata

1067 551 1130 575 tunc
1145 548 1194 575 fttit
1213 556 1281 584 aqua
1304 549 1420 578 ﬂuminis
1442 550 1593 580 immatura:
1615 553 1701 581 aetatis
1718 554 1859 582 infantium

1064 593 1149 621 ca‘de.
1169 593 1305 629 Ingressus
1318 599 1359 623 est
1373 596 1451 631 igitur
1467 597 1491 624 itt
1507 596 1650 633 Egyptum
1665 599 1688 626 is
1704 600 1749 635 qui
1762 608 1858 636 aquam

1065 639 1172 666 rubrum
1189 640 1359 674 reddiderat,
1375 646 1403 669 et
1418 641 1533 670 fluminis
1545 643 1654 671 fluentis
1667 645 1719 672 vim
1733 646 1859 681 gignendi

1064 685 1177 712 Salutem
1203 686 1316 720 indidit,
1340 694 1487 722 eorumque
1511 688 1689 723 impuritatem
1712 698 1744 719 ac
1763 691 1858 720 sordes

1065 731 1179 766 Spiritus
1193 733 1292 761 virtute
1303 734 1447 769 purgavit‘.
1459 734 1557 762 Afflicti
1568 735 1676 764 fuerunt
1687 736 1816 774 Egyptii,
1830 744 1858 766 et

1066 777 1156 806 furore
1167 779 1283 814 correpti
1295 779 1376 807 Deum
1388 780 1563 816 abnegarunt.
1577 781 1714 817 Ingressus
1726 788 1768 811 est
1778 784 1857 819 igitur

1065 825 1091 852 in
1103 825 1248 860 Egyptum
1260 847 1267 859 ,
1289 825 1426 861 religiosas
1439 828 1541 855 animas
1556 829 1708 862 cognitione
1722 829 1768 857 Dei
1780 837 1855 857 com-

1062 871 1138 905 plens
1150 891 1157 903 ,
1174 871 1262 899 effecit
1277 875 1304 899 ut
1322 871 1420 899 flumen
1437 872 1606 901 fecundiores
1624 874 1704 909 spicis
1725 881 1855 912 martyres

1061 917 1156 944 aleret.
1169 916 1219 944 Sed
1232 922 1340 952 propter
1352 918 1489 954 angustias
1500 919 1628 954 temporis
1641 919 1692 948 hoc
1703 921 1762 949 loco
1775 923 1854 950 statui

1062 962 1142 989 linem
1157 962 1246 990 facere
1258 963 1373 997 dicendi,
1388 963 1459 998 quod
1471 964 1601 999 reliquum
1613 970 1655 993 est
1669 967 1769 1001 negotii
1780 967 1855 995 vobis

1061 1008 1087 1035 in
1103 1008 1172 1036 diem
1185 1014 1341 1044 sequentem
1357 1014 1543 1037 reservaturus
1555 1019 1561 1037 :
1578 1011 1622 1038 hic
1635 1016 1724 1039 autem
1738 1013 1853 1040 orationi

1062 1053 1142 1082 finem
1158 1055 1302 1090 imponam,
1319 1055 1362 1082 ubi
1377 1054 1429 1083 hoc
1442 1056 1596 1090 explevero,
1613 1064 1666 1091 quo
1680 1062 1758 1092 pacto
1773 1059 1853 1085 nimi-

1061 1108 1119 1127 rum
1132 1121 1138 1133 ,
1162 1108 1223 1128 cum
1238 1101 1386 1136 impatibile
1398 1101 1514 1129 Verbum
1528 1107 1616 1136 esset,
1631 1111 1694 1131 caro
1708 1103 1807 1132 factum
1820 1105 1855 1132 sit

1061 1147 1198 1174 immutata
1213 1153 1338 1175 manente
1357 1153 1460 1176 natura.
1476 1148 1545 1182 Quid
1558 1149 1644 1176 dicam
1655 1170 1662 1181 .
1677 1155 1723 1178 aut
1738 1151 1801 1186 quid
1813 1151 1853 1179 lo-

1059 1193 1148 1228 quar?
1163 1193 1278 1221 Fabrum
1294 1198 1321 1221 et
1334 1201 1454 1229 prtesepe
1468 1194 1545 1222 video
1559 1199 1586 1222 et
1599 1194 1727 1223 infantem
1740 1217 1746 1229 ,
1763 1202 1790 1224 et
1805 1205 1853 1225 cu-

1060 1246 1154 1266 narum
1170 1239 1282 1272 fascias,
1300 1245 1327 1267 et
1340 1240 1450 1275 virginis
1464 1245 1568 1275 partum
1591 1241 1670 1269 rebus
1694 1244 1854 1272 necessariis

1060 1286 1225 1318 destitutum.
1240 1286 1329 1314 omnia
1341 1291 1460 1322 egestate
1472 1294 1575 1323 pressa,
1592 1289 1681 1316 omnia
1696 1289 1775 1325 plena
1789 1298 1854 1325 pau-

1059 1333 1179 1368 pertatis.
1196 1333 1288 1360 Vidisti
1303 1333 1407 1362 divitias
1418 1334 1446 1362 in
1456 1336 1542 1362 multa
1550 1337 1785 1372 paupertate?quo
1797 1345 1854 1365 mo-

1059 1379 1093 1407 do
1106 1387 1165 1408 cum
1178 1379 1253 1408 dives
1264 1384 1346 1414 esset,
1365 1388 1464 1416 egenus
1477 1385 1520 1410 est
1537 1387 1628 1410 nostra
1646 1391 1726 1411 causa
1746 1384 1853 1412 factus?

1059 1435 1112 1463 quo
1126 1427 1206 1455 modo
1222 1435 1309 1463 neque
1329 1427 1425 1456 lectutu
1439 1448 1446 1461 ,
1469 1436 1556 1465 neque
1578 1429 1724 1464 stragulum
1743 1429 1852 1463 habuit,

1058 1473 1105 1501 sed
1119 1473 1145 1500 in
1159 1473 1232 1501 nudo
1243 1474 1357 1510 praesepi
1372 1478 1430 1502 erat
1445 1474 1599 1509 projectusl
1620 1475 1642 1503 0
1657 1481 1851 1511 paupertatem,

1057 1519 1211 1546 divitiarum
1227 1520 1326 1547 fontem
1339 1521 1346 1547 ι
1362 1527 1378 1547 0
1393 1519 1500 1548 divitias
1514 1521 1673 1555 immensas,
1689 1523 1853 1557 paupertatis

1058 1565 1176 1600 speciem
1191 1573 1246 1600 pra:
1256 1573 1286 1593 se
1298 1565 1434 1594 ferentes!
1450 1566 1479 1594 In
1495 1567 1608 1603 praesepi
1618 1567 1689 1602 jacet
1699 1588 1707 1601 ,
1723 1572 1750 1595 et
1760 1568 1852 1596 orbem

1060 1615 1191 1638 terrarum
1213 1612 1351 1645 concutit;
1375 1611 1465 1640 fasciis
1489 1620 1618 1641 cunarum
1642 1613 1802 1647 involvitur,
1825 1620 1852 1642 et

1058 1657 1159 1692 peccati
1173 1657 1278 1685 vincula
1292 1657 1452 1693 disrumpit;
1471 1659 1591 1687 nondum
1603 1659 1628 1687 in
1646 1667 1736 1688 vocem
1751 1661 1851 1688 articu-

1058 1703 1138 1731 latam
1152 1704 1259 1739 erupit,
1276 1707 1304 1732 et
1316 1712 1408 1739 magos
1421 1704 1546 1739 edocuit,
1562 1710 1589 1733 et
1600 1706 1633 1733 ad
1648 1707 1851 1734 conversionem

1057 1750 1212 1778 commovit.
1230 1750 1298 1784 Quid
1310 1750 1409 1783 dicam,
1423 1756 1468 1778 aut
1478 1751 1541 1786 quid
1557 1751 1668 1787 l0quar?
1681 1752 1751 1780 Ecce
1765 1752 1852 1780 infans

1058 1797 1147 1826 fasciis
1158 1798 1314 1831 involvitur,
1328 1803 1354 1826 et
1368 1798 1395 1825 iu
1408 1799 1520 1833 przesepi
1529 1799 1601 1834 jacet
1615 1807 1622 1826 :
1636 1799 1713 1827 adest
1724 1803 1813 1827 autem
1825 1804 1852 1827 et

1057 1845 1139 1873 Maria
1154 1853 1213 1880 qua:
1234 1845 1310 1881 virgo
1331 1849 1358 1873 et
1376 1849 1461 1872 mater
1474 1850 1515 1872 est
1531 1853 1537 1872 :
1559 1844 1653 1872 aderat
1665 1850 1753 1872 autem
1764 1849 1791 1873 et
1804 1844 1850 1872 Ju-

1057 1892 1134 1927 sepb,
1150 1892 1195 1928 qui
1212 1896 1287 1927 pater
1301 1892 1459 1927 appellatur.
1476 1892 1525 1919 llic
1539 1892 1579 1920 vir
1594 1892 1708 1925 dicitur,
1726 1892 1769 1919 illa
1785 1900 1852 1920 uxor

1057 1944 1170 1966 vocatur
1183 1948 1189 1966 :
1207 1939 1324 1974 legitima
1338 1943 1400 1966 snnt
1415 1938 1521 1966 nomina
1532 1938 1702 1973 copulatione
1714 1938 1848 1966 destituta.

1057 1985 1206 2012 Verborum
1220 1989 1298 2012 tenus
1309 1984 1366 2011 haec
1374 1984 1438 2012 mihi
1451 1984 1578 2019 intellige,
1593 1991 1646 2011 non
1659 1991 1748 2011 rerum
1763 1988 1848 2011 tenus.

1059 2032 1106 2060 Hic
1119 2032 1204 2059 solum
1218 2031 1401 2066 deSponsavit,
1417 2035 1445 2058 et
1459 2030 1573 2065 Spiritus
1586 2035 1693 2058 sanctus
1708 2030 1848 2058 obumbra-

1056 2080 1095 2106 vit
1106 2079 1131 2106 ei
1146 2087 1153 2105 :
1170 2078 1240 2106 unde
1255 2078 1380 2106 dubitans
1390 2077 1490 2111 .loseph
1501 2098 1509 2111 ,
1529 2077 1592 2113 quid
1605 2078 1752 2112 appellaret
1768 2079 1850 2105 infan-

1060 2130 1113 2153 tem
1129 2125 1275 2153 nesciebat.
1292 2124 1331 2152 Ex
1342 2124 1473 2151 adulterio
1487 2128 1579 2150 natum
1591 2123 1681 2151 dicere
1695 2124 1782 2159 ipsum
1797 2131 1849 2151 non

1056 2171 1180 2204 audebat,
1191 2170 1348 2205 probrosum
1357 2169 1383 2198 in
1398 2169 1527 2204 virginem
1535 2169 1625 2204 jacere
1635 2176 1786 2197 sermonem
1798 2176 1851 2196 non

1057 2221 1170 2253 poterat,
1190 2216 1272 2243 Iiliutn
1288 2216 1374 2251 ipsum
1388 2215 1480 2242 dicere
1492 2222 1570 2242 suum
1584 2214 1735 2250 refugiebat
1747 2223 1753 2241 :
1768 2214 1851 2250 probe

1044 2296 1048 2302 '
1060 2270 1174 2298 namque
1186 2263 1287 2290 sciebat
1297 2262 1347 2289 sibi
1362 2262 1479 2296 ignotum
1491 2268 1563 2294 esse,
1576 2268 1630 2296 quo
1644 2265 1733 2296 pacto,
1746 2261 1788 2288 vel
1801 2269 1851 2288 un-

1057 2309 1091 2337 de
1105 2308 1192 2337 infans
1202 2312 1280 2335 natus
1290 2311 1363 2334 esset
1379 2315 1386 2333 :
1401 2314 1480 2342 quam
1493 2307 1528 2334 ob
1540 2313 1647 2334 causam
1662 2306 1700 2333 illi
1715 2306 1749 2334 de
1764 2314 1793 2334 re
1802 2307 1851 2334 du-

1059 2354 1154 2383 bitanti
1165 2375 1172 2387 ,
1187 2354 1221 2381 de
1235 2353 1300 2381 caelo
1315 2352 1454 2380 oraculum
1476 2352 1562 2387 angeli
1578 2359 1643 2380 voce
1656 2352 1771 2380 delatum
1787 2356 1828 2380 est
1842 2362 1848 2379 :

1061 2401 1125 2430 Noli
1138 2402 1232 2433 timere,
1247 2399 1344 2435 Joseph
1358 2407 1367 2426 :
1381 2399 1448 2434 quod
1462 2400 1528 2426 enim
1539 2406 1572 2426 ea:
1583 2407 1612 2425 ea
1625 2399 1736 2434 genitum
1750 2403 1786 2425 est
1797 2418 1805 2432 ,
1820 2398 1852 2425 de

1060 2447 1160 2482 Spiritu
1171 2451 1258 2474 sancto
1271 2451 1307 2473 est
1318 2444 1431 2482 (Matth.
1448 2445 1474 2472 I.
1486 2445 1550 2480 20).
1573 2444 1688 2480 Spiritus
1702 2444 1774 2472 enim
1788 2451 1851 2471 san-

1059 2497 1119 2520 ctus
1132 2492 1226 2528 virgini
1240 2491 1416 2521 obumbravit.
1431 2490 1518 2524 Quare
1532 2498 1595 2518 vero
1606 2498 1639 2518 ex
1650 2490 1752 2525 virgine
1765 2490 1852 2517 nasci-

1061 2544 1120 2572 tur,
1134 2543 1161 2567 et
1175 2538 1353 2573 virginitatem
1370 2536 1496 2564 illibatam
1511 2540 1601 2564 servat
1611 2536 1622 2562 ?
1634 2536 1701 2569 Quia
1717 2535 1851 2571 quondam

1058 2587 1187 2622 virginem
1203 2579 1285 2612 Evam
1299 2584 1405 2619 decepit
1417 2583 1541 2611 diabolus
1551 2603 1558 2615 ,
1573 2582 1673 2613 idcirco
1683 2581 1716 2610 ad
1730 2582 1852 2614 Mariam,

1058 2641 1118 2668 qua:
1131 2632 1205 2667 virgo
1218 2635 1286 2664 erat,
1301 2629 1406 2658 felicem
1420 2629 1542 2656 nuntium
1555 2629 1664 2657 Gabriel
1679 2628 1784 2656 detulit.
1799 2627 1852 2655 Sed

1059 2679 1168 2713 decepta
1182 2677 1290 2713 quidem
1306 2676 1360 2703 Eva
1376 2675 1480 2713 peperit
1495 2675 1605 2703 verbum
1618 2695 1626 2706 .
1645 2675 1716 2710 quod
1738 2679 1851 2702 mortem

1059 2725 1147 2753 intulit
1162 2733 1168 2750 :
1183 2727 1211 2750 at
1224 2723 1327 2751 felicem
1349 2722 1470 2750 nuntium
1484 2721 1617 2756 accipiens
1636 2720 1717 2748 Maria
1736 2720 1852 2747 Verbum

1060 2772 1086 2798 in
1098 2778 1178 2798 carne
1188 2770 1289 2805 genuit,
1303 2768 1373 2804 quod
1386 2769 1467 2796 vitam
1483 2767 1561 2795 nobis
1572 2772 1698 2796 aternam
1717 2767 1851 2794 conciliat.

1059 2818 1177 2846 Verbum
1198 2816 1262 2844 Eva:
1276 2815 1377 2851 lignum
1399 2815 1545 2849 iudicavit,
1561 2822 1609 2850 per
1622 2814 1692 2848 quod
1714 2814 1816 2848 lignum
1838 2821 1854 2842 ο

1094 2911 1100 2926 ¹
1120 2912 1189 2942 Reg,
1203 2907 1280 2937 unxit,
1292 2913 1343 2938 pro,
1352 2905 1471 2938 purgarit.
