2047 3122
226 145 276 174 3M

219 204 273 232 ’τὸν
286 202 401 238 κόσμον·
416 203 536 239 σήμερον
551 201 580 229 δέ
600 201 744 237 προῆλθεν,
759 202 798 233 ὥς
809 201 952 236 ἄνθρωπος
966 199 1016 235 μὶν

227 247 274 274 τὸν
298 246 361 273 λαὸν
381 245 543 281 ποιμαίνων,
568 244 606 276 ὡς
633 244 698 276 Θεὸς
723 244 751 270 δὲ
780 244 829 280 τήν
854 243 1016 279 οἰκουμένην

227 288 374 320 διασὼζων.
388 288 421 314 Ὢ
430 287 566 322 πολεμίων
575 287 713 321 χρηστῶνί
725 285 747 312 ὣ
755 286 914 321 κατηγόρων
925 286 1016 320 φιλαν-

229 329 362 366 θρώπωνί
382 330 407 356 οἳ
419 328 466 355 τὸν
477 329 507 355 ἐν
522 326 645 363 Βηθλεέμ
662 326 792 362 τεχθέντα
806 327 980 358 λανθάνοντες
1002 333 1016 347 ι

227 372 293 399 Θεὸν
310 371 423 403 ἔδειξαν,
438 371 462 398 οἶ
480 370 526 397 τὸν
542 371 572 396 ἐν
595 369 683 405 φάτνῃ
703 369 890 404 κρυπτόμενον
911 368 1014 394 Δεσπό-

227 422 278 448 την
302 412 469 448 ἐγνώρισαν,
485 411 508 438 οἱ
524 411 569 438 τὸν
590 411 619 437 ἐν
638 410 762 445 σπηλαίῳ
781 410 936 445 καθήμενον
949 410 1017 445 ἐμή-

227 463 311 483 νυσαν
327 455 448 485 ἄκοντες,
469 453 516 479 καὶ
534 453 721 488 εὐηργέτησαν
742 451 782 487 μὴ
811 451 942 483 θέλοντες,
961 452 1016 478 άπη

228 496 372 531 ικάλυψαν-
377 495 495 529 καλύψαι
507 493 671 529 βουλόμενοι.
682 491 758 525 Εἶδες
768 492 882 528 ἀμαθεῖς
891 492 1014 519 διδασκά-

228 539 308 570 λους;
339 538 374 563 Ἀ
404 536 584 568 διδάσκουσιν,
612 535 642 562 οὐ
674 535 847 569 γινώσκουσι,
872 534 1016 563 πεινῶντες

229 579 368 614 τρέφουσι,
395 576 525 612 διψῶντες
555 577 703 609 ποτίζουσι,
738 577 881 612 πενόμενοι
907 576 1015 603 πλουτι-

229 622 314 654 ζουσι.
331 619 414 646 Δεῦτε
425 617 483 650 οὖν,
496 619 680 654 ἑορτάσωμεν,
691 618 767 646 δεῦτε
775 618 1015 654 πανηγυρίσωμεν.

228 662 309 694 Ξένος
324 661 378 697 γὰρ
391 661 406 688 6
418 661 467 696 τῆς
480 660 577 696 ἑορτῆς
591 660 701 696 τρόπος,
722 661 815 696 ἐπειδὴ
827 661 874 687 καὶ
894 659 1016 696 παράδο-

230 704 274 738 ξος
286 705 301 731 6
313 704 362 739 τῆς
379 704 530 738 γεννήσεως
550 702 638 737 λόγος.
659 703 782 738 Σήμερον
804 701 858 738 γάρ
876 702 890 728 ό
910 702 1017 737 χρόνιος

229 746 311 782 ἐλύθη
331 745 438 780 δεσμὸς,
454 745 468 771 6
479 743 600 775 διάϐολος
613 744 744 779 ᾐσχύνθη,
756 744 780 770 οἰ
795 743 920 778 δαίμονες
936 743 1016 779 ἐδρα-

231 788 374 819 πέτευσαν,
387 787 400 813 6
417 786 528 818 θάνατος
545 786 559 806 ῖι
582 785 675 820 ἐλύθη,
702 784 864 820 παράδεισος
881 785 1015 820 ἡνεῴχθη,

230 829 247 864 ή
259 828 365 864 κατάρα
377 827 521 862 ἠφανίσθη,
544 828 561 862 ἢ
579 827 700 863 ἁμαρτία
718 826 838 853 ἐκποδὼν
859 826 979 861 γέγονεν,
999 826 1016 862 ή

231 869 318 905 πλάνη
332 869 469 905 ἀπηλάθη,
487 870 503 905 ἡ
518 869 630 904 ἀλήθεια
646 868 791 904 ἐπανῆλθε,
811 869 858 895 καὶ
878 868 927 904 τῆς
940 869 1014 895 εὐσε.

232 911 334 943 σείαςὸ
359 912 436 945 λόγος
459 910 595 946 πανταχοῦ
613 910 744 945 διεσπάρη
770 910 817 937 καὶ
840 910 974 945 ἔδραμεν·
999 911 1016 945 ή

231 953 285 980 τῶν
307 953 364 980 ἄνω
377 952 499 980 πολιτεία
513 954 542 979 ἐν
556 954 589 988 τῇ
604 954 638 987 γῇ
654 952 798 987 ἐφυτεύθη,
818 951 927 986 ἄγγελοι
949 952 1018 987 μετὰ

230 994 382 1030 ἀνθρώπων
398 995 565 1027 κοινωνοῦσι,
588 994 636 1021 καὶ
652 993 791 1029 άνθρωποι
810 994 879 1028 μετὰ
894 994 1017 1028 ἀγγέλων

231 1036 316 1068 ἀδεῶς
332 1035 510 1070 διαλέγονται.
525 1036 579 1069 ,Διὰ
597 1035 643 1068 τί;
676 1035 786 1071 Ἐπειδὴ
805 1035 871 1067 Θεὸς
896 1035 943 1062 ἐπὶ
966 1035 1016 1070 γῆς

230 1076 306 1115 ἦλθε,
321 1078 399 1115 [598]
415 1079 462 1105 καὶ
475 1078 618 1113 ἄνθρωπος
631 1078 660 1104 ἐν
673 1077 779 1113 οὐρανῷ
790 1085 799 1094 ο
814 1077 902 1104 πάντα
916 1077 1018 1112 ἀναμὶξ

231 1121 335 1155 γέγονε.
347 1118 433 1147 Ἦλθε
449 1119 503 1155 γάρ
513 1120 559 1146 ἐπὶ
573 1119 622 1155 τῆς
632 1119 695 1154 γῆς,
709 1119 769 1150 ὅλος
781 1119 817 1145 ὢν
834 1119 864 1145 ἐν
877 1119 1017 1154 οὐρανοῖς·

231 1161 327 1194 δλοςδέ
342 1161 380 1188 ὢν
395 1162 426 1188 ἐν
438 1160 553 1197 οὐρανῷ,
568 1160 628 1192 ὅλος
643 1161 717 1187 ἐστὶν
732 1160 779 1187 ἐπὶ
800 1160 850 1196 τῆς
870 1160 932 1196 γῆς.
952 1159 1018 1193 Θεὸς

231 1203 278 1233 ὢν,
308 1202 420 1237 γέγονεν
442 1202 593 1238 ἄνθρωπος,
618 1201 668 1228 οὐκ
688 1202 875 1237 ἀρνησάμενος
894 1201 925 1228 τὸ
949 1200 1018 1229 εἶναι

231 1244 297 1275 Θεός
308 1253 315 1259 ·
333 1243 411 1278 λόγος
431 1243 469 1273 ῶν
489 1243 607 1277 ἀπαθὴς.
624 1243 693 1279 σὰρξ
711 1244 828 1277 ἐγένετο,
847 1243 891 1270 διὰ
904 1243 934 1270 τὸ
951 1244 1019 1270 ἐνοι-

231 1285 315 1318 κῆσαι
340 1285 405 1320 ἡμῖν
427 1285 495 1320 σάρξ
517 1285 634 1319 ἐγένετο.
657 1285 721 1316 Θεὸς
745 1285 799 1320 γάρ
825 1284 875 1311 οὐκ
900 1285 1018 1318 ἐγένετο,

231 1326 299 1354 ἀλλὰ
310 1323 354 1362 ἦν.
369 1326 419 1353 Διά
432 1326 511 1353 τοῦτο
525 1326 593 1361 σὰρξ
609 1326 726 1360 ἐγένετο,
748 1326 790 1353 ἵνα
807 1326 836 1353 δν
856 1326 906 1352 οὐκ
922 1327 1019 1361 ἐχώρει

231 1368 354 1404 οὐρανὸς,
369 1367 477 1403 δέξηται
496 1367 592 1402 φάτνη.
612 1367 661 1394 Διὰ
674 1367 752 1394 τοῦτο
770 1367 799 1395 ἐν
821 1367 908 1404 φάτνῃ
928 1368 1018 1402 ἐτέθη,

231 1411 275 1437 ενα
296 1411 310 1437 ὁ
333 1410 440 1446 τρέφων
462 1409 497 1436 τὰ
516 1409 661 1444 σύμπαντα
681 1409 787 1436 παιδίου
815 1410 918 1445 τροφὴν
945 1409 1020 1444 παρά

234 1451 336 1487 μητρὸς
355 1450 491 1486 παρθένου
507 1451 590 1487 λάϐῃ.
605 1451 656 1478 Διὰ
676 1451 755 1478 τοῦτο
772 1452 786 1478 6
799 1451 854 1478 τῶν
869 1451 1020 1486 μελλόντων

233 1493 338 1520 αἰώνων
365 1492 461 1528 Πατὴρ
485 1492 523 1524 ὡς
550 1493 701 1527 ὑπομάζιον
727 1492 825 1529 βρέφος
850 1493 1020 1528 παρθενικῶν

233 1534 357 1569 ἀνέχεται
375 1533 513 1568 ἀγκαλῶν,
527 1533 570 1560 ἶνα
589 1534 636 1560 καὶ
652 1534 750 1569 μάγοις
764 1534 923 1569 εὐπρόσιτος
939 1533 1021 1569 γένη-

232 1584 287 1602 ται.
315 1575 439 1611 Σήμερον
474 1575 527 1610 γὰρ
561 1575 609 1602 καὶ
640 1575 722 1610 μάγοι
750 1575 910 1612 προσῆλθον,
935 1575 1021 1611 ἀρχὴν

232 1616 359 1649 λαϐόντες
370 1616 511 1652 ἀρνεῖσθαι
523 1616 569 1643 τὸν
583 1616 724 1651 τύραννον,
738 1617 784 1643 καὶ
798 1618 812 1643 6
824 1617 938 1653 οὐρανὸς
953 1625 1022 1643 καυ-

232 1660 313 1694 χᾶται
328 1659 422 1694 ἀστέρι
443 1658 487 1686 τὸν
505 1659 569 1685 ῐδιον
587 1659 726 1694 Δεσπότην
741 1659 861 1694 μηνύων,
876 1659 924 1685 καὶ
937 1659 951 1685 6
963 1659 1021 1685 Κύ-

235 1709 291 1736 ριος
306 1700 352 1727 ἐπὶ
365 1700 479 1736 νεφέλης
500 1699 604 1736 κούφης
621 1699 666 1727 τοῦ
691 1700 816 1735 σώματος
842 1699 1022 1736 καθεζόμενος

233 1742 281 1769 ἐπὶ
299 1742 347 1777 τὴν
358 1742 493 1775 Αἴγυπτον
504 1741 605 1778 τρέχει,
626 1743 665 1779 τῷ
680 1743 730 1779 μὲν
746 1743 833 1770 δοκεῖν
848 1742 957 1778 φεύγων
972 1743 1022 1779 τήν

225 1783 359 1819 ,Ἡρώδου
385 1784 540 1821 ἐπιϐουλὴν,
563 1788 597 1822 τῇ
616 1786 644 1812 δὲ
664 1784 779 1821 ἀληθείᾳ
804 1784 969 1821 ἀποπληρῶν
991 1785 1022 1811 τὸ

235 1825 311 1861 παρὰ
324 1824 371 1851 τοῦ
391 1826 501 1853 Ἦσαῖου
518 1827 674 1863 εἰρημένον·
691 1827 793 1854 Ἔσται
803 1827 868 1862 γὰρ,
884 1827 975 1862 φησὶν,
988 1826 1023 1853 ἐν

235 1865 273 1900 τίἷ
285 1866 379 1901 ἡμέρα
396 1868 498 1903 ἐκείνῃ
527 1869 651 1903 Ἰσραὴλ
672 1870 768 1903 τρίτος
783 1869 818 1895 ἐν
837 1868 899 1902 τοῖς
919 1869 1023 1896 Ἀσσυ-

233 1909 320 1942 ρίοις,
340 1910 388 1936 καί
400 1909 435 1936 ἐν
451 1910 513 1943 τοῖς
532 1912 702 1946 Αἰγυπτίοις
720 1911 921 1946 εὐλογημένος
938 1911 1023 1938 ἐσται

236 1951 253 1976 ὁ
262 1950 336 1983 λαός
343 1959 403 1984 μου
417 1950 496 1986 ἐντῇ
511 1951 560 1987 τῇ,
573 1952 614 1986 ἣν
622 1953 771 1988 study-mre
783 1954 890 1987 Κύριος
905 1953 1023 1981 Σαϐαὼθ

235 1990 332 2025 λέγων
342 2000 349 2008 ·
362 1992 572 2027 Εὐλογημένος
585 1994 670 2022 ἔσται
685 1996 701 2021 ὁ
714 1996 788 2027 λαός
803 2004 859 2029 μου
872 1997 888 2022 ό
895 1996 929 2022 ἐν
941 1996 1024 2030 Αἰγύ-

236 2039 299 2065 πτῳ
312 2032 361 2060 καί
375 2034 392 2060 ὁ
406 2033 441 2060 ἐν
461 2034 524 2067 τοῖς
546 2035 710 2070 Ἀσσυρίοις
735 2036 784 2063 καί
806 2038 823 2063 ὀ
843 2037 878 2063 ὲν
895 2036 1024 2071 Ἰσραήλ.

237 2073 270 2099 Τί
297 2074 395 2108 λέγεις,
422 2073 444 2102 ὦ
462 2076 588 2110 ’ἰουδαῖες
616 2078 630 2103 6
650 2077 757 2113 πρῶτος
782 2078 873 2115 τρίτος
891 2079 1023 2113 γέγονας;

237 2115 378 2150 Αἰγύπτιοι
393 2117 439 2143 καλ⁸
446 2117 583 2154 Ἀσσύριοι
597 2119 814 2156 προετάχθησαν,
830 2121 876 2148 καὶ
890 2122 904 2148 6
919 2121 1025 2156 πρωτό-

237 2165 315 2189 τοκος
338 2159 444 2194 Ἰσραὴλ
467 2160 674 2196 ὑπαριθμεῖται;
696 2162 766 2189 Ναί·
790 2163 900 2195 εἰκότως
929 2164 1025 2191 ’Δσσύ-

240 2199 411 2241 ριοιγπρῶτοι
423 2200 529 2228 ἔσονται
543 2207 566 2234 ε,
589 2203 682 2239 ἐπειδὴ
701 2204 747 2230 καὶ
761 2204 837 2230 αύτοί
850 2205 931 2232 αὐτὸν
947 2205 1024 2241 πρῶ-

239 2247 281 2282 τοι
296 2240 339 2267 διὰ
346 2241 400 2268 τῶν
414 2242 508 2278 μάγων
521 2244 726 2280 προσεκύνησαν
735 2253 742 2260 ·
756 2245 899 2280 Αἰγύπτιοι
913 2246 942 2273 δέ
957 2240 1026 2282 μετὰ

238 2281 301 2313 τοὺς
329 2282 496 2319 Ἀσσυρίους,
515 2286 607 2322 ἐπειδὴ
624 2287 671 2314 καὶ
688 2286 765 2313 αὐτοὶ
787 2288 920 2322 φεύγοντα
945 2281 1027 2316 αὑτὸν

240 2322 289 2364 τὴν
322 2324 443 2360 Ἡρώδου
479 2327 623 2364 ἐπιϐουλήν
649 2328 786 2361 ἐδέξαντο·
813 2329 966 2362 τελευταῖος
997 2330 1026 2357 δὲ

247 2363 353 2407 Ἱσραήλ
373 2366 579 2403 ὑπαριθμεῖται,
600 2370 693 2406 ἐπειδὴ
713 2370 780 2405 μετὰ
801 2371 850 2406 τήν
869 2371 961 2399 ἄνοδον
975 2372 1026 2407 τὴν

239 2405 272 2433 ἐκ
287 2406 335 2433 τοῦ
352 2407 482 2442 Ἰορδάνου
496 2409 540 2436 διὰ
551 2410 604 2437 τῶν
617 2411 773 2439 ἀποστόλων
781 2405 862 2439 αὑτὸν
870 2412 990 2447 ἔγνωσαν
1000 2405 1025 2441 δ.

240 2447 353 2491 Εἰσῆλθε
373 2448 402 2475 δέ
423 2450 463 2482 εἰς
483 2451 630 2485 Αἴγυπτον,
646 2453 726 2479 σείων
740 2453 774 2480 τὰ
787 2455 962 2491 χειροποίητα
977 2456 1028 2490 τῆς

240 2489 377 2533 ᾼίγύπτου
400 2492 449 2527 οὐχ
480 2492 582 2526 ἁπλῶς,
612 2494 670 2521 ἀλλ’
693 2495 785 2531 ἐπειδὴ
809 2489 953 2523 ἀπέκλεισε
977 2489 1028 2533 τῆς

241 2531 377 2576 ᾼίγύπτου
389 2533 423 2561 τὰ
439 2535 562 2572 πρόθυρα
578 2538 610 2572 τῇ
627 2537 680 2564 τῶν
692 2538 870 2573 πρωτοτόκων
881 2531 1023 2576 ἀπωλείᾳ--

241 2572 290 2600 Διὰ
301 2573 379 2602 τοῦτο
392 2576 511 2613 σήμερον
530 2578 654 2614 εἰσῆλθεν
666 2579 703 2611 ὡς
715 2572 897 2616 πρωτότοκος,
918 2581 962 2608 ἵνα
976 2572 1027 2617 τῆς

272 2631 286 2666 _'
296 2633 351 2666 δαν.
363 2635 427 2666 conj.
438 2635 587 2663 λανθάνοντα.

272 2663 286 2705 ξ
298 2665 359 2705 Eg.
367 2663 472 2705 θᾴγατος,
482 2668 536 2692 sine
547 2669 660 2705 artjculo.
670 2676 778 2702 moxque
793 2672 907 2696 similiter
924 2672 1025 2704 κατάρα.

273 2698 285 2731 ξ
298 2695 364 2731 βεξεᾷ
380 2696 501 2731 Ἀσσύριοι
517 2695 700 2731 προτάσσονται.

272 2727 286 2747 ἀ
299 2727 409 2764 [ga‘Reg
423 2727 462 2752 διᾶ
480 2730 527 2753 τῶν
537 2727 680 2764 ἀποστόλων
698 2732 768 2764 αὐτὸν
785 2733 899 2764 ἔγνωσαν.
911 2733 937 2757 In
960 2733 1028 2758 edilo

243 2757 401 2795 μοι-εἰληθεὶς
412 2764 525 2795 εοττυριιι
535 2765 623 2795 (ξι-θοι]
641 2762 776 2795 ΑἸορὸἀνου,
796 2757 852 2788 ὁὺδέ
862 2757 916 2788 τότε
932 2757 969 2788 ἐκέ
979 2757 1027 2789 τῶν

242 2788 381 2822 ᾲποστόλων
392 2788 531 2822 ἐγνώρισαν,
539 2792 623 2822 (Savil.
641 2788 714 2822 Ἰ.,ὀ.
726 2802 748 2817 τ.
769 2788 808 2818 διὰ
816 2803 842 2818 τ.
851 2795 875 2819 ἀ.
889 2795 960 2819 αὑτὸν
986 2796 1027 2820 έπ-

243 2820 360 2857 ςηρῳσαν)
377 2826 425 2844 nec
434 2820 584 2857 qupdrabhpl
598 2825 627 2847 ad
645 2820 874 2856 inierpretalionem
885 2826 1024 2852 Frontonis.

243 2849 305 2875 Intra
313 2857 361 2876 non
370 2849 448 2882 pauca'
456 2851 547 2878 desum.
557 2852 583 2878 in
594 2860 639 2879 ms.

771 142 803 169 [iV
825 140 990 169 NA'IALEM
1003 139 1139 169 CHRISTI
1159 142 1253 172 DIEM.

1795 142 1848 170 39!

1065 201 1183 234 παλαιᾶς
1200 201 1379 238 στυγνότητος
1404 201 1516 238 διαλύσῃ
1541 201 1572 228 τὸ
1594 201 1698 233 πένθος.
1727 200 1782 231 Καὶ
1808 201 1849 229 ὅτι

1065 245 1237 280 πρωτότοκος
1248 245 1355 279 λέγεται
1371 245 1386 271 ὁ
1399 244 1525 280 Χριστὸς,
1547 244 1677 279 μαρτυρεῖ
1697 243 1815 278 σήμερον
1834 243 1849 270 6

1065 287 1174 318 Λουκᾶς
1186 287 1200 313 6
1211 286 1416 321 εὐαγγελιστής,
1432 286 1518 319 λέγων
1529 293 1536 300 ·
1553 284 1607 311 Καὶ
1621 285 1703 312 ἔτεκε
1718 284 1772 311 τὸν
1784 284 1850 311 υιὺν

1065 329 1159 363 αὐτῆς
1166 329 1220 355 τὸν
1232 329 1427 363 πρωτότοκον,
1438 327 1487 354 καὶ
1497 326 1733 362 ἐσπαργάνωσεν
1745 325 1848 357 αὐτὸν,

1064 369 1289 397 καίτάνέκλινεν
1301 369 1382 403 ἐνῖῇ
1401 369 1510 404 φάτνῃ,
1527 369 1602 396 διότι
1622 369 1678 395 οὐκ
1697 366 1737 403 ἦν
1749 366 1851 399 αὐτοῖς

1064 413 1156 444 τόπος
1183 411 1218 438 ἐν
1237 410 1278 444 τῷ
1297 411 1489 445 καταλύματι.
1513 410 1643 445 Εἰσῆλθεν
1668 407 1715 436 οὖν
1741 410 1781 440 εἰς
1802 409 1851 443 τὴν

1064 453 1213 487 Αἴγυπτον,
1235 453 1278 479 ἰνα
1295 452 1347 488 τῆς
1358 452 1477 484 παλαιᾶς
1493 452 1672 486 στυγνότητος
1693 450 1804 485 διαλύσῃ
1822 449 1865 476 τὸτ

1065 494 1174 526 πένθος,
1192 495 1252 522 ἀντὶ
1266 494 1405 529 μαστίγων
1423 494 1509 529 χαράν
1520 492 1667 524 ἐπιϐαλὼν,
1682 492 1741 519 ἀντὶ
1757 491 1852 522 νυκτὸς

1065 536 1113 564 καὶ
1126 536 1238 567 σκότους
1254 535 1389 570 σωτηρίας
1405 536 1504 570 φέγγος
1522 535 1712 571 χαρισάμενος.
1735 533 1852 569 Βέῇηλον

1064 576 1098 614 ἦν
1115 579 1175 605 τότε
1185 577 1230 604 τοῦ
1245 577 1367 613 ποταμοῦ
1385 577 1416 603 τὸ
1437 577 1509 612 ῦδωρ
1523 578 1556 612 τῇ
1571 576 1625 603 τῶν
1639 575 1735 612 ἀώρων
1748 574 1851 605 νηπίων

1067 621 1166 656 σφαγῇ.
1189 619 1321 654 Εἰσῆλθεν
1341 617 1387 646 οῦν
1406 619 1446 651 εἰς
1463 619 1513 655 τὴν
1534 619 1669 653 Αἴγυπτον
1687 619 1701 645 ὁ
1721 617 1804 645 πάλαι
1822 617 1852 643 τὸ

1066 661 1137 695 ὕδωρ
1149 660 1279 695 φοινίξας,
1299 660 1347 687 καὶ
1366 660 1477 695 ἐποίησε
1493 659 1528 686 τὰ
1550 660 1645 696 ῥεῖθρα
1662 659 1709 686 τοῦ
1728 657 1850 693 ποταμοῦ

1067 702 1202 738 σωτηρίας
1224 702 1380 737 γεννητικὰ,
1402 701 1433 728 τὸ
1451 701 1547 736 ἐναγὲς
1565 702 1654 728 αὐτῶν
1673 701 1720 728 καὶ
1741 700 1852 736 βέϐηλον

1066 745 1178 780 δυνάμει
1199 744 1350 780 καθαρίσας
1372 750 1383 765 ο
1406 743 1453 770 τοῦ
1468 743 1634 779 Πνεύματος.
1659 742 1860 777 Ἐκακώθησαν.

1066 788 1090 814 οἰ
1106 786 1259 821 Αἰγύπτιοι,
1275 787 1322 813 καὶ
1333 785 1460 821 μανέντες
1471 785 1601 821 ἠρνοῦντο
1615 785 1659 811 ’τὸν
1671 784 1745 810 Θεόν.
1761 783 1859 818 Εἰσῆλι

1066 829 1111 855 θεν
1123 826 1169 855 οὖν
1184 829 1223 860 εἰς
1234 827 1283 863 τὴν
1299 828 1446 862 Δίγυπτον,
1467 827 1514 854 καὶ
1533 826 1660 861 γνώσεως
1679 825 1746 855 Θεοῦ
1767 825 1855 860 ψυχὰς

1066 869 1199 903 θεοφιλεῖς
1210 869 1351 904 ἐπλήρωσε
1358 877 1364 884 ·
1380 868 1419 904 τῷ
1427 868 1541 904 ποταμῷ
1548 868 1576 895 δὲ
1584 868 1705 903 παρέσχε
1714 867 1854 903 μάρτυρας

1036 940 1047 947 _
1065 911 1176 948 τρέφειν
1196 911 1319 946 σταχύων
1333 910 1547 946 εὖφορωτέρους.
1569 910 1650 936 Ἀλλά
1661 909 1703 936 διὰ
1718 909 1749 935 τὸ
1763 909 1855 936 στενὸν

1065 953 1112 980 τοῦ
1125 953 1220 989 καιροῦ
1234 952 1352 981 ἐνταῦθα
1367 952 1498 988 βούλομαι
1510 952 1684 979 καταπαῦσαι
1697 951 1742 979 τὸν
1756 951 1834 985 λόγον
1845 959 1853 966 ·

1067 991 1118 1022 ὦδε
1134 995 1144 1015 ί
1157 995 1186 1022 δὲ
1199 994 1378 1027 καταπαύσω,
1400 994 1446 1021 τὸν
1461 994 1539 1028 λόγον
1558 993 1716 1029 πληρώσας,
1740 993 1780 1019 ὅτι
1797 993 1855 1025 πῶς

1066 1037 1151 1072 Λόγος
1162 1037 1200 1064 ῶν
1218 1036 1296 1073 [599]
1307 1036 1425 1072 ἀπαθὴς,
1447 1036 1515 1070 σὰρξ
1531 1035 1650 1070 ἐγένετο,
1665 1035 1854 1070 ἀμεταϐλήτου

1068 1079 1200 1115 μενούσης
1224 1079 1274 1114 τῆς
1298 1078 1415 1113 φύσεως.
1437 1077 1515 1105 Τίδέ
1535 1078 1615 1110 εῖπω,
1640 1077 1657 1112 ἦ
1683 1077 1709 1103 τί
1729 1076 1855 1111 λαλήσω;

1067 1122 1187 1148 Τέκτονα
1200 1121 1248 1148 καὶ¹
1264 1120 1367 1156 φάτνην
1380 1120 1445 1156 ὁρῶ,
1461 1120 1508 1147 καὶ
1520 1119 1629 1155 βρέφος,
1639 1118 1686 1145 καὶ
1701 1119 1855 1154 σπάργανα,

1067 1163 1144 1198 λοχὸν
1159 1163 1293 1199 παρθένου
1316 1163 1370 1190 τῶν
1394 1161 1494 1198 χρειῶν
1516 1161 1627 1197 ἔρημον,
1650 1160 1697 1187 ὅλα
1723 1161 1857 1196 πτωχείας

1067 1205 1193 1240 ἐχόμενα,
1209 1205 1257 1232 ὅλα
1267 1205 1363 1237 πενίας
1376 1205 1504 1240 γέμοντα.
1519 1202 1595 1235 Εἶδες
1609 1202 1722 1230 πλοῦτον
1732 1203 1760 1229 ἐν
1778 1201 1857 1238 πενία
1899 1203 1903 1230 ἰ

1068 1247 1169 1282 πολλῇ;
1188 1247 1246 1278 πῶς
1264 1247 1390 1279 πλούσιος
1407 1246 1445 1274 ῶν
1460 1246 1493 1273 δι’
1506 1246 1580 1281 ἡμᾶς
1596 1245 1771 1280 ἐπτώχευσε;
1798 1244 1856 1274 πῶς

1068 1290 1131 1317 οὔτε
1144 1289 1249 1324 κλίνην,
1271 1288 1332 1315 οὒτε
1353 1288 1495 1323 στρωμνὴν
1515 1285 1598 1324 εἶχεν,
1623 1286 1679 1314 ἀλλ’
1705 1287 1751 1313 ἐπὶ
1773 1286 1857 1321 ξηρᾶς

1068 1332 1181 1367 ἔρριπτο
1192 1331 1296 1366 φάτνης
1307 1339 1314 1363 ;
1327 1328 1362 1356 Ὦ
1376 1330 1455 1357 πενία
1468 1330 1583 1358 πλούτου
1598 1330 1689 1365 πηγήί
1714 1326 1740 1355 ὧν
1758 1328 1856 1355 πλοῦτε

1068 1374 1180 1409 ἄμετρε,
1198 1372 1292 1402 πενίας
1306 1372 1452 1408 πρόσχημα
1465 1372 1576 1408 φέρωνί
1594 1373 1637 1399 Ἐν
1656 1373 1743 1407 φάτνῃ
1759 1371 1856 1402 κεῖται,

1069 1416 1116 1442 καὶ
1129 1416 1178 1450 τήν
1196 1415 1359 1450 οίκουμένην
1382 1414 1504 1441 σαλεύει·
1523 1415 1552 1442 ἐν
1573 1415 1739 1450 σπαργάνοις
1757 1412 1858 1448 ἐμπλέ-

1069 1466 1156 1490 κεται,
1173 1457 1219 1484 καὶ
1229 1456 1262 1483 τὰ
1273 1456 1323 1492 τῆς
1336 1457 1472 1492 ἁμαρτίας
1485 1457 1645 1493 διαρῤήσσει
1662 1455 1749 1490 δεσμά
1760 1465 1766 1471 ·
1781 1454 1858 1482 οὔπω

1070 1499 1200 1535 ἔναρθρον
1211 1498 1308 1534 ἐρῤηξε
1325 1498 1427 1534 φωνὴν,
1443 1498 1490 1526 καὶ
1501 1499 1563 1530 τοὺς
1573 1498 1675 1534 μάγους
1685 1497 1798 1530 ἐδίδαξε,
1811 1497 1858 1524 καί¹

1070 1541 1179 1576 ἐκίνησε
1207 1540 1275 1575 πρὸς
1299 1541 1476 1576 ἐπιστροφήν.
1496 1540 1529 1566 Τί
1553 1540 1633 1573 εἴπω,
1648 1540 1665 1575 ἦ
1687 1539 1712 1566 τί
1729 1539 1857 1574 λαλήσω;
1903 1539 1907 1559 ἵ

1077 1582 1142 1608 Ἰδοὺ
1159 1581 1257 1617 βρέφος
1274 1581 1441 1616 σπαργάνοις
1461 1581 1637 1616 ἐμπλέκεται,
1657 1581 1704 1608 καὶ
1725 1581 1755 1606 ἐν
1771 1580 1858 1616 φάτνῃ

1071 1624 1173 1649 κεῖται·
1190 1622 1305 1657 πάρεστι
1329 1622 1357 1649 δέ
1379 1623 1426 1649 καὶ
1451 1622 1541 1658 Μαρία
1562 1622 1696 1658 παρθένος
1718 1620 1785 1648 οὖσα
1811 1621 1859 1648 καὶ

1072 1665 1180 1702 μήτηρ·
1198 1664 1289 1699 παρῆν
1307 1664 1336 1691 δὲ
1352 1665 1399 1691 καὶ
1424 1665 1524 1700 Ἰωσὴφ
1540 1663 1739 1700 ὀνομαζόμενος
1757 1664 1856 1698 πατήρ.

1071 1703 1154 1737 Οὗτος
1177 1705 1246 1741 ἀνὴρ
1266 1705 1383 1740 λέγεται,
1408 1705 1499 1741 ἐκείνη
1520 1706 1588 1742 γυνὴ
1611 1706 1856 1742 προσαγορεύεται·

1070 1747 1190 1783 ὀνόματα
1215 1747 1313 1781 ἔννομα
1338 1747 1468 1782 συζυγίας
1495 1748 1595 1784 ἔρημα.
1616 1749 1706 1784 Μέχρι
1729 1749 1859 1783 ῥημάτων

1071 1789 1165 1824 νόησαί
1183 1798 1238 1824 μοι,
1254 1789 1312 1816 ἀλλ’
1327 1790 1357 1816 οὑ
1371 1790 1452 1826 μέχρι
1466 1791 1635 1826 πραγμάτων
1653 1792 1676 1817 Β.
1688 1791 1775 1818 Μόνον
1783 1788 1858 1823 οὗτος

1072 1831 1282 1867 ἐμνηστεύσατο,
1302 1832 1349 1859 καί¹
1366 1833 1478 1871 ῌνεῦμα
1498 1833 1574 1867 άγιον
1596 1834 1665 1869 αὐτῇ
1685 1834 1857 1860 ἐπεσκίασεν.

1073 1872 1152 1900 Ὅθεν
1163 1873 1273 1908 ἀπορῶν
1316 1874 1415 1910 Ἰωσὴφ
1423 1875 1472 1901 οὐκ
1483 1875 1540 1911 ᾔδει
1551 1875 1578 1902 τί
1591 1875 1699 1902 καλέσει
1709 1875 1739 1902 τὸ
1749 1875 1857 1911 βρέφος.

1078 1915 1126 1942 Ἐκ
1141 1915 1263 1950 μοιχείας
1272 1915 1351 1947 αὐτὸς
1364 1917 1450 1943 εἰπεῖν
1466 1917 1515 1944 οὐκ
1529 1917 1638 1952 ἐτόλμα,
1648 1917 1719 1944 κατά
1731 1918 1781 1952 τῆς
1789 1926 1859 1952 παρ-

1073 1956 1150 1983 θένου
1176 1957 1333 1992 βλάσφημον
1361 1958 1505 1993 καταχέειν
1533 1959 1610 1992 λόγον
1648 1959 1698 1986 οὐκ
1728 1960 1858 1994 ἠδύνατο,

1072 1999 1166 2025 τέκνον
1176 1999 1241 2026 αὐτὸ
1256 2000 1342 2026 εἰπεῖν
1358 2000 1422 2027 ἴδιον
1441 2001 1490 2027 οὐκ
1508 2001 1644 2036 ἠνείχετο·
1661 2002 1718 2037 ᾔδει
1737 2003 1791 2036 γὰρ
1810 2011 1860 2029 κα-

1073 2039 1137 2071 λῶς,
1153 2040 1253 2067 ὅτιούκ
1267 2041 1338 2074 ἔγνω
1356 2042 1414 2073 πῶς
1435 2041 1452 2077 ἢ
1469 2042 1550 2068 πόθεν
1572 2042 1668 2077 ἐτέχθη
1691 2042 1722 2068 τὸ
1743 2042 1858 2078 βρέφος·

1073 2081 1134 2108 ὅθεν
1147 2082 1291 2117 ἀποροῦντι
1305 2082 1379 2117 αὐτῷ
1391 2082 1458 2118 πρὸς
1469 2083 1499 2109 τὸ
1514 2084 1628 2118 πρᾶγμα
1641 2084 1764 2120 χρησμὸς
1778 2085 1860 2119 ούρα-

1074 2123 1151 2151 νόθεν
1175 2124 1219 2151 διὰ
1245 2124 1295 2159 τῆς
1318 2123 1366 2150 τοῦ
1386 2125 1501 2158 ἀγγέλου
1529 2125 1620 2160 φωνῆς
1644 2125 1802 2161 ἐπεφέρετο,
1818 2127 1859 2153 ὅτι

1074 2166 1123 2199 Μὴ
1135 2165 1243 2200 φοϐοῦ,
1257 2165 1363 2200 Ἰωσήφ
1373 2175 1380 2181 ·
1392 2166 1426 2192 τὸ
1445 2166 1500 2201 γὰρ
1515 2167 1700 2201 γεννώμενον
1713 2168 1748 2200 ἐξ
1765 2168 1859 2202 αὐτῆς

1074 2206 1109 2233 ἐκ
1129 2207 1302 2242 Πνεύματός
1331 2207 1416 2234 ἐστιν
1439 2208 1536 2243 ἁγίου.
1568 2209 1680 2245 Πνεῦμα
1702 2209 1756 2245 γὰρ
1784 2211 1859 2245 ἂγιον

1075 2248 1237 2276 ἐπεσκίασεν
1249 2250 1281 2284 τῇ
1293 2249 1430 2285 παρθένῳ.
1442 2250 1490 2276 Διὰ
1502 2249 1528 2276 τί
1540 2250 1569 2276 δέ
1583 2251 1615 2277 ἐκ
1628 2251 1762 2287 παρθένου
1771 2252 1860 2278 τίκτε-
1890 2248 1893 2277 ἰ

1075 2298 1130 2322 ται,
1146 2290 1193 2317 καὶ
1215 2290 1265 2325 τὴν
1280 2290 1427 2326 παρθενίαν
1441 2291 1557 2326 ἀζήμιον
1577 2293 1671 2328 τηρεῖ;
1695 2292 1756 2318 Ὀτι
1776 2293 1860 2320 πάλαι

1075 2331 1211 2366 παρθένον
1226 2329 1308 2358 οὖσαν
1320 2331 1368 2367 τήν
1380 2331 1452 2359 Εὕαν
1469 2333 1610 2367 ἠπάτησεν
1627 2334 1641 2360 6
1662 2333 1793 2366 διάϐολος,
1817 2334 1861 2362 διά

1076 2372 1154 2399 τοῦτο
1168 2372 1301 2408 παρθένον
1314 2371 1395 2400 οὖσαν
1409 2373 1458 2409 τὴν
1477 2374 1593 2410 Μαριὰμ
1613 2375 1627 2402 6
1647 2375 1766 2411 Γαϐριὴλ
1780 2376 1861 2411 εὐηγ-

1076 2411 1213 2448 γελίσατο.
1234 2414 1303 2440 Ἀλλ’
1324 2415 1495 2450 ἀπατηθεῖσα
1514 2416 1562 2451 μὲν
1577 2417 1593 2452 ὴ
1610 2415 1666 2443 Εὕα
1687 2417 1763 2452 ῥῆμα
1784 2417 1861 2444 ἔτεκε

1077 2455 1191 2482 θανάτου
1211 2456 1296 2484 αἴτιον
1308 2465 1316 2472 ·
1339 2457 1564 2491 εὐαγγελισθεῖσα
1585 2457 1644 2493 δὲή
1665 2459 1758 2493 Μαρία
1776 2459 1862 2493 Λόγον

1077 2497 1106 2524 ἐν
1118 2497 1200 2532 σαρκὶ
1214 2498 1352 2533 ἐγέννησε,
1363 2498 1435 2533 ζωῆς
1453 2499 1561 2526 αἰωνίου
1578 2500 1642 2535 ἡμῖν
1664 2500 1802 2535 πρόξενον.
1825 2501 1862 2526 Ίῖὸ

1078 2538 1153 2574 ῥῆμα
1166 2540 1214 2575 τῆς
1229 2538 1300 2572 Εὔας
1313 2539 1390 2572 ξύλον
1403 2539 1496 2574 ἔδειξε,
1510 2540 1543 2567 δι’
1556 2539 1586 2568 οὗ
1599 2541 1644 2568 τὸν
1662 2542 1748 2577 Ἀδάμ
1761 2543 1793 2569 ἐκ
1814 2541 1861 2568 τοῦ

1113 2712 1125 2739 ἳ
1137 2707 1199 2739 Βεε-
1211 2706 1302 2739 κρίσεις-

1113 2737 1123 2756 Ῑ
1136 2737 1197 2775 [δρᾷ.
1211 2737 1309 2775 ἐνταῦθα
1320 2739 1467 2775 ματαπαύσω
1480 2741 1520 2775 τὸν
1531 2741 1610 2775 λόγον,
1620 2742 1649 2775 τὸ
1659 2742 1739 2766 λοιπὸν
1750 2745 1792 2775 τῆς
1801 2751 1860 2774 πρα-

1076 2770 1244 2831 ἔῦιέξῐῖιὲῗᾶἓτῇ
1258 2770 1309 2799 ἑξῆς
1317 2770 1371 2801 ὑμῖν
1380 2770 1573 2802 ταμιευσάμενοςζ
1584 2771 1651 2797 Ὧδε·
1662 2780 1717 2804 quae
1727 2774 1800 2798 Ιεείίο
1813 2770 1860 2799 lion

1115 2831 1128 2850 8
1142 2830 1201 2864 lies.
1215 2831 1283 2861 μέχρι
1293 2831 1401 2864 λόγωννοὶ
1412 2831 1491 2863 γάμον
1503 2833 1554 2856 ἀλλ’
1567 2834 1595 2857 οὗ
1607 2842 1631 2864 μ.
1641 2843 1667 2860 π.
1678 2834 1772 2859 Deinde
1783 2833 1849 2859 Savil

1078 2867 1122 2892 pro
1131 2860 1199 2890 οὗτος
1210 2860 1224 2886 ε
1240 2860 1288 2887 ﬁu‘.
1302 2860 1359 2887 lca.
1371 2863 1396 2887 in
1412 2860 1488 2895 inira.
1500 2865 1513 2889 ὁ
1526 2860 1631 2895 ἄγγελός.
