2047 3122
136 175 188 203 597

715 177 857 207 HOMILIA
875 177 918 205 DE
936 174 1182 205 LEGISLATORE.

1710 169 1764 199 398

143 569 232 595 υπωι
255 569 294 591 ΕΤ
322 567 459 590 EUMDEM
488 567 562 589 ESSE
591 565 830 588 LEGISLATOREII
860 565 900 586 ΕΤ
924 564 1058 586 VETERIS
1080 564 1121 585 ET
1151 563 1225 585 NOV!
1249 562 1467 589 TESTAMBNTI;
1498 561 1575 584 [TBM
1604 561 1644 583 DE
1668 562 1766 584 VESTB

575 627 788 652 SACERDOTALI
807 628 815 647 Ζ
834 627 961 650 NECNON
985 626 1026 647 DE
1050 625 1260 647 POENITENTIA

177 1064 204 1092 1.
221 1063 303 1099 Regni
323 1061 420 1090 Christi
436 1059 602 1096 evangelium
618 1058 754 1095 propheta
767 1056 913 1093 pradicant
924 1074 933 1088 ,

140 1110 256 1137 ministri
275 1116 338 1136 vero
358 1116 434 1135 nova:
448 1107 540 1142 gratim
567 1105 631 1133 illud
647 1106 734 1141 ipsum
758 1104 936 1138 interpretan-

141 1161 195 1188 tur,
223 1155 320 1182 divinae
346 1158 434 1181 autem
458 1152 587 1180 doctrina}
615 1151 761 1183 auditores,
790 1152 935 1181 amatores,

140 1206 220 1236 atquc
234 1200 396 1231 laudatores,
408 1199 434 1226 id
445 1199 530 1233 ipsum
542 1198 748 1232 amplectuntur.
763 1195 854 1230 Neque
864 1194 935 1222 enim

143 1247 201 1275 ﬁeri
215 1251 303 1282 potest
317 1251 346 1274 ut
360 1246 419 1281 quis
438 1253 562 1273 sermone
577 1243 698 1271 veritatis
710 1242 871 1275 oblectatur,
891 1239 937 1275 qui

141 1293 271 1321 doctrinae
283 1299 435 1320 sermonem
447 1298 499 1318 non
507 1290 660 1318 avidissime
673 1292 790 1323 expetat.
805 1285 938 1322 Quemad-

142 1339 253 1368 modum
276 1338 366 1371 enim,
385 1338 407 1365 si
429 1337 488 1373 quis
512 1344 599 1372 neque
622 1335 695 1363 sitiat
716 1341 801 1369 neque
825 1332 936 1365 esuriat,

143 1386 245 1413 nullam
259 1392 294 1413 ex
314 1385 374 1412 cibo
389 1389 505 1420 potuque
522 1383 683 1418 voluptatem
703 1382 774 1416 capit
791 1389 798 1407 :
812 1380 850 1407 sic
866 1379 938 1406 veri-

144 1432 206 1459 tatis
213 1430 297 1459 verbo
304 1438 384 1458 nemo
398 1430 554 1459 delectatur.
563 1429 607 1462 qui
622 1427 737 1463 Spiritus
748 1426 832 1454 sancti
842 1425 939 1452 doctri-

144 1484 206 1504 nam
217 1484 270 1504 non
283 1476 304 1503 si
309 1476 349 1503 tit.
362 1475 452 1510 Itaque
460 1474 586 1502 Servator
596 1474 648 1499 ait:
659 1472 730 1499 Beati
743 1471 785 1506 qui
795 1471 906 1498 esuriunt
914 1473 938 1496 et

143 1523 231 1550 sitiunt
234 1523 372 1558 justitiam,
383 1522 501 1556 quoniam
508 1519 724 1556 ipsisatiabuntur
733 1517 840 1554 (Matth.
853 1517 880 1544 5.
895 1515 935 1550 6).

145 1569 231 1596 Verus
239 1567 388 1596 animarum
394 1567 480 1600 cibus,
491 1574 560 1594 vera:
569 1566 672 1599 piorum
687 1564 800 1596 deliciae,
808 1569 879 1590 veru:
886 1562 940 1596 pio-

144 1622 205 1642 rum
215 1614 327 1647 divitite,
341 1620 430 1641 sermo
444 1613 490 1640 Dei
506 1617 558 1644 est,
571 1612 616 1647 qui
630 1619 677 1646 per
691 1609 814 1637 Davidica
833 1608 939 1636 oracula

145 1659 282 1695 loquitur:
296 1659 441 1691 interdum,
457 1657 530 1686 velut
553 1658 638 1690 dives,
651 1656 790 1692 gloriatur,
806 1654 938 1683 interdum

145 1707 288 1735 deiiciatur
301 1715 308 1740 ;
320 1711 347 1734 et
357 1706 395 1734 ait
410 1715 416 1733 :
430 1705 514 1738 Quam
532 1704 619 1731 dulcia
637 1702 753 1737 faucibus
767 1701 828 1729 meis
841 1701 941 1736 eloquia

146 1759 190 1782 tua
203 1762 280 1790 super
291 1753 340 1781 mei
353 1758 376 1780 et
388 1754 473 1788 favum
486 1752 524 1779 ori
538 1759 592 1778 meo
612 1749 699 1785 (Psal.
715 1749 776 1777 118.
792 1748 866 1783 103)ῑ
879 1747 940 1774 llaec

145 1802 255 1838 quidem
268 1801 337 1836 ejus,
359 1800 404 1835 qui
427 1799 530 1826 deliciis
555 1798 660 1829 fruitur,
683 1804 732 1823 vox
745 1799 796 1823 est.
812 1794 878 1822 Nam
893 1794 940 1821 Dei

145 1848 258 1876 verbum
268 1847 317 1882 ipsi
331 1846 435 1874 delicias
447 1850 533 1873 erant.
549 1844 605 1878 Qua
617 1844 651 1871 de
664 1850 693 1870 re
706 1842 769 1869 alibi
784 1848 855 1876 saepe
871 1849 877 1867 :
890 1839 942 1867 De-

147 1896 240 1922 lectare
251 1895 278 1921 in
291 1893 411 1926 Domino,
428 1898 451 1919 et
462 1892 504 1919 det
517 1891 560 1918 tibi
572 1890 701 1925 petitiones
711 1888 794 1916 cordis
807 1887 843 1914 tui
853 1885 940 1921 (Psal.

146 1942 191 1970 56.
206 1942 246 1976 4).
262 1940 329 1968 Aliis
341 1947 405 1968 vero
420 1939 445 1966 in
457 1937 523 1965 locis
535 1945 589 1964 non
600 1940 628 1964 ut
637 1936 682 1971 qui
696 1934 799 1962 deliciis
808 1932 942 1960 frueretur

147 1993 261 2021 tantum,
280 1987 327 2015 sed
342 1991 370 2014 ut
394 1985 534 2021 praedives,
552 1983 657 2011 divitias
672 1982 737 2017 legis
753 1983 879 2011 ostentat,
899 1978 941 2006 di-

147 2042 222 2068 cens,
235 2033 335 2061 Bonum
349 2033 411 2060 mihi
422 2032 463 2059 lea:
476 2031 527 2058 oris
548 2030 584 2056 tui
597 2036 675 2063 super
690 2027 770 2054 millia
784 2025 841 2053 auri
855 2029 878 2052 et
897 2032 941 2051 ar-

146 2081 216 2117 genti
230 2079 316 2116 (Psal.
328 2079 391 2106 118.
404 2077 463 2112 72).
479 2075 574 2103 Viden‘
589 2073 699 2102 delicias
712 2072 828 2107 pietatis,
838 2075 865 2098 et
875 2070 943 2097 divi-

147 2125 334 2162 tiasjustitize?
347 2125 418 2159 Ergo
433 2127 460 2152 et
472 2130 521 2150 nos
537 2129 583 2157 par
597 2125 646 2152 est,
661 2119 704 2147 siti
717 2123 743 2146 et
762 2118 838 2145 fame
852 2123 942 2144 rerum

147 2174 301 2202 divinarum
316 2171 411 2204 teneri,
431 2173 459 2198 et
471 2168 585 2201 deliciis,
601 2174 616 2194 e
637 2165 707 2201 regia
727 2163 825 2192 Christi
838 2169 940 2194 mensa,

147 2219 285 2248 uberrime
304 2216 439 2249 exsatiari,
459 2213 677 2248 evangeliumque
701 2209 794 2238 salutis
816 2207 944 2243 amplecti

147 2265 219 2301 quod
234 2272 286 2291 non
299 2269 370 2290 nunc
383 2262 498 2297 primum
513 2259 595 2294 coepit
608 2266 615 2284 :
627 2256 674 2285 sed
689 2256 715 2283 in
729 2254 866 2290 prophetis
880 2253 942 2280 fun-

147 2299 239 2340 datum
249 2316 328 2346 atque
340 2317 357 2336 a
374 2309 422 2336 SS.
434 2306 564 2342 apostolis
580 2303 773 2332 exaediﬁcatum
786 2306 836 2329 est.
852 2299 942 2335 Neque

146 2359 218 2386 enim
232 2357 266 2384 ab
279 2364 312 2384 co
324 2361 453 2390 tempore.
467 2361 520 2389 quo
533 2351 654 2380 Christus
672 2351 698 2377 in
711 2356 791 2376 carne
809 2346 941 2382 apparuit,

145 2403 315 2440 evangelium
337 2401 435 2436 incepit
450 2409 457 2427 :
471 2399 518 2428 sed
541 2398 625 2426 multo
649 2401 711 2424 ante
730 2395 756 2422 in
779 2392 941 2429 protiheticis

146 2439 226 2478 libris,
234 2448 339 2477 radices
351 2447 414 2482 egit,
431 2445 592 2480 tandemque
613 2441 795 2477 apostolorum
811 2439 941 2474 pra-dica-

146 2498 222 2525 tione
234 2495 360 2524 efﬂoruit.
375 2494 438 2521 ideo
450 2493 556 2525 Paulus,
571 2498 631 2518 enim
649 2488 814 2524 prapositum
833 2486 943 2514 haberet

146 2542 344 2573 demonstrare,
360 2538 526 2574 evangelium
540 2543 593 2564 non
613 2535 647 2562 ab
668 2532 849 2561 incarnatione
870 2531 943 2559 ince-

147 2589 232 2624 pisse,
249 2586 295 2614 sed
311 2593 359 2621 per
371 2583 514 2620 prophetas
530 2582 656 2614 eluxisse,
675 2587 722 2614 per
735 2578 942 2606 incarnationem

147 2634 264 2669 idipsum
280 2631 396 2666 loquitur
413 2629 529 2656 :Paulus
542 2635 627 2655 servus
648 2625 711 2652 Iesu
723 2624 826 2655 Christi,
841 2627 943 2650 uocatus

148 2679 290 2715 apostolus,
304 2681 447 2712 segreqatus
459 2673 655 2709 qusaugelium
669 2671 728 2704 Dei,
740 2670 807 2706 quod
815 2675 873 2697 ante
883 2677 943 2704 pro—

150 2726 251 2753 miserat
275 2732 320 2759 per
346 2722 482 2758 prophetas
503 2729 561 2748 suos
586 2720 612 2746 in
637 2718 776 2753 Scripturis
797 2717 890 2744 sanctis
912 2716 943 2743 de

151 2772 219 2800 Filio
241 2779 297 2804 suo,
322 2769 365 2804 qui
384 2770 466 2804 [actus
484 2771 520 2794 est
540 2774 571 2794 ea:
589 2766 682 2792 semine
699 2763 783 2791 Dauid
806 2762 943 2790 secundum

150 2827 251 2846 carnem
265 2817 353 2852 (Rom.
371 2817 398 2844 i.
414 2816 426 2843 i
438 2815 495 2850 οδ).

162 2865 452 2895 NouumTestamentum
459 2870 504 2889 cur
509 2861 544 2888 sic
554 2857 800 2896 appelletur.—Non
807 2856 943 2892 ignorabat

183 2934 220 2966 (a)
237 2932 327 2960 Goliam
338 2937 392 2958 cum
407 2930 532 2957 Gmlicibus
548 2929 626 2960 Regiis
637 2927 705 2953 1965.
721 2925 779 2952 i975
792 2929 817 2950 ct
826 2924 895 2950 2315.

987 1053 1526 1092 Paulus,VetusetNovumTestamentum
1533 1062 1697 1091 individuum
1706 1070 1780 1093 esse:

988 1109 1100 1140 eamque
1106 1105 1140 1132 ob
1146 1113 1254 1134 causam
1262 1107 1324 1134 illud
1332 1107 1463 1135 interdum
1471 1108 1669 1136 Testamentum
1676 1108 1778 1136 Novum

987 1150 1115 1185 appellat,
1123 1156 1152 1178 ut
1165 1151 1340 1186 demonstret,
1350 1153 1484 1188 quomodo
1491 1153 1557 1181 lines
1563 1154 1636 1181 orbis
1646 1159 1776 1182 terrarum

989 1196 1043 1224 sint
1054 1197 1171 1224 renovati
1181 1198 1245 1233 (non
1255 1199 1349 1234 ignoro
1358 1200 1415 1228 haec
1424 1200 1486 1227 alibi
1496 1208 1511 1227 a
1519 1200 1594 1228 nobis
1605 1200 1686 1228 fuisse
1697 1201 1780 1235 expli-

989 1247 1065 1276 cata;
1081 1243 1127 1271 sed
1140 1248 1227 1272 tamen
1241 1245 1294 1278 hic,
1307 1250 1335 1273 ut
1349 1247 1505 1274 memoriam
1514 1250 1629 1274 vestram
1644 1246 1780 1281 refricem,

989 1290 1105 1325 repeto);
1114 1291 1274 1318 vocatetiam
1283 1291 1481 1319 Testamentum
1490 1291 1592 1319 Novum
1599 1291 1632 1319 ad
1639 1292 1786 1320 distinctio-

990 1344 1051 1364 nem
1062 1337 1200 1364 inveterati
1208 1337 1389 1365 indicandam:
1400 1338 1569 1373 pra-stantius
1576 1338 1688 1370 scilicet,
1696 1338 1729 1365 ad
1738 1337 1782 1365 di-

990 1383 1158 1411 stinctionem
1174 1384 1308 1412 inferioris
1324 1390 1483 1418 :zcternum,
1501 1384 1700 1419 comparatione
1715 1384 1783 1412 facta

990 1429 1024 1457 ad
1039 1431 1196 1465 temporale.
1210 1431 1264 1459 Sed
1278 1437 1305 1458 et
1317 1432 1463 1459 secundum
1478 1431 1677 1459 Testamentum
1698 1431 1784 1466 ipsum

990 1481 1077 1504 vocat.
1092 1477 1159 1510 Quid
1182 1477 1216 1504 ita
1236 1477 1403 1505 secundum?
1428 1477 1464 1505 Ut
1477 1482 1568 1505 mutua
1591 1477 1783 1505 sententiarum

991 1523 1157 1551 connexione
1176 1531 1257 1550 unum
1281 1523 1389 1551 efﬁciat.
1410 1523 1476 1551 Nam
1500 1523 1571 1559 quod
1591 1523 1738 1552 abscissum
1751 1523 1785 1551 ab

991 1568 1081 1604 aliquo
1095 1575 1145 1602 est,
1157 1569 1304 1597 secundum
1325 1577 1377 1596 non
1399 1569 1560 1605 appellatur.
1578 1569 1709 1602 Quoniam
1720 1577 1784 1597 vero

993 1615 1065 1643 Deus
1077 1615 1184 1643 oracula
1203 1623 1252 1643 sua
1272 1615 1355 1643 edidit
1366 1621 1394 1643 et
1408 1616 1434 1644 in
1448 1616 1546 1651 primo,
1566 1620 1594 1643 et
1617 1615 1643 1643 in
1655 1615 1784 1648 secundo,

992 1662 1063 1690 idem
1075 1662 1120 1690 ille
1133 1662 1228 1690 Paulus
1249 1663 1365 1697 primum
1388 1667 1415 1690 et
1437 1662 1584 1690 secundum
1603 1667 1691 1695 vocat,
1705 1665 1784 1697 atque

992 1715 1104 1736 numero
1117 1708 1329 1736 convenientiam
1346 1708 1483 1742 utriusque
1506 1712 1534 1734 ct
1551 1714 1710 1735 consensum
1731 1707 1785 1734 dc—

992 1754 1086 1782 clarat.
1103 1754 1204 1782 Idcirco
1218 1755 1325 1787 Paulus,
1342 1754 1386 1790 qui
1399 1754 1541 1781 iudivisum
1557 1753 1652 1785 Patris,
1667 1757 1695 1780 et
1712 1752 1784 1785 Filii,

992 1796 1023 1829 et.
1032 1801 1147 1836 Spiritus
1157 1802 1241 1829 sancti
1256 1809 1366 1835 regnum
1379 1800 1515 1836 praedicat,
1526 1800 1606 1828 modo
1618 1799 1785 1835 evangelium

993 1847 1039 1875 Dei
1056 1847 1151 1880 Patris,
1171 1847 1250 1874 modo
1265 1847 1324 1874 Filii
1343 1846 1460 1882 appellat
1476 1845 1595 1873 :Paulus
1615 1853 1701 1873 seruus
1723 1845 1785 1873 Iesu

993 1893 1097 1927 Christi,
1114 1900 1216 1922 vocatus
1234 1893 1374 1929 apostolus,
1401 1897 1545 1929 segregatus
1569 1893 1595 1920 in
1620 1891 1786 1928 Evangelium

993 1939 1142 1976 DeiUiom.
1167 1941 1244 1976 1.1).
1261 1939 1359 1966 Verum
1383 1947 1417 1966 ne
1437 1939 1507 1973 quis,
1531 1945 1591 1965 cum
1613 1938 1704 1966 audiat
1721 1937 1785 1964 illud

997 1986 1168 2021 Evangelium
1179 1986 1234 2016 Dei,
1249 1985 1394 2023 arbitretur
1407 1984 1502 2012 Filium
1522 1983 1621 2011 nullam
1643 1983 1675 2010 ad
1691 1982 1787 2017 praedi-

993 2033 1108 2061 candum
1129 2031 1314 2060 auct0ritatem
1335 2031 1468 2063 obtinere,
1493 2030 1518 2057 in
1543 2030 1638 2058 eadem
1655 2029 1785 2064 Epistola,

994 2079 1074 2115 paulo
1087 2083 1147 2114 post
1159 2078 1196 2105 ait
1211 2087 1217 2104 :
1235 2077 1314 2104 Testis
1329 2077 1396 2104 enim
1415 2076 1478 2103 mihi
1490 2075 1570 2108 Deus,
1585 2075 1625 2102 cui
1640 2074 1746 2101 inservio
1759 2074 1786 2100 in

993 2126 1085 2161 spiritu
1095 2133 1149 2152 meo
1159 2123 1329 2158 inEvangelio
1345 2121 1407 2149 Filii
1419 2122 1474 2156 ejus
1488 2121 1576 2157 (Rom.
1594 2121 1620 2148 1.
1636 2119 1676 2155 9).
1693 2119 1787 2147 Viden‘

995 2170 1127 2207 praeconis
1140 2169 1218 2204 hujus
1229 2169 1326 2196 mirum
1343 2167 1490 2203 ingenium,
1509 2171 1535 2194 et
1551 2166 1708 2194 sententiam
1724 2172 1786 2199 per-

994 2217 1112 2246 fectam?
1132 2215 1172 2244 Ne
1190 2215 1388 2243 existimaretur
1411 2213 1436 2241 in
1459 2213 1517 2248 lege
1542 2212 1648 2247 quidem
1667 2211 1712 2239 alii
1732 2211 1788 2239 Deo

993 2264 1107 2298 servire,
1127 2263 1152 2290 in
1159 2261 1305 2298 Evangelia
1318 2268 1384 2288 vero
1397 2260 1428 2288 ad
1443 2260 1522 2287 alium
1544 2259 1625 2287 Deum
1641 2258 1788 2286 successio-

995 2318 1056 2338 nem
1070 2310 1167 2342 facere,
1183 2308 1267 2343 inquit
1281 2315 1287 2334 :
1304 2306 1453 2333 Benedictus
1466 2305 1545 2338 Deus,
1559 2304 1601 2331 cui
1612 2304 1692 2330 servio
1704 2311 1721 2329 a
1731 2310 1787 2329 nta-

989 2356 1090 2390 joribus
1105 2356 1133 2383 in
1151 2353 1303 2382 conscientia
1322 2359 1387 2388 pura
1399 2350 1437 2385 (2.
1450 2350 1517 2377 Tim.
1534 2350 1560 2377 i.
1575 2349 1613 2383 5).
1631 2347 1688 2376 Non
1704 2347 1787 2380 enim,

995 2402 1090 2438 inquit,
1103 2401 1137 2429 ab
1160 2400 1212 2427 alio
1230 2399 1263 2426 ad
1286 2398 1366 2425 alium
1391 2396 1506 2428 secessi;
1531 2394 1579 2422 sed
1594 2401 1673 2429 quem
1689 2393 1788 2421 inscius

994 2449 1126 2480 colebam,
1144 2447 1202 2482 ejus
1223 2445 1376 2480 cognitione
1397 2442 1524 2474 imbutus,
1543 2439 1698 2474 complexus
1716 2446 1787 2466 sum.

995 2497 1030 2524 Et
1041 2496 1102 2524 alibi
1116 2502 1176 2523 cum
1191 2493 1289 2520 docere
1302 2490 1393 2522 vellet,
1408 2488 1515 2516 oracula
1528 2485 1692 2514 Testamenti
1706 2485 1788 2513 Vete-

995 2543 1032 2571 ris
1045 2547 1073 2570 et
1085 2540 1150 2568 Novi
1163 2540 1197 2567 ab
1210 2537 1304 2566 eodem
1316 2543 1364 2564 ore
1383 2534 1530 2568 eodemque
1545 2532 1658 2560 Domino
1668 2529 1787 2567 profecta

995 2596 1065 2620 esse,
1080 2594 1160 2614 unum
1183 2582 1365 2613 testimonium
1380 2580 1446 2616 petit
1463 2587 1477 2606 a
1495 2578 1665 2606 Testamento
1685 2576 1787 2610 Veteri,

995 2635 1037 2662 cui
1051 2632 1231 2668 evangelicam
1245 2629 1404 2658 sententiam
1417 2625 1554 2658 annexuit,
1569 2632 1629 2652 cum
1642 2624 1679 2652 ait
1692 2632 1699 2650 :
1715 2623 1787 2651 Scri-

996 2687 1066 2717 ptum
1076 2685 1121 2713 est,
1137 2678 1199 2706 Non
1211 2675 1337 2705 abturabis
1357 2683 1386 2702 os
1408 2673 1463 2701 bovi
1478 2672 1670 2705 trituranti;et,
1686 2671 1788 2707 Dignus

995 2733 1031 2756 est
1043 2726 1172 2764 operarius
1191 2723 1303 2752 mercede
1326 2730 1373 2749 sua
1387 2721 1426 2756 (i.
1452 2719 1518 2747 Tim.
1533 2719 1561 2747 5.
1585 2718 1640 2754 18).
1666 2718 1786 2752 Quorum

995 2775 1072 2808 illud,
1089 2773 1150 2801 Non
1164 2771 1301 2804 obturabis,
1313 2768 1394 2796 Mosi:
1407 2771 1448 2795 est
1462 2775 1469 2793 :
1482 2766 1543 2800 hoc,
1557 2764 1657 2801 Dignus
1672 2769 1708 2792 est
1727 2772 1788 2798 ope-

996 2831 1079 2850 rarius
1092 2820 1204 2848 mercede
1216 2826 1263 2845 sua
1280 2816 1369 2851 (Deut.
1383 2814 1429 2843 25.
1446 2813 1479 2846 4;
1497 2812 1559 2840 Luc.
1582 2811 1626 2839 10.
1647 2811 1689 2845 7),
1710 2809 1787 2837 Chri-

996 2873 1054 2898 stus
1064 2869 1091 2896 in
1101 2864 1252 2901 Evangeliis
1263 2862 1358 2891 eil'atus
1371 2864 1422 2888 est.
1436 2859 1471 2887 At
1482 2858 1538 2891 ille,
1552 2861 1581 2885 ut
1591 2858 1696 2892 planum
1715 2854 1786 2881 iace-

997 2920 1048 2944 ret.
1072 2913 1106 2941 ab
1130 2900 1184 2940 uno
1204 2915 1230 2940 et
1253 2908 1348 2937 eodem
1369 2913 1418 2935 ore
1440 2904 1497 2933 hac
1523 2906 1550 2931 ct
1575 2902 1618 2930 illa
1639 2900 1710 2929 edita
1726 2906 1789 2928 esse
