2047 3122
292 170 346 199 599

294 228 412 261 oracula,
426 228 497 263 ideo,
516 235 575 264 qua:
588 227 719 256 distinctis
739 226 902 262 temporibus
915 226 1084 262 pronuntiata

293 276 407 306 fuerant,
421 274 456 302 ob
471 274 590 302 veritatis
597 273 799 302 consensionem
808 272 949 307 copulavit,
959 280 1018 300 cum
1027 272 1065 299 ait
1076 281 1084 300 :

293 321 425 353 Scriptum
437 325 485 353 est,
502 319 562 347 Non
575 319 701 347 obturabis
713 327 741 346 os
755 318 810 345 bovi
824 319 954 346 trituranti
961 323 1018 352 ,'et,
1034 317 1083 345 Di-

291 374 356 401 gnus
369 370 405 392 est
418 365 549 400 operarius
561 365 673 391 mercede
685 372 742 391 sua.
757 364 839 399 llujus
854 364 1013 398 evangelica:
1023 363 1084 390 har-

292 411 389 438 monize
403 410 546 446 imaginem
562 410 627 437 retia
643 409 686 436 illa
706 409 788 442 Petri,
809 417 868 444 quae
882 409 961 436 hodie
975 409 1002 436 in
1016 416 1083 436 con-

290 460 382 492 spectu
408 459 498 483 vestro
519 455 606 482 laxata
631 459 710 487 sunt,
734 454 870 482 exhibent.
894 453 986 489 Neque
1011 454 1082 481 enim

289 502 374 530 semel
392 502 487 529 Petrus
500 505 602 528 tantum
616 501 682 528 retia
703 501 800 528 laxavit
817 510 823 527 :
839 501 886 528 sed
908 501 929 527 si
947 500 1083 528 historiam
1100 537 1103 538 ν

290 551 407 582 spectes,
422 547 505 574 semel
515 551 629 579 tantum;
646 546 693 574 sed
706 546 732 573 vi
746 550 772 573 et
787 545 905 574 efficacia
918 553 999 580 saepe.
1012 546 1084 579 Quo.

290 593 341 621 ties
356 593 426 620 enim
440 592 605 627 evangelium
619 592 785 627 praedicatur,
801 592 865 619 nihil
879 599 929 627 ego
948 592 1020 619 aliud
1039 592 1081 618 in-

289 642 375 671 tueor,
393 645 471 673 quam
496 638 614 671 Petrum,
633 642 661 664 et
675 637 818 671 Andream,
844 641 872 664 et
900 641 983 664 totum
1006 634 1081 665 illum

291 684 403 712 chorum
413 684 598 720 apostolicum,
608 684 788 719 evangelicum
798 684 860 719 illud
869 688 926 712 rete
936 684 1080 711 laxantem.

324 729 350 757 2.
366 729 400 757 Et
414 734 472 757 erat
485 737 550 757 sane
564 736 661 757 novum
677 730 856 764 spectaculum
867 729 1035 757 Servatorem
1052 729 1079 757 in

289 775 355 802 mari
368 775 535 810 conspicere,
549 779 576 802 et
590 774 726 802 auditores
741 775 767 802 in
781 775 869 802 littore
882 775 1060 802 censistentes
1072 783 1079 802 :

289 820 356 848 mira
369 828 433 848 res:
449 820 535 855 pisces
548 821 574 847 in
595 825 674 853 terra,
696 821 812 855 piscator
825 821 851 848 in
871 821 937 848 mari
957 821 1081 849 versaba-

289 872 342 894 tur.
358 866 489 895 lmmissio
503 867 573 894 illius
584 868 649 895 retis
663 868 750 904 imago
760 873 818 895 erat
828 868 955 896 doctrina:
965 876 1080 904 evange-

289 912 357 940 liete.
373 912 485 948 Reperit,
506 912 600 947 inquit,
616 913 753 948 piscatores
776 913 887 940 lavantes
914 913 976 940 retia
1003 913 1078 943 (Luc.

288 957 314 985 5.
326 958 344 984 2
356 958 378 992 ),
388 963 415 985 ut
425 958 469 992 qui
480 965 586 986 omnem
596 962 712 993 captura:
723 965 796 993 spem
807 957 978 993 abjecissent.
990 959 1080 986 Pisca-

287 1008 329 1030 tor
339 1004 410 1030 enim
421 1003 472 1031 nisi
483 1003 605 1038 desperet
616 1011 645 1031 se
652 1003 752 1038 aliquid
764 1004 873 1038 piscium
884 1012 961 1038 posse
971 1011 1077 1039 capere,

286 1053 343 1076 rete
355 1057 407 1076 non
422 1049 500 1076 lavat.
517 1049 606 1084 Itaque
617 1049 716 1084 reperit
726 1049 799 1085 ipsos
814 1049 940 1077 Servator
961 1051 1026 1078 retia
1041 1051 1078 1078 la-

286 1098 389 1127 vantes,
399 1099 428 1122 ut
439 1095 483 1129 qui
494 1095 579 1122 nullos
591 1102 650 1123 sese
668 1096 755 1130 pisces
766 1103 861 1131 capere
873 1104 951 1131 posse
961 1097 1077 1124 conlide-

285 1146 351 1174 rent,
366 1141 525 1169 etDominus
539 1141 692 1176 piscatiouis
706 1143 803 1176 adstat,
817 1147 844 1171 et
857 1143 919 1178 quid
933 1143 1077 1171 facit?Pri-

285 1193 357 1212 mum
371 1186 638 1222 quidem/doctrinam
653 1188 772 1215 veritatis
786 1189 837 1215 illis
851 1190 974 1223 proponit
990 1197 996 1216 :
1013 1189 1075 1218 hinc

284 1230 359 1266 iubet
372 1235 429 1258 rete
443 1231 536 1259 laxari.
552 1232 619 1260 Cum
633 1233 704 1261 enim
717 1233 797 1260 verba
810 1234 868 1261 sine
880 1234 1005 1269 operibus
1026 1235 1074 1263 de—

284 1277 476 1305 monstratione
500 1283 638 1312 carerent,
661 1279 801 1314 oportebat
827 1280 973 1308 doctrinam
999 1281 1074 1310 factis

282 1323 442 1352 conﬁrmare
457 1333 465 1351 :
479 1332 540 1351 nam
564 1325 618 1353 Deo
639 1325 760 1360 jubeutc,
780 1334 839 1361 quis
859 1327 978 1362 nuspiam
995 1335 1074 1362 repe-

282 1369 386 1396 riuntur
405 1369 524 1397 invenies
540 1374 588 1398 :et
606 1379 665 1406 quae
686 1378 739 1398 non
753 1376 824 1404 sunt,
844 1373 944 1407 capies.
965 1372 1071 1406 Laxata,

281 1414 329 1447 ait,
343 1415 406 1441 retia
418 1419 498 1442 uestra
509 1415 583 1451 (Luc.
598 1416 625 1443 5.
644 1417 670 1443 ι.
687 1416 726 1451 5).
743 1417 791 1444 Cui
808 1417 902 1445 Petrus
916 1427 923 1445 :
938 1418 1071 1454 Magister,

281 1468 326 1495 per
338 1465 416 1487 tatam
428 1465 525 1488 noctem
533 1461 686 1494 laborantes,
697 1463 761 1489 nihil
773 1464 893 1498 cepimus,
907 1464 953 1491 sed
965 1465 991 1491 in
1000 1465 1071 1492 verba

281 1511 326 1533 tuo
348 1507 439 1534 (mbo
460 1512 522 1535 rete.
548 1508 674 1535 Admiror
699 1508 769 1536 Petri
798 1510 876 1537 fidem
899 1519 905 1536 :
928 1511 972 1546 qui
987 1511 1070 1545 prima

279 1552 418 1588 desperata
442 1554 560 1587 haberet,
588 1559 615 1582 et
636 1562 703 1582 nova
724 1556 869 1583 crederet:
886 1556 916 1583 in
938 1557 1009 1584 uerbo
1028 1561 1071 1584 tuo

279 1599 370 1627 laxato
381 1605 440 1628 rete.
463 1601 528 1634 Cur,
544 1600 577 1628 In
596 1601 669 1628 uerbo
691 1606 743 1634 tuo,
766 1602 820 1629 ait?
838 1602 967 1636 Quoniam
989 1603 1070 1630 verbo

279 1646 337 1681 ejus
351 1647 409 1674 caeli
424 1647 519 1674 ﬁrmati
531 1651 601 1680 sunt,
613 1652 642 1675 et
657 1653 726 1675 terra
741 1648 850 1675 fundata
863 1653 911 1681 est,
935 1656 1008 1676 mare
1024 1656 1070 1676 se-

278 1698 398 1728 paratum
413 1698 454 1722 est
467 1693 551 1729 (Psat.
571 1694 617 1722 52.
638 1694 664 1722 6.
691 1699 715 1721 at
743 1695 803 1722 101.
824 1695 870 1729 26)
885 1704 890 1721 :
905 1695 985 1722 homo
1005 1702 1070 1730 pro.

279 1740 344 1774 priis
356 1741 411 1767 suis
422 1740 531 1768 ﬂoribus
544 1745 686 1768 coronatus
708 1745 758 1774 est,
775 1746 802 1768 ct
818 1741 908 1768 omnia
928 1741 1009 1769 verbo
1024 1746 1069 1769 tuo

278 1785 473 1813 constiterunt:
489 1790 518 1813 ut
528 1786 565 1813 ait
577 1786 673 1814 Paulus
689 1795 697 1813 :
713 1786 763 1819 Qui
782 1791 865 1821 portat
888 1788 973 1814 omnia
996 1787 1070 1821 uerbo

282 1832 399 1866 potentia
410 1831 562 1867 suw(chr.
581 1833 605 1860 1.
621 1833 661 1868 ὅ).
679 1832 710 1859 ιη
720 1834 792 1860 verbo
803 1838 847 1860 tuo
859 1833 949 1860 laxabo
961 1838 1021 1860 rete.
1037 1833 1070 1861 Et

279 1876 388 1904 verbum
404 1877 467 1904 illud
483 1877 589 1912 quidem
605 1883 662 1906 rete
673 1878 816 1905 antecessit
831 1888 836 1905 :
853 1886 902 1906 nec
915 1879 1002 1914 pisces
1021 1878 1068 1906 ad-

278 1926 352 1949 sunt.
361 1921 427 1949 Nam
442 1922 503 1950 licet
523 1922 679 1955 adfuissent,
700 1923 735 1950 ob
755 1923 895 1950 tumultum
910 1931 1001 1951 eorum
1022 1925 1067 1959 qui

279 1967 459 2003 piscabantur,
475 1968 588 1996 fuissent
612 1969 717 2004 dilapsi.
734 1969 786 1997 Sed
805 1970 941 1997 descendit
958 1971 1067 1999 verbum

276 2012 346 2047 ejus,
362 2013 413 2047 Qui
426 2019 496 2041 uocat
514 2022 543 2040 ea
555 2023 612 2049 quia
628 2023 677 2042 non
690 2020 756 2047 sunt,
773 2023 803 2042 ac
815 2016 837 2042 si
846 2020 926 2043 essent
937 2015 1023 2050 (Rom.
1039 2017 1066 2045 4.

277 2059 321 2094 17)
336 2069 343 2087 :
355 2060 474 2095 potentia
496 2060 554 2096 ejus
565 2061 609 2096 qui
619 2061 740 2097 jubebat,
753 2062 826 2097 prius
838 2070 918 2097 quam
929 2066 986 2090 rete
995 2070 1068 2092 mare

275 2105 358 2133 subiit
372 2109 418 2133 :et
432 2113 526 2141 magna
540 2107 581 2134 vis
596 2107 707 2142 piscium
719 2112 811 2135 coacta
832 2112 884 2135 est.
907 2108 996 2143 Imago
1009 2108 1068 2137 haec

275 2150 324 2178 fuit
337 2150 493 2179 universalis
508 2151 647 2180 Ecclesia.
669 2152 853 2188 Rumpebatur
873 2156 951 2181 rete:
965 2161 1068 2183 annue-

275 2201 338 2224 runt.
349 2197 440 2230 sociis,
453 2198 499 2233 qui
513 2199 540 2225 in
552 2199 603 2226 alia
616 2199 736 2226 navicula
749 2203 837 2234 erant,
852 2204 882 2227 ut
894 2200 1027 2233 venirent,
1040 2205 1067 2228 et

275 2243 326 2271 sibi
347 2243 541 2272 auxiliarentur
565 2244 640 2280 (Luc.
662 2245 689 2272 ὅ.
715 2245 741 2273 6.
766 2245 806 2281 7).
829 2245 976 2281 Oportebat
993 2247 1065 2275 enim

276 2297 358 2318 naves
377 2289 444 2318 duas
461 2297 620 2318 concurrere
647 2290 681 2318 ad
702 2290 775 2318 illam
801 2291 985 2325 piscationem.
1010 2291 1066 2320 Nisi

275 2335 349 2363 enim
361 2335 551 2371 prophetarum
563 2335 661 2364 chorus
671 2336 824 2371 apostolica:
838 2337 928 2364 manui
938 2337 1017 2371 adsit,
1039 2342 1067 2366 et

277 2382 424 2417 opituletur
436 2390 443 2409 :
460 2387 487 2410 et
496 2383 546 2410 nisi
556 2383 672 2411 oraculis
683 2382 872 2417 prophetarum
885 2384 1066 2419 apostolorum

276 2431 389 2455 eventus
401 2429 573 2462 respondeat,
590 2436 642 2455 non
657 2430 777 2463 capimus
789 2436 849 2463 quae
863 2436 1004 2457 venamur.
1016 2429 1067 2457 Ita-

276 2481 328 2508 que
339 2481 400 2500 cum
410 2473 537 2502 Servatur
547 2475 731 2502 demonstrare
747 2475 834 2508 vellet,
856 2475 924 2504 hanc
942 2477 1066 2511 piscatio-

276 2527 337 2547 nem
352 2520 495 2555 imaginem
509 2529 570 2550 esse
594 2521 730 2555 Ecclesiae,
753 2527 782 2550 ut
803 2522 911 2550 Petrum
927 2524 1064 2558 erudiret;

276 2565 328 2593 hoc
340 2566 462 2601 exemplo
480 2567 551 2594 acuit
568 2571 595 2595 et
613 2567 733 2595 incitavit
754 2567 788 2595 ad
814 2568 1007 2603 fortitudinem,
1034 2577 1066 2598 ac

273 2611 339 2640 dicit
351 2612 412 2647 ipsi,
436 2612 478 2640 Ne
494 2618 599 2646 metuas,
622 2614 653 2641 ab
679 2614 726 2642 hoc
747 2619 866 2650 tmpore,
890 2616 1003 2643 homines
1017 2617 1066 2644 eris

274 2658 378 2693 capiens
392 2658 466 2694 (Luc.
480 2659 508 2687 5.
520 2659 575 2695 10).
589 2660 627 2686 Ab
646 2660 693 2687 hoc
717 2665 837 2696 tempore,
861 2668 914 2697 quo
940 2662 1065 2696 potentiae.

275 2711 344 2732 meae
368 2712 459 2732 coram
481 2706 555 2734 vobis
574 2706 719 2740 periculum
743 2706 865 2734 factum:
887 2707 966 2742 idque
989 2706 1065 2735 vobis

273 2751 410 2786 cognitum
420 2751 537 2787 etplane
546 2757 714 2787 perspectum
728 2757 779 2786 est,
793 2753 874 2780 etiam
890 2753 967 2781 bruta
982 2752 1065 2780 verbo

275 2804 338 2825 meo
347 2797 467 2831 obedire,
480 2798 621 2833 omniaque
634 2802 726 2826 nutum
738 2805 827 2826 meum
840 2799 926 2833 sequi.
941 2798 997 2826 Hoc
1007 2797 1063 2825 ido-

275 2849 327 2870 neo
345 2842 469 2878 exemplo
489 2843 524 2871 ob
547 2843 640 2871 oculos
664 2844 759 2878 posito,
781 2843 908 2879 deinceps
929 2843 1064 2879 capiendis

277 2887 428 2918 hominibus
441 2896 549 2926 operam
563 2890 635 2918 dato.
651 2890 742 2926 Neque
755 2890 827 2919 enim
846 2890 921 2924 dicit,
941 2889 1062 2918 homines

1038 164 1177 195 INCERTI

1878 173 1931 202 ιοο

1137 227 1292 262 piscaberis,
1309 228 1357 256 sed
1370 228 1493 257 "omines
1510 230 1578 257 vivos
1594 229 1697 264 capiens
1711 230 1771 258 eris.
1785 229 1925 266 Siquidem

1137 273 1224 308 pisces
1236 273 1290 301 vivi
1305 273 1338 301 ad
1351 279 1464 302 mortem
1478 274 1564 302 solent
1575 275 1634 311 capi
1645 283 1652 307 ;
1665 275 1788 303 homines
1802 284 1867 304 vero
1881 284 1929 304 ca-

1136 318 1253 352 piuntur,
1271 324 1301 346 ut
1322 326 1338 346 a
1356 325 1443 347 morte
1457 320 1490 347 ad
1510 320 1591 347 vitam
1607 325 1742 348 transeant
1756 330 1765 348 :
1778 322 1866 356 itaque
1879 322 1931 356 ait,

1135 365 1173 392 Ab
1186 365 1234 392 liae
1244 370 1355 400 tempore
1377 366 1490 393 homines
1502 366 1552 394 eris
1572 366 1685 401 capiens.
1700 366 1754 395 Sed
1768 375 1815 395 cur
1827 368 1864 395 ait
1877 368 1926 401 illi,

1136 409 1178 436 Ne
1191 411 1307 438 metuas?
1320 411 1395 442 Esto,
1408 411 1567 446 promissqu
1579 412 1747 447 splendidum
1767 412 1845 441 fuerit
1857 422 1865 446 ;
1878 421 1928 442 cur

1134 454 1190 482 ait:
1207 454 1248 481 Ne
1260 460 1357 483 metuas
1369 456 1382 482 ?
1393 456 1459 490 Quia
1473 456 1511 483 illi
1530 457 1557 484 in
1571 461 1689 485 mentem
1713 458 1786 486 venit
1807 459 1927 494 priorum

1135 503 1317 533 peccatorum,
1341 500 1469 527 Dominus
1493 500 1530 528 ait
1553 510 1560 528 :
1586 500 1629 528 Ne
1653 507 1750 529 metuas
1776 508 1802 531 te
1826 504 1926 539 ipsum,

1134 549 1268 579 tamquam
1292 549 1460 579 peccatorem
1483 554 1490 573 :
1512 546 1560 574 sed
1575 546 1702 582 deinceps
1723 548 1836 583 teipsnm
1859 557 1926 577 eon-

1133 590 1234 618 sideres
1247 596 1275 618 ut
1287 591 1448 626 apostolum,
1471 592 1516 628 qui
1540 593 1676 621 dominico
1700 594 1812 629 imperio
1829 596 1925 623 orbein

1133 637 1208 670 quasi
1234 644 1331 672 sagena
1355 638 1496 673 complecti
1520 638 1632 673 jnberis.
1659 639 1734 668 Hanc
1754 648 1860 674 vocem,
1882 641 1926 669 Na

1132 687 1249 715 metuas,
1272 683 1385 718 quisque
1409 691 1442 711 ex
1467 684 1574 711 Christo
1597 684 1707 718 audiat;
1736 685 1779 713 Ne
1801 692 1899 714 metuas
1914 694 1926 714 :

1131 727 1213 754 modo
1227 727 1261 755 ab
1282 728 1332 756 hoc
1347 733 1467 764 tempore
1483 730 1668 764 ptenitentiam
1685 735 1754 766 agat.
1777 732 1845 767 Ergo
1861 737 1920 760 rete

1133 772 1200 800 illud
1212 794 1219 807 ,
1235 778 1264 801 ut
1278 774 1400 801 ordinem
1413 782 1505 802 rerum
1520 775 1738 811 explicandarum
1755 777 1826 812 prius
1842 778 1922 806 iusti.

1131 822 1217 846 tutum
1230 826 1436 854 prosequamur,
1452 820 1540 856 imago
1560 821 1610 848 fuit
1621 822 1782 857 evangelica:
1797 822 1922 851 Servato-

1131 864 1169 891 ris
1192 864 1332 892 doctrinae.
1356 865 1413 892 Hoc
1429 870 1519 893 autem
1539 867 1707 901 evangelium
1725 867 1805 895 modo
1824 868 1923 896 Paulus

1131 910 1299 944 evangelium
1322 910 1454 945 justitize,
1476 910 1557 938 modo
1570 912 1737 947 evangelium
1760 913 1848 948 pacis,
1872 914 1923 941 ali-

1130 956 1236 990 quando
1264 956 1433 991 evangelium
1460 958 1586 992 potcntiae
1609 958 1735 993 appellat.
1758 959 1824 993 Quia
1847 960 1921 988 enim

1130 1001 1327 1036 praedicationis
1348 1002 1391 1029 illa
1405 1003 1491 1037 gratia
1512 1007 1618 1038 poterat
1633 1003 1703 1031 bella
1716 1004 1836 1038 auferre,
1849 1006 1922 1034 sedi-

1130 1046 1271 1082 tionesque
1287 1047 1425 1076 hominum
1448 1049 1519 1076 circa
1536 1049 1662 1084 pietatem
1679 1057 1732 1077 non
1748 1051 1921 1079 consentien-

1128 1093 1193 1120 tium
1207 1093 1349 1129 dissipare,
1364 1094 1426 1129 quia
1436 1102 1530 1122 omnes
1544 1095 1577 1123 ad
1589 1095 1704 1123 salutem
1722 1096 1826 1131 invitat,
1838 1105 1920 1125 evan-

1126 1138 1226 1172 gelium
1238 1138 1349 1174 justitize
1364 1140 1481 1168 dicitur:
1501 1141 1564 1176 quia
1588 1148 1652 1168 vero
1670 1141 1823 1170 dtcmonum
1847 1143 1919 1172 bella

1126 1184 1215 1219 sedat,
1228 1186 1396 1221 evangelium
1409 1187 1483 1222 pacis
1502 1187 1653 1222 appellatur
1667 1196 1675 1215 :
1690 1195 1723 1215 ac
1735 1189 1794 1224 quia
1808 1189 1855 1217 Dei
1872 1197 1919 1217 co-

1126 1231 1275 1266 gnitionem
1292 1232 1383 1259 verbis
1398 1233 1496 1260 vilibus
1510 1233 1673 1268 promulgat,
1689 1235 1857 1269 evangelium
1869 1243 1918 1270 po-

1125 1277 1218 1304 tentiae
1232 1277 1339 1304 dicitur.
1360 1277 1430 1305 Audi
1454 1278 1565 1306 Paulum
1579 1278 1714 1307 dicentem
1729 1288 1736 1306 :
1755 1279 1816 1307 Non
1827 1281 1917 1308 erube-

1124 1331 1167 1350 sco
1192 1325 1350 1359 evangelium
1362 1333 1373 1352 :
1388 1325 1466 1352 virtus
1479 1325 1546 1352 enim
1563 1325 1613 1352 Dei
1633 1331 1670 1353 est
1682 1326 1717 1353 ad
1727 1327 1833 1353 salutem
1847 1328 1917 1355 omni

1126 1369 1260 1404 crodenti(
1279 1370 1356 1398 Rom.
1369 1371 1395 1397 l.
1408 1371 1444 1399 16
1458 1371 1478 1406 ).
1501 1371 1623 1399 Potentia
1645 1372 1776 1407 siquidem
1793 1377 1850 1401 tum
1868 1374 1917 1402 de-

1123 1423 1196 1442 mum
1214 1423 1278 1444 vere
1296 1416 1424 1444 elucescit
1436 1437 1444 1450 ,
1462 1424 1524 1444 cum
1543 1417 1567 1445 is
1583 1418 1628 1453 qui
1648 1418 1785 1453 praedicat,
1798 1427 1852 1446 non
1865 1421 1917 1447 hu-

1124 1468 1203 1488 mana
1218 1462 1349 1489 rationum
1367 1462 1438 1490 serie
1455 1470 1519 1491 usus
1532 1483 1540 1496 ,
1554 1464 1685 1492 terminos
1700 1464 1773 1492 orbis
1787 1465 1891 1493 obtinet
1905 1475 1913 1499 ;

1123 1511 1151 1533 ut
1163 1507 1289 1535 Servator
1311 1508 1394 1535 Paulo
1406 1508 1470 1536 dicit
1487 1517 1493 1535 :
1508 1509 1605 1544 Sufﬁcit
1619 1509 1663 1536 tibi
1678 1511 1761 1546 gratia
1774 1519 1829 1538 mea
1842 1519 1852 1538 :
1863 1512 1914 1538 air-

1123 1556 1164 1579 tus
1175 1553 1242 1580 enim
1252 1561 1307 1580 mea
1319 1554 1346 1580 in
1358 1554 1506 1588 infirmitate
1519 1555 1649 1590 perﬁcitur
1659 1555 1670 1592 (
1682 1556 1710 1582 2.
1724 1555 1784 1583 Cor.
1800 1557 1843 1584 12.
1859 1557 1877 1585 9
1889 1557 1911 1592 ).

1122 1597 1216 1634 Neque
1230 1599 1302 1626 enim
1316 1607 1442 1635 magnum
1455 1600 1591 1636 quidpiam
1605 1601 1656 1628 hoc
1671 1600 1781 1634 fuisset,
1796 1602 1818 1629 si
1833 1602 1914 1629 Chri-

1121 1648 1180 1672 stus
1192 1644 1262 1673 nuda
1282 1652 1330 1673 sua
1342 1645 1480 1674 divinitate
1494 1647 1589 1674 orbem
1605 1647 1782 1674 illustrasset:
1797 1647 1845 1674 sed
1860 1647 1913 1676 hoc

1120 1691 1229 1724 mirum,
1246 1691 1316 1727 quod
1330 1698 1445 1727 corpore
1466 1699 1515 1720 suo
1529 1693 1720 1727 impassibilem
1741 1697 1769 1720 et
1785 1693 1912 1728 incorpo-

1121 1743 1196 1764 rcam
1211 1737 1360 1765 ostenderit
1373 1737 1497 1772 gloriam.
1514 1737 1607 1772 Neque
1622 1737 1688 1765 illud
1702 1737 1871 1772 admirabile,
1887 1739 1911 1766 si

1120 1784 1197 1810 vivus
1209 1788 1237 1811 et
1258 1783 1363 1811 viviliea
1386 1785 1469 1820 gloria
1493 1784 1686 1818 resplendens,
1698 1784 1757 1812 orbi
1772 1784 1853 1812 vitam
1868 1793 1912 1813 rc-

1119 1830 1251 1858 stituisset
1261 1839 1268 1859 :
1280 1830 1328 1858 sed
1343 1831 1459 1865 potentia
1476 1830 1554 1859 Verbi
1564 1835 1606 1858 est
1617 1830 1688 1866 quod
1699 1834 1784 1858 morte
1796 1835 1911 1858 moneta

1121 1876 1207 1910 tollat,
1221 1881 1249 1904 et
1262 1884 1311 1911 per
1322 1877 1498 1905 contumelias
1512 1877 1655 1905 immortali
1667 1877 1752 1912 gloria
1768 1877 1908 1911 refulgeat.

1119 1922 1190 1950 Alibi
1203 1923 1283 1951 etiam
1299 1924 1398 1951 Paulus
1411 1923 1577 1958 evangelium
1590 1924 1664 1958 pacis
1680 1923 1796 1958 appellat
1812 1932 1819 1949 :
1838 1923 1910 1951 Prte-

1119 1973 1216 2003 parate,
1232 1969 1278 2002 ait,
1292 1969 1368 2005 pedes
1382 1974 1476 1996 vestros
1489 1970 1516 1996 in
1534 1969 1718 2005 prteparatione
1730 1969 1853 2004 evangelii
1866 1977 1911 2003 po

1121 2014 1157 2040 cis
1170 2013 1180 2049 (
1194 2013 1291 2048 Ephes.
1307 2014 1334 2042 6.
1350 2015 1384 2042 15
1394 2014 1416 2051 ).
1430 2014 1500 2042 Alibi
1513 2014 1678 2049 evangelium
1691 2013 1803 2049 justitia:
1822 2014 1911 2041 nomi—

1120 2063 1177 2092 nat,
1190 2067 1250 2087 cum
1261 2060 1317 2087 ait:
1335 2060 1397 2087 Non
1409 2061 1475 2087 enim
1489 2059 1606 2087 erubesco
1619 2059 1775 2095 evangelium
1786 2067 1796 2086 .'
1805 2059 1909 2095 justitia

1118 2104 1185 2132 enim
1195 2105 1245 2133 Dei
1254 2106 1280 2133 in
1290 2107 1344 2140 ipso
1353 2105 1490 2133 reuelatur‘
1502 2105 1591 2140 (Rom.
1608 2105 1632 2132 1.
1649 2104 1693 2132 16.
1708 2104 1763 2140 17).
1776 2103 1846 2138 Quid
1862 2107 1907 2132 est

1117 2153 1222 2181 Iustitia
1236 2152 1284 2180 Dei
1296 2153 1309 2179 2
1322 2152 1498 2186 Posteaquam
1512 2151 1554 2178 lex
1569 2151 1653 2186 prima
1668 2150 1733 2178 solis
1744 2149 1846 2178 ludatis
1858 2149 1910 2178 fuit

1117 2199 1376 2235 data,Evangelium
1385 2205 1450 2226 vero
1463 2198 1599 2230 omnibus,
1614 2196 1782 2232 evangelium
1795 2196 1910 2232 iustitia:

1116 2245 1244 2281 appellat.
1266 2243 1404 2279 Siquidem
1419 2243 1489 2271 Dens
1511 2243 1599 2278 justus
1610 2242 1656 2277 qui
1677 2249 1770 2270 omnes
1784 2249 1909 2278 paratque

1117 2291 1278 2327 procreavit,
1294 2296 1388 2317 omnes
1408 2296 1532 2324 peraeque
1553 2288 1695 2316 illustravit
1711 2297 1718 2315 :
1736 2287 1853 2323 illudque
1865 2288 1910 2323 ju-

1117 2337 1197 2365 stitiaa
1210 2340 1284 2370 erat,
1305 2343 1360 2363 non
1375 2335 1425 2362 hos
1445 2334 1552 2369 quidem
1576 2341 1695 2368 servare,
1707 2333 1769 2361 illos
1783 2341 1848 2362 vero
1859 2335 1907 2362 mi-

1117 2383 1210 2410 nime:
1224 2387 1250 2410 et
1265 2381 1314 2409 hos
1326 2387 1436 2413 vocare,
1457 2379 1517 2407 illos
1539 2386 1627 2407 secus.
1649 2378 1678 2406 In
1694 2378 1784 2406 Veteri
1798 2378 1906 2414 quidem

1116 2429 1299 2460 Testamento,
1314 2426 1418 2454 vocatio
1428 2426 1498 2461 justa
1512 2433 1564 2453 non
1580 2425 1629 2452 fuit
1643 2433 1649 2450 :
1664 2424 1711 2452 sed
1728 2424 1903 2457 teconomica,

1116 2482 1178 2510 qua:
1200 2473 1310 2509 justitize
1328 2473 1399 2499 viam
1425 2471 1602 2507 prmmunivit.
1619 2470 1710 2505 Neque
1732 2474 1820 2497 tamen
1837 2469 1908 2498 hanc

1116 2521 1223 2556 quidem
1240 2520 1350 2555 justam,
1365 2518 1438 2546 illam
1451 2525 1514 2546 vero
1528 2517 1654 2552 injustam
1668 2516 1761 2545 dixero
1775 2524 1782 2543 :
1799 2515 1847 2543 sed
1871 2516 1906 2543 il-

1117 2567 1169 2595 lam
1181 2566 1282 2594 aditum
1294 2565 1328 2592 ad
1341 2565 1411 2592 hanc
1424 2563 1583 2599 patefecisse
1593 2584 1600 2595 ,
1616 2568 1642 2590 et
1656 2562 1689 2590 ad
1712 2562 1781 2589 hanc
1793 2570 1908 2597 appara-

1117 2617 1172 2640 tum
1185 2610 1327 2647 quemdam
1343 2609 1435 2637 l'uisse.
1452 2609 1549 2644 Legem
1564 2607 1656 2635 lsraeli
1666 2607 1751 2635 dedit.
1768 2607 1837 2634 llinc
1854 2607 1906 2634 Da-

1148 2678 1156 2694 ¹
1175 2682 1230 2707 Quae
1242 2677 1296 2702 hac
1304 2676 1389 2706 verba,
1401 2674 1426 2707 iu
1438 2675 1489 2706 ipso
1500 2673 1628 2707 repetatur,
1640 2677 1778 2707 sequuptur
1785 2673 1809 2697 in
1822 2679 1908 2707 excer~

1116 2709 1164 2745 uis
1182 2704 1575 2745 iouitfhoauetieelwﬂzléee
1583 2704 1908 2745 §‘LFF:,.!E.§i9:__<£“:"_‘932

1140 2739 1188 2764 itur
1192 2735 1287 2771 iustitia
1294 2735 1380 2771 peiili
1390 2736 1442 2771 ipso
1453 2735 1594 2771 reveletur}
1605 2737 1724 2770 Quonme
1735 2735 1816 2771 ?_Cum
1825 2735 1908 2771 prima

1140 2747 1188 2764 HW
1192 2747 1287 2770 11481th
1300 2747 1344 2763 ua
1354 2747 1379 2762 ιιι
1390 2747 1442 2768 Ipsa
1453 2747 1570 2771 {mum-or
1582 2747 1590 2760 :
1605 2747 1724 2770 ψιμυηιυιψ
1735 2747 1743 2760 .'
1757 2747 1769 2760 ι,
1777 2747 1816 2759 um
1826 2747 1907 2770 μιμιιη

1115 2747 1156 2796 ﬁt
1164 2770 1256 2795 Judwis
1264 2768 1319 2794 solis
1331 2769 1388 2800 data
1395 2767 1436 2800 sit,
1450 2767 1505 2792 licet
1516 2765 1559 2800 ait:
1569 2766 1675 2792 hortum
1686 2766 1794 2800 ejusdem
1804 2769 1908 2800 exsiste-

1115 2804 1270 2834 rentguatura:
1278 2803 1303 2834 et_
1312 2798 1421 2834 originis,
1433 2797 1581 2834 euangelium
1591 2803 1647 2832 uero
1657 2797 1766 2834 erunibus
1780 2797 1907 2834 aquatica:

1115 2832 1230 2864 geutibus.
1242 2831 1327 2855 merito
1347 2828 1371 2855 in
1386 2828 1428 2854 illo
1441 2828 1546 2864 jusiitia
1558 2828 1602 2864 I_)_ei
1619 2830 1747 2864 mactatur.
1769 2831 1792 2864 ις

1115 2859 1260 2893 Evangelia";
1276 2864 1381 2887 vocatur.
1402 2864 1428 2885 In
1442 2859 1524 2886 γειηί
1537 2859 1612 2892 igitur
1630 2862 1688 2884 10st.
1705 2859 1740 2884 sit:
1753 2859 1844 2884 notavit
1861 2861 1908 2882 uu-

1116 2901 1190 2919 ερειιδ.
