2047 3122
127 137 176 166 ιω

128 196 170 224 vid
188 207 195 224 :
211 195 263 230 Qui
272 196 407 225 annuntiat
416 197 516 225 verbum
528 205 601 225 suum
613 197 703 232 Iacob,
711 198 827 233 jurtitias
844 202 867 225 et
875 200 921 234 ju-

126 242 194 269 dicia
205 250 254 269 sua
267 241 360 270 Israel.
376 242 437 270 Non
449 243 508 279 fecit
528 243 613 271 taliter
632 245 701 271 omni
714 245 822 279 nationi,
835 250 858 272 et
874 245 920 281 ju-

127 289 194 316 dicia
206 297 254 316 sua
268 297 320 317 non
338 290 508 326 manifestauit
520 291 556 318 eis
574 291 584 327 (
598 290 672 320 Psal.
687 292 749 320 M7.
773 292 800 320 8.
824 291 852 320 9.
875 291 920 320 l9.

126 337 161 364 20
176 337 196 371 ).

162 383 190 410 5.
202 382 316 410 laetitia
328 383 505 419 euangelium;
520 384 644 412 seruitutis
656 385 750 420 species
759 385 874 413 diuersa.
884 398 921 406 —-

125 429 193 463 Quia
205 437 270 465 ergo
293 430 337 457 uni
349 431 422 466 genti
437 431 579 466 patefecit,
598 431 642 459 hic
658 439 725 460 vero
739 432 859 460 doctrina
872 440 921 460 ve.

125 475 213 502 ritatis
228 479 363 510 tamquam
384 476 417 504 ad
438 481 564 504 stateram
576 484 692 512 appensa
703 497 711 510 ,
723 478 848 506 omnibus
860 485 920 506 eam

125 527 158 547 ex
173 528 252 556 tequo
265 521 480 549 communicavit.
497 522 727 559 Adverte,quaeso.
741 522 850 551 Justitia
860 527 919 557 est,

125 573 221 594 omnes
235 574 268 594 ex
283 574 360 602 sequo
370 567 460 594 salvos
474 568 543 595 velle
558 577 565 595 :
581 575 631 596 nec
641 568 817 596 differentiam
832 569 921 597 facere

125 612 200 639 servi
214 616 261 639 aut
275 612 362 645 liberi.
378 612 483 640 barbari
493 617 539 640 aut
553 613 650 647 Grmci,
661 613 781 641 mulieris
795 614 836 642 vel
849 613 917 641 viri:

126 658 174 686 sed
189 659 260 693 quod
276 659 373 686 Paulus
384 659 448 687 dicit
463 667 470 686 :
488 659 522 687 In
532 660 631 687 Christo
642 659 706 688 Iesu
716 669 766 688 non
777 660 900 688 barbarus
909 681 918 694 ,

126 712 177 731 non
189 704 308 740 Scytha:
320 713 373 732 non
389 713 454 738 mas,
470 714 521 732 non
533 706 628 741 [cntina
642 714 652 733 :
667 715 713 734 nec
724 715 819 740 servus,
835 716 881 734 nec
889 707 922 734 li-

125 750 189 785 ιη(
203 750 302 778 Coloss.
313 751 341 778 '5.
357 751 388 779 Η
403 751 425 779 i.
441 751 557 779 Videsne
570 752 838 787 :equalitatem?Quia
848 753 920 781 enim

126 801 222 823 natura
237 797 353 831 aequales
365 804 456 825 sumus
467 818 474 829 .
489 797 551 825 licet
570 799 710 826 sententiis
729 799 916 833 dissideamus,

129 846 252 869 natm-am
270 846 388 870 nostram
402 843 521 878 pristina:
534 843 572 871 illi
586 845 775 879 pulchritudini
793 846 919 874 restituit.

124 885 194 914 Cum
208 887 280 914 enim
295 888 414 916 Adamus
424 895 440 916 e
456 892 526 916 terra
541 888 671 917 formatus
684 889 744 923 fuit,
761 898 814 918 non
827 891 921 919 alieni-

127 940 208 968 gena,
225 941 278 961 non
293 933 391 969 Scytha
402 955 411 968 ,
427 942 478 962 nec
495 935 625 963 barbarus
636 956 644 968 ,
659 943 709 964 nec
723 936 849 970 Graecus,
866 944 919 965 non

125 986 233 1012 servus,
249 988 301 1008 non
315 981 391 1014 liber,
403 988 457 1009 non
471 989 539 1015 mas,
552 990 601 1010 nec
613 983 709 1009 femina
725 987 783 1011 erat
798 991 806 1010 :
819 991 851 1011 ex
866 991 920 1012 uno

127 1024 260 1060 siquidem
273 1026 326 1054 duo
338 1026 381 1054 illa
393 1027 551 1061 procreavit.
574 1027 734 1056 Servitutem
758 1037 810 1057 non
827 1035 920 1058 natura

127 1071 236 1106 genuit,
258 1071 304 1099 sed
320 1072 433 1100 liberum
446 1073 585 1102 arbitrium
610 1076 722 1110 peperit.
748 1075 800 1103 Sed
820 1080 847 1103 et
870 1077 920 1104 alia

126 1118 234 1151 species
247 1118 383 1146 servitutis
397 1123 448 1153 est,
463 1119 495 1147 ad
509 1128 588 1155 quam
610 1121 771 1149 necessitate
784 1121 861 1149 famis
876 1127 921 1151 aut

126 1164 291 1198 captivitatis
312 1165 455 1201 adigimur.
480 1167 582 1195 Prteter
595 1167 664 1195 hanc
679 1175 784 1203 quoque
799 1169 850 1196 alia
863 1174 920 1202 est,

127 1217 208 1244 quam
223 1215 319 1246 sponte
334 1211 471 1240 subimus:
483 1217 512 1240 ut
523 1213 627 1241 ancillis
640 1214 665 1241 in
678 1222 775 1242 uxores
784 1215 881 1248 ductis,
893 1216 923 1244 li-

128 1255 260 1284 bertalem
275 1257 424 1292 vendimus,
435 1263 463 1286 et
475 1266 524 1287 nos
534 1260 739 1295 servilutisjugo
753 1261 920 1297 subjicimus.

127 1301 167 1329 Ac
182 1302 267 1336 prima
282 1303 388 1338 quidem
404 1304 448 1331 illa
461 1305 541 1332 animi
552 1306 666 1341 quadam
680 1307 811 1341 pravitate
822 1308 922 1336 consti-

128 1352 183 1375 tota
195 1354 246 1376 est.
262 1349 301 1376 Tu
316 1357 390 1382 vero,
405 1350 477 1379 unde
494 1351 550 1379 haec
565 1352 680 1380 servitus
692 1353 822 1389 originem
835 1355 920 1383 duxe-

129 1395 173 1427 rit,
192 1395 311 1423 attende.
326 1396 387 1424 Post
401 1397 534 1425 diluvium
548 1398 605 1426 Noe
617 1407 678 1427 cum
691 1400 780 1428 vinum
798 1401 920 1436 bibisset,

129 1449 181 1468 nec
195 1446 224 1468 ut
238 1449 285 1477 par
297 1448 355 1470 erat
371 1443 435 1472 illud
452 1448 625 1480 temperasset
635 1467 644 1481 ,
659 1447 789 1481 imperitia
806 1448 921 1482 quadam

127 1487 278 1515 inebriatus
296 1493 338 1517 est
354 1499 360 1517 :
380 1498 466 1525 neque
479 1491 637 1525 voluntatis,
660 1492 707 1520 sed
723 1493 836 1521 inscitia:
850 1502 922 1522 mor-

130 1533 192 1560 bum
207 1533 333 1567 admisit;
348 1539 375 1562 et
396 1537 501 1571 quidem
516 1537 606 1565 ebrius
621 1537 738 1572 seipsum
753 1538 919 1567 denudavit:

127 1583 211 1614 atque
224 1587 292 1607 unus
303 1587 322 1608 e
338 1580 399 1608 filiis
412 1581 558 1616 ingressus,
577 1587 678 1617 patrem
693 1583 792 1610 ttudutn
806 1591 921 1619 conspe-

128 1631 202 1652 ctum
219 1625 313 1653 irrisit.
329 1626 396 1660 Quid
412 1627 492 1662 igitur
511 1632 586 1662 pater
595 1628 649 1664 jam
664 1628 770 1657 sobrius
779 1629 812 1657 ad
827 1629 921 1656 illum?

130 1669 284 1699 Maledictus
297 1671 431 1707 Chanaan,
450 1681 535 1702 servus
549 1675 595 1701 erit
609 1674 731 1710 fratribus
743 1675 796 1702 suis
809 1675 882 1712 (Gen.
892 1675 920 1703 9.

128 1717 188 1751 25).
208 1717 287 1745 Vides
301 1723 438 1752 peceatum
461 1720 616 1748 servitutem
644 1720 840 1748 introduxisse?
853 1721 921 1749 Hinc

130 1763 258 1790 Servatur
272 1772 278 1789 :
291 1763 382 1791 Omnis
394 1765 436 1800 qui
448 1770 577 1800 peccatum
591 1766 668 1801 facit,
681 1773 766 1792 set-vus
777 1771 812 1793 est
827 1767 922 1801 peccati

127 1810 138 1843 (
153 1808 234 1836 Joan.
247 1809 273 1837 8.
288 1810 322 1837 54
334 1810 355 1844 ).
371 1810 513 1846 Postquam
528 1818 592 1847 ergo
605 1811 743 1839 Liberator
753 1811 861 1839 humani
872 1820 920 1847 ge-

129 1855 201 1882 neris
215 1855 343 1888 advenit,
361 1856 464 1883 veniam
492 1857 607 1892 peccatis
621 1857 771 1890 concessit,
786 1857 839 1884 imo
856 1864 919 1885 vero

129 1900 239 1928 sustulit
253 1900 263 1934 (
277 1901 407 1936 siquidem
423 1901 512 1930 radice
525 1903 625 1935 excisa,
641 1902 741 1930 fructus
755 1902 834 1930 simul
847 1903 921 1931 exci-

129 1947 191 1982 dit),
208 1952 286 1974 vocat
299 1948 464 1983 evangelium
472 1949 593 1983 justitize,
608 1949 678 1984 quod
693 1957 787 1977 omnes
798 1957 831 1977 ex
845 1957 922 1985 aquo

129 1990 252 2020 homines
265 1992 390 2021 illustret.
404 1993 489 2021 Judaei
505 1993 576 2021 enim
591 1994 799 2028 arbitrabantur,
808 2003 922 2031 evange-

129 2036 205 2070 liutn,
229 2037 300 2072 quod
326 2046 374 2073 per
396 2039 482 2074 ipsum
496 2039 730 2074 promulgabatur,
745 2040 778 2067 ad
801 2048 832 2068 se
850 2041 922 2069 solos

129 2085 275 2117 pertinere.
294 2084 392 2112 Verum
412 2085 470 2113 haec
490 2086 608 2121 ipsorum
622 2087 786 2122 exspectatio
798 2087 921 2122 inopina-

130 2134 185 2156 tum
197 2134 321 2158 eventum
335 2131 428 2159 sortita
443 2136 494 2159 est.
509 2131 577 2159 Hinc
586 2132 665 2167 igitur
673 2132 824 2160 Davidicum
839 2133 920 2160 illud:

130 2175 304 2212 Suscepimus,
318 2177 395 2210 Deus,
412 2178 610 2205 misericordium
622 2183 690 2205 tuam
702 2179 729 2206 in
740 2179 822 2206 medio
835 2179 923 2214 populi

131 2221 168 2247 tui
181 2229 191 2248 :
207 2222 346 2250 secundum
361 2231 452 2250 nomen
474 2228 545 2250 tuum
555 2244 561 2256 ,
577 2223 657 2256 Deus,
672 2224 709 2250 ita
731 2228 753 2250 et
768 2224 824 2250 laus
839 2229 882 2250 tua
895 2224 922 2250 in

130 2267 192 2301 ﬁnes
207 2273 281 2295 terra
297 2269 307 2303 (
323 2268 394 2296 Psal.
407 2270 451 2297 l7.
467 2269 510 2297 l0.
527 2270 557 2297 ll
577 2270 598 2305 ).
615 2269 649 2297 Et
663 2276 692 2297 ut
710 2269 920 2303 demonstraret,

128 2314 199 2348 quod
226 2315 434 2342 misericordiam
459 2323 535 2343 suam
550 2316 686 2344 declarare
711 2316 736 2343 in
764 2316 830 2344 lines
851 2317 923 2344 orbis

130 2365 220 2392 terrae,
236 2361 271 2387 sit
286 2361 330 2388 illa
341 2361 454 2395 iustitia,
470 2362 583 2396 subjecit
597 2371 603 2388 :
615 2361 718 2389 Iustitia
729 2362 803 2396 plena
814 2366 849 2388 est
861 2361 923 2388 dea:-

130 2412 182 2432 tera
197 2412 240 2433 tua
254 2406 263 2441 (
279 2405 344 2433 Ibid.
359 2405 380 2443 ).
395 2406 620 2442 Quotiescumque
634 2407 789 2441 profundior
802 2407 887 2442 aliqua
897 2411 923 2434 et

130 2453 285 2488 prophetica
301 2461 360 2481 sese
372 2453 498 2482 obtulerit
511 2454 640 2489 qumstio,
659 2460 718 2480 eam
740 2453 920 2488 amplectere:

129 2507 181 2526 non
197 2499 303 2534 quidem
318 2499 461 2534 applausu,
486 2500 533 2527 sed
558 2499 732 2534 intelligentia
748 2507 755 2526 :
772 2506 806 2526 ne
821 2499 923 2534 simpli-

128 2546 196 2572 citer
208 2545 352 2572 verborum
365 2545 482 2572 sonitum
497 2545 640 2577 admirare,
656 2545 704 2573 sed
719 2544 881 2572 sententiam
896 2548 924 2572 et

129 2592 183 2618 vim
197 2592 319 2625 explora.
336 2591 364 2619 Si
379 2594 449 2619 enim
465 2599 529 2620 vere
544 2597 570 2619 et
585 2599 619 2619 ex
640 2591 730 2618 animo
747 2591 851 2618 divinas
865 2591 924 2618 lau-

128 2637 176 2664 des
192 2637 383 2671 celebraveris,
398 2639 566 2672 maximeque
579 2637 736 2665 Davidicum
751 2636 817 2664 illud
827 2644 924 2664 oracu-

129 2683 184 2710 lum
211 2685 385 2711 cantaveris:
410 2684 574 2717 Suscepimus
586 2704 594 2716 ,
609 2684 675 2711 Deus
694 2705 701 2718 ,
726 2683 922 2710 misericordiam

128 2734 197 2756 luam
215 2730 242 2756 in
269 2730 351 2757 medio
367 2730 453 2765 populi
475 2734 511 2757 tul
530 2739 539 2758 :
562 2730 700 2758 secundum
722 2738 813 2757 nomen
832 2735 920 2761 tuum,

128 2775 206 2809 Deus,
218 2776 254 2802 ita
269 2781 291 2802 et
304 2776 359 2803 laus
379 2781 422 2803 tua
436 2778 462 2803 in
483 2777 546 2811 ﬁnes
561 2782 655 2805 terrae:
674 2775 775 2808 justitia
791 2776 865 2812 plena
886 2780 922 2803 est

127 2821 233 2848 dextera
259 2826 302 2848 tua
318 2822 418 2849 :simul
446 2827 474 2850 et
493 2823 597 2850 divinas
615 2823 708 2850 laudes
727 2822 883 2856 celebrans,
895 2826 922 2850 et

125 2872 219 2896 sancto
233 2867 335 2903 Spiritu
348 2868 465 2903 repletus
477 2869 695 2904 deprehenderis.
704 2871 754 2905 Qui
767 2871 838 2899 enim
846 2871 920 2906 inge-

713 138 854 167 HOMILIA
873 138 919 167 DE
938 139 1188 170 LEGISLATORE.

1707 148 1763 177 ιω

977 206 1030 227 nue
1038 203 1067 227 et
1084 206 1116 228 ex
1135 201 1226 229 animo
1239 201 1326 236 psallit
1337 223 1346 236 ,
1360 202 1450 232 animo
1464 209 1623 240 renovatus,
1635 208 1764 243 templum

975 244 1091 279 Spiritus
1111 246 1197 274 sancti
1210 246 1335 276 efficitur.
1357 248 1450 284 Neque
1470 251 1541 278 enim
1560 259 1671 287 parvum
1685 253 1764 288 quid-

974 291 1045 326 piam
1068 292 1231 327 psalmorum
1255 294 1464 323 modulationem
1488 297 1690 327 existimaveris.
1714 299 1763 328 Vi-

973 336 1052 364 detur
1066 337 1111 365 illa
1127 337 1232 373 quidem
1245 345 1325 367 aures
1339 345 1440 368 tantum
1455 341 1621 377 demulcere,
1637 345 1709 380 atqui
1721 353 1764 373 re-

974 382 1034 417 ipsa
1047 383 1164 411 animum
1185 392 1291 420 quoque
1313 387 1422 414 excitat.
1444 387 1488 415 Sic
1501 389 1581 416 etiam
1596 389 1690 418 beatus
1707 390 1763 418 Eli-

973 434 1044 455 saeus
1058 428 1198 464 propheta,
1211 437 1272 458 cum
1284 438 1300 458 a
1312 431 1418 466 regibus
1441 433 1597 468 quibusdam
1607 455 1615 467 ,
1633 440 1662 462 ut
1673 434 1760 463 futura

974 474 1142 509 praediceret,
1158 480 1305 510 rogaretur,
1321 477 1358 504 ait
1374 487 1382 506 :
1396 476 1462 506 Date
1472 479 1534 506 mihi
1545 480 1635 514 virum,
1650 482 1763 516 quisciat

974 519 1083 555 psallere
1094 520 1103 555 (
1114 520 1141 547 ι.
1154 520 1218 556 Reg.
1233 521 1260 549 3.
1276 522 1310 550 15
1323 521 1332 558 )
1346 530 1353 549 :
1369 522 1414 558 qui
1427 530 1489 551 cum
1503 525 1634 559 venisset,
1652 530 1679 554 et
1692 527 1764 561 psal-

974 565 1052 598 leret,
1064 565 1160 600 inquit,
1177 565 1291 601 Spiritus
1303 572 1411 596 sanctus
1422 576 1504 604 super
1516 569 1641 598 Elisaeum
1656 572 1763 599 cecidit.

973 610 1041 643 Quid
1051 610 1148 645 igitur?
1157 618 1256 646 ergone
1264 612 1380 648 Spiritus
1392 617 1500 642 sanctus
1509 615 1619 644 vocibus
1629 617 1765 644 modulan-

973 655 1039 683 tium
1049 655 1198 684 oblectatur
1207 677 1215 690 ,
1227 661 1255 685 et
1268 657 1340 685 velut
1352 658 1576 688 incantationibus
1590 660 1715 694 allicitur,
1725 663 1765 689 si-

973 701 1080 736 quidem
1105 702 1133 729 in
1164 702 1302 737 prophetae
1325 704 1417 732 animo
1439 706 1593 740 acquievit?
1612 706 1763 736 Sufficiebat

973 751 1047 774 certe
1061 747 1198 783 prophetae
1213 749 1314 784 puritas
1326 771 1334 782 ,
1350 754 1380 778 ut
1391 751 1521 786 Spiritum
1539 757 1661 780 sanctum
1681 754 1763 781 advo-

973 798 1055 821 caret.
1068 794 1121 821 Cur
1132 802 1198 830 ergo
1211 795 1294 823 dicit:
1310 795 1377 823 Date
1389 797 1450 824 mihi
1467 798 1548 825 cirum
1559 819 1567 831 ,
1581 799 1625 834 qui
1639 799 1764 833 psallendi

973 840 1005 867 rit
1019 841 1100 868 sciens
1111 841 1124 868 Ρ
1140 841 1199 869 Non
1213 849 1279 870 sane
1294 847 1323 870 ut
1334 842 1451 879 Spiritus
1472 850 1580 872 sanctus
1600 847 1762 881 psalmorum

973 885 1156 915 modulatione
1170 887 1360 921 oblectaretur,
1374 889 1422 917 sed
1437 894 1474 922 ut,
1490 890 1536 917 illo
1548 896 1682 923 cantante,
1698 899 1761 926 pro-

972 932 1062 967 pheta,
1074 937 1163 961 mente
1172 934 1431 969 renovata,Spiritus
1444 936 1528 963 sancti
1542 936 1656 964 adventu
1669 937 1765 972 dignus

972 978 1132 1006 efﬁceretur.
1149 978 1264 1015 Ideoque
1276 980 1404 1015 Spiritum
1417 982 1531 1014 invocat,
1547 987 1575 1010 ut
1592 983 1700 1017 planum
1722 982 1763 1010 fa-

972 1029 1055 1057 ceret,
1072 1032 1123 1052 non
1137 1026 1285 1061 psalmodia
1307 1026 1387 1059 allici,
1404 1025 1559 1055 sed'auinto
1578 1036 1625 1064 per
1645 1029 1765 1057 modula-

973 1070 1073 1098 tionem
1090 1072 1217 1099 excitato.
1234 1072 1327 1108 Neque
1344 1073 1389 1101 ille
1404 1074 1436 1101 ad
1455 1074 1614 1109 psallentcm
1631 1077 1762 1110 pervertit,

972 1116 1021 1145 sed
1041 1116 1075 1144 ad
1098 1117 1260 1146 audientem.
1284 1118 1395 1154 Oportet
1417 1121 1505 1155 itaque
1527 1121 1688 1156 psalmorum
1711 1123 1763 1150 vim

973 1164 1136 1198 perscrutari
1151 1173 1158 1191 :
1170 1165 1305 1201 prtcipue
1319 1174 1384 1194 vero
1397 1167 1466 1201 ejus,
1480 1168 1524 1202 qui
1539 1168 1615 1195 nobis
1632 1168 1711 1196 hodie
1723 1174 1766 1197 est

972 1210 1099 1238 recitatos
1112 1211 1120 1226 '
1135 1218 1144 1238 :
1156 1210 1280 1239 Dominus
1292 1213 1406 1247 regnavit
1416 1232 1423 1246 ,
1443 1213 1548 1240 exsultet
1561 1218 1636 1246 terra,
1651 1215 1766 1243 [tt-tentur

973 1255 1064 1284 insula
1088 1257 1174 1284 multa
1191 1256 1286 1293 (Psal.
1305 1258 1349 1286 96.
1369 1259 1381 1286 Ι
1399 1257 1420 1294 ).
1444 1259 1584 1293 Quomodo
1599 1268 1662 1296 ergo
1681 1261 1764 1296 illud,

973 1302 1097 1330 Dominus
1111 1303 1235 1337 regnavit,
1248 1304 1366 1338 accipis?
1379 1312 1441 1331 num
1452 1305 1527 1339 quasi
1542 1313 1637 1334 recens
1651 1307 1684 1335 ad
1695 1307 1765 1336 fasti-

972 1349 1044 1384 gium
1056 1349 1120 1377 illud
1134 1350 1214 1385 regia:
1225 1349 1360 1385 dignitatis
1371 1352 1542 1386 pervenerit?
1556 1351 1583 1379 Si
1595 1352 1664 1380 enim
1676 1353 1764 1382 dixis-

973 1399 1024 1427 set,
1042 1395 1169 1423 Dominus
1182 1399 1276 1430 reguat
1291 1403 1297 1422 :
1314 1396 1503 1431 sempiternam
1518 1397 1589 1425 illius
1608 1398 1707 1433 regiam
1722 1399 1764 1426 di-

972 1440 1101 1475 gnitatem
1116 1445 1243 1468 notasset.
1255 1440 1314 1471 Jam
1327 1449 1390 1469 vero
1405 1441 1485 1474 dicit,
1500 1441 1627 1470 Dominus
1642 1444 1764 1478 regnavit.

974 1486 1077 1514 Dictum
1091 1492 1132 1514 est
1153 1495 1238 1522 nuper
1250 1491 1277 1514 et
1289 1487 1344 1522 jam
1365 1488 1461 1515 iterum
1474 1487 1589 1516 dicetur.
1603 1489 1671 1517 Ante
1686 1489 1766 1517 Chri-

973 1533 1009 1561 sti
1021 1533 1174 1566 adventum,
1191 1537 1252 1560 ante
1264 1533 1401 1568 Evangelii
1418 1534 1665 1569 promulgationem,
1679 1535 1705 1562 in
1719 1543 1766 1563 ηιμ

973 1583 1059 1607 turam
1075 1584 1193 1606 nostram
1218 1579 1359 1614 imperium
1375 1578 1653 1610 obliuebatdiabolus,
1670 1588 1765 1615 pecca-

969 1627 1040 1657 tum,
1050 1631 1131 1651 mors.
1142 1623 1280 1651 Undenam
1291 1624 1358 1652 hoc?
1370 1624 1468 1651 Paulus
1478 1625 1592 1659 explicat
1604 1626 1766 1659 :tQuemad-

973 1670 1082 1697 modum
1096 1670 1167 1697 enim
1192 1669 1311 1704 regnavit
1332 1674 1469 1704 peccatum
1493 1670 1519 1697 in
1547 1671 1652 1698 mortali
1673 1675 1766 1699 nostro

972 1724 1095 1751 corpore,
1103 1716 1142 1743 sic
1150 1715 1229 1743 etiam
1243 1716 1325 1751 gratia
1334 1717 1452 1751 regnavit
1462 1724 1509 1751 per
1521 1716 1654 1745 Christum
1661 1727 1671 1744 ι
1678 1718 1764 1753 (Rom.

973 1763 1000 1790 6.
1016 1762 1071 1798 l2).
1087 1762 1158 1790 Ecce
1172 1762 1271 1797 peccati
1287 1769 1409 1797 regnum.
1424 1762 1536 1790 Ubinam
1551 1762 1648 1790 diaboli
1665 1763 1677 1789 ?
1696 1763 1764 1792 Audi

973 1809 1144 1837 Servatorem
1164 1808 1320 1836 dicentem:
1346 1808 1376 1836 Si
1398 1813 1501 1836 satanas
1524 1814 1638 1836 satanam
1651 1810 1763 1844 expellit,

973 1856 1093 1883 adversus
1111 1856 1220 1891 seiprum
1233 1855 1328 1882 divisus
1343 1859 1379 1882 est
1393 1863 1402 1882 :
1416 1855 1541 1886 quomodo
1562 1864 1621 1891 ergo
1638 1856 1711 1884 stabit
1725 1864 1765 1884 ης

973 1911 1052 1939 gnum
1065 1902 1136 1930 illius
1149 1902 1159 1938 (
1172 1902 1267 1929 Matth.
1280 1902 1324 1929 l2.
1339 1902 1374 1929 26
1387 1902 1417 1937 )?
1441 1902 1511 1930 Ecce
1529 1902 1626 1930 diaboli
1643 1911 1764 1938 regnum.

974 1949 1089 1977 Ubinam
1110 1949 1225 1976 mortis?
1238 1948 1305 1975 Audi
1322 1948 1432 1975 Paulum
1447 1947 1625 1976 disserentem
1642 1958 1649 1976 :
1664 1948 1766 1984 Regna.

973 1996 1008 2022 ait
1021 2003 1088 2022 mors
1102 1994 1133 2021 ab
1145 1994 1227 2021 Adam
1241 2002 1318 2027 usque
1331 1993 1365 2020 ad
1382 1993 1486 2027 Mosen,
1500 2002 1576 2029 super
1591 2002 1642 2026 eos,
1658 1995 1702 2031 qui
1716 2003 1766 2021 non

974 2045 1137 2076 peccaverant
1152 2041 1161 2075 (
1178 2040 1252 2067 Rom.
1268 2040 1293 2067 5.
1308 2040 1341 2067 li
1351 2039 1372 2075 ).
1385 2039 1452 2067 Cum
1472 2039 1550 2074 igitur
1561 2039 1690 2067 diabolica
1703 2040 1766 2067 trias

958 2083 962 2118 ξ
975 2088 1000 2116 in
1008 2092 1127 2116 sanctam
1136 2092 1163 2114 et
1173 2087 1336 2122 impollutam
1344 2086 1501 2114 Trinitatem
1513 2086 1679 2122 tyrannidem
1690 2093 1766 2113 suam

976 2134 1160 2165 exercuisset,
1176 2133 1293 2165 scilicet,
1306 2132 1444 2165 diabolus,
1457 2136 1594 2166 peccatum
1605 2152 1613 2165 ,
1630 2138 1703 2159 mors
1718 2141 1724 2159 :
1740 2137 1766 2159 et

975 2179 1097 2206 diabolus
1123 2177 1230 2214 quidem
1255 2177 1409 2212 deciperet,
1433 2177 1765 2212 peccatuminterliceret,

975 2233 1048 2252 mors
1063 2232 1126 2252 vero
1146 2224 1294 2259 sepeliret:
1312 2223 1394 2251 David
1407 2243 1416 2256 ,
1434 2223 1490 2253 .bac
1506 2223 1605 2259 triplici
1626 2223 1766 2258 tyrannide

977 2271 1114 2306 oppressis
1129 2271 1217 2297 lmtum
1233 2270 1355 2298 nuntium
1376 2269 1453 2297 affert
1464 2290 1471 2303 ,
1488 2273 1648 2304 monetque,
1665 2273 1693 2295 ut
1707 2275 1767 2296 sese

976 2325 1010 2344 ex
1025 2317 1162 2344 servitutis
1175 2316 1240 2351 jugo
1251 2315 1412 2348 subducant,
1427 2320 1455 2342 et
1464 2314 1630 2342 dominatum
1645 2313 1744 2341 Christi
1757 2335 1765 2348 ,

975 2362 1047 2398 quod
1070 2361 1265 2397 prmdicabatur
1275 2382 1282 2394 ,
1298 2361 1513 2396 amplectantur:
1527 2359 1653 2386 Dominus
1675 2367 1766 2394 regna-

975 2411 1019 2437 vit.
1036 2410 1157 2445 Regnum
1171 2410 1265 2436 mortis
1282 2409 1410 2436 abolitum
1424 2412 1476 2440 est,
1492 2412 1519 2434 et
1533 2407 1633 2442 peccati
1648 2406 1766 2442 potentia

976 2455 1111 2483 desuucta
1125 2459 1174 2488 est,
1190 2460 1216 2482 et
1229 2453 1327 2481 diaboli
1344 2457 1460 2489 potestas
1474 2452 1558 2479 fracta
1573 2456 1624 2479 est.
1641 2451 1764 2478 Dominus

975 2501 1096 2537 regnavit,
1111 2501 1217 2528 exsultet
1232 2505 1307 2527 terra.
1325 2500 1358 2527 Et
1380 2499 1474 2527 merito
1489 2506 1553 2526 sane
1568 2498 1701 2526 exsultare
1716 2497 1764 2525 dc-

976 2547 1044 2579 buit,
1059 2554 1118 2582 qua:
1129 2546 1263 2582 quondam
1281 2545 1482 2573 in'servitutem
1496 2543 1615 2576 redacta,
1629 2543 1683 2578 jam
1699 2543 1767 2570 libe-

975 2598 1032 2621 rata
1045 2598 1087 2621 est
1103 2602 1109 2621 :
1124 2601 1183 2629 qua:
1198 2593 1261 2621 olim
1276 2591 1394 2624 erravit,
1407 2591 1462 2626 jam
1485 2590 1570 2626 gloria
1590 2588 1744 2624 resplendet
1759 2597 1766 2616 :

1007 2683 1016 2699 ¹
1034 2686 1097 2707 Unus
1108 2686 1161 2713 post
1173 2682 1218 2706 has
1236 2687 1318 2713 voces,
1330 2679 1401 2713 hodie
1412 2682 1446 2705 est
1458 2677 1587 2713 recitatus,
1595 2678 1673 2702 habet
1685 2684 1691 2702 :
1706 2682 1767 2713 ρης.

976 2713 1006 2739 lis
1017 2709 1145 2739 Psalmtis?
1157 2713 1263 2737 lulra....
1276 2709 1416 2743 dignitatem
1434 2713 1550 2743 notasset;
1565 2709 1587 2734 si
1606 2712 1686 2743 autent
1697 2709 1765 2737 dicit,

979 2754 991 2768 ct
1002 2745 1116 2770 Dominus
1128 2743 1244 2775 regnavit,
1253 2751 1264 2766 ν
1278 2739 1379 2775 malum
1387 2744 1493 2775 nostram
1500 2740 1623 2775 adducere
1634 2739 1682 2764 vult
1691 2745 1768 2774 sermo

975 2774 1128 2811 propheticus
1180 2770 1264 2809 novum
1275 2773 1406 2811 quamde":
1415 2770 1767 2811 doptinatipnemittoutt‘ntint-

975 2801 1078 2839 perium.
1087 2806 1153 2836 Quod
1164 2801 1322 2841 igiturnuper
1331 2803 1394 2841 vobis
1404 2803 1496 2841 dictum
1503 2806 1625 2841 excultum
1633 2801 1767 2841 geruntg-

975 2831 1050 2864 cetttr.
1062 2831 1117 2862 Haec
1128 2831 1199 2868 porro
1208 2831 1292 2861 retulit
1301 2835 1404 2866 Photius,
1414 2835 1458 2860 sed
1466 2840 1516 2859 non
1527 2834 1629 2859 verbum
1638 2832 1669 2857 de
1682 2831 1766 2861 verbo,

976 2873 1048 2902 atque
1062 2869 1172 2900 excerpti
1182 2874 1258 2893 more.
