2047 3122
297 138 350 167 405

294 203 355 232 quae
364 195 498 231 quondam
512 195 539 223 in
552 194 682 231 sepulcris
694 193 800 222 condita
814 192 997 225 delitescebat,
1013 200 1085 221 nunc

296 242 322 269 in
336 241 404 269 solio
417 241 548 269 collocata
563 245 604 269 est
626 249 633 268 :
651 247 710 275 quas
724 239 858 275 quondam
880 238 1024 274 ignominia
1039 245 1088 273 op-

296 294 389 322 pressa
401 286 518 321 jaeebat,
532 294 603 314 nunc
615 286 716 314 honore
728 285 853 314 afﬁcitur.
861 283 985 312 Dominus
996 291 1087 319 regna-

297 332 341 359 rit.
355 332 401 361 Sic
412 332 492 359 etiam
503 331 557 359 alio
567 331 593 359 in
605 331 664 359 loco
678 330 775 358 dicitur
788 330 797 365 (
814 334 921 365 oportet
934 328 1006 357 enim
1021 336 1086 357 sen-

283 379 396 414 ~tentis
414 382 609 407 consentaneas
623 378 694 406 inter
712 384 741 405 se
763 377 791 404 in
806 376 923 405 medium
940 375 1037 404 aﬂ'orre
1052 375 1063 410 )
1078 385 1085 402 :

296 424 421 453 Dominus
439 425 563 461 ugnavit,
577 424 691 451 decorem
705 423 810 450 indutus
823 426 860 449 ut
870 422 881 457 (
893 421 967 449 Ρωι.
985 420 1032 450 92.
1046 421 1084 453 l).

297 470 351 498 Nos
365 475 440 499 veste
455 470 600 503 induimur,
612 473 642 497 ut
654 467 782 505 quidquid
795 471 897 497 natura:
917 470 1017 494 nostra:
1033 466 1085 494 mi-

296 523 349 544 nus
370 516 498 544 decorum
515 519 576 549 est,
588 515 745 543 occultetur.
760 513 848 548 Quare
862 513 942 549 igitur
955 513 1025 540 Deus
1038 519 1085 541 na—

294 567 380 589 turam
406 569 482 589 suam
494 581 503 595 ,
524 568 587 596 quae
604 565 632 589 et
645 567 759 595 corpore
771 562 862 592 vacat,
875 563 904 587 et
925 559 1002 593 plena
1017 557 1085 585 lucis

294 612 345 641 est,
360 608 416 635 imo
428 615 487 643 quae
502 608 562 643 plus
574 615 654 643 quam
666 607 712 635 lux
725 610 860 639 coruscat,
875 605 1013 641 contegit?
1033 604 1086 632 Sed

295 659 372 681 vocat
387 653 433 681 ille
444 660 542 688 corpus
559 653 658 680 Christi
673 657 776 680 vestem
790 659 868 680 suam
881 662 888 680 :
907 651 1032 678 Dominus
1044 658 1086 677 re-

294 699 390 734 gnavit,
406 699 521 726 decorem
537 698 642 726 indutu:
656 703 703 726 est.
718 698 848 726 Deeorem
863 701 942 725 vocnt
954 717 961 729 ,
976 703 1085 724 carnem

293 744 404 772 Christi.
419 745 484 772 Erat
497 745 569 773 enim
584 744 628 772 illa
641 751 709 772 sane
721 743 836 777 decora,
854 750 903 770 nec
916 742 969 770 ulla
983 742 1086 777 peccati

295 790 459 825 turpitudine
478 790 561 819 finde.
585 790 677 825 Neque
699 790 772 817 enim
795 794 933 824 peceatum
949 788 1012 816 fecit
1026 796 1086 816 um-

294 844 384 871 quam,
400 844 450 865 nec
464 837 589 864 inventus
600 840 642 864 est
653 835 731 863 dolus
743 835 771 863 in
786 842 835 863 ore
843 834 905 870 ejus
928 834 938 869 (
960 834 1023 861 Isai.
1040 834 1085 862 55.

292 881 330 916 9).
342 881 454 910 ludatur
464 887 500 910 est
512 882 636 909 Dentium
645 882 770 915 uirtutem,
783 886 807 909 at
819 881 951 917 praelusit
960 889 988 908 to
998 880 1084 916 (Psal.

292 927 337 956 9‘2.
354 928 367 955 l
382 929 403 962 ).
426 927 557 962 Quoniam
579 935 645 955 zona
661 935 752 963 regem
776 930 904 960 exornat,
918 933 986 954 zona
998 931 1086 956 autem

292 976 334 1000 est
346 972 473 1001 indicium
491 973 561 1008 regis
578 972 728 1008 etjudicis:
743 971 844 1001 inducit
856 972 943 1008 ipsum
956 977 984 1000 et
994 980 1085 1008 regem

292 1017 443 1052 etjudicem
452 1026 459 1050 ;
467 1018 683 1046 aitenimlsaias:
693 1028 702 1044 ι
712 1019 872 1055 Egredietur
878 1018 951 1053 virga
957 1018 991 1046 de
997 1018 1086 1046 radice

291 1063 386 1098 Jessaa,
393 1069 420 1091 et
427 1064 475 1091 llos
483 1072 514 1092 ex
528 1065 584 1099 ipsa
594 1064 731 1098 ascendet,
743 1069 769 1092 et
778 1064 927 1099 requiescet
935 1071 1015 1099 super
1025 1071 1085 1091 eum

291 1108 405 1143 Spiritus
418 1109 464 1137 Dei
475 1118 482 1142 ;
493 1115 521 1137 et
531 1110 583 1140 erit
592 1110 694 1144 justitia
709 1109 843 1144 cingulum
853 1109 1003 1136 lumborum
1016 1109 1083 1143 ejus,

291 1158 318 1181 et
331 1154 395 1182 ildes
406 1154 562 1182 ciuetorium
577 1162 671 1182 renum
682 1154 739 1189 ejus
751 1164 761 1180 ι
776 1154 851 1190 (Issi.
864 1155 907 1185 il.
922 1154 948 1181 l.
962 1154 989 1181 2.
1001 1154 1017 1181 5
1028 1154 1048 1189 ).

326 1199 354 1226 4.
379 1198 485 1226 Vestitu
498 1199 624 1233 pontiﬁcis
646 1199 729 1234 ﬁgura
742 1198 845 1226 Christi.
873 1198 957 1225 Virtus
976 1201 1085 1234 perfecto

291 1249 478 1272 ornamentum.
492 1259 528 1264 —
541 1244 625 1279 Hujus
634 1245 716 1279 ipsius
726 1245 808 1272 vestis
820 1244 980 1275 Servatoris.
991 1245 1017 1272 in
1027 1253 1085 1273 car-

292 1298 326 1318 ne
336 1290 406 1323 dico,
420 1290 546 1318 intentent
563 1290 673 1325 ﬁguram
687 1297 742 1324 prae
753 1297 783 1318 se
798 1289 856 1317 tulit
871 1290 990 1325 pontifex
1005 1291 1032 1318 in
1047 1290 1085 1318 le-

289 1344 331 1372 ge.
349 1336 382 1364 Et
392 1344 455 1364 vero
468 1337 608 1372 diligenter
622 1336 740 1370 adverte,
756 1330 891 1371 quomodo
907 1336 1008 1364 umbrae
1029 1336 1083 1365 illae

289 1382 428 1410 veritatem
446 1382 523 1410 nobis
535 1382 745 1415 subindicarent,
762 1382 895 1417 quomodo
915 1382 978 1410 item
1004 1390 1085 1410 evan-

289 1429 380 1464 gelica:
395 1428 485 1463 ﬁgura:
498 1429 679 1464 praeluxerint.
690 1429 799 1456 Leniter
813 1428 917 1463 loquor,
935 1432 962 1455 et
972 1436 1020 1463 pro
1046 1429 1085 1456 vi-

289 1475 331 1503 rili
345 1483 388 1503 me
401 1475 562 1510 simplicium
576 1479 603 1502 et
624 1475 808 1510 imperitorum
823 1474 911 1509 captui
929 1482 1084 1502 accommo-

289 1521 335 1554 do,
356 1529 390 1550 ne
404 1522 441 1549 illi
470 1522 522 1550 huc
541 1522 583 1550 vel
608 1522 672 1550 illuc
696 1522 938 1550 circumducantur.
961 1521 1084 1550 Pontifex

290 1567 370 1602 igitur
383 1568 534 1603 ingrediens
550 1568 576 1595 in
594 1571 685 1595 sancta
700 1573 863 1600 sanctorum,
885 1568 1011 1596 induebat
1033 1575 1082 1596 ve-

290 1619 358 1642 stem
371 1614 494 1647 talarem,
509 1614 611 1642 scilicet
622 1619 725 1642 vestem
737 1621 751 1641 a
762 1614 849 1649 capite
858 1621 943 1648 usque
954 1613 988 1641 ad
1002 1613 1083 1648 pedes

288 1659 443 1693 demissam,
463 1659 691 1694 superhumerale,
708 1666 814 1691 zonam,
831 1658 978 1691 i‘emoralia,
1004 1659 1082 1686 lami-

290 1712 351 1732 nam
366 1712 487 1736 auream,
505 1704 610 1737 tiaram,
623 1704 674 1731 hoc
686 1708 727 1731 est
745 1703 930 1739 corybantiuin
944 1703 993 1739 (α),
1004 1708 1031 1731 et
1041 1712 1084 1731 ra-

290 1750 388 1777 tienale
395 1750 424 1777 in
435 1755 554 1785 pectore,
566 1754 593 1777 ct
609 1757 669 1784 quae
683 1749 816 1784 scriptura
836 1749 935 1777 ibidem
956 1750 1081 1785 explicat,

291 1797 435 1831 vidercque
446 1800 498 1825 est.
510 1796 576 1823 Alite
594 1796 696 1831 ligurte,
710 1795 755 1822 alii
775 1802 879 1822 sensus.
900 1795 993 1830 Neque
1011 1795 1083 1824 enim

292 1843 363 1871 Deus
383 1842 494 1871 omnino
510 1841 654 1877 hyacintho
674 1845 703 1869 et
723 1848 850 1876 purpura,
870 1841 934 1870 item
958 1848 1039 1869 cocco
1055 1845 1084 1869 et

327 1908 363 1939 (α)
376 1909 469 1934 Omnes
483 1909 539 1934 Mss.
555 1909 662 1937 habent,
679 1910 841 1939 κορυϐἀντιον.
857 1909 883 1933 ln
896 1910 958 1933 hanc
969 1914 1029 1933 vero
1042 1908 1082 1933 le-

294 1939 405 1964 ctionem
425 1940 477 1964 hate
493 1941 592 1965 erudite
609 1943 678 1965 notat
698 1939 791 1964 Fronto
810 1939 914 1964 Duceeus
929 1946 935 1963 :
952 1946 961 1963 ι
977 1940 1082 1965 Romana

295 1969 387 2002 Editio,
400 1970 532 2001 Anglicana
544 1975 571 1995 et
580 1971 674 2002 Regius
682 1970 807 2002 .Ylediceus
819 1973 961 1998 constanter
971 1970 1084 2002 retinent.

295 2000 428 2035 lectionem
441 2000 457 2024 ’a
470 2002 600 2035 nonnullis
618 2000 769 2035 repudiatam
778 2019 785 2031 ,
798 2007 910 2035 .nempe_
920 2001 1081 2035 κορυϐάντιον,

294 2032 378 2063 culex
392 2032 492 2063 ingenio
507 2031 690 2057 substituerent
702 2031 843 2063 κυρϐασίαν,
855 2031 1003 2063 cyrbasiam,
1013 2035 1082 2063 etex

294 2061 397 2086 Polluce
411 2060 430 2086 ΙῘ
446 2062 474 2092 7,
486 2069 509 2087 c.
524 2063 569 2091 15,
589 2063 629 2087 καὶ
652 2060 778 2092 κυρϐαὰία,
795 2063 824 2091 ἢν
844 2060 937 2092 σίδαριν
957 2062 998 2086 καὶ
1014 2060 1082 2085 πῖλον

294 2071 397 2086 ιὐΙΙυΙΖΕ
412 2071 427 2086 Ι.
450 2071 474 2092 Ι,
486 2071 509 2087 ε.
524 2071 569 2091 Ῐῦ,
589 2072 629 2087 και
652 2072 682 2087 κν
697 2071 778 2091 aetatu,
795 2071 824 2091 ην
844 2071 899 2087 mea
917 2071 937 2086 ιν
957 2071 998 2086 και
1014 2071 1082 2085 πιΑον

292 2092 402 2125 saluom.
418 2093 521 2125 Legitur
533 2093 558 2118 in
572 2093 663 2118 Lexico
675 2071 794 2125 gtephani
806 2071 986 2125 imputem“
994 2098 1003 2125 ί
1011 2092 1083 2125 gregi-

292 2124 352 2157 ρεμε
363 2124 467 2157 scalpunt:
482 2124 609 2157 ἐῃιόσμιον
621 2125 703 2157 καλόν.
717 2123 778 2157 Item
791 2123 913 2157 uittam,
929 2123 1083 2157 xgpquyftov

291 2153 306 2181 ἢ
318 2153 471 2187 πῖλοςίὲιὶτιγ
486 2153 547 2187 sitio;
553 2153 729 2187 jtagslauitipu,
745 2154 757 2182 ὃ
771 2154 811 2187 ita!
820 2153 897 2187 ,τιάρα
910 2153 1008 2187 vosirgt.
1022 2153 1084 2187 Hie:

291 2189 408 2213 ronymus
424 2184 500 2215 Epist.
521 2184 565 2209 128
581 2184 737 2210 {Rotundum
750 2184 876 2215 pileolum,
887 2184 953 2215 quod
967 2184 1046 2210 Grazci
1058 2185 1081 2207 et

289 2216 365 2241 nostri
374 2223 450 2248 τιάραν,
463 2216 569 2248 nutritum
580 2216 693 2247 galerum
710 2219 802 2248 υοεᾳηι.
813 2217 935 2248 Opigenes
953 2220 1020 2240 Hom.
1029 2218 1045 2248 6
1057 2218 1081 2242 in

290 2248 365 2272 Levit.
380 2254 386 2271 :
397 2246 425 2272 Et
432 2246 491 2282 grtia
501 2246 552 2282 ipse
563 2246 635 2278 caput
646 2250 682 2282 est
696 2246 814 2282 muniunt,
891 2250 1027 2282 _et_o_rnatus
1036 2247 1081 2278 iste

289 2284 361 2309 super
373 2276 451 2309 onutiit
463 2276 537 2309 capiti
545 2276 722 2309 superponitur.
733 2276 757 2301 si
772 2276 844 2301 mitra
854 2276 896 2300 tibi
904 2280 926 2309 et
939 2277 1028 2309 lamina
1038 2285 1081 2303 au-

289 2307 340 2338 rea,
353 2308 476 2338 plenitudo
486 2308 593 2333 scientia:
606 2308 649 2332 Dei
667 2310 739 2338 caput
754 2310 859 2336 coronet,
878 2307 937 2332 scito
948 2311 978 2337 te,
988 2308 1081 2335 etiarmi

287 2338 356 2370 apud
362 2339 473 2370 [tenuitas
482 2338 556 2369 latens
562 2341 585 2362 et
594 2338 720 2370 ignorem,
733 2338 799 2368 apud
817 2342 892 2370 neum
904 2341 989 2370 tamen
1008 2346 1080 2370 agere

289 2368 452 2401 pontificatum
463 2369 528 2401 intra
538 2368 688 2394 conscientitz
699 2371 748 2393 tum
758 2368 890 2401 templum.
898 2368 1081 2401 Chrysoston-us

289 2399 367 2425 Persis
377 2401 462 2426 tiaram
471 2400 563 2434 tribuit,
573 2403 600 2424 ut
611 2400 740 2432 propriam,
752 2399 836 2424 uomit.
845 2400 874 2424 t7
884 2399 971 2425 inAcla
983 2406 989 2424 :
1003 2407 1081 2434 “uel,

288 2437 305 2456 oi
314 2438 381 2462 nte...
391 2437 425 2461 τήν
436 2437 499 2462 τιάραν
517 2431 634 2462 «omne.
652 2437 682 2456 ul
692 2436 726 2460 et;
736 2435 842 2462 ἀναξυρίδας
854 2437 914 2456 mia
932 2436 1039 2462 ὒιοδήμιτα
1057 2431 1081 2458 τὰ

290 2467 398 2500 Nam,
407 2468 440 2491 τὴν
448 2465 504 2500 in"
515 2467 582 2500 φυλὴ
588 2468 621 2491 τὴν
627 2467 670 2500 ἕηιξι
676 2468 772 2500 tum
777 2466 887 2500 δῖῖὶὲέτξιςι
896 2469 925 2500 ri
936 2469 1081 2500 ξιιράιιιξοιιειιι

287 2490 1081 2528 esawst‘swmommemmus

287 2522 449 2553 peculiaribus
455 2526 478 2548 et
483 2522 650 2549 calceamentis
657 2522 790 2549 barbaricis
796 2522 910 2553 dimissis,
916 2522 1082 2551 alieno'habitu

287 2555 311 2588 et
316 2556 403 2588 nostris
408 2553 499 2588 ει·ρὶοηί
509 2554 594 2588 usitato
601 2554 742 2588 indmmtur,
752 2557 775 2579 et
781 2555 918 2588 corporeati
926 2556 999 2580 cutim
1007 2560 1080 2588 tonso,

231 2591 238 2599 '
287 2583 369 2617 habitu
378 2583 596 2617 ὁσαιῐιηοεαιιιαηιε
609 2586 718 2617 Ity-iugata,
729 2583 852 2616 interpres
858 2585 952 2617 gladios
959 2593 1017 2612 esse
1028 2583 1080 2613 Per:

286 2616 349 2649 sicas
368 2617 471 2649 putavit;
479 2616 527 2649 sed
538 2615 644 2649 Danielis
653 2615 678 2646 5,
690 2616 729 2644 21.
739 2617 780 2641 ubi
791 2615 904 2641 dicuniur
914 2621 967 2642 tres
977 2620 1045 2649 pueri
1057 2620 1080 2644 in

286 2644 408 2682 fornacem
420 2644 611 2682 misSi,scripttun
624 2644 791 2682 εδιίιιιδήοησπν
799 2653 831 2682 σῡτ
842 2656 880 2677 τοῖς
888 2644 1007 2682 πραεάρὲις,
1016 2654 1081 2682 Sym-

286 2677 394 2713 machus,
401 2683 502 2713 ρηενρίσι,
512 2677 676 2713 Hieronymus,
682 2684 736 2713 cum
748 2677 849 2713 braccis.
860 2683 907 2713 (fro
914 2677 1015 2713 braccis,
1023 2677 1082 2713 quos

287 2688 394 2706 IIIIUIIUB,
403 2688 502 2709 αναξνριπι,
512 2688 676 2710 nteruttytuus,
682 2688 736 2703 cum
748 2688 849 2703 vruct‘ts.
860 2688 907 2704 FTU
914 2688 1015 2711 Draccts,
1053 2707 1055 2710 τ
1070 2689 1082 2707 .1

285 2708 446 2743 symmrichus
452 2713 557 2741 ἀναξυρίδας
574 2708 742 2743 interpretatus
753 2712 796 2739 est,
813 2710 897 2740 Aquila
914 2715 941 2736 et
957 2688 1083 2743 noema

285 2738 409 2763 suraballa
420 2738 543 2765 dixerunt.
555 2738 715 2765 Tertullianus
724 2747 738 2765 e
750 2744 830 2765 Graeco
838 2738 940 2767 vertens
948 2741 1010 2766 dixit
1022 2741 1082 2767 libro

284 2768 317 2793 de
329 2775 402 2804 carne
414 2770 510 2804 Christi,
520 2778 573 2804 cum
582 2770 675 2804 braccis
685 2771 742 2797 suis.
755 2780 766 2793 ι
785 2772 845 2797 Cum
856 2778 915 2804 ergo
927 2772 1082 2804 tresCOdices

285 2801 482 2833 ῃοβιῆιοραςάπωγ
494 2802 607 2831 habeant,
619 2803 654 2827 sic
664 2803 797 2827 restituere
805 2801 942 2828 visum"est.
953 2803 1043 2828 ibidem
1056 2809 1083 2829 et

284 2829 465 2868 intra
478 2832 530 2868 hinc
544 2829 654 2865 excerpit
666 2834 769 2865 t‘hotius,
783 2834 828 2859 sed
839 2833 892 2859 aliis
903 2834 1017 2867 demptis,
1030 2836 1083 2861 aliis

282 2862 390 2893 mutatis,
403 2864 438 2888 uti
448 2862 520 2888 solet.

1046 133 1181 163 INCERTI

1880 136 1932 165 404

1141 192 1223 230 bysso
1242 196 1403 221 recreatur:
1427 192 1497 221 Deus
1520 191 1592 221 enim
1615 192 1764 221 animarum
1790 193 1932 228 puritatem

1138 238 1255 273 postulat
1269 247 1277 265 :
1290 238 1338 266 sed
1352 238 1381 266 in
1393 239 1530 273 corporeis
1545 239 1598 268 illis
1610 238 1722 266 ﬂoribus
1736 239 1865 268 virtutum
1887 240 1933 268 ille

1139 284 1267 320 imagines
1276 284 1413 312 describit.
1425 284 1453 312 Si
1467 285 1538 313 enim
1562 284 1633 312 Deus
1645 292 1738 312 revera
1765 286 1863 313 vestitu
1888 286 1933 314 illo

1139 330 1217 365 longe
1229 330 1402 358 ornatissimo
1413 329 1605 363 delectabatur,
1628 337 1676 357 cur
1689 338 1743 357 non
1756 330 1847 358 Mosen
1870 335 1933 360 ante

1138 376 1274 403 Aaronem
1295 375 1347 403 hoc
1360 375 1442 403 modo
1461 375 1631 403 induit?8ed
1656 376 1745 404 loses
1769 377 1880 411 quidem
1902 385 1933 405 ca

1138 425 1212 449 veste
1234 421 1342 449 carebat
1356 441 1364 454 ,
1385 421 1479 451 eadem
1501 426 1590 449 tamen
1615 422 1768 450 sacerdotes
1792 422 1932 451 induebat.

1138 466 1223 496 Moses
1233 474 1301 502 aqua
1310 467 1420 495 nonfuit
1432 468 1511 501 lotus,
1525 472 1552 495 ot
1564 471 1653 496 tamen
1663 468 1772 502 lavabat
1787 477 1794 496 :
1807 476 1860 496 non
1872 469 1933 497 oleo

1138 513 1263 540 inunctus
1285 513 1345 547 fuit,
1361 518 1389 541 et
1399 518 1486 542 tamen
1501 514 1635 549 tingebat:
1651 515 1750 542 nullam
1767 519 1868 544 vestem
1891 523 1935 545 sa-

1137 558 1300 586 cerdotalem
1309 559 1439 594 gestabat,
1449 559 1495 586 scd
1507 559 1660 588 sacerdotes
1676 560 1802 589 induebat
1813 571 1819 589 :
1829 567 1858 589 ut
1872 563 1934 590 inde

1139 605 1294 638 perspicias,
1318 605 1375 631 viro
1403 605 1521 639 perfecto
1540 606 1666 633 virtutem
1687 607 1720 634 ad
1742 614 1931 636 ornamentum

1138 651 1270 678 sufﬁcere.
1297 652 1319 677 A
1335 651 1421 685 capite
1434 651 1513 686 igitur
1537 652 1706 680 sacerdotem
1738 655 1931 689 contemplare.

1138 696 1256 732 Namque
1272 697 1357 731 ipsum
1372 698 1532 724 vocabulum
1551 699 1704 726 vestimenti
1715 700 1866 735 ambiguum
1881 706 1931 733 est,

1139 747 1164 768 et
1175 741 1207 769 dc
1219 749 1250 768 eo
1261 742 1467 769 controvertitur
1483 751 1489 768 :
1504 743 1598 770 Grzcco
1608 751 1671 771 vero
1681 752 1805 772 sermone
1816 747 1931 773 transla-

1139 794 1193 816 tum
1211 795 1260 817 est.
1276 789 1380 816 initium
1395 797 1458 824 ergo
1481 789 1521 816 fac
1538 797 1552 816 a
1574 791 1670 824 capite.
1699 790 1830 824 Quidnam
1853 793 1933 828 igitur

1138 840 1195 863 erat
1209 836 1342 870 primum?
1367 835 1506 868 tiaramne,
1529 836 1570 863 vel
1592 836 1655 871 quid
1679 838 1765 871 primo
1791 840 1932 866 nominat?

1137 882 1200 916 quid
1218 887 1278 916 post
1292 882 1386 909 tiaram
1411 882 1492 915 illam,
1514 883 1588 916 quasi
1609 883 1838 911 conciliatriccm!
1859 885 1931 912 Loco

1138 929 1210 956 tiarze
1222 929 1300 964 igitur
1315 934 1355 957 est
1370 929 1475 956 habitus
1491 930 1570 956 totius
1596 930 1666 957 illius
1691 932 1782 958 vestis.
1807 931 1932 966 Quando-

1137 974 1243 1009 quidem
1259 975 1376 1010 pontifex
1390 979 1469 1010 caput
1479 980 1536 1002 erat
1549 976 1650 1010 populi,
1665 984 1711 1010 par
1723 982 1780 1003 erat
1796 985 1869 1010 eum,
1883 979 1927 1013 qui

1137 1025 1216 1055 caput
1226 1025 1296 1048 esset
1309 1021 1437 1054 omnium,
1452 1022 1477 1048 in
1487 1022 1573 1056 capite
1583 1022 1640 1056 ejus
1656 1023 1695 1049 rei
1709 1023 1860 1057 symbolum
1883 1032 1928 1051 ex-

1137 1067 1239 1095 hibere.
1276 1068 1404 1095 Absoluta
1438 1069 1569 1103 siquidem
1592 1073 1619 1095 et
1650 1069 1762 1096 remissa
1788 1071 1930 1098 auctorilas

1137 1114 1199 1141 ferri
1215 1116 1307 1149 nequit
1323 1124 1328 1142 :
1341 1123 1399 1150 qum
1407 1123 1470 1143 vero
1482 1116 1522 1142 sui
1538 1116 1643 1150 imperii
1657 1117 1806 1151 symbolum
1820 1117 1929 1151 imposi-

1138 1164 1193 1187 tum
1203 1161 1280 1195 gerit,
1296 1162 1345 1196 legi
1360 1162 1499 1197 subjicitur
1510 1166 1537 1189 et
1547 1167 1632 1197 paret.
1645 1163 1735 1197 itaque
1752 1163 1829 1197 jubet
1852 1168 1930 1198 caput

1136 1206 1247 1233 minime
1265 1214 1325 1233 esse
1342 1207 1451 1239 nudum,
1463 1207 1510 1233 sed
1520 1211 1685 1241 coopertum,
1703 1211 1730 1233 ut
1743 1207 1828 1234 discat
1840 1208 1930 1242 populi

1137 1256 1225 1285 caput,
1236 1259 1264 1279 sc
1277 1258 1356 1287 caput
1370 1252 1475 1280 habere.
1492 1252 1591 1280 idcirco
1602 1253 1681 1280 etiam
1691 1253 1717 1278 in
1727 1253 1857 1285 Ecclesia,
1868 1261 1929 1280 eum

1137 1296 1294 1324 ordinantur
1301 1298 1462 1330 sacerdotes,
1471 1298 1642 1332 Evangelium
1652 1297 1748 1324 Christi
1758 1298 1836 1332 capiti
1846 1299 1930 1332 impo-

1136 1342 1218 1372 nitur.
1231 1348 1258 1370 ut
1272 1344 1356 1371 discat
1377 1344 1408 1376 is,
1425 1343 1470 1378 qui
1483 1342 1634 1375 ordinatur,
1648 1350 1737 1370 veram
1753 1350 1781 1370 sc
1805 1344 1929 1378 recipere

1137 1386 1274 1421 Evangelii
1283 1388 1483 1423 tiaram;atque
1495 1393 1523 1415 ut
1545 1389 1640 1422 discat,
1668 1389 1790 1423 quamvis
1812 1389 1848 1415 sit
1868 1396 1927 1415 om-

1136 1433 1208 1461 nium
1222 1439 1309 1467 caput,
1325 1441 1354 1461 se
1372 1438 1459 1461 tamen
1474 1434 1576 1468 legibus
1606 1434 1663 1460 istis
1689 1433 1781 1467 subjici
1801 1439 1847 1461 :et
1866 1441 1927 1460 eum

1136 1480 1180 1514 qui
1193 1480 1446 1514 omnibusimpcrat,
1459 1480 1523 1514 legis
1539 1480 1650 1514 imperio
1672 1479 1799 1511 subesse;
1814 1486 1929 1513 eumque

1136 1526 1179 1560 qui
1193 1526 1315 1553 omnibus
1324 1526 1369 1553 dat
1379 1525 1512 1558 mandata,
1525 1534 1540 1553 a
1556 1525 1659 1560 legibus
1672 1525 1826 1552 mandatum
1852 1525 1925 1551 acci-

1136 1574 1360 1608 pere.Propterca
1377 1573 1472 1600 nobilis
1488 1574 1528 1600 vir
1538 1572 1644 1607 quidam
1663 1579 1696 1599 ex
1712 1571 1857 1604 veteribus,
1885 1572 1926 1598 cui

1136 1628 1232 1647 nomen
1249 1621 1372 1655 ignatius,
1388 1620 1484 1655 quique
1498 1619 1647 1647 saccrdotio
1660 1619 1738 1645 simul
1761 1623 1787 1645 et
1800 1618 1928 1652 martyrio

1135 1666 1275 1693 decoratus
1292 1666 1348 1698 fuit,
1363 1667 1395 1693 ad
1410 1666 1574 1693 sacerdotem
1588 1665 1729 1700 quemdam
1746 1665 1867 1691 scribens
1885 1664 1925 1691 di-

1135 1713 1211 1740 ccbat
1228 1722 1235 1739 τ
1251 1713 1320 1740 Nihil
1335 1714 1391 1740 sine
1403 1718 1446 1740 tua
1460 1713 1595 1739 voluntate
1602 1715 1813 1745 geratunnequc
1825 1711 1887 1737 item
1901 1715 1927 1737 tu

1135 1758 1274 1792 quicquam
1289 1756 1389 1792 absque
1418 1758 1462 1784 Dei
1478 1757 1557 1784 laetas
1572 1758 1717 1784 voluntate.
1744 1756 1820 1789 Quod
1848 1756 1927 1791 igitur

1136 1803 1287 1836 impositum
1303 1803 1410 1830 haberet
1428 1803 1597 1837 Erangclium
1613 1802 1741 1837 pontifex,
1755 1803 1858 1837 signum
1887 1806 1927 1828 cst

1135 1855 1195 1874 eum
1210 1856 1270 1875 esse
1281 1848 1330 1875 sul)
1346 1852 1476 1882 potestate
1489 1849 1673 1875 constitutum.
1690 1848 1834 1882 Propterea
1862 1848 1927 1874 dicit

1135 1892 1231 1920 Paulus
1243 1893 1275 1920 de
1290 1894 1401 1920 muliere
1416 1901 1475 1928 qua:
1489 1894 1608 1921 velamen
1625 1894 1748 1925 habebat,
1763 1893 1857 1920 Mldler
1874 1893 1922 1920 dc-

1135 1939 1179 1966 bet
1192 1939 1290 1967 habere
1303 1940 1423 1967 velamen
1446 1947 1526 1975 super
1550 1945 1638 1974 caput,
1664 1940 1734 1975 quod
1758 1945 1815 1967 erat
1840 1940 1927 1975 imago

1135 1987 1270 2020 potestatis
1285 1986 1328 2021 (l.
1340 1986 1398 2013 Cor.
1415 1988 1460 2014 ll.
1472 1988 1526 2022 l0).
1540 1988 1602 2014 Erat
1615 1987 1694 2022 igitur
1705 1987 1770 2014 tiara
1782 1987 1865 2022 figura
1881 1994 1927 2021 po-

1134 2032 1236 2059 testatis
1250 2040 1256 2057 :
1272 2037 1329 2059 erat
1339 2039 1418 2060 aurea
1434 2033 1541 2065 lamina,
1552 2033 1577 2059 in
1591 2040 1642 2067 qua
1657 2037 1715 2060 erat
1726 2037 1834 2060 exarata
1858 2032 1925 2060 scri-

1134 2082 1221 2113 ptura,
1236 2086 1295 2112 qua:
1309 2078 1354 2106 Dei
1366 2086 1463 2106 nomen
1477 2079 1653 2113 exprimebat,
1670 2086 1701 2105 ac
1727 2078 1844 2113 primum
1858 2078 1927 2107 indi-

1134 2128 1177 2150 cat
1186 2128 1343 2158 potestatem
1359 2132 1418 2152 esse
1434 2125 1479 2151 Dei
1506 2132 1601 2151 nomen
1617 2125 1673 2151 Dei.
1691 2124 1755 2151 Post
1779 2124 1875 2151 tiaram
1901 2129 1928 2151 et

1134 2172 1258 2199 laminam
1285 2173 1338 2200 duo
1352 2173 1454 2207 lapides
1481 2180 1560 2207 supra
1576 2173 1702 2200 humeros
1724 2175 1802 2200 erant
1822 2179 1928 2204 smara-

1134 2219 1217 2254 gdini,
1232 2227 1345 2253 quorum
1357 2219 1424 2246 alter
1438 2219 1500 2246 hinc
1512 2227 1558 2246 sex
1573 2218 1667 2250 tribus,
1685 2217 1797 2245 totidem
1811 2217 1880 2245 alter
1894 2225 1925 2244 ex

1133 2264 1216 2291 altera
1232 2269 1306 2298 parte
1321 2265 1483 2291 continebat.
1498 2265 1608 2299 Signum
1624 2271 1705 2297 porro
1718 2263 1770 2290 hoc
1783 2268 1824 2290 est
1838 2271 1927 2290 sacer-

1134 2310 1228 2338 dotalis
1245 2316 1368 2345 aspectus
1385 2320 1393 2338 :
1416 2311 1535 2338 attribuit
1553 2316 1641 2337 autem
1664 2310 1796 2338 sacerdoti
1822 2318 1926 2337 smara-

1133 2355 1224 2390 gdum,
1241 2356 1282 2382 cui
1306 2356 1403 2390 duplex
1417 2356 1484 2383 inest
1501 2355 1668 2390 pulchritudo
1684 2365 1690 2382 :
1709 2355 1788 2382 habet
1809 2355 1881 2382 enim
1904 2360 1929 2382 et

1134 2401 1258 2428 decoram
1274 2402 1425 2429 virilitatem
1436 2407 1462 2428 et
1486 2402 1627 2436 puritatem
1657 2402 1739 2427 instar
1760 2401 1860 2436 speculi
1888 2408 1930 2427 ra-

1134 2446 1261 2474 diantcm.
1274 2447 1403 2480 Quoniam
1418 2447 1497 2482 igitur
1505 2447 1671 2475 sacerdotem
1682 2447 1723 2481 pia
1736 2446 1930 2474 exercitatione

1134 2495 1252 2521 sobrium
1267 2502 1326 2522 esse
1341 2499 1456 2529 oportet,
1470 2499 1497 2521 et
1511 2494 1590 2521 vitam
1614 2501 1688 2520 suam
1703 2492 1782 2527 vulgo
1790 2496 1929 2527 tamquam

1135 2540 1271 2574 speculum
1289 2540 1425 2572 exhibere,
1442 2539 1607 2567 sacerdotem
1629 2539 1683 2566 vult
1698 2538 1725 2565 iu
1738 2538 1859 2565 humeris
1873 2538 1929 2565 vir—

1135 2586 1199 2613 tutis
1211 2586 1352 2620 imaginem
1364 2589 1477 2619 gestare.
1493 2584 1581 2617 Quare
1594 2591 1657 2611 vero
1669 2583 1693 2610 in
1710 2583 1850 2610 humeris?
1863 2582 1929 2615 Quia

1136 2640 1231 2659 nomen
1245 2632 1291 2659 Dei
1300 2639 1377 2666 supra
1386 2635 1465 2665 caput
1478 2635 1546 2663 erat,
1556 2630 1683 2657 articulus
1691 2636 1770 2663 super
1777 2629 1930 2655 articulum.

1134 2679 1189 2705 Cur
1197 2684 1283 2705 autem
1295 2678 1319 2704 in
1333 2677 1605 2710 humeris?Quoniam
1621 2676 1930 2710 actionumestsignum.

1137 2724 1255 2752 Actionis
1277 2724 1346 2750 enim
1361 2724 1477 2758 potentia
1502 2723 1535 2750 ab
1551 2723 1670 2750 humeris
1696 2721 1841 2757 dependet.
1869 2721 1932 2748 Vult

1138 2771 1218 2805 igitur
1228 2770 1346 2797 veritatis
1359 2770 1582 2804 pulchritudinem
1604 2770 1629 2795 in
1652 2769 1800 2796 actionibus
1815 2768 1932 2794 enitere.

1137 2818 1279 2851 Propterea
1289 2816 1327 2843 sic
1342 2816 1485 2851 alloquitur
1495 2815 1637 2850 aliquando
1663 2814 1812 2842 Jerusalem
1842 2813 1931 2840 Domi-

1138 2871 1187 2891 nus
1201 2872 1207 2891 :
1221 2863 1292 2890 Pone
1304 2871 1347 2889 cor
1357 2868 1427 2890 tuum
1436 2871 1511 2898 super
1523 2863 1639 2889 humor
1648 2866 1714 2896 tuos,
1727 2861 1781 2895 ﬁlia
1803 2861 1935 2894 despecta,
