  <div class='ocr_page' id='page_1' title='image "/cluster/home/n/w/nwhite01/storage/ocr_20150623/56/njp.32101077772646/400.png"; bbox 0 0 2047 3122; ppageno 0'>
   <div class='ocr_carea' id='block_1_1' title="bbox 168 178 217 204">
    <p class='ocr_par' dir='ltr' id='par_1_1' title="bbox 168 178 217 204">
     <span class='ocr_line' id='line_1_1' title="bbox 168 178 217 204; baseline 0 -1"><span class='ocrx_word' id='word_1_1' title='bbox 168 178 217 204; x_wconf 71' lang='grc' dir='ltr'><strong>1(Γὶ</strong></span> 
     </span>
    </p>
   </div>
   <div class='ocr_carea' id='block_1_2' title="bbox 164 231 957 272">
    <p class='ocr_par' dir='ltr' id='par_1_2' title="bbox 164 231 957 272">
     <span class='ocr_line' id='line_1_2' title="bbox 164 231 957 272; baseline -0.009 -9"><span class='ocrx_word' id='word_1_2' title='bbox 164 238 283 272; x_wconf 75' lang='lat' dir='ltr'><strong>quoniam</strong></span> <span class='ocrx_word' id='word_1_3' title='bbox 301 236 393 263; x_wconf 76' lang='lat' dir='ltr'><strong>creavit</strong></span> <span class='ocrx_word' id='word_1_4' title='bbox 411 233 533 262; x_wconf 77' lang='lat' dir='ltr'><strong>Dominus</strong></span> <span class='ocrx_word' id='word_1_5' title='bbox 548 234 652 261; x_wconf 79' lang='lat' dir='ltr'><strong>salutent</strong></span> <span class='ocrx_word' id='word_1_6' title='bbox 668 233 677 266; x_wconf 85' lang='lat'><strong>(</strong></span> <span class='ocrx_word' id='word_1_7' title='bbox 686 233 797 260; x_wconf 78' lang='lat' dir='ltr'><strong>Jcr.5l.</strong></span> <span class='ocrx_word' id='word_1_8' title='bbox 811 233 842 259; x_wconf 75' lang='lat' dir='ltr'><strong>‘zl</strong></span> <span class='ocrx_word' id='word_1_9' title='bbox 859 232 878 267; x_wconf 93' lang='lat'><strong>).</strong></span> <span class='ocrx_word' id='word_1_10' title='bbox 904 231 957 257; x_wconf 84' lang='lat' dir='ltr'><strong>Ma-</strong></span> 
     </span>
    </p>
   </div>
   <div class='ocr_carea' id='block_1_3' title="bbox 167 278 959 315">
    <p class='ocr_par' dir='ltr' id='par_1_3' title="bbox 167 278 959 315">
     <span class='ocr_line' id='line_1_3' title="bbox 167 278 959 315; baseline -0.009 -5"><span class='ocrx_word' id='word_1_11' title='bbox 167 291 216 310; x_wconf 87' lang='lat' dir='ltr'><strong>nus</strong></span> <span class='ocrx_word' id='word_1_12' title='bbox 225 287 253 309; x_wconf 89' lang='lat' dir='ltr'><strong>et</strong></span> <span class='ocrx_word' id='word_1_13' title='bbox 268 283 395 309; x_wconf 84' lang='lat' dir='ltr'><strong>humeros</strong></span> <span class='ocrx_word' id='word_1_14' title='bbox 409 289 458 315; x_wconf 89' lang='lat' dir='ltr'><strong>pro</strong></span> <span class='ocrx_word' id='word_1_15' title='bbox 470 280 620 308; x_wconf 88' lang='lat' dir='ltr'><strong>actionibus</strong></span> <span class='ocrx_word' id='word_1_16' title='bbox 641 279 737 314; x_wconf 81' lang='lat' dir='ltr'><strong>accipit</strong></span> <span class='ocrx_word' id='word_1_17' title='bbox 758 278 905 312; x_wconf 86' lang='lat' dir='ltr'><strong>Scriptura,</strong></span> <span class='ocrx_word' id='word_1_18' title='bbox 930 282 959 303; x_wconf 88' lang='lat' dir='ltr'><strong>ut</strong></span> 
     </span>
    </p>
   </div>
   <div class='ocr_carea' id='block_1_4' title="bbox 164 325 957 359">
    <p class='ocr_par' dir='ltr' id='par_1_4' title="bbox 164 325 957 359">
     <span class='ocr_line' id='line_1_4' title="bbox 164 325 957 359; baseline -0.009 -3"><span class='ocrx_word' id='word_1_19' title='bbox 164 337 224 356; x_wconf 91' lang='lat' dir='ltr'><strong>cum</strong></span> <span class='ocrx_word' id='word_1_20' title='bbox 235 329 269 356; x_wconf 91' lang='lat' dir='ltr'><strong>de</strong></span> <span class='ocrx_word' id='word_1_21' title='bbox 279 327 376 355; x_wconf 87' lang='lat' dir='ltr'><strong>Davide</strong></span> <span class='ocrx_word' id='word_1_22' title='bbox 388 327 461 359; x_wconf 92' lang='lat' dir='ltr'><strong>dicit,</strong></span> <span class='ocrx_word' id='word_1_23' title='bbox 473 325 507 352; x_wconf 84' lang='lat' dir='ltr'><strong>Et</strong></span> <span class='ocrx_word' id='word_1_24' title='bbox 517 327 542 353; x_wconf 86' lang='lat' dir='ltr'><strong>in</strong></span> <span class='ocrx_word' id='word_1_25' title='bbox 550 325 713 353; x_wconf 73' lang='lat' dir='ltr'><strong>intellectibue</strong></span> <span class='ocrx_word' id='word_1_26' title='bbox 726 333 845 357; x_wconf 69' lang='lat' dir='ltr'><strong>omnium:</strong></span> <span class='ocrx_word' id='word_1_27' title='bbox 855 332 957 350; x_wconf 76' lang='lat' dir='ltr'><strong>suarum</strong></span> 
     </span>
    </p>
   </div>
   <div class='ocr_carea' id='block_1_5' title="bbox 165 371 957 409">
    <p class='ocr_par' dir='ltr' id='par_1_5' title="bbox 165 371 957 409">
     <span class='ocr_line' id='line_1_5' title="bbox 165 371 957 409; baseline -0.005 -8"><span class='ocrx_word' id='word_1_28' title='bbox 165 375 271 402; x_wconf 64' lang='lat' dir='ltr'><strong>deduxit</strong></span> <span class='ocrx_word' id='word_1_29' title='bbox 288 382 330 401; x_wconf 78' lang='lat' dir='ltr'><strong>eos</strong></span> <span class='ocrx_word' id='word_1_30' title='bbox 343 373 352 409; x_wconf 89' lang='lat'><strong>(</strong></span> <span class='ocrx_word' id='word_1_31' title='bbox 364 373 413 401; x_wconf 79' lang='grc' dir='ltr'><strong>Ρι.</strong></span> <span class='ocrx_word' id='word_1_32' title='bbox 424 374 467 400; x_wconf 85' lang='grc'><strong>77.</strong></span> <span class='ocrx_word' id='word_1_33' title='bbox 482 373 543 406; x_wconf 77' lang='grc'><strong>72).</strong></span> <span class='ocrx_word' id='word_1_34' title='bbox 560 372 691 406; x_wconf 83' lang='lat' dir='ltr'><strong>Numquid</strong></span> <span class='ocrx_word' id='word_1_35' title='bbox 717 371 743 398; x_wconf 89' lang='lat' dir='ltr'><strong>in</strong></span> <span class='ocrx_word' id='word_1_36' title='bbox 771 371 895 398; x_wconf 85' lang='lat' dir='ltr'><strong>manibus</strong></span> <span class='ocrx_word' id='word_1_37' title='bbox 916 374 957 397; x_wconf 88' lang='lat' dir='ltr'><strong>est</strong></span> 
     </span>
    </p>
   </div>
   <div class='ocr_carea' id='block_1_6' title="bbox 166 418 943 452">
    <p class='ocr_par' dir='ltr' id='par_1_6' title="bbox 166 418 943 452">
     <span class='ocr_line' id='line_1_6' title="bbox 166 418 943 452; baseline -0.006 -4"><span class='ocrx_word' id='word_1_38' title='bbox 166 421 313 448; x_wconf 87' lang='lat' dir='ltr'><strong>intellectus</strong></span> <span class='ocrx_word' id='word_1_39' title='bbox 327 419 401 447; x_wconf 67' lang='grc' dir='ltr'><strong>γεω</strong></span> <span class='ocrx_word' id='word_1_40' title='bbox 418 420 444 447; x_wconf 93' lang='lat' dir='ltr'><strong>iu</strong></span> <span class='ocrx_word' id='word_1_41' title='bbox 467 418 643 447; x_wconf 82' lang='lat' dir='ltr'><strong>intellectibus</strong></span> <span class='ocrx_word' id='word_1_42' title='bbox 652 418 718 445; x_wconf 89' lang='lat' dir='ltr'><strong>dicit</strong></span> <span class='ocrx_word' id='word_1_43' title='bbox 740 418 856 452; x_wconf 84' lang='lat' dir='ltr'><strong>ipsarum</strong></span> <span class='ocrx_word' id='word_1_44' title='bbox 874 418 943 443; x_wconf 88' lang='lat' dir='ltr'><strong>actio</strong></span> 
     </span>
    </p>
   </div>
   <div class='ocr_carea' id='block_1_7' title="bbox 165 463 953 500">
    <p class='ocr_par' dir='ltr' id='par_1_7' title="bbox 165 463 953 500">
     <span class='ocr_line' id='line_1_7' title="bbox 165 463 953 500; baseline -0.005 -7"><span class='ocrx_word' id='word_1_45' title='bbox 165 474 236 493; x_wconf 88' lang='lat' dir='ltr'><strong>num.</strong></span> <span class='ocrx_word' id='word_1_46' title='bbox 251 466 284 494; x_wconf 90' lang='lat' dir='ltr'><strong>Et</strong></span> <span class='ocrx_word' id='word_1_47' title='bbox 298 467 324 493; x_wconf 92' lang='lat' dir='ltr'><strong>in</strong></span> <span class='ocrx_word' id='word_1_48' title='bbox 346 470 454 500; x_wconf 88' lang='lat' dir='ltr'><strong>pectore</strong></span> <span class='ocrx_word' id='word_1_49' title='bbox 466 465 613 499; x_wconf 85' lang='lat' dir='ltr'><strong>accipiebat</strong></span> <span class='ocrx_word' id='word_1_50' title='bbox 628 463 753 492; x_wconf 83' lang='lat' dir='ltr'><strong>sacerdos</strong></span> <span class='ocrx_word' id='word_1_51' title='bbox 763 463 911 496; x_wconf 82' lang='lat' dir='ltr'><strong>oraculum,</strong></span> <span class='ocrx_word' id='word_1_52' title='bbox 928 463 953 490; x_wconf 91' lang='lat' dir='ltr'><strong>in</strong></span> 
     </span>
    </p>
   </div>
   <div class='ocr_carea' id='block_1_8' title="bbox 163 509 952 546">
    <p class='ocr_par' dir='ltr' id='par_1_8' title="bbox 163 509 952 546">
     <span class='ocr_line' id='line_1_8' title="bbox 163 509 952 546; baseline -0.005 -6"><span class='ocrx_word' id='word_1_53' title='bbox 163 521 216 546; x_wconf 90' lang='lat' dir='ltr'><strong>quo</strong></span> <span class='ocrx_word' id='word_1_54' title='bbox 226 512 364 540; x_wconf 83' lang='lat' dir='ltr'><strong>duodecim</strong></span> <span class='ocrx_word' id='word_1_55' title='bbox 374 516 451 539; x_wconf 89' lang='lat' dir='ltr'><strong>erant</strong></span> <span class='ocrx_word' id='word_1_56' title='bbox 461 511 562 546; x_wconf 81' lang='lat' dir='ltr'><strong>lapides</strong></span> <span class='ocrx_word' id='word_1_57' title='bbox 574 510 707 545; x_wconf 89' lang='lat' dir='ltr'><strong>insculpti,</strong></span> <span class='ocrx_word' id='word_1_58' title='bbox 719 509 769 537; x_wconf 83' lang='lat' dir='ltr'><strong>hoe.</strong></span> <span class='ocrx_word' id='word_1_59' title='bbox 777 515 827 543; x_wconf 85' lang='lat' dir='ltr'><strong>est,</strong></span> <span class='ocrx_word' id='word_1_60' title='bbox 840 509 952 542; x_wconf 82' lang='lat' dir='ltr'><strong>sardius,</strong></span> 
     </span>
    </p>
   </div>
   <div class='ocr_carea' id='block_1_9' title="bbox 165 555 951 593">
    <p class='ocr_par' dir='ltr' id='par_1_9' title="bbox 165 555 951 593">
     <span class='ocr_line' id='line_1_9' title="bbox 165 555 951 593; baseline -0.005 -8"><span class='ocrx_word' id='word_1_61' title='bbox 165 558 293 593; x_wconf 84' lang='lat' dir='ltr'><strong>topazius,</strong></span> <span class='ocrx_word' id='word_1_62' title='bbox 305 557 469 592; x_wconf 82' lang='lat' dir='ltr'><strong>smaragdos,</strong></span> <span class='ocrx_word' id='word_1_63' title='bbox 486 556 675 589; x_wconf 82' lang='lat' dir='ltr'><strong>carbunculus,</strong></span> <span class='ocrx_word' id='word_1_64' title='bbox 694 555 844 590; x_wconf 83' lang='lat' dir='ltr'><strong>sapphirus,</strong></span> <span class='ocrx_word' id='word_1_65' title='bbox 856 555 951 590; x_wconf 87' lang='lat' dir='ltr'><strong>jaspis,</strong></span> 
     </span>
    </p>
   </div>
   <div class='ocr_carea' id='block_1_10' title="bbox 165 600 953 638">
    <p class='ocr_par' dir='ltr' id='par_1_10' title="bbox 165 600 953 638">
     <span class='ocr_line' id='line_1_10' title="bbox 165 600 953 638; baseline -0.003 -8"><span class='ocrx_word' id='word_1_66' title='bbox 165 602 332 638; x_wconf 70' lang='lat' dir='ltr'><strong>hyacinthus,</strong></span> <span class='ocrx_word' id='word_1_67' title='bbox 352 602 471 634; x_wconf 86' lang='lat' dir='ltr'><strong>achates,</strong></span> <span class='ocrx_word' id='word_1_68' title='bbox 486 601 664 637; x_wconf 87' lang='lat' dir='ltr'><strong>amethystus,</strong></span> <span class='ocrx_word' id='word_1_69' title='bbox 685 600 877 635; x_wconf 80' lang='lat' dir='ltr'><strong>chrysolithus,</strong></span> <span class='ocrx_word' id='word_1_70' title='bbox 904 600 953 628; x_wconf 85' lang='lat' dir='ltr'><strong>be-</strong></span> 
     </span>
    </p>
   </div>
   <div class='ocr_carea' id='block_1_11' title="bbox 164 646 952 683">
    <p class='ocr_par' dir='ltr' id='par_1_11' title="bbox 164 646 952 683">
     <span class='ocr_line' id='line_1_11' title="bbox 164 646 952 683; baseline -0.004 -8"><span class='ocrx_word' id='word_1_71' title='bbox 164 648 255 683; x_wconf 86' lang='lat' dir='ltr'><strong>ryllus,</strong></span> <span class='ocrx_word' id='word_1_72' title='bbox 279 647 437 683; x_wconf 85' lang='lat' dir='ltr'><strong>onychinus.</strong></span> <span class='ocrx_word' id='word_1_73' title='bbox 453 647 481 674; x_wconf 89' lang='lat' dir='ltr'><strong>In</strong></span> <span class='ocrx_word' id='word_1_74' title='bbox 496 647 636 674; x_wconf 86' lang='lat' dir='ltr'><strong>duodecim</strong></span> <span class='ocrx_word' id='word_1_75' title='bbox 663 646 795 680; x_wconf 82' lang='lat' dir='ltr'><strong>lapidibus</strong></span> <span class='ocrx_word' id='word_1_76' title='bbox 813 646 952 673; x_wconf 83' lang='lat' dir='ltr'><strong>duodecim</strong></span> 
     </span>
    </p>
   </div>
   <div class='ocr_carea' id='block_1_12' title="bbox 164 692 951 728">
    <p class='ocr_par' dir='ltr' id='par_1_12' title="bbox 164 692 951 728">
     <span class='ocr_line' id='line_1_12' title="bbox 164 692 951 728; baseline -0.001 -8"><span class='ocrx_word' id='word_1_77' title='bbox 164 694 247 720; x_wconf 84' lang='lat' dir='ltr'><strong>tribus</strong></span> <span class='ocrx_word' id='word_1_78' title='bbox 260 693 447 720; x_wconf 90' lang='lat' dir='ltr'><strong>dividebantur</strong></span> <span class='ocrx_word' id='word_1_79' title='bbox 461 701 468 720; x_wconf 89' lang='lat'>:</span> <span class='ocrx_word' id='word_1_80' title='bbox 484 700 564 728; x_wconf 81' lang='lat' dir='ltr'><strong>grave</strong></span> <span class='ocrx_word' id='word_1_81' title='bbox 576 692 686 719; x_wconf 83' lang='lat' dir='ltr'><strong>dictum.</strong></span> <span class='ocrx_word' id='word_1_82' title='bbox 707 692 793 727; x_wconf 83' lang='lat' dir='ltr'><strong>Supra</strong></span> <span class='ocrx_word' id='word_1_83' title='bbox 806 692 912 727; x_wconf 86' lang='lat' dir='ltr'><strong>quidem</strong></span> <span class='ocrx_word' id='word_1_84' title='bbox 926 693 951 719; x_wconf 91' lang='lat' dir='ltr'><strong>in</strong></span> 
     </span>
    </p>
   </div>
   <div class='ocr_carea' id='block_1_13' title="bbox 163 738 952 774">
    <p class='ocr_par' dir='ltr' id='par_1_13' title="bbox 163 738 952 774">
     <span class='ocr_line' id='line_1_13' title="bbox 163 738 952 774; baseline -0.001 -8"><span class='ocrx_word' id='word_1_85' title='bbox 163 740 281 767; x_wconf 86' lang='lat' dir='ltr'><strong>humeris</strong></span> <span class='ocrx_word' id='word_1_86' title='bbox 295 748 345 766; x_wconf 89' lang='lat' dir='ltr'><strong>una</strong></span> <span class='ocrx_word' id='word_1_87' title='bbox 357 739 473 774; x_wconf 91' lang='lat' dir='ltr'><strong>lapidum</strong></span> <span class='ocrx_word' id='word_1_88' title='bbox 485 744 543 766; x_wconf 88' lang='lat' dir='ltr'><strong>erat</strong></span> <span class='ocrx_word' id='word_1_89' title='bbox 555 743 648 766; x_wconf 85' lang='lat' dir='ltr'><strong>natura</strong></span> <span class='ocrx_word' id='word_1_90' title='bbox 657 738 853 773; x_wconf 84' lang='lat' dir='ltr'><strong>unodesiguata</strong></span> <span class='ocrx_word' id='word_1_91' title='bbox 865 739 952 766; x_wconf 91' lang='lat' dir='ltr'><strong>nomi-</strong></span> 
     </span>
    </p>
   </div>
   <div class='ocr_carea' id='block_1_14' title="bbox 163 784 952 819">
    <p class='ocr_par' dir='ltr' id='par_1_14' title="bbox 163 784 952 819">
     <span class='ocr_line' id='line_1_14' title="bbox 163 784 952 819; baseline -0.001 -7"><span class='ocrx_word' id='word_1_92' title='bbox 163 794 206 818; x_wconf 85' lang='lat' dir='ltr'><strong>ne,</strong></span> <span class='ocrx_word' id='word_1_93' title='bbox 222 785 393 819; x_wconf 75' lang='lat' dir='ltr'><strong>smaragdos;</strong></span> <span class='ocrx_word' id='word_1_94' title='bbox 409 785 435 812; x_wconf 91' lang='lat' dir='ltr'><strong>in</strong></span> <span class='ocrx_word' id='word_1_95' title='bbox 444 789 551 819; x_wconf 89' lang='lat' dir='ltr'><strong>pectore</strong></span> <span class='ocrx_word' id='word_1_96' title='bbox 561 788 650 811; x_wconf 86' lang='lat' dir='ltr'><strong>autem</strong></span> <span class='ocrx_word' id='word_1_97' title='bbox 666 784 733 810; x_wconf 86' lang='lat' dir='ltr'><strong>infra</strong></span> <span class='ocrx_word' id='word_1_98' title='bbox 749 784 850 818; x_wconf 82' lang='lat' dir='ltr'><strong>lapides</strong></span> <span class='ocrx_word' id='word_1_99' title='bbox 864 784 952 811; x_wconf 88' lang='lat' dir='ltr'><strong>diver-</strong></span> 
     </span>
    </p>
   </div>
   <div class='ocr_carea' id='block_1_15' title="bbox 162 829 952 865">
    <p class='ocr_par' dir='ltr' id='par_1_15' title="bbox 162 829 952 865">
     <span class='ocr_line' id='line_1_15' title="bbox 162 829 952 865; baseline -0.003 -7"><span class='ocrx_word' id='word_1_100' title='bbox 162 832 194 858; x_wconf 90' lang='lat' dir='ltr'><strong>si.</strong></span> <span class='ocrx_word' id='word_1_101' title='bbox 210 831 277 865; x_wconf 86' lang='lat' dir='ltr'><strong>Quid</strong></span> <span class='ocrx_word' id='word_1_102' title='bbox 291 831 342 858; x_wconf 91' lang='lat' dir='ltr'><strong>hoc</strong></span> <span class='ocrx_word' id='word_1_103' title='bbox 350 831 399 857; x_wconf 86' lang='lat' dir='ltr'><strong>sibi</strong></span> <span class='ocrx_word' id='word_1_104' title='bbox 416 830 489 858; x_wconf 84' lang='lat' dir='ltr'><strong>vult?</strong></span> <span class='ocrx_word' id='word_1_105' title='bbox 499 829 711 865; x_wconf 86' lang='lat' dir='ltr'><strong>quandoquidem</strong></span> <span class='ocrx_word' id='word_1_106' title='bbox 726 837 777 856; x_wconf 90' lang='lat' dir='ltr'><strong>una</strong></span> <span class='ocrx_word' id='word_1_107' title='bbox 796 837 845 857; x_wconf 85' lang='lat' dir='ltr'><strong>nos</strong></span> <span class='ocrx_word' id='word_1_108' title='bbox 858 835 952 857; x_wconf 84' lang='lat' dir='ltr'><strong>natura</strong></span> 
     </span>
    </p>
   </div>
   <div class='ocr_carea' id='block_1_16' title="bbox 163 875 951 912">
    <p class='ocr_par' dir='ltr' id='par_1_16' title="bbox 163 875 951 912">
     <span class='ocr_line' id='line_1_16' title="bbox 163 875 951 912; baseline -0.001 -9"><span class='ocrx_word' id='word_1_109' title='bbox 163 877 322 912; x_wconf 86' lang='lat' dir='ltr'><strong>procreavit,</strong></span> <span class='ocrx_word' id='word_1_110' title='bbox 334 877 438 904; x_wconf 77' lang='lat' dir='ltr'><strong>diversa</strong></span> <span class='ocrx_word' id='word_1_111' title='bbox 451 883 515 903; x_wconf 86' lang='lat' dir='ltr'><strong>vero</strong></span> <span class='ocrx_word' id='word_1_112' title='bbox 527 883 575 903; x_wconf 87' lang='lat' dir='ltr'><strong>nos</strong></span> <span class='ocrx_word' id='word_1_113' title='bbox 590 875 699 903; x_wconf 84' lang='lat' dir='ltr'><strong>consilia</strong></span> <span class='ocrx_word' id='word_1_114' title='bbox 716 880 743 902; x_wconf 88' lang='lat' dir='ltr'><strong>et</strong></span> <span class='ocrx_word' id='word_1_115' title='bbox 754 875 894 909; x_wconf 75' lang='lat' dir='ltr'><strong>opiniones</strong></span> <span class='ocrx_word' id='word_1_116' title='bbox 909 875 951 902; x_wconf 87' lang='lat' dir='ltr'><strong>di-</strong></span> 
     </span>
    </p>
   </div>
   <div class='ocr_carea' id='block_1_17' title="bbox 162 921 950 956">
    <p class='ocr_par' dir='ltr' id='par_1_17' title="bbox 162 921 950 956">
     <span class='ocr_line' id='line_1_17' title="bbox 162 921 950 956; baseline -0.003 -6"><span class='ocrx_word' id='word_1_117' title='bbox 162 924 290 955; x_wconf 56' lang='lat' dir='ltr'><strong>riserunt,</strong></span> <span class='ocrx_word' id='word_1_118' title='bbox 306 922 357 950; x_wconf 86' lang='lat' dir='ltr'><strong>hoc</strong></span> <span class='ocrx_word' id='word_1_119' title='bbox 369 922 475 956; x_wconf 88' lang='lat' dir='ltr'><strong>quidem</strong></span> <span class='ocrx_word' id='word_1_120' title='bbox 488 921 606 956; x_wconf 87' lang='lat' dir='ltr'><strong>opinioni</strong></span> <span class='ocrx_word' id='word_1_121' title='bbox 624 921 724 953; x_wconf 76' lang='lat' dir='ltr'><strong>tribuit,</strong></span> <span class='ocrx_word' id='word_1_122' title='bbox 737 921 799 947; x_wconf 89' lang='lat' dir='ltr'><strong>illud</strong></span> <span class='ocrx_word' id='word_1_123' title='bbox 817 928 882 948; x_wconf 88' lang='lat' dir='ltr'><strong>vero</strong></span> <span class='ocrx_word' id='word_1_124' title='bbox 902 928 950 948; x_wconf 91' lang='lat' dir='ltr'><strong>na-</strong></span> 
     </span>
    </p>
   </div>
   <div class='ocr_carea' id='block_1_18' title="bbox 163 966 949 1003">
    <p class='ocr_par' dir='ltr' id='par_1_18' title="bbox 163 966 949 1003">
     <span class='ocr_line' id='line_1_18' title="bbox 163 966 949 1003; baseline -0.004 -8"><span class='ocrx_word' id='word_1_125' title='bbox 163 974 238 996; x_wconf 70' lang='lat' dir='ltr'><strong>turae.</strong></span> <span class='ocrx_word' id='word_1_126' title='bbox 251 968 314 995; x_wconf 87' lang='lat' dir='ltr'><strong>Erat</strong></span> <span class='ocrx_word' id='word_1_127' title='bbox 336 967 414 1003; x_wconf 85' lang='lat' dir='ltr'><strong>igitur</strong></span> <span class='ocrx_word' id='word_1_128' title='bbox 425 967 470 994; x_wconf 88' lang='lat' dir='ltr'><strong>Dei</strong></span> <span class='ocrx_word' id='word_1_129' title='bbox 482 974 580 994; x_wconf 82' lang='lat' dir='ltr'><strong>nomen</strong></span> <span class='ocrx_word' id='word_1_130' title='bbox 593 966 675 993; x_wconf 88' lang='lat' dir='ltr'><strong>virtus</strong></span> <span class='ocrx_word' id='word_1_131' title='bbox 689 966 715 993; x_wconf 92' lang='lat' dir='ltr'><strong>in</strong></span> <span class='ocrx_word' id='word_1_132' title='bbox 731 966 835 993; x_wconf 82' lang='lat' dir='ltr'><strong>actione</strong></span> <span class='ocrx_word' id='word_1_133' title='bbox 854 966 949 1000; x_wconf 88' lang='lat' dir='ltr'><strong>posita,</strong></span> 
     </span>
    </p>
   </div>
   <div class='ocr_carea' id='block_1_19' title="bbox 160 1011 949 1048">
    <p class='ocr_par' dir='ltr' id='par_1_19' title="bbox 160 1011 949 1048">
     <span class='ocr_line' id='line_1_19' title="bbox 160 1011 949 1048; baseline -0.003 -9"><span class='ocrx_word' id='word_1_134' title='bbox 160 1022 219 1048; x_wconf 73' lang='lat' dir='ltr'><strong>qua:</strong></span> <span class='ocrx_word' id='word_1_135' title='bbox 231 1021 277 1048; x_wconf 88' lang='lat' dir='ltr'><strong>per</strong></span> <span class='ocrx_word' id='word_1_136' title='bbox 289 1014 418 1041; x_wconf 87' lang='lat' dir='ltr'><strong>rationem</strong></span> <span class='ocrx_word' id='word_1_137' title='bbox 432 1020 464 1039; x_wconf 90' lang='lat' dir='ltr'><strong>ac</strong></span> <span class='ocrx_word' id='word_1_138' title='bbox 478 1012 618 1040; x_wconf 80' lang='lat' dir='ltr'><strong>veritatem</strong></span> <span class='ocrx_word' id='word_1_139' title='bbox 630 1011 759 1039; x_wconf 81' lang='lat' dir='ltr'><strong>subsistit.</strong></span> <span class='ocrx_word' id='word_1_140' title='bbox 777 1011 809 1038; x_wconf 89' lang='lat' dir='ltr'><strong>Et</strong></span> <span class='ocrx_word' id='word_1_141' title='bbox 838 1011 865 1038; x_wconf 89' lang='lat' dir='ltr'><strong>in</strong></span> <span class='ocrx_word' id='word_1_142' title='bbox 891 1012 949 1038; x_wconf 71' lang='lat' dir='ltr'><strong>lllll~</strong></span> 
     </span>
    </p>
   </div>
   <div class='ocr_carea' id='block_1_20' title="bbox 162 1057 948 1094">
    <p class='ocr_par' dir='ltr' id='par_1_20' title="bbox 162 1057 948 1094">
     <span class='ocr_line' id='line_1_20' title="bbox 162 1057 948 1094; baseline -0.003 -8"><span class='ocrx_word' id='word_1_143' title='bbox 162 1060 217 1086; x_wconf 86' lang='lat' dir='ltr'><strong>bria</strong></span> <span class='ocrx_word' id='word_1_144' title='bbox 240 1059 397 1090; x_wconf 82' lang='lat' dir='ltr'><strong>sacerdotis,</strong></span> <span class='ocrx_word' id='word_1_145' title='bbox 412 1066 472 1094; x_wconf 72' lang='lat' dir='ltr'><strong>qua:</strong></span> <span class='ocrx_word' id='word_1_146' title='bbox 485 1058 584 1085; x_wconf 90' lang='lat' dir='ltr'><strong>dicitur</strong></span> <span class='ocrx_word' id='word_1_147' title='bbox 601 1065 659 1090; x_wconf 86' lang='lat' dir='ltr'><strong>ora,</strong></span> <span class='ocrx_word' id='word_1_148' title='bbox 678 1057 756 1084; x_wconf 83' lang='lat' dir='ltr'><strong>flores</strong></span> <span class='ocrx_word' id='word_1_149' title='bbox 771 1057 833 1084; x_wconf 89' lang='lat' dir='ltr'><strong>mali</strong></span> <span class='ocrx_word' id='word_1_150' title='bbox 850 1058 948 1092; x_wconf 85' lang='lat' dir='ltr'><strong>punici,</strong></span> 
     </span>
    </p>
   </div>
   <div class='ocr_carea' id='block_1_21' title="bbox 163 1104 950 1140">
    <p class='ocr_par' dir='ltr' id='par_1_21' title="bbox 163 1104 950 1140">
     <span class='ocr_line' id='line_1_21' title="bbox 163 1104 950 1140; baseline -0.003 -8"><span class='ocrx_word' id='word_1_151' title='bbox 163 1106 230 1132; x_wconf 87' lang='lat' dir='ltr'><strong>mala</strong></span> <span class='ocrx_word' id='word_1_152' title='bbox 239 1105 334 1140; x_wconf 81' lang='lat' dir='ltr'><strong>punica</strong></span> <span class='ocrx_word' id='word_1_153' title='bbox 344 1113 435 1138; x_wconf 83' lang='lat' dir='ltr'><strong>aurea,</strong></span> <span class='ocrx_word' id='word_1_154' title='bbox 443 1110 468 1132; x_wconf 89' lang='lat' dir='ltr'><strong>et</strong></span> <span class='ocrx_word' id='word_1_155' title='bbox 477 1104 663 1132; x_wconf 82' lang='lat' dir='ltr'><strong>tintinnabula.</strong></span> <span class='ocrx_word' id='word_1_156' title='bbox 674 1104 741 1137; x_wconf 87' lang='lat' dir='ltr'><strong>Quid</strong></span> <span class='ocrx_word' id='word_1_157' title='bbox 754 1104 810 1131; x_wconf 67' lang='lat' dir='ltr'><strong>hate</strong></span> <span class='ocrx_word' id='word_1_158' title='bbox 822 1104 848 1131; x_wconf 92' lang='lat' dir='ltr'><strong>in</strong></span> <span class='ocrx_word' id='word_1_159' title='bbox 859 1112 950 1131; x_wconf 86' lang='lat' dir='ltr'><strong>sacer-</strong></span> 
     </span>
    </p>
   </div>
   <div class='ocr_carea' id='block_1_22' title="bbox 162 1150 950 1186">
    <p class='ocr_par' dir='ltr' id='par_1_22' title="bbox 162 1150 950 1186">
     <span class='ocr_line' id='line_1_22' title="bbox 162 1150 950 1186; baseline -0.003 -7"><span class='ocrx_word' id='word_1_160' title='bbox 162 1153 224 1179; x_wconf 88' lang='lat' dir='ltr'><strong>dote</strong></span> <span class='ocrx_word' id='word_1_161' title='bbox 244 1152 293 1179; x_wconf 85' lang='lat' dir='ltr'><strong>sibi</strong></span> <span class='ocrx_word' id='word_1_162' title='bbox 309 1151 454 1178; x_wconf 81' lang='lat' dir='ltr'><strong>volebant?</strong></span> <span class='ocrx_word' id='word_1_163' title='bbox 469 1150 596 1186; x_wconf 91' lang='lat' dir='ltr'><strong>numquid</strong></span> <span class='ocrx_word' id='word_1_164' title='bbox 612 1151 681 1178; x_wconf 85' lang='lat' dir='ltr'><strong>Deus</strong></span> <span class='ocrx_word' id='word_1_165' title='bbox 694 1150 735 1178; x_wconf 89' lang='lat' dir='ltr'><strong>his</strong></span> <span class='ocrx_word' id='word_1_166' title='bbox 756 1150 865 1178; x_wconf 81' lang='lat' dir='ltr'><strong>floribus</strong></span> <span class='ocrx_word' id='word_1_167' title='bbox 877 1150 950 1178; x_wconf 90' lang='lat' dir='ltr'><strong>dele-</strong></span> 
     </span>
    </p>
   </div>
   <div class='ocr_carea' id='block_1_23' title="bbox 161 1197 951 1226">
    <p class='ocr_par' dir='ltr' id='par_1_23' title="bbox 161 1197 951 1226">
     <span class='ocr_line' id='line_1_23' title="bbox 161 1197 951 1226; baseline -0.001 0"><span class='ocrx_word' id='word_1_168' title='bbox 161 1199 299 1226; x_wconf 80' lang='lat' dir='ltr'><strong>ctabatur?</strong></span> <span class='ocrx_word' id='word_1_169' title='bbox 311 1206 373 1225; x_wconf 89' lang='lat' dir='ltr'><strong>num</strong></span> <span class='ocrx_word' id='word_1_170' title='bbox 386 1198 499 1225; x_wconf 85' lang='lat' dir='ltr'><strong>terrenis</strong></span> <span class='ocrx_word' id='word_1_171' title='bbox 509 1197 619 1224; x_wconf 81' lang='lat' dir='ltr'><strong>floribus</strong></span> <span class='ocrx_word' id='word_1_172' title='bbox 631 1198 746 1224; x_wconf 88' lang='lat' dir='ltr'><strong>cinctum</strong></span> <span class='ocrx_word' id='word_1_173' title='bbox 758 1205 819 1224; x_wconf 84' lang='lat' dir='ltr'><strong>esse</strong></span> <span class='ocrx_word' id='word_1_174' title='bbox 827 1198 951 1225; x_wconf 87' lang='lat' dir='ltr'><strong>sacerdo-</strong></span> 
     </span>
    </p>
   </div>
   <div class='ocr_carea' id='block_1_24' title="bbox 161 1240 949 1273">
    <p class='ocr_par' dir='ltr' id='par_1_24' title="bbox 161 1240 949 1273">
     <span class='ocr_line' id='line_1_24' title="bbox 161 1240 949 1273; baseline -0.003 -1"><span class='ocrx_word' id='word_1_175' title='bbox 161 1240 213 1273; x_wconf 77' lang='lat' dir='ltr'><strong>tem</strong></span> <span class='ocrx_word' id='word_1_176' title='bbox 230 1245 411 1273; x_wconf 86' lang='lat' dir='ltr'><strong>volcbat?Sed</strong></span> <span class='ocrx_word' id='word_1_177' title='bbox 425 1245 450 1271; x_wconf 91' lang='lat' dir='ltr'><strong>in</strong></span> <span class='ocrx_word' id='word_1_178' title='bbox 464 1245 561 1271; x_wconf 87' lang='lat' dir='ltr'><strong>vestitu</strong></span> <span class='ocrx_word' id='word_1_179' title='bbox 577 1244 723 1271; x_wconf 82' lang='lat' dir='ltr'><strong>sacerdotis</strong></span> <span class='ocrx_word' id='word_1_180' title='bbox 746 1244 856 1271; x_wconf 85' lang='lat' dir='ltr'><strong>virtutes</strong></span> <span class='ocrx_word' id='word_1_181' title='bbox 870 1244 949 1271; x_wconf 85' lang='lat' dir='ltr'><strong>eflln-</strong></span> 
     </span>
    </p>
   </div>
   <div class='ocr_carea' id='block_1_25' title="bbox 160 1291 950 1328">
    <p class='ocr_par' dir='ltr' id='par_1_25' title="bbox 160 1291 950 1328">
     <span class='ocr_line' id='line_1_25' title="bbox 160 1291 950 1328; baseline -0.004 -8"><span class='ocrx_word' id='word_1_182' title='bbox 160 1294 207 1328; x_wconf 76' lang='lat' dir='ltr'><strong>git.</strong></span> <span class='ocrx_word' id='word_1_183' title='bbox 221 1293 306 1327; x_wconf 81' lang='lat' dir='ltr'><strong>Supra</strong></span> <span class='ocrx_word' id='word_1_184' title='bbox 326 1292 432 1327; x_wconf 89' lang='lat' dir='ltr'><strong>quidem</strong></span> <span class='ocrx_word' id='word_1_185' title='bbox 445 1291 470 1318; x_wconf 97' lang='lat' dir='ltr'><strong>in</strong></span> <span class='ocrx_word' id='word_1_186' title='bbox 484 1291 570 1325; x_wconf 88' lang='lat' dir='ltr'><strong>capite</strong></span> <span class='ocrx_word' id='word_1_187' title='bbox 589 1298 686 1318; x_wconf 85' lang='lat' dir='ltr'><strong>nomen</strong></span> <span class='ocrx_word' id='word_1_188' title='bbox 706 1291 771 1322; x_wconf 88' lang='lat' dir='ltr'><strong>Dei;</strong></span> <span class='ocrx_word' id='word_1_189' title='bbox 796 1291 821 1318; x_wconf 90' lang='lat' dir='ltr'><strong>in</strong></span> <span class='ocrx_word' id='word_1_190' title='bbox 843 1297 950 1326; x_wconf 83' lang='lat' dir='ltr'><strong>pectore</strong></span> 
     </span>
    </p>
   </div>
   <div class='ocr_carea' id='block_1_26' title="bbox 161 1336 949 1368">
    <p class='ocr_par' dir='ltr' id='par_1_26' title="bbox 161 1336 949 1368">
     <span class='ocr_line' id='line_1_26' title="bbox 161 1336 949 1368; baseline -0.001 -3"><span class='ocrx_word' id='word_1_191' title='bbox 161 1337 297 1365; x_wconf 80' lang='lat' dir='ltr'><strong>oraculum</strong></span> <span class='ocrx_word' id='word_1_192' title='bbox 315 1346 322 1365; x_wconf 89' lang='lat'>:</span> <span class='ocrx_word' id='word_1_193' title='bbox 343 1337 409 1364; x_wconf 87' lang='lat' dir='ltr'><strong>infra</strong></span> <span class='ocrx_word' id='word_1_194' title='bbox 425 1344 488 1364; x_wconf 89' lang='lat' dir='ltr'><strong>vero</strong></span> <span class='ocrx_word' id='word_1_195' title='bbox 502 1336 581 1364; x_wconf 83' lang='lat' dir='ltr'><strong>ﬂores</strong></span> <span class='ocrx_word' id='word_1_196' title='bbox 594 1342 620 1364; x_wconf 89' lang='lat' dir='ltr'><strong>et</strong></span> <span class='ocrx_word' id='word_1_197' title='bbox 635 1336 744 1368; x_wconf 85' lang='lat' dir='ltr'><strong>fructus,</strong></span> <span class='ocrx_word' id='word_1_198' title='bbox 762 1337 887 1364; x_wconf 83' lang='lat' dir='ltr'><strong>virtutum</strong></span> <span class='ocrx_word' id='word_1_199' title='bbox 909 1345 949 1364; x_wconf 87' lang='lat' dir='ltr'><strong>rc-</strong></span> 
     </span>
    </p>
   </div>
   <div class='ocr_carea' id='block_1_27' title="bbox 160 1382 949 1418">
    <p class='ocr_par' dir='ltr' id='par_1_27' title="bbox 160 1382 949 1418">
     <span class='ocr_line' id='line_1_27' title="bbox 160 1382 949 1418; baseline 0 -8"><span class='ocrx_word' id='word_1_200' title='bbox 160 1388 203 1410; x_wconf 86' lang='lat' dir='ltr'><strong>cte</strong></span> <span class='ocrx_word' id='word_1_201' title='bbox 225 1382 302 1416; x_wconf 88' lang='lat' dir='ltr'><strong>facta,</strong></span> <span class='ocrx_word' id='word_1_202' title='bbox 317 1390 376 1417; x_wconf 74' lang='lat' dir='ltr'><strong>qutc</strong></span> <span class='ocrx_word' id='word_1_203' title='bbox 385 1386 446 1410; x_wconf 88' lang='lat' dir='ltr'><strong>sunt</strong></span> <span class='ocrx_word' id='word_1_204' title='bbox 461 1382 640 1417; x_wconf 83' lang='lat' dir='ltr'><strong>eleemosyna,</strong></span> <span class='ocrx_word' id='word_1_205' title='bbox 657 1383 767 1417; x_wconf 72' lang='lat' dir='ltr'><strong>iustitia,</strong></span> <span class='ocrx_word' id='word_1_206' title='bbox 792 1383 949 1418; x_wconf 77' lang='lat' dir='ltr'><strong>benignitas.</strong></span> 
     </span>
    </p>
   </div>
   <div class='ocr_carea' id='block_1_28' title="bbox 197 1427 950 1462">
    <p class='ocr_par' dir='ltr' id='par_1_28' title="bbox 197 1427 950 1462">
     <span class='ocr_line' id='line_1_28' title="bbox 197 1427 950 1462; baseline 0 -7"><span class='ocrx_word' id='word_1_207' title='bbox 197 1429 223 1455; x_wconf 80' lang='grc'><strong>5.</strong></span> <span class='ocrx_word' id='word_1_208' title='bbox 246 1428 335 1455; x_wconf 69' lang='lat' dir='ltr'><strong>Flore:</strong></span> <span class='ocrx_word' id='word_1_209' title='bbox 349 1428 492 1462; x_wconf 79' lang='lat' dir='ltr'><strong>spirituules</strong></span> <span class='ocrx_word' id='word_1_210' title='bbox 507 1428 652 1455; x_wconf 78' lang='lat' dir='ltr'><strong>sacerdotis.</strong></span> <span class='ocrx_word' id='word_1_211' title='bbox 668 1427 783 1455; x_wconf 64' lang='lat' dir='ltr'><strong>Christus</strong></span> <span class='ocrx_word' id='word_1_212' title='bbox 797 1429 913 1455; x_wconf 74' lang='lat' dir='ltr'><strong>sacerdos</strong></span> <span class='ocrx_word' id='word_1_213' title='bbox 927 1434 950 1456; x_wconf 73' lang='lat' dir='ltr'><strong>et</strong></span> 
     </span>
    </p>
   </div>
   <div class='ocr_carea' id='block_1_29' title="bbox 159 1473 948 1510">
    <p class='ocr_par' dir='ltr' id='par_1_29' title="bbox 159 1473 948 1510">
     <span class='ocr_line' id='line_1_29' title="bbox 159 1473 948 1510; baseline 0 -9"><span class='ocrx_word' id='word_1_214' title='bbox 159 1475 283 1510; x_wconf 73' lang='lat' dir='ltr'><strong>pomifer.</strong></span> <span class='ocrx_word' id='word_1_215' title='bbox 291 1489 328 1494; x_wconf 92' lang='lat'><strong>—</strong></span> <span class='ocrx_word' id='word_1_216' title='bbox 337 1473 390 1500; x_wconf 80' lang='lat' dir='ltr'><strong>Nos</strong></span> <span class='ocrx_word' id='word_1_217' title='bbox 404 1474 482 1508; x_wconf 78' lang='lat' dir='ltr'><strong>igitur</strong></span> <span class='ocrx_word' id='word_1_218' title='bbox 495 1473 592 1500; x_wconf 86' lang='lat' dir='ltr'><strong>habere</strong></span> <span class='ocrx_word' id='word_1_219' title='bbox 602 1478 707 1508; x_wconf 86' lang='lat' dir='ltr'><strong>oportet</strong></span> <span class='ocrx_word' id='word_1_220' title='bbox 718 1478 745 1500; x_wconf 91' lang='lat' dir='ltr'><strong>et</strong></span> <span class='ocrx_word' id='word_1_221' title='bbox 753 1474 877 1501; x_wconf 83' lang='lat' dir='ltr'><strong>tim-entes</strong></span> <span class='ocrx_word' id='word_1_222' title='bbox 891 1474 948 1508; x_wconf 90' lang='lat' dir='ltr'><strong>pul-</strong></span> 
     </span>
    </p>
   </div>
   <div class='ocr_carea' id='block_1_30' title="bbox 159 1519 950 1554">
    <p class='ocr_par' dir='ltr' id='par_1_30' title="bbox 159 1519 950 1554">
     <span class='ocr_line' id='line_1_30' title="bbox 159 1519 950 1554; baseline 0 -7"><span class='ocrx_word' id='word_1_223' title='bbox 159 1520 323 1548; x_wconf 87' lang='lat' dir='ltr'><strong>chritudines</strong></span> <span class='ocrx_word' id='word_1_224' title='bbox 338 1524 363 1546; x_wconf 90' lang='lat' dir='ltr'><strong>et</strong></span> <span class='ocrx_word' id='word_1_225' title='bbox 376 1519 522 1553; x_wconf 82' lang='lat' dir='ltr'><strong>cuiuplelas</strong></span> <span class='ocrx_word' id='word_1_226' title='bbox 534 1523 613 1554; x_wconf 87' lang='lat' dir='ltr'><strong>atque</strong></span> <span class='ocrx_word' id='word_1_227' title='bbox 627 1524 751 1546; x_wconf 82' lang='lat' dir='ltr'><strong>maturas.</strong></span> <span class='ocrx_word' id='word_1_228' title='bbox 768 1519 860 1547; x_wconf 84' lang='lat' dir='ltr'><strong>Florcs</strong></span> <span class='ocrx_word' id='word_1_229' title='bbox 871 1527 950 1554; x_wconf 85' lang='lat' dir='ltr'><strong>porro</strong></span> 
     </span>
    </p>
   </div>
   <div class='ocr_carea' id='block_1_31' title="bbox 160 1564 948 1600">
    <p class='ocr_par' dir='ltr' id='par_1_31' title="bbox 160 1564 948 1600">
     <span class='ocr_line' id='line_1_31' title="bbox 160 1564 948 1600; baseline -0.001 -7"><span class='ocrx_word' id='word_1_230' title='bbox 160 1571 221 1593; x_wconf 86' lang='lat' dir='ltr'><strong>sunt</strong></span> <span class='ocrx_word' id='word_1_231' title='bbox 235 1565 391 1596; x_wconf 73' lang='lat' dir='ltr'><strong>sacerdotis,</strong></span> <span class='ocrx_word' id='word_1_232' title='bbox 402 1572 572 1599; x_wconf 87' lang='lat' dir='ltr'><strong>congressus,</strong></span> <span class='ocrx_word' id='word_1_233' title='bbox 586 1565 757 1600; x_wconf 84' lang='lat' dir='ltr'><strong>colloquium.</strong></span> <span class='ocrx_word' id='word_1_234' title='bbox 773 1564 834 1592; x_wconf 91' lang='lat' dir='ltr'><strong>boni</strong></span> <span class='ocrx_word' id='word_1_235' title='bbox 849 1573 948 1599; x_wconf 86' lang='lat' dir='ltr'><strong>mores,</strong></span> 
     </span>
    </p>
   </div>
   <div class='ocr_carea' id='block_1_32' title="bbox 161 1610 951 1645">
    <p class='ocr_par' dir='ltr' id='par_1_32' title="bbox 161 1610 951 1645">
     <span class='ocr_line' id='line_1_32' title="bbox 161 1610 951 1645; baseline 0 -7"><span class='ocrx_word' id='word_1_236' title='bbox 161 1612 232 1638; x_wconf 87' lang='lat' dir='ltr'><strong>mitis</strong></span> <span class='ocrx_word' id='word_1_237' title='bbox 251 1618 350 1642; x_wconf 84' lang='lat' dir='ltr'><strong>sermo,</strong></span> <span class='ocrx_word' id='word_1_238' title='bbox 367 1611 441 1642; x_wconf 86' lang='lat' dir='ltr'><strong>ﬁdes,</strong></span> <span class='ocrx_word' id='word_1_239' title='bbox 458 1611 537 1642; x_wconf 85' lang='lat' dir='ltr'><strong>fama,</strong></span> <span class='ocrx_word' id='word_1_240' title='bbox 552 1610 658 1642; x_wconf 82' lang='lat' dir='ltr'><strong>veritas,</strong></span> <span class='ocrx_word' id='word_1_241' title='bbox 677 1610 794 1645; x_wconf 80' lang='lat' dir='ltr'><strong>justitia;</strong></span> <span class='ocrx_word' id='word_1_242' title='bbox 811 1615 838 1638; x_wconf 86' lang='lat' dir='ltr'><strong>et</strong></span> <span class='ocrx_word' id='word_1_243' title='bbox 852 1611 893 1638; x_wconf 89' lang='lat' dir='ltr'><strong>his</strong></span> <span class='ocrx_word' id='word_1_244' title='bbox 910 1612 951 1638; x_wconf 86' lang='lat' dir='ltr'><strong>in-</strong></span> 
     </span>
    </p>
   </div>
   <div class='ocr_carea' id='block_1_33' title="bbox 160 1657 947 1692">
    <p class='ocr_par' dir='ltr' id='par_1_33' title="bbox 160 1657 947 1692">
     <span class='ocr_line' id='line_1_33' title="bbox 160 1657 947 1692; baseline 0.001 -8"><span class='ocrx_word' id='word_1_245' title='bbox 160 1658 268 1692; x_wconf 84' lang='lat' dir='ltr'><strong>terjccta</strong></span> <span class='ocrx_word' id='word_1_246' title='bbox 294 1657 479 1690; x_wconf 84' lang='lat' dir='ltr'><strong>tintinnabula,</strong></span> <span class='ocrx_word' id='word_1_247' title='bbox 504 1658 646 1685; x_wconf 85' lang='lat' dir='ltr'><strong>consensio</strong></span> <span class='ocrx_word' id='word_1_248' title='bbox 670 1657 793 1685; x_wconf 89' lang='lat' dir='ltr'><strong>nimirum</strong></span> <span class='ocrx_word' id='word_1_249' title='bbox 817 1657 947 1685; x_wconf 88' lang='lat' dir='ltr'><strong>bonorum</strong></span> 
     </span>
    </p>
   </div>
   <div class='ocr_carea' id='block_1_34' title="bbox 160 1702 947 1738">
    <p class='ocr_par' dir='ltr' id='par_1_34' title="bbox 160 1702 947 1738">
     <span class='ocr_line' id='line_1_34' title="bbox 160 1702 947 1738; baseline 0.003 -9"><span class='ocrx_word' id='word_1_250' title='bbox 160 1710 279 1737; x_wconf 88' lang='lat' dir='ltr'><strong>operum.</strong></span> <span class='ocrx_word' id='word_1_251' title='bbox 295 1702 388 1729; x_wconf 86' lang='lat' dir='ltr'><strong>Omnis</strong></span> <span class='ocrx_word' id='word_1_252' title='bbox 407 1703 477 1729; x_wconf 89' lang='lat' dir='ltr'><strong>enim</strong></span> <span class='ocrx_word' id='word_1_253' title='bbox 500 1703 584 1730; x_wconf 88' lang='lat' dir='ltr'><strong>virtus</strong></span> <span class='ocrx_word' id='word_1_254' title='bbox 606 1709 700 1730; x_wconf 87' lang='lat' dir='ltr'><strong>sonum</strong></span> <span class='ocrx_word' id='word_1_255' title='bbox 722 1703 863 1738; x_wconf 88' lang='lat' dir='ltr'><strong>quemdam</strong></span> <span class='ocrx_word' id='word_1_256' title='bbox 882 1704 947 1731; x_wconf 89' lang='lat' dir='ltr'><strong>edit.</strong></span> 
     </span>
    </p>
   </div>
   <div class='ocr_carea' id='block_1_35' title="bbox 160 1749 950 1783">
    <p class='ocr_par' dir='ltr' id='par_1_35' title="bbox 160 1749 950 1783">
     <span class='ocr_line' id='line_1_35' title="bbox 160 1749 950 1783; baseline 0 -7"><span class='ocrx_word' id='word_1_257' title='bbox 160 1749 235 1777; x_wconf 90' lang='lat' dir='ltr'><strong>Unde</strong></span> <span class='ocrx_word' id='word_1_258' title='bbox 250 1749 345 1776; x_wconf 77' lang='lat' dir='ltr'><strong>Paulus</strong></span> <span class='ocrx_word' id='word_1_259' title='bbox 359 1749 395 1775; x_wconf 90' lang='lat' dir='ltr'><strong>ait</strong></span> <span class='ocrx_word' id='word_1_260' title='bbox 414 1757 420 1776; x_wconf 90' lang='lat'>:</span> <span class='ocrx_word' id='word_1_261' title='bbox 442 1750 463 1775; x_wconf 78' lang='grc' dir='ltr'><em>Α</em></span> <span class='ocrx_word' id='word_1_262' title='bbox 486 1749 552 1776; x_wconf 73' lang='lat' dir='ltr'><strong>vobis</strong></span> <span class='ocrx_word' id='word_1_263' title='bbox 567 1749 633 1776; x_wconf 84' lang='lat' dir='ltr'><strong>enim</strong></span> <span class='ocrx_word' id='word_1_264' title='bbox 646 1757 727 1776; x_wconf 84' lang='lat' dir='ltr'><strong>sermo</strong></span> <span class='ocrx_word' id='word_1_265' title='bbox 752 1749 796 1776; x_wconf 86' lang='lat' dir='ltr'><strong>Dei</strong></span> <span class='ocrx_word' id='word_1_266' title='bbox 820 1751 950 1783; x_wconf 79' lang='lat' dir='ltr'><strong>personuit</strong></span> 
     </span>
    </p>
   </div>
   <div class='ocr_carea' id='block_1_36' title="bbox 160 1794 947 1830">
    <p class='ocr_par' dir='ltr' id='par_1_36' title="bbox 160 1794 947 1830">
     <span class='ocr_line' id='line_1_36' title="bbox 160 1794 947 1830; baseline 0.001 -9"><span class='ocrx_word' id='word_1_267' title='bbox 160 1796 196 1828; x_wconf 90' lang='lat' dir='ltr'><strong>(l.</strong></span> <span class='ocrx_word' id='word_1_268' title='bbox 211 1794 299 1821; x_wconf 74' lang='lat' dir='ltr'><strong>Thess.</strong></span> <span class='ocrx_word' id='word_1_269' title='bbox 317 1795 342 1821; x_wconf 89' lang='grc'><strong>1.</strong></span> <span class='ocrx_word' id='word_1_270' title='bbox 358 1794 397 1826; x_wconf 84' lang='grc'><strong>8).</strong></span> <span class='ocrx_word' id='word_1_271' title='bbox 409 1795 442 1821; x_wconf 88' lang='lat' dir='ltr'><strong>At</strong></span> <span class='ocrx_word' id='word_1_272' title='bbox 453 1794 583 1822; x_wconf 87' lang='lat' dir='ltr'><strong>undenam</strong></span> <span class='ocrx_word' id='word_1_273' title='bbox 599 1794 697 1830; x_wconf 85' lang='lat' dir='ltr'><strong>incepit</strong></span> <span class='ocrx_word' id='word_1_274' title='bbox 707 1795 806 1822; x_wconf 85' lang='lat' dir='ltr'><strong>sonus?</strong></span> <span class='ocrx_word' id='word_1_275' title='bbox 820 1795 947 1823; x_wconf 80' lang='lat' dir='ltr'><strong>Circuibnt</strong></span> 
     </span>
    </p>
   </div>
   <div class='ocr_carea' id='block_1_37' title="bbox 159 1841 947 1874">
    <p class='ocr_par' dir='ltr' id='par_1_37' title="bbox 159 1841 947 1874">
     <span class='ocr_line' id='line_1_37' title="bbox 159 1841 947 1874; baseline 0.001 -7"><span class='ocrx_word' id='word_1_276' title='bbox 159 1841 244 1874; x_wconf 73' lang='lat' dir='ltr'><strong>Iesus,</strong></span> <span class='ocrx_word' id='word_1_277' title='bbox 259 1841 306 1873; x_wconf 84' lang='lat' dir='ltr'><strong>ait,</strong></span> <span class='ocrx_word' id='word_1_278' title='bbox 322 1841 413 1867; x_wconf 76' lang='lat' dir='ltr'><strong>docens</strong></span> <span class='ocrx_word' id='word_1_279' title='bbox 425 1849 523 1868; x_wconf 85' lang='lat' dir='ltr'><strong>omnem</strong></span> <span class='ocrx_word' id='word_1_280' title='bbox 535 1841 658 1867; x_wconf 72' lang='lat' dir='ltr'><strong>civitatem</strong></span> <span class='ocrx_word' id='word_1_281' title='bbox 671 1845 694 1868; x_wconf 84' lang='lat' dir='ltr'><strong>et</strong></span> <span class='ocrx_word' id='word_1_282' title='bbox 709 1849 806 1867; x_wconf 85' lang='lat' dir='ltr'><strong>onmem</strong></span> <span class='ocrx_word' id='word_1_283' title='bbox 819 1841 909 1873; x_wconf 74' lang='lat' dir='ltr'><strong>vicum,</strong></span> <span class='ocrx_word' id='word_1_284' title='bbox 923 1847 947 1868; x_wconf 77' lang='lat' dir='ltr'><strong>et</strong></span> 
     </span>
    </p>
   </div>
   <div class='ocr_carea' id='block_1_38' title="bbox 160 1886 948 1921">
    <p class='ocr_par' dir='ltr' id='par_1_38' title="bbox 160 1886 948 1921">
     <span class='ocr_line' id='line_1_38' title="bbox 160 1886 948 1921; baseline 0.001 -8"><span class='ocrx_word' id='word_1_285' title='bbox 160 1895 251 1914; x_wconf 78' lang='lat' dir='ltr'><strong>curans</strong></span> <span class='ocrx_word' id='word_1_286' title='bbox 265 1895 363 1913; x_wconf 78' lang='lat' dir='ltr'><strong>onlnem</strong></span> <span class='ocrx_word' id='word_1_287' title='bbox 376 1886 500 1918; x_wconf 86' lang='lat' dir='ltr'><strong>morbum,</strong></span> <span class='ocrx_word' id='word_1_288' title='bbox 523 1891 544 1913; x_wconf 81' lang='lat' dir='ltr'><strong>et</strong></span> <span class='ocrx_word' id='word_1_289' title='bbox 567 1894 664 1913; x_wconf 87' lang='lat' dir='ltr'><strong>omnem</strong></span> <span class='ocrx_word' id='word_1_290' title='bbox 678 1886 847 1920; x_wconf 82' lang='lat' dir='ltr'><strong>inﬁrmitatem</strong></span> <span class='ocrx_word' id='word_1_291' title='bbox 860 1887 886 1914; x_wconf 85' lang='lat' dir='ltr'><strong>in</strong></span> <span class='ocrx_word' id='word_1_292' title='bbox 900 1895 948 1921; x_wconf 81' lang='lat' dir='ltr'><strong>po-</strong></span> 
     </span>
    </p>
   </div>
   <div class='ocr_carea' id='block_1_39' title="bbox 161 1931 947 1966">
    <p class='ocr_par' dir='ltr' id='par_1_39' title="bbox 161 1931 947 1966">
     <span class='ocr_line' id='line_1_39' title="bbox 161 1931 947 1966; baseline 0.001 -7"><span class='ocrx_word' id='word_1_293' title='bbox 161 1933 219 1966; x_wconf 80' lang='lat' dir='ltr'><strong>pulo</strong></span> <span class='ocrx_word' id='word_1_294' title='bbox 235 1932 338 1966; x_wconf 84' lang='lat' dir='ltr'><strong>(Matth.</strong></span> <span class='ocrx_word' id='word_1_295' title='bbox 354 1932 380 1959; x_wconf 88' lang='lat'><strong>9.</strong></span> <span class='ocrx_word' id='word_1_296' title='bbox 396 1932 440 1966; x_wconf 75' lang='grc'><strong>55)</strong></span> <span class='ocrx_word' id='word_1_297' title='bbox 458 1939 465 1958; x_wconf 90' lang='lat'><strong><em>:</em></strong></span> <span class='ocrx_word' id='word_1_298' title='bbox 480 1935 508 1959; x_wconf 92' lang='lat' dir='ltr'><strong>et</strong></span> <span class='ocrx_word' id='word_1_299' title='bbox 520 1931 601 1958; x_wconf 79' lang='lat' dir='ltr'><strong>exivit</strong></span> <span class='ocrx_word' id='word_1_300' title='bbox 615 1938 697 1958; x_wconf 83' lang='lat' dir='ltr'><strong>sonus</strong></span> <span class='ocrx_word' id='word_1_301' title='bbox 709 1931 742 1959; x_wconf 87' lang='lat' dir='ltr'><strong>de</strong></span> <span class='ocrx_word' id='word_1_302' title='bbox 755 1939 786 1960; x_wconf 90' lang='lat' dir='ltr'><strong>eo</strong></span> <span class='ocrx_word' id='word_1_303' title='bbox 801 1933 825 1959; x_wconf 94' lang='lat' dir='ltr'><strong>in</strong></span> <span class='ocrx_word' id='word_1_304' title='bbox 841 1940 947 1960; x_wconf 86' lang='lat' dir='ltr'><strong>onmem</strong></span> 
     </span>
    </p>
   </div>
   <div class='ocr_carea' id='block_1_40' title="bbox 160 1976 949 2011">
    <p class='ocr_par' dir='ltr' id='par_1_40' title="bbox 160 1976 949 2011">
     <span class='ocr_line' id='line_1_40' title="bbox 160 1976 949 2011; baseline 0.001 -7"><span class='ocrx_word' id='word_1_305' title='bbox 160 1983 266 2005; x_wconf 89' lang='lat' dir='ltr'><strong>terram.</strong></span> <span class='ocrx_word' id='word_1_306' title='bbox 293 1978 408 2004; x_wconf 88' lang='lat' dir='ltr'><strong>Attende</strong></span> <span class='ocrx_word' id='word_1_307' title='bbox 432 1977 580 2011; x_wconf 79' lang='lat' dir='ltr'><strong>diligenter.</strong></span> <span class='ocrx_word' id='word_1_308' title='bbox 602 1976 736 2004; x_wconf 78' lang='lat' dir='ltr'><strong>Virtutum</strong></span> <span class='ocrx_word' id='word_1_309' title='bbox 760 1983 882 2004; x_wconf 87' lang='lat' dir='ltr'><strong>ornattnn</strong></span> <span class='ocrx_word' id='word_1_310' title='bbox 910 1979 949 2005; x_wconf 85' lang='lat' dir='ltr'><strong>vi-</strong></span> 
     </span>
    </p>
   </div>
   <div class='ocr_carea' id='block_1_41' title="bbox 160 2023 948 2058">
    <p class='ocr_par' dir='ltr' id='par_1_41' title="bbox 160 2023 948 2058">
     <span class='ocr_line' id='line_1_41' title="bbox 160 2023 948 2058; baseline 0.001 -8"><span class='ocrx_word' id='word_1_311' title='bbox 160 2025 239 2052; x_wconf 82' lang='lat' dir='ltr'><strong>disti?</strong></span> <span class='ocrx_word' id='word_1_312' title='bbox 255 2024 301 2051; x_wconf 88' lang='lat' dir='ltr'><strong>ille</strong></span> <span class='ocrx_word' id='word_1_313' title='bbox 315 2025 371 2058; x_wconf 80' lang='lat' dir='ltr'><strong>ipse</strong></span> <span class='ocrx_word' id='word_1_314' title='bbox 386 2024 511 2050; x_wconf 75' lang='lat' dir='ltr'><strong>sacerdos</strong></span> <span class='ocrx_word' id='word_1_315' title='bbox 525 2023 622 2050; x_wconf 80' lang='lat' dir='ltr'><strong>Christi</strong></span> <span class='ocrx_word' id='word_1_316' title='bbox 640 2024 722 2057; x_wconf 76' lang='lat' dir='ltr'><strong>ﬁgura</strong></span> <span class='ocrx_word' id='word_1_317' title='bbox 737 2028 803 2050; x_wconf 87' lang='lat' dir='ltr'><strong>erat.</strong></span> <span class='ocrx_word' id='word_1_318' title='bbox 823 2024 870 2051; x_wconf 90' lang='lat' dir='ltr'><strong>llic</strong></span> <span class='ocrx_word' id='word_1_319' title='bbox 888 2025 948 2058; x_wconf 70' lang='lat' dir='ltr'><strong>qui~</strong></span> 
     </span>
    </p>
   </div>
   <div class='ocr_carea' id='block_1_42' title="bbox 160 2068 948 2103">
    <p class='ocr_par' dir='ltr' id='par_1_42' title="bbox 160 2068 948 2103">
     <span class='ocr_line' id='line_1_42' title="bbox 160 2068 948 2103; baseline 0.003 -9"><span class='ocrx_word' id='word_1_320' title='bbox 160 2069 219 2096; x_wconf 89' lang='lat' dir='ltr'><strong>dem</strong></span> <span class='ocrx_word' id='word_1_321' title='bbox 243 2069 308 2096; x_wconf 89' lang='lat' dir='ltr'><strong>nihil</strong></span> <span class='ocrx_word' id='word_1_322' title='bbox 328 2068 400 2095; x_wconf 81' lang='lat' dir='ltr'><strong>vellit</strong></span> <span class='ocrx_word' id='word_1_323' title='bbox 424 2076 473 2103; x_wconf 85' lang='lat' dir='ltr'><strong>per</strong></span> <span class='ocrx_word' id='word_1_324' title='bbox 493 2068 646 2102; x_wconf 82' lang='lat' dir='ltr'><strong>allegoriam</strong></span> <span class='ocrx_word' id='word_1_325' title='bbox 671 2068 873 2102; x_wconf 83' lang='lat' dir='ltr'><strong>explicaremus,</strong></span> <span class='ocrx_word' id='word_1_326' title='bbox 898 2069 948 2096; x_wconf 85' lang='lat' dir='ltr'><strong>nisi</strong></span> 
     </span>
    </p>
   </div>
   <div class='ocr_carea' id='block_1_43' title="bbox 160 2114 946 2149">
    <p class='ocr_par' dir='ltr' id='par_1_43' title="bbox 160 2114 946 2149">
     <span class='ocr_line' id='line_1_43' title="bbox 160 2114 946 2149; baseline 0 -7"><span class='ocrx_word' id='word_1_327' title='bbox 160 2115 255 2142; x_wconf 82' lang='lat' dir='ltr'><strong>Paulus</strong></span> <span class='ocrx_word' id='word_1_328' title='bbox 275 2114 351 2142; x_wconf 89' lang='lat' dir='ltr'><strong>nobis</strong></span> <span class='ocrx_word' id='word_1_329' title='bbox 366 2121 457 2141; x_wconf 88' lang='lat' dir='ltr'><strong>ansam</strong></span> <span class='ocrx_word' id='word_1_330' title='bbox 473 2114 604 2149; x_wconf 80' lang='lat' dir='ltr'><strong>praeberet</strong></span> <span class='ocrx_word' id='word_1_331' title='bbox 625 2122 631 2140; x_wconf 87' lang='lat'><strong>:</strong></span> <span class='ocrx_word' id='word_1_332' title='bbox 653 2119 682 2141; x_wconf 88' lang='lat' dir='ltr'><strong>et</strong></span> <span class='ocrx_word' id='word_1_333' title='bbox 704 2114 754 2142; x_wconf 92' lang='lat' dir='ltr'><strong>nisi</strong></span> <span class='ocrx_word' id='word_1_334' title='bbox 777 2114 873 2142; x_wconf 79' lang='lat' dir='ltr'><strong>Paulus</strong></span> <span class='ocrx_word' id='word_1_335' title='bbox 894 2115 946 2142; x_wconf 88' lang='lat' dir='ltr'><strong>vim</strong></span> 
     </span>
    </p>
   </div>
   <div class='ocr_carea' id='block_1_44' title="bbox 159 2160 946 2195">
    <p class='ocr_par' dir='ltr' id='par_1_44' title="bbox 159 2160 946 2195">
     <span class='ocr_line' id='line_1_44' title="bbox 159 2160 946 2195; baseline 0 -8"><span class='ocrx_word' id='word_1_336' title='bbox 159 2161 229 2187; x_wconf 91' lang='lat' dir='ltr'><strong>illam</strong></span> <span class='ocrx_word' id='word_1_337' title='bbox 243 2161 354 2195; x_wconf 68' lang='lat' dir='ltr'><strong>justitia:</strong></span> <span class='ocrx_word' id='word_1_338' title='bbox 372 2160 449 2187; x_wconf 89' lang='lat' dir='ltr'><strong>nobis</strong></span> <span class='ocrx_word' id='word_1_339' title='bbox 463 2160 633 2194; x_wconf 81' lang='lat' dir='ltr'><strong>explicasset,</strong></span> <span class='ocrx_word' id='word_1_340' title='bbox 649 2167 697 2187; x_wconf 92' lang='lat' dir='ltr'><strong>nos</strong></span> <span class='ocrx_word' id='word_1_341' title='bbox 718 2167 782 2188; x_wconf 86' lang='lat' dir='ltr'><strong>sane</strong></span> <span class='ocrx_word' id='word_1_342' title='bbox 795 2160 852 2188; x_wconf 71' lang='lat' dir='ltr'><strong>haec</strong></span> <span class='ocrx_word' id='word_1_343' title='bbox 867 2168 946 2188; x_wconf 84' lang='lat' dir='ltr'><strong>nutu-</strong></span> 
     </span>
    </p>
   </div>
   <div class='ocr_carea' id='block_1_45' title="bbox 159 2205 947 2241">
    <p class='ocr_par' dir='ltr' id='par_1_45' title="bbox 159 2205 947 2241">
     <span class='ocr_line' id='line_1_45' title="bbox 159 2205 947 2241; baseline 0.001 -8"><span class='ocrx_word' id='word_1_344' title='bbox 159 2214 236 2241; x_wconf 86' lang='lat' dir='ltr'><strong>quam</strong></span> <span class='ocrx_word' id='word_1_345' title='bbox 250 2207 355 2241; x_wconf 86' lang='lat' dir='ltr'><strong>assequi</strong></span> <span class='ocrx_word' id='word_1_346' title='bbox 369 2206 557 2240; x_wconf 85' lang='lat' dir='ltr'><strong>potuissemus.</strong></span> <span class='ocrx_word' id='word_1_347' title='bbox 567 2205 642 2233; x_wconf 85' lang='lat' dir='ltr'><strong>llanc</strong></span> <span class='ocrx_word' id='word_1_348' title='bbox 652 2207 686 2234; x_wconf 91' lang='lat' dir='ltr'><strong>ob</strong></span> <span class='ocrx_word' id='word_1_349' title='bbox 696 2214 752 2234; x_wconf 87' lang='lat' dir='ltr'><strong>rem</strong></span> <span class='ocrx_word' id='word_1_350' title='bbox 764 2207 862 2234; x_wconf 85' lang='lat' dir='ltr'><strong>Paulus</strong></span> <span class='ocrx_word' id='word_1_351' title='bbox 876 2207 947 2234; x_wconf 85' lang='lat' dir='ltr'><strong>hunc</strong></span> 
     </span>
    </p>
   </div>
   <div class='ocr_carea' id='block_1_46' title="bbox 158 2250 945 2286">
    <p class='ocr_par' dir='ltr' id='par_1_46' title="bbox 158 2250 945 2286">
     <span class='ocr_line' id='line_1_46' title="bbox 158 2250 945 2286; baseline 0.001 -8"><span class='ocrx_word' id='word_1_352' title='bbox 158 2251 323 2278; x_wconf 88' lang='lat' dir='ltr'><strong>sacerdotem</strong></span> <span class='ocrx_word' id='word_1_353' title='bbox 337 2250 436 2278; x_wconf 86' lang='lat' dir='ltr'><strong>Christi</strong></span> <span class='ocrx_word' id='word_1_354' title='bbox 452 2251 560 2286; x_wconf 86' lang='lat' dir='ltr'><strong>ﬁguram</strong></span> <span class='ocrx_word' id='word_1_355' title='bbox 581 2251 715 2286; x_wconf 89' lang='lat' dir='ltr'><strong>proponit,</strong></span> <span class='ocrx_word' id='word_1_356' title='bbox 738 2257 766 2279; x_wconf 85' lang='lat' dir='ltr'><strong>et</strong></span> <span class='ocrx_word' id='word_1_357' title='bbox 784 2251 822 2279; x_wconf 86' lang='lat' dir='ltr'><strong>ait</strong></span> <span class='ocrx_word' id='word_1_358' title='bbox 837 2260 844 2278; x_wconf 89' lang='lat'><strong>:</strong></span> <span class='ocrx_word' id='word_1_359' title='bbox 864 2261 873 2277; x_wconf 85' lang='grc'><strong>‹</strong></span> <span class='ocrx_word' id='word_1_360' title='bbox 888 2252 945 2279; x_wconf 88' lang='lat' dir='ltr'><strong>Non</strong></span> 
     </span>
    </p>
   </div>
   <div class='ocr_carea' id='block_1_47' title="bbox 158 2297 946 2330">
    <p class='ocr_par' dir='ltr' id='par_1_47' title="bbox 158 2297 946 2330">
     <span class='ocr_line' id='line_1_47' title="bbox 158 2297 946 2330; baseline 0 -6"><span class='ocrx_word' id='word_1_361' title='bbox 158 2298 227 2324; x_wconf 90' lang='lat' dir='ltr'><strong>enim</strong></span> <span class='ocrx_word' id='word_1_362' title='bbox 250 2298 275 2324; x_wconf 92' lang='lat' dir='ltr'><strong>in</strong></span> <span class='ocrx_word' id='word_1_363' title='bbox 295 2302 386 2324; x_wconf 67' lang='lat' dir='ltr'><strong>structa</strong></span> <span class='ocrx_word' id='word_1_364' title='bbox 408 2297 556 2324; x_wconf 85' lang='lat' dir='ltr'><strong>manufacta</strong></span> <span class='ocrx_word' id='word_1_365' title='bbox 575 2298 692 2324; x_wconf 83' lang='lat' dir='ltr'><strong>introivit</strong></span> <span class='ocrx_word' id='word_1_366' title='bbox 707 2297 839 2330; x_wconf 87' lang='lat' dir='ltr'><strong>Christus,</strong></span> <span class='ocrx_word' id='word_1_367' title='bbox 856 2305 946 2326; x_wconf 80' lang='lat' dir='ltr'><strong>exem-</strong></span> 
     </span>
    </p>
   </div>
   <div class='ocr_carea' id='block_1_48' title="bbox 159 2343 947 2378">
    <p class='ocr_par' dir='ltr' id='par_1_48' title="bbox 159 2343 947 2378">
     <span class='ocr_line' id='line_1_48' title="bbox 159 2343 947 2378; baseline 0 -8"><span class='ocrx_word' id='word_1_368' title='bbox 159 2343 238 2378; x_wconf 89' lang='lat' dir='ltr'><strong>plaria</strong></span> <span class='ocrx_word' id='word_1_369' title='bbox 261 2349 395 2376; x_wconf 81' lang='lat' dir='ltr'><strong>verorum,</strong></span> <span class='ocrx_word' id='word_1_370' title='bbox 415 2343 461 2370; x_wconf 87' lang='lat' dir='ltr'><strong>sed</strong></span> <span class='ocrx_word' id='word_1_371' title='bbox 485 2343 511 2370; x_wconf 91' lang='lat' dir='ltr'><strong>in</strong></span> <span class='ocrx_word' id='word_1_372' title='bbox 533 2343 619 2378; x_wconf 85' lang='lat' dir='ltr'><strong>ipsum</strong></span> <span class='ocrx_word' id='word_1_373' title='bbox 641 2343 746 2375; x_wconf 74' lang='lat' dir='ltr'><strong>&#39;ca-lum,</strong></span> <span class='ocrx_word' id='word_1_374' title='bbox 768 2347 797 2370; x_wconf 89' lang='lat' dir='ltr'><strong>ut</strong></span> <span class='ocrx_word' id='word_1_375' title='bbox 820 2348 947 2378; x_wconf 85' lang='lat' dir='ltr'><strong>appareat</strong></span> 
     </span>
    </p>
   </div>
   <div class='ocr_carea' id='block_1_49' title="bbox 158 2388 947 2424">
    <p class='ocr_par' dir='ltr' id='par_1_49' title="bbox 158 2388 947 2424">
     <span class='ocr_line' id='line_1_49' title="bbox 158 2388 947 2424; baseline 0 -8"><span class='ocrx_word' id='word_1_376' title='bbox 158 2397 228 2417; x_wconf 86' lang='lat' dir='ltr'><strong>nunc</strong></span> <span class='ocrx_word' id='word_1_377' title='bbox 243 2389 326 2416; x_wconf 90' lang='lat' dir='ltr'><strong>vultui</strong></span> <span class='ocrx_word' id='word_1_378' title='bbox 347 2389 394 2416; x_wconf 84' lang='lat' dir='ltr'><strong>Dei</strong></span> <span class='ocrx_word' id='word_1_379' title='bbox 417 2396 465 2424; x_wconf 90' lang='lat' dir='ltr'><strong>pro</strong></span> <span class='ocrx_word' id='word_1_380' title='bbox 487 2389 563 2416; x_wconf 91' lang='lat' dir='ltr'><strong>nobis</strong></span> <span class='ocrx_word' id='word_1_381' title='bbox 578 2397 588 2414; x_wconf 75' lang='grc' dir='ltr'><strong><em>ι</em></strong></span> <span class='ocrx_word' id='word_1_382' title='bbox 615 2388 705 2423; x_wconf 81' lang='lat' dir='ltr'><strong>(Hebr.</strong></span> <span class='ocrx_word' id='word_1_383' title='bbox 726 2389 753 2416; x_wconf 87' lang='lat'><strong>9.</strong></span> <span class='ocrx_word' id='word_1_384' title='bbox 777 2389 835 2422; x_wconf 74' lang='grc'><strong>21).</strong></span> <span class='ocrx_word' id='word_1_385' title='bbox 860 2390 947 2424; x_wconf 81' lang='lat' dir='ltr'><strong>Atque</strong></span> 
     </span>
    </p>
   </div>
   <div class='ocr_carea' id='block_1_50' title="bbox 157 2433 944 2468">
    <p class='ocr_par' dir='ltr' id='par_1_50' title="bbox 157 2433 944 2468">
     <span class='ocr_line' id='line_1_50' title="bbox 157 2433 944 2468; baseline -0.001 -7"><span class='ocrx_word' id='word_1_386' title='bbox 157 2434 214 2462; x_wconf 65' lang='lat' dir='ltr'><strong>haec</strong></span> <span class='ocrx_word' id='word_1_387' title='bbox 227 2434 334 2468; x_wconf 88' lang='lat' dir='ltr'><strong>quidem</strong></span> <span class='ocrx_word' id='word_1_388' title='bbox 355 2441 398 2461; x_wconf 88' lang='lat' dir='ltr'><strong>res</strong></span> <span class='ocrx_word' id='word_1_389' title='bbox 420 2434 547 2468; x_wconf 79' lang='lat' dir='ltr'><strong>seditioni</strong></span> <span class='ocrx_word' id='word_1_390' title='bbox 561 2434 630 2461; x_wconf 89' lang='lat' dir='ltr'><strong>inter</strong></span> <span class='ocrx_word' id='word_1_391' title='bbox 650 2433 759 2461; x_wconf 64' lang='lat' dir='ltr'><strong>Judaros</strong></span> <span class='ocrx_word' id='word_1_392' title='bbox 777 2434 944 2461; x_wconf 87' lang='lat' dir='ltr'><strong>occasionem</strong></span> 
     </span>
    </p>
   </div>
   <div class='ocr_carea' id='block_1_51' title="bbox 158 2479 946 2515">
    <p class='ocr_par' dir='ltr' id='par_1_51' title="bbox 158 2479 946 2515">
     <span class='ocr_line' id='line_1_51' title="bbox 158 2479 946 2515; baseline -0.003 -7"><span class='ocrx_word' id='word_1_393' title='bbox 158 2481 300 2515; x_wconf 59' lang='lat' dir='ltr'><strong>praebebat,</strong></span> <span class='ocrx_word' id='word_1_394' title='bbox 317 2481 353 2508; x_wconf 87' lang='lat' dir='ltr'><strong>ita</strong></span> <span class='ocrx_word' id='word_1_395' title='bbox 367 2485 394 2507; x_wconf 92' lang='lat' dir='ltr'><strong>ut</strong></span> <span class='ocrx_word' id='word_1_396' title='bbox 407 2480 440 2507; x_wconf 90' lang='lat' dir='ltr'><strong>de</strong></span> <span class='ocrx_word' id='word_1_397' title='bbox 453 2481 578 2508; x_wconf 83' lang='lat' dir='ltr'><strong>inusitata</strong></span> <span class='ocrx_word' id='word_1_398' title='bbox 592 2479 662 2506; x_wconf 88' lang='lat' dir='ltr'><strong>inter</strong></span> <span class='ocrx_word' id='word_1_399' title='bbox 677 2487 706 2508; x_wconf 88' lang='lat' dir='ltr'><strong>se</strong></span> <span class='ocrx_word' id='word_1_400' title='bbox 720 2480 868 2514; x_wconf 77' lang='lat' dir='ltr'><strong>qumstione</strong></span> <span class='ocrx_word' id='word_1_401' title='bbox 882 2488 946 2507; x_wconf 90' lang='lat' dir='ltr'><strong>con-</strong></span> 
     </span>
    </p>
   </div>
   <div class='ocr_carea' id='block_1_52' title="bbox 157 2527 944 2562">
    <p class='ocr_par' dir='ltr' id='par_1_52' title="bbox 157 2527 944 2562">
     <span class='ocr_line' id='line_1_52' title="bbox 157 2527 944 2562; baseline -0.003 -7"><span class='ocrx_word' id='word_1_402' title='bbox 157 2528 305 2555; x_wconf 88' lang='lat' dir='ltr'><strong>tenderent.</strong></span> <span class='ocrx_word' id='word_1_403' title='bbox 322 2527 387 2554; x_wconf 91' lang='lat' dir='ltr'><strong>Cum</strong></span> <span class='ocrx_word' id='word_1_404' title='bbox 403 2527 474 2554; x_wconf 89' lang='lat' dir='ltr'><strong>enim</strong></span> <span class='ocrx_word' id='word_1_405' title='bbox 489 2527 601 2562; x_wconf 86' lang='lat' dir='ltr'><strong>apostoli</strong></span> <span class='ocrx_word' id='word_1_406' title='bbox 617 2531 790 2559; x_wconf 84' lang='lat' dir='ltr'><strong>servatorem,</strong></span> <span class='ocrx_word' id='word_1_407' title='bbox 803 2531 830 2553; x_wconf 91' lang='lat' dir='ltr'><strong>et</strong></span> <span class='ocrx_word' id='word_1_408' title='bbox 846 2535 944 2562; x_wconf 81' lang='lat' dir='ltr'><strong>regem,</strong></span> 
     </span>
    </p>
   </div>
   <div class='ocr_carea' id='block_1_53' title="bbox 156 2572 944 2607">
    <p class='ocr_par' dir='ltr' id='par_1_53' title="bbox 156 2572 944 2607">
     <span class='ocr_line' id='line_1_53' title="bbox 156 2572 944 2607; baseline -0.003 -6"><span class='ocrx_word' id='word_1_409' title='bbox 156 2578 180 2600; x_wconf 84' lang='lat' dir='ltr'><strong>et</strong></span> <span class='ocrx_word' id='word_1_410' title='bbox 194 2573 370 2605; x_wconf 86' lang='lat' dir='ltr'><strong>sacerdotem,</strong></span> <span class='ocrx_word' id='word_1_411' title='bbox 388 2578 414 2600; x_wconf 87' lang='lat' dir='ltr'><strong>et</strong></span> <span class='ocrx_word' id='word_1_412' title='bbox 428 2573 585 2607; x_wconf 86' lang='lat' dir='ltr'><strong>prophetam</strong></span> <span class='ocrx_word' id='word_1_413' title='bbox 598 2572 785 2607; x_wconf 64' lang='lat' dir='ltr'><strong>praedicarent,</strong></span> <span class='ocrx_word' id='word_1_414' title='bbox 802 2572 887 2600; x_wconf 67' lang='lat' dir='ltr'><strong>Judwi</strong></span> <span class='ocrx_word' id='word_1_415' title='bbox 901 2573 944 2600; x_wconf 82' lang='lat' dir='ltr'><strong>in—</strong></span> 
     </span>
    </p>
   </div>
   <div class='ocr_carea' id='block_1_54' title="bbox 157 2618 945 2652">
    <p class='ocr_par' dir='ltr' id='par_1_54' title="bbox 157 2618 945 2652">
     <span class='ocr_line' id='line_1_54' title="bbox 157 2618 945 2652; baseline 0.001 -8"><span class='ocrx_word' id='word_1_416' title='bbox 157 2623 197 2645; x_wconf 87' lang='lat' dir='ltr'><strong>ter</strong></span> <span class='ocrx_word' id='word_1_417' title='bbox 211 2626 240 2645; x_wconf 83' lang='lat' dir='ltr'><strong>se</strong></span> <span class='ocrx_word' id='word_1_418' title='bbox 255 2618 462 2650; x_wconf 83' lang='lat' dir='ltr'><strong>contendebant,</strong></span> <span class='ocrx_word' id='word_1_419' title='bbox 484 2618 571 2645; x_wconf 85' lang='lat' dir='ltr'><strong>allatis</strong></span> <span class='ocrx_word' id='word_1_420' title='bbox 590 2618 616 2644; x_wconf 94' lang='lat' dir='ltr'><strong>in</strong></span> <span class='ocrx_word' id='word_1_421' title='bbox 636 2618 752 2645; x_wconf 86' lang='lat' dir='ltr'><strong>medium</strong></span> <span class='ocrx_word' id='word_1_422' title='bbox 774 2618 816 2650; x_wconf 88' lang='lat' dir='ltr'><strong>iis,</strong></span> <span class='ocrx_word' id='word_1_423' title='bbox 839 2626 899 2652; x_wconf 77' lang='lat' dir='ltr'><strong>qua:</strong></span> <span class='ocrx_word' id='word_1_424' title='bbox 919 2618 945 2645; x_wconf 90' lang='lat' dir='ltr'><strong>in</strong></span> 
     </span>
    </p>
   </div>
   <div class='ocr_carea' id='block_1_55' title="bbox 156 2663 945 2698">
    <p class='ocr_par' dir='ltr' id='par_1_55' title="bbox 156 2663 945 2698">
     <span class='ocr_line' id='line_1_55' title="bbox 156 2663 945 2698; baseline 0 -8"><span class='ocrx_word' id='word_1_425' title='bbox 156 2663 214 2698; x_wconf 81' lang='lat' dir='ltr'><strong>lege</strong></span> <span class='ocrx_word' id='word_1_426' title='bbox 234 2663 353 2698; x_wconf 90' lang='lat' dir='ltr'><strong>ipsorum</strong></span> <span class='ocrx_word' id='word_1_427' title='bbox 377 2665 474 2698; x_wconf 85' lang='lat' dir='ltr'><strong>scripta</strong></span> <span class='ocrx_word' id='word_1_428' title='bbox 500 2667 586 2690; x_wconf 85' lang='lat' dir='ltr'><strong>erant.</strong></span> <span class='ocrx_word' id='word_1_429' title='bbox 612 2664 679 2696; x_wconf 79' lang='lat' dir='ltr'><strong>Alia,</strong></span> <span class='ocrx_word' id='word_1_430' title='bbox 700 2663 833 2696; x_wconf 87' lang='lat' dir='ltr'><strong>dicebant,</strong></span> <span class='ocrx_word' id='word_1_431' title='bbox 861 2663 945 2691; x_wconf 87' lang='lat' dir='ltr'><strong>tribus</strong></span> 
     </span>
    </p>
   </div>
   <div class='ocr_carea' id='block_1_56' title="bbox 157 2709 944 2744">
    <p class='ocr_par' dir='ltr' id='par_1_56' title="bbox 157 2709 944 2744">
     <span class='ocr_line' id='line_1_56' title="bbox 157 2709 944 2744; baseline 0.001 -9"><span class='ocrx_word' id='word_1_432' title='bbox 157 2711 241 2743; x_wconf 88' lang='lat' dir='ltr'><strong>regni,</strong></span> <span class='ocrx_word' id='word_1_433' title='bbox 253 2713 280 2736; x_wconf 89' lang='lat' dir='ltr'><strong>et</strong></span> <span class='ocrx_word' id='word_1_434' title='bbox 293 2709 343 2736; x_wconf 88' lang='lat' dir='ltr'><strong>alia</strong></span> <span class='ocrx_word' id='word_1_435' title='bbox 355 2709 506 2736; x_wconf 83' lang='lat' dir='ltr'><strong>sacerdotii.</strong></span> <span class='ocrx_word' id='word_1_436' title='bbox 519 2709 766 2744; x_wconf 21' lang='lat' dir='ltr'><strong>Levitica‘quidem,</strong></span> <span class='ocrx_word' id='word_1_437' title='bbox 783 2709 923 2736; x_wconf 87' lang='lat' dir='ltr'><strong>sacerdotii</strong></span> <span class='ocrx_word' id='word_1_438' title='bbox 937 2717 944 2736; x_wconf 91' lang='lat'><strong>:</strong></span> 
     </span>
    </p>
   </div>
   <div class='ocr_carea' id='block_1_57' title="bbox 156 2755 944 2789">
    <p class='ocr_par' dir='ltr' id='par_1_57' title="bbox 156 2755 944 2789">
     <span class='ocr_line' id='line_1_57' title="bbox 156 2755 944 2789; baseline 0 -8"><span class='ocrx_word' id='word_1_439' title='bbox 156 2755 239 2782; x_wconf 84' lang='lat' dir='ltr'><strong>tribus</strong></span> <span class='ocrx_word' id='word_1_440' title='bbox 254 2763 316 2782; x_wconf 90' lang='lat' dir='ltr'><strong>vero</strong></span> <span class='ocrx_word' id='word_1_441' title='bbox 331 2755 410 2788; x_wconf 82' lang='lat' dir='ltr'><strong>Juda,</strong></span> <span class='ocrx_word' id='word_1_442' title='bbox 427 2755 511 2789; x_wconf 80' lang='lat' dir='ltr'><strong>regni.</strong></span> <span class='ocrx_word' id='word_1_443' title='bbox 527 2755 555 2783; x_wconf 89' lang='lat' dir='ltr'><strong>Si</strong></span> <span class='ocrx_word' id='word_1_444' title='bbox 575 2755 655 2789; x_wconf 85' lang='lat' dir='ltr'><strong>igitur</strong></span> <span class='ocrx_word' id='word_1_445' title='bbox 669 2755 791 2781; x_wconf 83' lang='lat' dir='ltr'><strong>Christus</strong></span> <span class='ocrx_word' id='word_1_446' title='bbox 806 2762 863 2786; x_wconf 81' lang='lat' dir='ltr'><strong>rex,</strong></span> <span class='ocrx_word' id='word_1_447' title='bbox 880 2762 944 2789; x_wconf 79' lang='lat' dir='ltr'><strong>ergo</strong></span> 
     </span>
    </p>
   </div>
   <div class='ocr_carea' id='block_1_58' title="bbox 157 2799 942 2833">
    <p class='ocr_par' dir='ltr' id='par_1_58' title="bbox 157 2799 942 2833">
     <span class='ocr_line' id='line_1_58' title="bbox 157 2799 942 2833; baseline -0.001 -7"><span class='ocrx_word' id='word_1_448' title='bbox 157 2808 208 2826; x_wconf 92' lang='lat' dir='ltr'><strong>non</strong></span> <span class='ocrx_word' id='word_1_449' title='bbox 231 2799 358 2827; x_wconf 79' lang='lat' dir='ltr'><strong>sacerdos</strong></span> <span class='ocrx_word' id='word_1_450' title='bbox 381 2808 388 2826; x_wconf 90' lang='lat'>:</span> <span class='ocrx_word' id='word_1_451' title='bbox 409 2799 449 2826; x_wconf 91' lang='lat' dir='ltr'><strong>sin</strong></span> <span class='ocrx_word' id='word_1_452' title='bbox 470 2807 533 2827; x_wconf 92' lang='lat' dir='ltr'><strong>vero</strong></span> <span class='ocrx_word' id='word_1_453' title='bbox 554 2799 691 2830; x_wconf 84' lang='lat' dir='ltr'><strong>sacerdos.</strong></span> <span class='ocrx_word' id='word_1_454' title='bbox 717 2806 780 2833; x_wconf 85' lang='lat' dir='ltr'><strong>ergo</strong></span> <span class='ocrx_word' id='word_1_455' title='bbox 804 2807 856 2825; x_wconf 91' lang='lat' dir='ltr'><strong>non</strong></span> <span class='ocrx_word' id='word_1_456' title='bbox 884 2807 942 2825; x_wconf 81' lang='lat' dir='ltr'><strong>rex.</strong></span> 
     </span>
    </p>
   </div>
   <div class='ocr_carea' id='block_1_59' title="bbox 155 2843 946 2880">
    <p class='ocr_par' dir='ltr' id='par_1_59' title="bbox 155 2843 946 2880">
     <span class='ocr_line' id='line_1_59' title="bbox 155 2843 946 2880; baseline -0.003 -8"><span class='ocrx_word' id='word_1_457' title='bbox 155 2844 292 2873; x_wconf 75' lang='lat' dir='ltr'><strong>Adversus</strong></span> <span class='ocrx_word' id='word_1_458' title='bbox 306 2852 373 2880; x_wconf 88' lang='lat' dir='ltr'><strong>quos</strong></span> <span class='ocrx_word' id='word_1_459' title='bbox 388 2844 487 2872; x_wconf 79' lang='lat' dir='ltr'><strong>Paulus</strong></span> <span class='ocrx_word' id='word_1_460' title='bbox 499 2852 592 2880; x_wconf 80' lang='lat' dir='ltr'><strong>agens,</strong></span> <span class='ocrx_word' id='word_1_461' title='bbox 607 2845 677 2871; x_wconf 91' lang='lat' dir='ltr'><strong>omni</strong></span> <span class='ocrx_word' id='word_1_462' title='bbox 688 2846 810 2872; x_wconf 89' lang='lat' dir='ltr'><strong>oratione</strong></span> <span class='ocrx_word' id='word_1_463' title='bbox 823 2843 856 2870; x_wconf 91' lang='lat' dir='ltr'><strong>ad</strong></span> <span class='ocrx_word' id='word_1_464' title='bbox 870 2851 946 2871; x_wconf 88' lang='lat' dir='ltr'><strong>ever-</strong></span> 
     </span>
    </p>
   </div>
   <div class='ocr_carea' id='block_1_60' title="bbox 156 2890 944 2926">
    <p class='ocr_par' dir='ltr' id='par_1_60' title="bbox 156 2890 944 2926">
     <span class='ocr_line' id='line_1_60' title="bbox 156 2890 944 2926; baseline -0.001 -7"><span class='ocrx_word' id='word_1_465' title='bbox 156 2892 261 2919; x_wconf 80' lang='lat' dir='ltr'><strong>tendam</strong></span> <span class='ocrx_word' id='word_1_466' title='bbox 279 2892 347 2919; x_wconf 81' lang='lat' dir='ltr'><strong>lianc</strong></span> <span class='ocrx_word' id='word_1_467' title='bbox 363 2892 514 2926; x_wconf 83' lang='lat' dir='ltr'><strong>opinionem</strong></span> <span class='ocrx_word' id='word_1_468' title='bbox 529 2895 692 2926; x_wconf 75' lang='lat' dir='ltr'><strong>comparata,</strong></span> <span class='ocrx_word' id='word_1_469' title='bbox 708 2890 744 2918; x_wconf 88' lang='lat' dir='ltr'><strong>ait</strong></span> <span class='ocrx_word' id='word_1_470' title='bbox 758 2899 764 2918; x_wconf 91' lang='lat'>:</span> <span class='ocrx_word' id='word_1_471' title='bbox 780 2890 849 2918; x_wconf 83' lang='lat' dir='ltr'><strong>Num</strong></span> <span class='ocrx_word' id='word_1_472' title='bbox 865 2890 944 2926; x_wconf 74' lang='lat' dir='ltr'><strong>igitur</strong></span> 
     </span>
    </p>
   </div>
   <div class='ocr_carea' id='block_1_61' title="bbox 739 172 1210 202">
    <p class='ocr_par' dir='ltr' id='par_1_61' title="bbox 739 172 1210 202">
     <span class='ocr_line' id='line_1_61' title="bbox 739 172 1210 202; baseline 0 0"><span class='ocrx_word' id='word_1_473' title='bbox 739 173 878 202; x_wconf 69' lang='grc' dir='ltr'><strong>ιιολιιιιΑ</strong></span> <span class='ocrx_word' id='word_1_474' title='bbox 901 172 944 200; x_wconf 83' lang='lat' dir='ltr'><strong>DE</strong></span> <span class='ocrx_word' id='word_1_475' title='bbox 964 172 1210 202; x_wconf 75' lang='lat' dir='ltr'><strong>l.EClSl.ATORE.</strong></span> 
     </span>
    </p>
   </div>
   <div class='ocr_carea' id='block_1_62' title="bbox 1752 179 1803 206">
    <p class='ocr_par' dir='ltr' id='par_1_62' title="bbox 1752 179 1803 206">
     <span class='ocr_line' id='line_1_62' title="bbox 1752 179 1803 206; baseline 0 0"><span class='ocrx_word' id='word_1_476' title='bbox 1752 179 1803 206; x_wconf 69' lang='grc' dir='ltr'><strong>Μ)έί</strong></span> 
     </span>
    </p>
   </div>
   <div class='ocr_carea' id='block_1_63' title="bbox 1014 230 1803 264">
    <p class='ocr_par' dir='ltr' id='par_1_63' title="bbox 1014 230 1803 264">
     <span class='ocr_line' id='line_1_63' title="bbox 1014 230 1803 264; baseline 0.009 -8"><span class='ocrx_word' id='word_1_477' title='bbox 1014 230 1135 258; x_wconf 82' lang='lat' dir='ltr'><strong>Christus</strong></span> <span class='ocrx_word' id='word_1_478' title='bbox 1156 231 1302 259; x_wconf 81' lang='lat' dir='ltr'><strong>secundum</strong></span> <span class='ocrx_word' id='word_1_479' title='bbox 1327 233 1470 260; x_wconf 86' lang='lat' dir='ltr'><strong>sacerdotii</strong></span> <span class='ocrx_word' id='word_1_480' title='bbox 1493 234 1573 261; x_wconf 83' lang='lat' dir='ltr'><strong>vestri</strong></span> <span class='ocrx_word' id='word_1_481' title='bbox 1599 235 1719 262; x_wconf 88' lang='lat' dir='ltr'><strong>ordinem</strong></span> <span class='ocrx_word' id='word_1_482' title='bbox 1745 243 1803 264; x_wconf 81' lang='lat' dir='ltr'><strong>sar—</strong></span> 
     </span>
    </p>
   </div>
   <div class='ocr_carea' id='block_1_64' title="bbox 1012 276 1802 313">
    <p class='ocr_par' dir='ltr' id='par_1_64' title="bbox 1012 276 1802 313">
     <span class='ocr_line' id='line_1_64' title="bbox 1012 276 1802 313; baseline 0.006 -10"><span class='ocrx_word' id='word_1_483' title='bbox 1012 276 1100 304; x_wconf 80' lang='lat' dir='ltr'><strong>rcxit?</strong></span> <span class='ocrx_word' id='word_1_484' title='bbox 1125 277 1202 311; x_wconf 89' lang='lat' dir='ltr'><strong>Apud</strong></span> <span class='ocrx_word' id='word_1_485' title='bbox 1228 285 1276 304; x_wconf 85' lang='lat' dir='ltr'><strong>vos</strong></span> <span class='ocrx_word' id='word_1_486' title='bbox 1303 278 1409 312; x_wconf 89' lang='lat' dir='ltr'><strong>quidem</strong></span> <span class='ocrx_word' id='word_1_487' title='bbox 1434 287 1544 313; x_wconf 77' lang='lat' dir='ltr'><strong>regnum</strong></span> <span class='ocrx_word' id='word_1_488' title='bbox 1573 285 1600 307; x_wconf 89' lang='lat' dir='ltr'><strong>et</strong></span> <span class='ocrx_word' id='word_1_489' title='bbox 1623 280 1802 308; x_wconf 88' lang='lat' dir='ltr'><strong>saccrdotimn</strong></span> 
     </span>
    </p>
   </div>
   <div class='ocr_carea' id='block_1_65' title="bbox 1011 322 1799 360">
    <p class='ocr_par' dir='ltr' id='par_1_65' title="bbox 1011 322 1799 360">
     <span class='ocr_line' id='line_1_65' title="bbox 1011 322 1799 360; baseline 0.008 -12"><span class='ocrx_word' id='word_1_490' title='bbox 1011 322 1134 350; x_wconf 81' lang='lat' dir='ltr'><strong>distincta</strong></span> <span class='ocrx_word' id='word_1_491' title='bbox 1148 327 1210 350; x_wconf 86' lang='lat' dir='ltr'><strong>sunt</strong></span> <span class='ocrx_word' id='word_1_492' title='bbox 1224 331 1231 349; x_wconf 90' lang='lat'><strong>:</strong></span> <span class='ocrx_word' id='word_1_493' title='bbox 1246 323 1272 350; x_wconf 94' lang='lat' dir='ltr'><strong>in</strong></span> <span class='ocrx_word' id='word_1_494' title='bbox 1287 323 1395 351; x_wconf 83' lang='lat' dir='ltr'><strong>Christo</strong></span> <span class='ocrx_word' id='word_1_495' title='bbox 1408 329 1550 360; x_wconf 86' lang='lat' dir='ltr'><strong>utrumque</strong></span> <span class='ocrx_word' id='word_1_496' title='bbox 1563 326 1734 360; x_wconf 74' lang='lat' dir='ltr'><strong>coniunctum</strong></span> <span class='ocrx_word' id='word_1_497' title='bbox 1749 333 1799 354; x_wconf 83' lang='lat' dir='ltr'><strong>est.</strong></span> 
     </span>
    </p>
   </div>
   <div class='ocr_carea' id='block_1_66' title="bbox 1012 367 1801 404">
    <p class='ocr_par' dir='ltr' id='par_1_66' title="bbox 1012 367 1801 404">
     <span class='ocr_line' id='line_1_66' title="bbox 1012 367 1801 404; baseline 0.006 -10"><span class='ocrx_word' id='word_1_498' title='bbox 1012 367 1049 394; x_wconf 89' lang='lat' dir='ltr'><strong>Tu</strong></span> <span class='ocrx_word' id='word_1_499' title='bbox 1064 368 1146 401; x_wconf 89' lang='lat' dir='ltr'><strong>enim,</strong></span> <span class='ocrx_word' id='word_1_500' title='bbox 1162 369 1209 401; x_wconf 83' lang='lat' dir='ltr'><strong>ait,</strong></span> <span class='ocrx_word' id='word_1_501' title='bbox 1224 370 1341 397; x_wconf 78' lang='lat' dir='ltr'><strong>sacerdos</strong></span> <span class='ocrx_word' id='word_1_502' title='bbox 1355 378 1380 397; x_wconf 77' lang='lat' dir='ltr'><strong>es</strong></span> <span class='ocrx_word' id='word_1_503' title='bbox 1393 371 1419 397; x_wconf 86' lang='lat' dir='ltr'><strong>in</strong></span> <span class='ocrx_word' id='word_1_504' title='bbox 1431 376 1563 404; x_wconf 73' lang='lat' dir='ltr'><strong>Meritum,</strong></span> <span class='ocrx_word' id='word_1_505' title='bbox 1577 372 1714 399; x_wconf 77' lang='lat' dir='ltr'><strong>secutidum</strong></span> <span class='ocrx_word' id='word_1_506' title='bbox 1730 373 1801 399; x_wconf 86' lang='lat' dir='ltr'><strong>ordi—</strong></span> 
     </span>
    </p>
   </div>
   <div class='ocr_carea' id='block_1_67' title="bbox 1010 414 1801 452">
    <p class='ocr_par' dir='ltr' id='par_1_67' title="bbox 1010 414 1801 452">
     <span class='ocr_line' id='line_1_67' title="bbox 1010 414 1801 452; baseline 0.005 -11"><span class='ocrx_word' id='word_1_507' title='bbox 1010 423 1066 441; x_wconf 78' lang='lat' dir='ltr'><strong>nem</strong></span> <span class='ocrx_word' id='word_1_508' title='bbox 1079 414 1245 442; x_wconf 75' lang='lat' dir='ltr'><strong>.llelcltisedcc</strong></span> <span class='ocrx_word' id='word_1_509' title='bbox 1265 415 1349 450; x_wconf 74' lang='lat' dir='ltr'><strong>(Psol.</strong></span> <span class='ocrx_word' id='word_1_510' title='bbox 1375 416 1436 444; x_wconf 85' lang='grc'><strong>109.</strong></span> <span class='ocrx_word' id='word_1_511' title='bbox 1460 416 1497 452; x_wconf 71' lang='grc'><strong>4).</strong></span> <span class='ocrx_word' id='word_1_512' title='bbox 1514 416 1605 451; x_wconf 79' lang='lat' dir='ltr'><strong>Itaque</strong></span> <span class='ocrx_word' id='word_1_513' title='bbox 1629 418 1801 446; x_wconf 76' lang='lat' dir='ltr'><strong>ratiot&#39;inatur</strong></span> 
     </span>
    </p>
   </div>
   <div class='ocr_carea' id='block_1_68' title="bbox 1010 461 1798 497">
    <p class='ocr_par' dir='ltr' id='par_1_68' title="bbox 1010 461 1798 497">
     <span class='ocr_line' id='line_1_68' title="bbox 1010 461 1798 497; baseline 0.005 -9"><span class='ocrx_word' id='word_1_514' title='bbox 1010 461 1114 493; x_wconf 88' lang='lat' dir='ltr'><strong>Pattlus,</strong></span> <span class='ocrx_word' id='word_1_515' title='bbox 1132 465 1159 489; x_wconf 87' lang='lat' dir='ltr'><strong>et</strong></span> <span class='ocrx_word' id='word_1_516' title='bbox 1172 462 1209 488; x_wconf 85' lang='lat' dir='ltr'><strong>ait</strong></span> <span class='ocrx_word' id='word_1_517' title='bbox 1231 470 1237 488; x_wconf 96' lang='lat'><strong>:</strong></span> <span class='ocrx_word' id='word_1_518' title='bbox 1261 462 1288 489; x_wconf 92' lang='lat' dir='ltr'><strong>Si</strong></span> <span class='ocrx_word' id='word_1_519' title='bbox 1309 462 1382 490; x_wconf 90' lang='lat' dir='ltr'><strong>enim</strong></span> <span class='ocrx_word' id='word_1_520' title='bbox 1406 463 1520 497; x_wconf 87' lang='lat' dir='ltr'><strong>prinmm</strong></span> <span class='ocrx_word' id='word_1_521' title='bbox 1543 463 1606 490; x_wconf 84' lang='lat' dir='ltr'><strong>illud</strong></span> <span class='ocrx_word' id='word_1_522' title='bbox 1621 464 1798 492; x_wconf 81' lang='lat' dir='ltr'><strong>sacerdotium</strong></span> 
     </span>
    </p>
   </div>
   <div class='ocr_carea' id='block_1_69' title="bbox 1007 508 1799 545">
    <p class='ocr_par' dir='ltr' id='par_1_69' title="bbox 1007 508 1799 545">
     <span class='ocr_line' id='line_1_69' title="bbox 1007 508 1799 545; baseline 0.006 -11"><span class='ocrx_word' id='word_1_523' title='bbox 1007 512 1066 534; x_wconf 88' lang='lat' dir='ltr'><strong>erat</strong></span> <span class='ocrx_word' id='word_1_524' title='bbox 1081 508 1325 543; x_wconf 80' lang='lat' dir='ltr'><strong>irreprchensibilc,</strong></span> <span class='ocrx_word' id='word_1_525' title='bbox 1345 510 1407 544; x_wconf 89' lang='lat' dir='ltr'><strong>quid</strong></span> <span class='ocrx_word' id='word_1_526' title='bbox 1428 510 1568 545; x_wconf 82' lang='lat' dir='ltr'><strong>oportebat</strong></span> <span class='ocrx_word' id='word_1_527' title='bbox 1589 510 1688 543; x_wconf 66' lang='lat' dir='ltr'><strong>dicere,</strong></span> <span class='ocrx_word' id='word_1_528' title='bbox 1703 518 1799 539; x_wconf 88' lang='lat' dir='ltr'><strong>secun-</strong></span> 
     </span>
    </p>
   </div>
   <div class='ocr_carea' id='block_1_70' title="bbox 1007 553 1795 586">
    <p class='ocr_par' dir='ltr' id='par_1_70' title="bbox 1007 553 1795 586">
     <span class='ocr_line' id='line_1_70' title="bbox 1007 553 1795 586; baseline 0.006 -5"><span class='ocrx_word' id='word_1_529' title='bbox 1007 553 1071 581; x_wconf 91' lang='lat' dir='ltr'><strong>dum</strong></span> <span class='ocrx_word' id='word_1_530' title='bbox 1084 555 1206 582; x_wconf 91' lang='lat' dir='ltr'><strong>ordinem</strong></span> <span class='ocrx_word' id='word_1_531' title='bbox 1219 555 1396 584; x_wconf 82' lang='lat' dir='ltr'><strong>Melchisedee</strong></span> <span class='ocrx_word' id='word_1_532' title='bbox 1411 557 1576 584; x_wconf 80' lang='lat' dir='ltr'><strong>sacerdotem</strong></span> <span class='ocrx_word' id='word_1_533' title='bbox 1591 563 1772 586; x_wconf 86' lang='lat' dir='ltr'><strong>surrecturum</strong></span> <span class='ocrx_word' id='word_1_534' title='bbox 1788 567 1795 586; x_wconf 91' lang='lat'><strong><em>:</em></strong></span> 
     </span>
    </p>
   </div>
   <div class='ocr_carea' id='block_1_71' title="bbox 1006 602 1797 632">
    <p class='ocr_par' dir='ltr' id='par_1_71' title="bbox 1006 602 1797 632">
     <span class='ocr_line' id='line_1_71' title="bbox 1006 602 1797 632; baseline 0.004 -4"><span class='ocrx_word' id='word_1_535' title='bbox 1006 606 1034 629; x_wconf 90' lang='lat' dir='ltr'><strong>ct</strong></span> <span class='ocrx_word' id='word_1_536' title='bbox 1047 609 1099 628; x_wconf 92' lang='lat' dir='ltr'><strong>non</strong></span> <span class='ocrx_word' id='word_1_537' title='bbox 1121 602 1267 629; x_wconf 85' lang='lat' dir='ltr'><strong>secundum</strong></span> <span class='ocrx_word' id='word_1_538' title='bbox 1287 603 1409 630; x_wconf 88' lang='lat' dir='ltr'><strong>ordinem</strong></span> <span class='ocrx_word' id='word_1_539' title='bbox 1425 604 1534 631; x_wconf 77' lang='lat' dir='ltr'><strong>Aaron?</strong></span> <span class='ocrx_word' id='word_1_540' title='bbox 1555 604 1654 630; x_wconf 77' lang='lat' dir='ltr'><strong>Etenim</strong></span> <span class='ocrx_word' id='word_1_541' title='bbox 1676 606 1797 632; x_wconf 76' lang='lat' dir='ltr'><strong>ti-anslalo</strong></span> 
     </span>
    </p>
   </div>
   <div class='ocr_carea' id='block_1_72' title="bbox 1006 647 1794 684">
    <p class='ocr_par' dir='ltr' id='par_1_72' title="bbox 1006 647 1794 684">
     <span class='ocr_line' id='line_1_72' title="bbox 1006 647 1794 684; baseline 0.003 -10"><span class='ocrx_word' id='word_1_542' title='bbox 1006 647 1157 679; x_wconf 74' lang='lat' dir='ltr'><strong>sacerdotio,</strong></span> <span class='ocrx_word' id='word_1_543' title='bbox 1171 655 1271 675; x_wconf 75' lang='lat' dir='ltr'><strong>necesse</strong></span> <span class='ocrx_word' id='word_1_544' title='bbox 1284 653 1320 675; x_wconf 78' lang='lat' dir='ltr'><strong>est</strong></span> <span class='ocrx_word' id='word_1_545' title='bbox 1335 653 1362 675; x_wconf 79' lang='lat' dir='ltr'><strong>ut</strong></span> <span class='ocrx_word' id='word_1_546' title='bbox 1374 648 1435 684; x_wconf 71' lang='lat' dir='ltr'><strong>legis</strong></span> <span class='ocrx_word' id='word_1_547' title='bbox 1451 649 1583 676; x_wconf 78' lang='lat' dir='ltr'><strong>translatio</strong></span> <span class='ocrx_word' id='word_1_548' title='bbox 1597 650 1642 683; x_wconf 83' lang='lat' dir='ltr'><strong>[int</strong></span> <span class='ocrx_word' id='word_1_549' title='bbox 1656 649 1747 683; x_wconf 83' lang='lat' dir='ltr'><strong>(Ilebr.</strong></span> <span class='ocrx_word' id='word_1_550' title='bbox 1769 649 1794 676; x_wconf 91' lang='lat'><strong>7.</strong></span> 
     </span>
    </p>
   </div>
   <div class='ocr_carea' id='block_1_73' title="bbox 1006 693 1795 730">
    <p class='ocr_par' dir='ltr' id='par_1_73' title="bbox 1006 693 1795 730">
     <span class='ocr_line' id='line_1_73' title="bbox 1006 693 1795 730; baseline 0.003 -10"><span class='ocrx_word' id='word_1_551' title='bbox 1006 693 1062 728; x_wconf 73' lang='lat'><strong>12).</strong></span> <span class='ocrx_word' id='word_1_552' title='bbox 1078 694 1148 728; x_wconf 76' lang='lat' dir='ltr'><strong>Ergo</strong></span> <span class='ocrx_word' id='word_1_553' title='bbox 1157 694 1282 722; x_wconf 88' lang='lat' dir='ltr'><strong>Servator</strong></span> <span class='ocrx_word' id='word_1_554' title='bbox 1295 699 1386 722; x_wconf 76' lang='lat' dir='ltr'><strong>noster</strong></span> <span class='ocrx_word' id='word_1_555' title='bbox 1398 702 1519 722; x_wconf 85' lang='lat' dir='ltr'><strong>summus</strong></span> <span class='ocrx_word' id='word_1_556' title='bbox 1531 699 1571 722; x_wconf 83' lang='lat' dir='ltr'><strong>est</strong></span> <span class='ocrx_word' id='word_1_557' title='bbox 1586 695 1703 730; x_wconf 83' lang='lat' dir='ltr'><strong>pontifex</strong></span> <span class='ocrx_word' id='word_1_558' title='bbox 1720 704 1727 721; x_wconf 83' lang='lat'><strong>:</strong></span> <span class='ocrx_word' id='word_1_559' title='bbox 1743 703 1795 722; x_wconf 86' lang='lat' dir='ltr'><strong>non</strong></span> 
     </span>
    </p>
   </div>
   <div class='ocr_carea' id='block_1_74' title="bbox 1006 740 1796 776">
    <p class='ocr_par' dir='ltr' id='par_1_74' title="bbox 1006 740 1796 776">
     <span class='ocr_line' id='line_1_74' title="bbox 1006 740 1796 776; baseline 0.001 -9"><span class='ocrx_word' id='word_1_560' title='bbox 1006 740 1110 767; x_wconf 84' lang='lat' dir='ltr'><strong>ratione</strong></span> <span class='ocrx_word' id='word_1_561' title='bbox 1128 741 1275 768; x_wconf 80' lang='lat' dir='ltr'><strong>divinitatis</strong></span> <span class='ocrx_word' id='word_1_562' title='bbox 1297 749 1363 773; x_wconf 67' lang='lat' dir='ltr'><strong>suat,</strong></span> <span class='ocrx_word' id='word_1_563' title='bbox 1384 741 1429 769; x_wconf 88' lang='lat' dir='ltr'><strong>sed</strong></span> <span class='ocrx_word' id='word_1_564' title='bbox 1449 741 1484 768; x_wconf 88' lang='lat' dir='ltr'><strong>ob</strong></span> <span class='ocrx_word' id='word_1_565' title='bbox 1507 741 1617 776; x_wconf 86' lang='lat' dir='ltr'><strong>ﬁguram</strong></span> <span class='ocrx_word' id='word_1_566' title='bbox 1638 742 1727 769; x_wconf 84' lang='lat' dir='ltr'><strong>carnis</strong></span> <span class='ocrx_word' id='word_1_567' title='bbox 1745 750 1753 768; x_wconf 87' lang='lat'><strong><em>:</em></strong></span> <span class='ocrx_word' id='word_1_568' title='bbox 1771 743 1796 768; x_wconf 94' lang='lat' dir='ltr'><strong>in</strong></span> 
     </span>
    </p>
   </div>
   <div class='ocr_carea' id='block_1_75' title="bbox 1005 787 1797 822">
    <p class='ocr_par' dir='ltr' id='par_1_75' title="bbox 1005 787 1797 822">
     <span class='ocr_line' id='line_1_75' title="bbox 1005 787 1797 822; baseline 0.004 -10"><span class='ocrx_word' id='word_1_569' title='bbox 1005 787 1127 820; x_wconf 87' lang='lat' dir='ltr'><strong>supernis</strong></span> <span class='ocrx_word' id='word_1_570' title='bbox 1141 787 1175 814; x_wconf 89' lang='lat' dir='ltr'><strong>ad</strong></span> <span class='ocrx_word' id='word_1_571' title='bbox 1190 787 1327 815; x_wconf 79' lang='lat' dir='ltr'><strong>dexteram</strong></span> <span class='ocrx_word' id='word_1_572' title='bbox 1341 788 1387 814; x_wconf 87' lang='lat' dir='ltr'><strong>Dei</strong></span> <span class='ocrx_word' id='word_1_573' title='bbox 1402 787 1545 815; x_wconf 46' lang='lat' dir='ltr'><strong>Cons-ideas</strong></span> <span class='ocrx_word' id='word_1_574' title='bbox 1561 793 1669 822; x_wconf 81' lang='lat' dir='ltr'><strong>propter</strong></span> <span class='ocrx_word' id='word_1_575' title='bbox 1687 795 1746 819; x_wconf 86' lang='lat' dir='ltr'><strong>nos,</strong></span> <span class='ocrx_word' id='word_1_576' title='bbox 1771 793 1797 815; x_wconf 87' lang='lat' dir='ltr'><strong>et</strong></span> 
     </span>
    </p>
   </div>
   <div class='ocr_carea' id='block_1_76' title="bbox 1004 832 1796 866">
    <p class='ocr_par' dir='ltr' id='par_1_76' title="bbox 1004 832 1796 866">
     <span class='ocr_line' id='line_1_76' title="bbox 1004 832 1796 866; baseline 0.003 -8"><span class='ocrx_word' id='word_1_577' title='bbox 1004 838 1125 859; x_wconf 86' lang='lat' dir='ltr'><strong>summus</strong></span> <span class='ocrx_word' id='word_1_578' title='bbox 1148 832 1283 866; x_wconf 74' lang='lat' dir='ltr'><strong>pontifex,</strong></span> <span class='ocrx_word' id='word_1_579' title='bbox 1310 832 1453 860; x_wconf 83' lang='lat' dir='ltr'><strong>secundum</strong></span> <span class='ocrx_word' id='word_1_580' title='bbox 1478 833 1596 860; x_wconf 86' lang='lat' dir='ltr'><strong>ordinem</strong></span> <span class='ocrx_word' id='word_1_581' title='bbox 1621 833 1796 861; x_wconf 69' lang='lat' dir='ltr'><strong>llelchiscdrc</strong></span> 
     </span>
    </p>
   </div>
   <div class='ocr_carea' id='block_1_77' title="bbox 1006 877 1792 914">
    <p class='ocr_par' dir='ltr' id='par_1_77' title="bbox 1006 877 1792 914">
     <span class='ocr_line' id='line_1_77' title="bbox 1006 877 1792 914; baseline 0.004 -10"><span class='ocrx_word' id='word_1_582' title='bbox 1006 877 1086 913; x_wconf 86' lang='lat' dir='ltr'><strong>(Ibid.</strong></span> <span class='ocrx_word' id='word_1_583' title='bbox 1102 879 1129 906; x_wconf 79' lang='grc'><strong>5.</strong></span> <span class='ocrx_word' id='word_1_584' title='bbox 1149 878 1203 914; x_wconf 83' lang='lat' dir='ltr'><strong>ll).</strong></span> <span class='ocrx_word' id='word_1_585' title='bbox 1229 879 1267 907; x_wconf 87' lang='lat' dir='ltr'><strong>De</strong></span> <span class='ocrx_word' id='word_1_586' title='bbox 1284 886 1338 914; x_wconf 91' lang='lat' dir='ltr'><strong>quo</strong></span> <span class='ocrx_word' id='word_1_587' title='bbox 1359 880 1440 906; x_wconf 87' lang='lat' dir='ltr'><strong>multa</strong></span> <span class='ocrx_word' id='word_1_588' title='bbox 1463 879 1514 906; x_wconf 91' lang='lat' dir='ltr'><strong>dici</strong></span> <span class='ocrx_word' id='word_1_589' title='bbox 1534 884 1651 914; x_wconf 76' lang='lat' dir='ltr'><strong>possent.</strong></span> <span class='ocrx_word' id='word_1_590' title='bbox 1668 880 1715 907; x_wconf 86' lang='lat' dir='ltr'><strong>sed</strong></span> <span class='ocrx_word' id='word_1_591' title='bbox 1740 887 1792 907; x_wconf 83' lang='lat' dir='ltr'><strong>neu</strong></span> 
     </span>
    </p>
   </div>
   <div class='ocr_carea' id='block_1_78' title="bbox 1004 923 1794 960">
    <p class='ocr_par' dir='ltr' id='par_1_78' title="bbox 1004 923 1794 960">
     <span class='ocr_line' id='line_1_78' title="bbox 1004 923 1794 960; baseline 0.003 -10"><span class='ocrx_word' id='word_1_592' title='bbox 1004 928 1066 950; x_wconf 89' lang='lat' dir='ltr'><strong>sunt</strong></span> <span class='ocrx_word' id='word_1_593' title='bbox 1087 923 1164 958; x_wconf 85' lang='lat' dir='ltr'><strong>hujus</strong></span> <span class='ocrx_word' id='word_1_594' title='bbox 1185 924 1245 951; x_wconf 91' lang='lat' dir='ltr'><strong>loci.</strong></span> <span class='ocrx_word' id='word_1_595' title='bbox 1269 924 1394 951; x_wconf 85' lang='lat' dir='ltr'><strong>Animum</strong></span> <span class='ocrx_word' id='word_1_596' title='bbox 1418 924 1525 957; x_wconf 80' lang='lat' dir='ltr'><strong>adhibe,</strong></span> <span class='ocrx_word' id='word_1_597' title='bbox 1543 932 1644 960; x_wconf 73' lang='lat' dir='ltr'><strong>qumso.</strong></span> <span class='ocrx_word' id='word_1_598' title='bbox 1665 926 1746 953; x_wconf 88' lang='lat' dir='ltr'><strong>Erant</strong></span> <span class='ocrx_word' id='word_1_599' title='bbox 1768 926 1794 952; x_wconf 93' lang='lat' dir='ltr'><strong>in</strong></span> 
     </span>
    </p>
   </div>
   <div class='ocr_carea' id='block_1_79' title="bbox 1005 969 1792 1006">
    <p class='ocr_par' dir='ltr' id='par_1_79' title="bbox 1005 969 1792 1006">
     <span class='ocr_line' id='line_1_79' title="bbox 1005 969 1792 1006; baseline 0.004 -11"><span class='ocrx_word' id='word_1_600' title='bbox 1005 969 1062 1004; x_wconf 78' lang='lat' dir='ltr'><strong>lege</strong></span> <span class='ocrx_word' id='word_1_601' title='bbox 1080 970 1162 996; x_wconf 89' lang='lat' dir='ltr'><strong>veteri</strong></span> <span class='ocrx_word' id='word_1_602' title='bbox 1183 969 1404 1002; x_wconf 81' lang='lat' dir='ltr'><strong>holocautomata,</strong></span> <span class='ocrx_word' id='word_1_603' title='bbox 1419 977 1475 998; x_wconf 89' lang='lat' dir='ltr'><strong>erat</strong></span> <span class='ocrx_word' id='word_1_604' title='bbox 1495 971 1651 998; x_wconf 87' lang='lat' dir='ltr'><strong>sacriﬁcium</strong></span> <span class='ocrx_word' id='word_1_605' title='bbox 1668 979 1715 1006; x_wconf 92' lang='lat' dir='ltr'><strong>pro</strong></span> <span class='ocrx_word' id='word_1_606' title='bbox 1731 980 1792 1006; x_wconf 85' lang='lat' dir='ltr'><strong>pec-</strong></span> 
     </span>
    </p>
   </div>
   <div class='ocr_carea' id='block_1_80' title="bbox 1003 1015 1793 1047">
    <p class='ocr_par' dir='ltr' id='par_1_80' title="bbox 1003 1015 1793 1047">
     <span class='ocr_line' id='line_1_80' title="bbox 1003 1015 1793 1047; baseline 0.004 -6"><span class='ocrx_word' id='word_1_607' title='bbox 1003 1020 1074 1047; x_wconf 87' lang='lat' dir='ltr'><strong>cato,</strong></span> <span class='ocrx_word' id='word_1_608' title='bbox 1089 1020 1146 1042; x_wconf 86' lang='lat' dir='ltr'><strong>erat</strong></span> <span class='ocrx_word' id='word_1_609' title='bbox 1156 1015 1255 1044; x_wconf 89' lang='lat' dir='ltr'><strong>oblatio</strong></span> <span class='ocrx_word' id='word_1_610' title='bbox 1270 1024 1277 1043; x_wconf 91' lang='lat'><strong>:</strong></span> <span class='ocrx_word' id='word_1_611' title='bbox 1290 1016 1417 1044; x_wconf 86' lang='lat' dir='ltr'><strong>Servator</strong></span> <span class='ocrx_word' id='word_1_612' title='bbox 1431 1021 1518 1044; x_wconf 86' lang='lat' dir='ltr'><strong>autem</strong></span> <span class='ocrx_word' id='word_1_613' title='bbox 1533 1017 1576 1044; x_wconf 91' lang='lat' dir='ltr'><strong>ubi</strong></span> <span class='ocrx_word' id='word_1_614' title='bbox 1592 1018 1616 1044; x_wconf 92' lang='lat' dir='ltr'><strong>in</strong></span> <span class='ocrx_word' id='word_1_615' title='bbox 1631 1017 1701 1044; x_wconf 87' lang='lat' dir='ltr'><strong>lnmc</strong></span> <span class='ocrx_word' id='word_1_616' title='bbox 1715 1026 1793 1045; x_wconf 82' lang='lat' dir='ltr'><strong>llllln-</strong></span> 
     </span>
    </p>
   </div>
   <div class='ocr_carea' id='block_1_81' title="bbox 1003 1061 1792 1097">
    <p class='ocr_par' dir='ltr' id='par_1_81' title="bbox 1003 1061 1792 1097">
     <span class='ocr_line' id='line_1_81' title="bbox 1003 1061 1792 1097; baseline 0.004 -9"><span class='ocrx_word' id='word_1_617' title='bbox 1003 1061 1066 1088; x_wconf 87' lang='lat' dir='ltr'><strong>dum</strong></span> <span class='ocrx_word' id='word_1_618' title='bbox 1093 1061 1208 1094; x_wconf 79' lang='lat' dir='ltr'><strong>advenit,</strong></span> <span class='ocrx_word' id='word_1_619' title='bbox 1238 1062 1376 1090; x_wconf 69' lang='lat' dir='ltr'><strong>sacriﬁciis</strong></span> <span class='ocrx_word' id='word_1_620' title='bbox 1401 1062 1454 1090; x_wconf 91' lang='lat' dir='ltr'><strong>illis</strong></span> <span class='ocrx_word' id='word_1_621' title='bbox 1477 1063 1574 1097; x_wconf 82' lang='lat' dir='ltr'><strong>ﬁguras</strong></span> <span class='ocrx_word' id='word_1_622' title='bbox 1598 1063 1792 1096; x_wconf 84' lang='lat' dir='ltr'><strong>referentibus,</strong></span> 
     </span>
    </p>
   </div>
   <div class='ocr_carea' id='block_1_82' title="bbox 1004 1107 1794 1142">
    <p class='ocr_par' dir='ltr' id='par_1_82' title="bbox 1004 1107 1794 1142">
     <span class='ocr_line' id='line_1_82' title="bbox 1004 1107 1794 1142; baseline 0.003 -9"><span class='ocrx_word' id='word_1_623' title='bbox 1004 1107 1083 1134; x_wconf 87' lang='lat' dir='ltr'><strong>ﬁnem</strong></span> <span class='ocrx_word' id='word_1_624' title='bbox 1097 1108 1218 1142; x_wconf 84' lang='lat' dir='ltr'><strong>imponit,</strong></span> <span class='ocrx_word' id='word_1_625' title='bbox 1235 1108 1343 1142; x_wconf 88' lang='lat' dir='ltr'><strong>proprio</strong></span> <span class='ocrx_word' id='word_1_626' title='bbox 1357 1115 1406 1135; x_wconf 95' lang='lat' dir='ltr'><strong>suo</strong></span> <span class='ocrx_word' id='word_1_627' title='bbox 1421 1115 1533 1142; x_wconf 88' lang='lat' dir='ltr'><strong>corpore</strong></span> <span class='ocrx_word' id='word_1_628' title='bbox 1548 1116 1596 1142; x_wconf 91' lang='lat' dir='ltr'><strong>pro</strong></span> <span class='ocrx_word' id='word_1_629' title='bbox 1608 1109 1679 1135; x_wconf 91' lang='lat' dir='ltr'><strong>omni</strong></span> <span class='ocrx_word' id='word_1_630' title='bbox 1693 1108 1794 1135; x_wconf 83' lang='lat' dir='ltr'><strong>sacrifi-</strong></span> 
     </span>
    </p>
   </div>
   <div class='ocr_carea' id='block_1_83' title="bbox 1002 1154 1794 1189">
    <p class='ocr_par' dir='ltr' id='par_1_83' title="bbox 1002 1154 1794 1189">
     <span class='ocr_line' id='line_1_83' title="bbox 1002 1154 1794 1189; baseline 0.001 -8"><span class='ocrx_word' id='word_1_631' title='bbox 1002 1155 1045 1181; x_wconf 92' lang='lat' dir='ltr'><strong>cio</strong></span> <span class='ocrx_word' id='word_1_632' title='bbox 1058 1154 1208 1182; x_wconf 88' lang='lat' dir='ltr'><strong>substituto.</strong></span> <span class='ocrx_word' id='word_1_633' title='bbox 1224 1155 1261 1182; x_wconf 84' lang='lat' dir='ltr'><strong>De</strong></span> <span class='ocrx_word' id='word_1_634' title='bbox 1273 1162 1325 1189; x_wconf 92' lang='lat' dir='ltr'><strong>quo</strong></span> <span class='ocrx_word' id='word_1_635' title='bbox 1339 1154 1436 1181; x_wconf 88' lang='lat' dir='ltr'><strong>Paulus</strong></span> <span class='ocrx_word' id='word_1_636' title='bbox 1448 1163 1455 1181; x_wconf 91' lang='lat'><strong>:</strong></span> <span class='ocrx_word' id='word_1_637' title='bbox 1469 1164 1480 1180; x_wconf 72' lang='grc' dir='ltr'><strong><em>ι</em></strong></span> <span class='ocrx_word' id='word_1_638' title='bbox 1493 1154 1524 1182; x_wconf 84' lang='lat' dir='ltr'><strong>Et</strong></span> <span class='ocrx_word' id='word_1_639' title='bbox 1536 1155 1669 1189; x_wconf 80' lang='lat' dir='ltr'><strong>ingressus</strong></span> <span class='ocrx_word' id='word_1_640' title='bbox 1681 1155 1706 1182; x_wconf 94' lang='lat' dir='ltr'><strong>in</strong></span> <span class='ocrx_word' id='word_1_641' title='bbox 1718 1163 1794 1182; x_wconf 91' lang='lat' dir='ltr'><strong>mnu-</strong></span> 
     </span>
    </p>
   </div>
   <div class='ocr_carea' id='block_1_84' title="bbox 1003 1201 1792 1235">
    <p class='ocr_par' dir='ltr' id='par_1_84' title="bbox 1003 1201 1792 1235">
     <span class='ocr_line' id='line_1_84' title="bbox 1003 1201 1792 1235; baseline -0.001 -6"><span class='ocrx_word' id='word_1_642' title='bbox 1003 1201 1077 1235; x_wconf 90' lang='lat' dir='ltr'><strong>dum,</strong></span> <span class='ocrx_word' id='word_1_643' title='bbox 1091 1201 1174 1229; x_wconf 87' lang='lat' dir='ltr'><strong>dicit:</strong></span> <span class='ocrx_word' id='word_1_644' title='bbox 1190 1201 1353 1228; x_wconf 87' lang='lat' dir='ltr'><strong>Sacriﬁcium</strong></span> <span class='ocrx_word' id='word_1_645' title='bbox 1368 1205 1395 1229; x_wconf 86' lang='lat' dir='ltr'><strong>et</strong></span> <span class='ocrx_word' id='word_1_646' title='bbox 1408 1201 1568 1228; x_wconf 88' lang='lat' dir='ltr'><strong>oblationem</strong></span> <span class='ocrx_word' id='word_1_647' title='bbox 1584 1201 1690 1228; x_wconf 82' lang='lat' dir='ltr'><strong>induisti</strong></span> <span class='ocrx_word' id='word_1_648' title='bbox 1708 1210 1715 1228; x_wconf 91' lang='lat'><strong>:</strong></span> <span class='ocrx_word' id='word_1_649' title='bbox 1731 1209 1792 1229; x_wconf 89' lang='lat' dir='ltr'><strong>cor-</strong></span> 
     </span>
    </p>
   </div>
   <div class='ocr_carea' id='block_1_85' title="bbox 1003 1246 1794 1284">
    <p class='ocr_par' dir='ltr' id='par_1_85' title="bbox 1003 1246 1794 1284">
     <span class='ocr_line' id='line_1_85' title="bbox 1003 1246 1794 1284; baseline 0 -11"><span class='ocrx_word' id='word_1_650' title='bbox 1003 1255 1053 1282; x_wconf 88' lang='lat' dir='ltr'><strong>pus</strong></span> <span class='ocrx_word' id='word_1_651' title='bbox 1067 1252 1154 1274; x_wconf 86' lang='lat' dir='ltr'><strong>autem</strong></span> <span class='ocrx_word' id='word_1_652' title='bbox 1172 1247 1267 1282; x_wconf 80' lang='lat' dir='ltr'><strong>aptasti</strong></span> <span class='ocrx_word' id='word_1_653' title='bbox 1289 1246 1353 1273; x_wconf 91' lang='lat' dir='ltr'><strong>mihi</strong></span> <span class='ocrx_word' id='word_1_654' title='bbox 1368 1255 1375 1272; x_wconf 88' lang='lat'>:</span> <span class='ocrx_word' id='word_1_655' title='bbox 1391 1246 1603 1273; x_wconf 84' lang='lat' dir='ltr'><strong>holocautomata</strong></span> <span class='ocrx_word' id='word_1_656' title='bbox 1618 1251 1645 1274; x_wconf 88' lang='lat' dir='ltr'><strong>ct</strong></span> <span class='ocrx_word' id='word_1_657' title='bbox 1663 1254 1711 1281; x_wconf 90' lang='lat' dir='ltr'><strong>pro</strong></span> <span class='ocrx_word' id='word_1_658' title='bbox 1731 1254 1794 1284; x_wconf 76' lang='lat' dir='ltr'><strong>pec-</strong></span> 
     </span>
    </p>
   </div>
   <div class='ocr_carea' id='block_1_86' title="bbox 1003 1291 1794 1327">
    <p class='ocr_par' dir='ltr' id='par_1_86' title="bbox 1003 1291 1794 1327">
     <span class='ocr_line' id='line_1_86' title="bbox 1003 1291 1794 1327; baseline -0.001 -7"><span class='ocrx_word' id='word_1_659' title='bbox 1003 1297 1064 1320; x_wconf 81' lang='lat' dir='ltr'><strong>cato</strong></span> <span class='ocrx_word' id='word_1_660' title='bbox 1084 1301 1137 1320; x_wconf 90' lang='lat' dir='ltr'><strong>non</strong></span> <span class='ocrx_word' id='word_1_661' title='bbox 1151 1292 1301 1327; x_wconf 81' lang='lat' dir='ltr'><strong>postulasti.</strong></span> <span class='ocrx_word' id='word_1_662' title='bbox 1313 1292 1388 1320; x_wconf 86' lang='lat' dir='ltr'><strong>Tunc</strong></span> <span class='ocrx_word' id='word_1_663' title='bbox 1400 1292 1464 1324; x_wconf 85' lang='lat' dir='ltr'><strong>dixi,</strong></span> <span class='ocrx_word' id='word_1_664' title='bbox 1480 1291 1549 1318; x_wconf 80' lang='lat' dir='ltr'><strong>Et-ce</strong></span> <span class='ocrx_word' id='word_1_665' title='bbox 1563 1293 1652 1325; x_wconf 78' lang='lat' dir='ltr'><strong>venio,</strong></span> <span class='ocrx_word' id='word_1_666' title='bbox 1670 1292 1696 1319; x_wconf 91' lang='lat' dir='ltr'><strong>in</strong></span> <span class='ocrx_word' id='word_1_667' title='bbox 1707 1293 1794 1327; x_wconf 76' lang='lat' dir='ltr'><strong>capite</strong></span> 
     </span>
    </p>
   </div>
   <div class='ocr_carea' id='block_1_87' title="bbox 1003 1337 1792 1372">
    <p class='ocr_par' dir='ltr' id='par_1_87' title="bbox 1003 1337 1792 1372">
     <span class='ocr_line' id='line_1_87' title="bbox 1003 1337 1792 1372; baseline 0 -7"><span class='ocrx_word' id='word_1_668' title='bbox 1003 1339 1061 1366; x_wconf 83' lang='lat' dir='ltr'><strong>libri</strong></span> <span class='ocrx_word' id='word_1_669' title='bbox 1076 1339 1202 1372; x_wconf 86' lang='lat' dir='ltr'><strong>scriptum</strong></span> <span class='ocrx_word' id='word_1_670' title='bbox 1216 1343 1256 1365; x_wconf 89' lang='lat' dir='ltr'><strong>cst</strong></span> <span class='ocrx_word' id='word_1_671' title='bbox 1269 1337 1302 1365; x_wconf 88' lang='lat' dir='ltr'><strong>de</strong></span> <span class='ocrx_word' id='word_1_672' title='bbox 1317 1345 1360 1365; x_wconf 84' lang='lat' dir='ltr'><strong>me</strong></span> <span class='ocrx_word' id='word_1_673' title='bbox 1377 1347 1387 1364; x_wconf 73' lang='grc' dir='ltr'><strong><em>ι</em></strong></span> <span class='ocrx_word' id='word_1_674' title='bbox 1403 1337 1494 1372; x_wconf 73' lang='lat' dir='ltr'><strong>(Hebr.</strong></span> <span class='ocrx_word' id='word_1_675' title='bbox 1510 1337 1553 1365; x_wconf 87' lang='grc'><strong>10.</strong></span> <span class='ocrx_word' id='word_1_676' title='bbox 1568 1338 1642 1369; x_wconf 79' lang='lat'><strong>5.-7;</strong></span> <span class='ocrx_word' id='word_1_677' title='bbox 1659 1337 1732 1365; x_wconf 78' lang='lat' dir='ltr'><strong>Psal.</strong></span> <span class='ocrx_word' id='word_1_678' title='bbox 1748 1338 1792 1365; x_wconf 80' lang='lat'><strong>59.</strong></span> 
     </span>
    </p>
   </div>
   <div class='ocr_carea' id='block_1_88' title="bbox 1004 1383 1792 1421">
    <p class='ocr_par' dir='ltr' id='par_1_88' title="bbox 1004 1383 1792 1421">
     <span class='ocr_line' id='line_1_88' title="bbox 1004 1383 1792 1421; baseline -0.001 -10"><span class='ocrx_word' id='word_1_679' title='bbox 1004 1385 1029 1412; x_wconf 86' lang='lat'><strong>7.</strong></span> <span class='ocrx_word' id='word_1_680' title='bbox 1042 1385 1080 1421; x_wconf 89' lang='lat'><strong>8).</strong></span> <span class='ocrx_word' id='word_1_681' title='bbox 1092 1385 1188 1412; x_wconf 87' lang='lat' dir='ltr'><strong>Paulus</strong></span> <span class='ocrx_word' id='word_1_682' title='bbox 1199 1392 1263 1419; x_wconf 84' lang='lat' dir='ltr'><strong>ergo</strong></span> <span class='ocrx_word' id='word_1_683' title='bbox 1273 1391 1331 1411; x_wconf 88' lang='lat' dir='ltr'><strong>cum</strong></span> <span class='ocrx_word' id='word_1_684' title='bbox 1347 1383 1380 1411; x_wconf 90' lang='lat' dir='ltr'><strong>dc</strong></span> <span class='ocrx_word' id='word_1_685' title='bbox 1391 1383 1545 1418; x_wconf 86' lang='lat' dir='ltr'><strong>prophetico</strong></span> <span class='ocrx_word' id='word_1_686' title='bbox 1555 1391 1663 1411; x_wconf 86' lang='lat' dir='ltr'><strong>munere</strong></span> <span class='ocrx_word' id='word_1_687' title='bbox 1674 1383 1792 1414; x_wconf 81' lang='lat' dir='ltr'><strong>dixisset.</strong></span> 
     </span>
    </p>
   </div>
   <div class='ocr_carea' id='block_1_89' title="bbox 1003 1428 1792 1465">
    <p class='ocr_par' dir='ltr' id='par_1_89' title="bbox 1003 1428 1792 1465">
     <span class='ocr_line' id='line_1_89' title="bbox 1003 1428 1792 1465; baseline -0.003 -7"><span class='ocrx_word' id='word_1_688' title='bbox 1003 1439 1053 1459; x_wconf 87' lang='lat' dir='ltr'><strong>nec</strong></span> <span class='ocrx_word' id='word_1_689' title='bbox 1067 1439 1119 1458; x_wconf 93' lang='lat' dir='ltr'><strong>non</strong></span> <span class='ocrx_word' id='word_1_690' title='bbox 1134 1430 1196 1457; x_wconf 92' lang='lat' dir='ltr'><strong>illud</strong></span> <span class='ocrx_word' id='word_1_691' title='bbox 1210 1437 1325 1465; x_wconf 85' lang='lat' dir='ltr'><strong>quoque,</strong></span> <span class='ocrx_word' id='word_1_692' title='bbox 1340 1429 1406 1456; x_wconf 89' lang='lat' dir='ltr'><strong>Cum</strong></span> <span class='ocrx_word' id='word_1_693' title='bbox 1420 1429 1577 1457; x_wconf 83' lang='lat' dir='ltr'><strong>sacriﬁcium</strong></span> <span class='ocrx_word' id='word_1_694' title='bbox 1593 1434 1619 1456; x_wconf 90' lang='lat' dir='ltr'><strong>et</strong></span> <span class='ocrx_word' id='word_1_695' title='bbox 1633 1428 1792 1456; x_wconf 86' lang='lat' dir='ltr'><strong>oblationem</strong></span> 
     </span>
    </p>
   </div>
   <div class='ocr_carea' id='block_1_90' title="bbox 1002 1474 1792 1512">
    <p class='ocr_par' dir='ltr' id='par_1_90' title="bbox 1002 1474 1792 1512">
     <span class='ocr_line' id='line_1_90' title="bbox 1002 1474 1792 1512; baseline -0.004 -8"><span class='ocrx_word' id='word_1_696' title='bbox 1002 1483 1029 1504; x_wconf 91' lang='lat' dir='ltr'><strong>et</strong></span> <span class='ocrx_word' id='word_1_697' title='bbox 1043 1485 1091 1512; x_wconf 91' lang='lat' dir='ltr'><strong>pro</strong></span> <span class='ocrx_word' id='word_1_698' title='bbox 1105 1480 1213 1512; x_wconf 84' lang='lat' dir='ltr'><strong>peccato</strong></span> <span class='ocrx_word' id='word_1_699' title='bbox 1226 1476 1405 1510; x_wconf 79' lang='lat' dir='ltr'><strong>repudiasses,</strong></span> <span class='ocrx_word' id='word_1_700' title='bbox 1428 1479 1490 1502; x_wconf 90' lang='lat' dir='ltr'><strong>tunc</strong></span> <span class='ocrx_word' id='word_1_701' title='bbox 1511 1474 1576 1508; x_wconf 86' lang='lat' dir='ltr'><strong>dixi,</strong></span> <span class='ocrx_word' id='word_1_702' title='bbox 1600 1474 1670 1501; x_wconf 79' lang='lat' dir='ltr'><strong>Ecce</strong></span> <span class='ocrx_word' id='word_1_703' title='bbox 1688 1475 1766 1501; x_wconf 86' lang='lat' dir='ltr'><strong>venio</strong></span> <span class='ocrx_word' id='word_1_704' title='bbox 1785 1484 1792 1501; x_wconf 89' lang='lat'><strong><em>:</em></strong></span> 
     </span>
    </p>
   </div>
   <div class='ocr_carea' id='block_1_91' title="bbox 1005 1521 1792 1557">
    <p class='ocr_par' dir='ltr' id='par_1_91' title="bbox 1005 1521 1792 1557">
     <span class='ocr_line' id='line_1_91' title="bbox 1005 1521 1792 1557; baseline -0.005 -6"><span class='ocrx_word' id='word_1_705' title='bbox 1005 1524 1073 1551; x_wconf 86' lang='lat' dir='ltr'><strong>tollit</strong></span> <span class='ocrx_word' id='word_1_706' title='bbox 1088 1524 1212 1557; x_wconf 89' lang='lat' dir='ltr'><strong>primum,</strong></span> <span class='ocrx_word' id='word_1_707' title='bbox 1230 1527 1259 1549; x_wconf 88' lang='lat' dir='ltr'><strong>ut</strong></span> <span class='ocrx_word' id='word_1_708' title='bbox 1276 1521 1423 1549; x_wconf 87' lang='lat' dir='ltr'><strong>secundtnn</strong></span> <span class='ocrx_word' id='word_1_709' title='bbox 1444 1521 1567 1548; x_wconf 84' lang='lat' dir='ltr'><strong>slabiliat.</strong></span> <span class='ocrx_word' id='word_1_710' title='bbox 1583 1521 1617 1548; x_wconf 90' lang='lat' dir='ltr'><strong>At</strong></span> <span class='ocrx_word' id='word_1_711' title='bbox 1629 1521 1792 1554; x_wconf 21' lang='lat' dir='ltr'><strong>ubinmn‘sa‘</strong></span> 
     </span>
    </p>
   </div>
   <div class='ocr_carea' id='block_1_92' title="bbox 1004 1566 1794 1601">
    <p class='ocr_par' dir='ltr' id='par_1_92' title="bbox 1004 1566 1794 1601">
     <span class='ocr_line' id='line_1_92' title="bbox 1004 1566 1794 1601; baseline -0.006 -4"><span class='ocrx_word' id='word_1_712' title='bbox 1004 1570 1130 1597; x_wconf 79' lang='lat' dir='ltr'><strong>oriﬁcium</strong></span> <span class='ocrx_word' id='word_1_713' title='bbox 1156 1574 1183 1596; x_wconf 90' lang='lat' dir='ltr'><strong>ct</strong></span> <span class='ocrx_word' id='word_1_714' title='bbox 1211 1568 1309 1596; x_wconf 84' lang='lat' dir='ltr'><strong>oblatio</strong></span> <span class='ocrx_word' id='word_1_715' title='bbox 1337 1568 1363 1595; x_wconf 91' lang='lat' dir='ltr'><strong>iu</strong></span> <span class='ocrx_word' id='word_1_716' title='bbox 1385 1574 1497 1601; x_wconf 77' lang='lat' dir='ltr'><strong>corpore</strong></span> <span class='ocrx_word' id='word_1_717' title='bbox 1520 1566 1617 1594; x_wconf 92' lang='lat' dir='ltr'><strong>Christi</strong></span> <span class='ocrx_word' id='word_1_718' title='bbox 1644 1566 1794 1594; x_wconf 83' lang='lat' dir='ltr'><strong>invenitur?</strong></span> 
     </span>
    </p>
   </div>
   <div class='ocr_carea' id='block_1_93' title="bbox 1003 1612 1794 1648">
    <p class='ocr_par' dir='ltr' id='par_1_93' title="bbox 1003 1612 1794 1648">
     <span class='ocr_line' id='line_1_93' title="bbox 1003 1612 1794 1648; baseline -0.006 -6"><span class='ocrx_word' id='word_1_719' title='bbox 1003 1613 1233 1648; x_wconf 84' lang='lat' dir='ltr'><strong>Quemadmodum</strong></span> <span class='ocrx_word' id='word_1_720' title='bbox 1246 1612 1382 1647; x_wconf 86' lang='lat' dir='ltr'><strong>apostolus</strong></span> <span class='ocrx_word' id='word_1_721' title='bbox 1394 1612 1490 1639; x_wconf 86' lang='lat' dir='ltr'><strong>Paulus</strong></span> <span class='ocrx_word' id='word_1_722' title='bbox 1503 1616 1631 1639; x_wconf 88' lang='lat' dir='ltr'><strong>testatur:</strong></span> <span class='ocrx_word' id='word_1_723' title='bbox 1649 1621 1659 1637; x_wconf 75' lang='grc' dir='ltr'>ί</span> <span class='ocrx_word' id='word_1_724' title='bbox 1676 1612 1794 1640; x_wconf 78' lang='lat' dir='ltr'><strong>Obsecro</strong></span> 
     </span>
    </p>
   </div>
   <div class='ocr_carea' id='block_1_94' title="bbox 1003 1658 1791 1693">
    <p class='ocr_par' dir='ltr' id='par_1_94' title="bbox 1003 1658 1791 1693">
     <span class='ocr_line' id='line_1_94' title="bbox 1003 1658 1791 1693; baseline -0.004 -6"><span class='ocrx_word' id='word_1_725' title='bbox 1003 1668 1061 1693; x_wconf 87' lang='lat' dir='ltr'><strong>vos,</strong></span> <span class='ocrx_word' id='word_1_726' title='bbox 1079 1660 1186 1692; x_wconf 79' lang='lat' dir='ltr'><strong>fratres,</strong></span> <span class='ocrx_word' id='word_1_727' title='bbox 1203 1667 1251 1693; x_wconf 81' lang='lat' dir='ltr'><strong>per</strong></span> <span class='ocrx_word' id='word_1_728' title='bbox 1269 1658 1478 1686; x_wconf 85' lang='lat' dir='ltr'><strong>misericordiam</strong></span> <span class='ocrx_word' id='word_1_729' title='bbox 1494 1658 1540 1686; x_wconf 87' lang='lat' dir='ltr'><strong>Dei</strong></span> <span class='ocrx_word' id='word_1_730' title='bbox 1557 1663 1586 1685; x_wconf 88' lang='lat' dir='ltr'><strong>ut</strong></span> <span class='ocrx_word' id='word_1_731' title='bbox 1601 1664 1733 1693; x_wconf 80' lang='lat' dir='ltr'><strong>tamquam</strong></span> <span class='ocrx_word' id='word_1_732' title='bbox 1747 1659 1791 1685; x_wconf 89' lang='lat' dir='ltr'><strong>ﬁlii</strong></span> 
     </span>
    </p>
   </div>
   <div class='ocr_carea' id='block_1_95' title="bbox 1003 1703 1814 1738">
    <p class='ocr_par' dir='ltr' id='par_1_95' title="bbox 1003 1703 1814 1738">
     <span class='ocr_line' id='line_1_95' title="bbox 1003 1703 1814 1738; baseline -0.001 -6"><span class='ocrx_word' id='word_1_733' title='bbox 1003 1706 1091 1733; x_wconf 85' lang='lat' dir='ltr'><strong>dilecti</strong></span> <span class='ocrx_word' id='word_1_734' title='bbox 1118 1705 1260 1732; x_wconf 83' lang='lat' dir='ltr'><strong>ambulctis</strong></span> <span class='ocrx_word' id='word_1_735' title='bbox 1291 1704 1317 1731; x_wconf 91' lang='lat' dir='ltr'><strong>in</strong></span> <span class='ocrx_word' id='word_1_736' title='bbox 1349 1704 1458 1731; x_wconf 88' lang='lat' dir='ltr'><strong>caritate</strong></span> <span class='ocrx_word' id='word_1_737' title='bbox 1483 1712 1490 1730; x_wconf 88' lang='lat'><strong>:</strong></span> <span class='ocrx_word' id='word_1_738' title='bbox 1519 1703 1740 1738; x_wconf 77' lang='lat' dir='ltr'><strong>quemadmodum</strong></span> <span class='ocrx_word' id='word_1_739' title='bbox 1767 1709 1814 1731; x_wconf 74' lang='lat' dir='ltr'><strong>et.</strong></span> 
     </span>
    </p>
   </div>
   <div class='ocr_carea' id='block_1_96' title="bbox 1002 1749 1791 1783">
    <p class='ocr_par' dir='ltr' id='par_1_96' title="bbox 1002 1749 1791 1783">
     <span class='ocr_line' id='line_1_96' title="bbox 1002 1749 1791 1783; baseline -0.004 -5"><span class='ocrx_word' id='word_1_740' title='bbox 1002 1751 1122 1779; x_wconf 89' lang='lat' dir='ltr'><strong>Christus</strong></span> <span class='ocrx_word' id='word_1_741' title='bbox 1141 1750 1232 1778; x_wconf 89' lang='lat' dir='ltr'><strong>dilexit</strong></span> <span class='ocrx_word' id='word_1_742' title='bbox 1246 1756 1294 1776; x_wconf 87' lang='lat' dir='ltr'><strong>nos</strong></span> <span class='ocrx_word' id='word_1_743' title='bbox 1304 1769 1311 1782; x_wconf 94' lang='lat'><strong>,</strong></span> <span class='ocrx_word' id='word_1_744' title='bbox 1325 1753 1352 1776; x_wconf 87' lang='lat' dir='ltr'><strong>et</strong></span> <span class='ocrx_word' id='word_1_745' title='bbox 1364 1749 1534 1783; x_wconf 84' lang='lat' dir='ltr'><strong>semetipsum</strong></span> <span class='ocrx_word' id='word_1_746' title='bbox 1557 1757 1605 1783; x_wconf 88' lang='lat' dir='ltr'><strong>pro</strong></span> <span class='ocrx_word' id='word_1_747' title='bbox 1620 1749 1697 1776; x_wconf 79' lang='lat' dir='ltr'><strong>nobis</strong></span> <span class='ocrx_word' id='word_1_748' title='bbox 1718 1749 1791 1776; x_wconf 90' lang='lat' dir='ltr'><strong>dedit</strong></span> 
     </span>
    </p>
   </div>
   <div class='ocr_carea' id='block_1_97' title="bbox 1002 1793 1788 1827">
    <p class='ocr_par' dir='ltr' id='par_1_97' title="bbox 1002 1793 1788 1827">
     <span class='ocr_line' id='line_1_97' title="bbox 1002 1793 1788 1827; baseline -0.003 -4"><span class='ocrx_word' id='word_1_749' title='bbox 1002 1796 1160 1823; x_wconf 87' lang='lat' dir='ltr'><strong>sacriﬁcium</strong></span> <span class='ocrx_word' id='word_1_750' title='bbox 1171 1799 1198 1822; x_wconf 88' lang='lat' dir='ltr'><strong>et</strong></span> <span class='ocrx_word' id='word_1_751' title='bbox 1207 1795 1366 1822; x_wconf 87' lang='lat' dir='ltr'><strong>oblationem</strong></span> <span class='ocrx_word' id='word_1_752' title='bbox 1379 1795 1443 1827; x_wconf 88' lang='lat' dir='ltr'><strong>Deo,</strong></span> <span class='ocrx_word' id='word_1_753' title='bbox 1460 1795 1486 1821; x_wconf 93' lang='lat' dir='ltr'><strong>in</strong></span> <span class='ocrx_word' id='word_1_754' title='bbox 1501 1793 1610 1821; x_wconf 87' lang='lat' dir='ltr'><strong>odorem</strong></span> <span class='ocrx_word' id='word_1_755' title='bbox 1626 1795 1765 1821; x_wconf 85' lang='lat' dir='ltr'><strong>suavitatis</strong></span> <span class='ocrx_word' id='word_1_756' title='bbox 1781 1805 1788 1820; x_wconf 79' lang='grc' dir='ltr'><strong>ι</strong></span> 
     </span>
    </p>
   </div>
   <div class='ocr_carea' id='block_1_98' title="bbox 1004 1839 1792 1878">
    <p class='ocr_par' dir='ltr' id='par_1_98' title="bbox 1004 1839 1792 1878">
     <span class='ocr_line' id='line_1_98' title="bbox 1004 1839 1792 1878; baseline -0.003 -9"><span class='ocrx_word' id='word_1_757' title='bbox 1004 1843 1112 1878; x_wconf 77' lang='lat' dir='ltr'><strong>(Ep/lea.</strong></span> <span class='ocrx_word' id='word_1_758' title='bbox 1135 1842 1162 1869; x_wconf 84' lang='lat'><strong>5.</strong></span> <span class='ocrx_word' id='word_1_759' title='bbox 1184 1842 1210 1868; x_wconf 89' lang='grc'><strong>1.</strong></span> <span class='ocrx_word' id='word_1_760' title='bbox 1231 1841 1270 1875; x_wconf 72' lang='grc'><strong>2).</strong></span> <span class='ocrx_word' id='word_1_761' title='bbox 1295 1841 1407 1875; x_wconf 86' lang='lat' dir='ltr'><strong>Propter</strong></span> <span class='ocrx_word' id='word_1_762' title='bbox 1427 1845 1452 1868; x_wconf 92' lang='lat' dir='ltr'><strong>te</strong></span> <span class='ocrx_word' id='word_1_763' title='bbox 1471 1839 1592 1868; x_wconf 86' lang='lat' dir='ltr'><strong>Christus</strong></span> <span class='ocrx_word' id='word_1_764' title='bbox 1613 1848 1734 1867; x_wconf 83' lang='lat' dir='ltr'><strong>summus</strong></span> <span class='ocrx_word' id='word_1_765' title='bbox 1752 1846 1792 1867; x_wconf 60' lang='lat' dir='ltr'><strong>est</strong></span> 
     </span>
    </p>
   </div>
   <div class='ocr_carea' id='block_1_99' title="bbox 1003 1885 1787 1925">
    <p class='ocr_par' dir='ltr' id='par_1_99' title="bbox 1003 1885 1787 1925">
     <span class='ocr_line' id='line_1_99' title="bbox 1003 1885 1787 1925; baseline -0.006 -9"><span class='ocrx_word' id='word_1_766' title='bbox 1003 1889 1124 1925; x_wconf 79' lang='lat' dir='ltr'><strong>pontifex</strong></span> <span class='ocrx_word' id='word_1_767' title='bbox 1138 1897 1144 1914; x_wconf 91' lang='lat'><strong><em>:</em></strong></span> <span class='ocrx_word' id='word_1_768' title='bbox 1163 1891 1271 1922; x_wconf 87' lang='lat' dir='ltr'><strong>propter</strong></span> <span class='ocrx_word' id='word_1_769' title='bbox 1284 1887 1399 1922; x_wconf 83' lang='lat' dir='ltr'><strong>seipsqu</strong></span> <span class='ocrx_word' id='word_1_770' title='bbox 1418 1887 1497 1913; x_wconf 86' lang='lat' dir='ltr'><strong>Deus.</strong></span> <span class='ocrx_word' id='word_1_771' title='bbox 1518 1885 1576 1913; x_wconf 87' lang='lat' dir='ltr'><strong>Noli</strong></span> <span class='ocrx_word' id='word_1_772' title='bbox 1592 1891 1694 1913; x_wconf 89' lang='lat' dir='ltr'><strong>mutare</strong></span> <span class='ocrx_word' id='word_1_773' title='bbox 1710 1886 1787 1913; x_wconf 82' lang='lat' dir='ltr'><strong>verba</strong></span> 
     </span>
    </p>
   </div>
   <div class='ocr_carea' id='block_1_100' title="bbox 1003 1931 1791 1966">
    <p class='ocr_par' dir='ltr' id='par_1_100' title="bbox 1003 1931 1791 1966">
     <span class='ocr_line' id='line_1_100' title="bbox 1003 1931 1791 1966; baseline -0.005 -5"><span class='ocrx_word' id='word_1_774' title='bbox 1003 1934 1048 1961; x_wconf 89' lang='lat' dir='ltr'><strong>Dei</strong></span> <span class='ocrx_word' id='word_1_775' title='bbox 1071 1933 1134 1960; x_wconf 78' lang='lat' dir='ltr'><strong>vivi.</strong></span> <span class='ocrx_word' id='word_1_776' title='bbox 1156 1933 1182 1960; x_wconf 88' lang='lat' dir='ltr'><strong>lu</strong></span> <span class='ocrx_word' id='word_1_777' title='bbox 1203 1933 1320 1963; x_wconf 81' lang='lat' dir='ltr'><strong>Patrem.</strong></span> <span class='ocrx_word' id='word_1_778' title='bbox 1343 1932 1450 1965; x_wconf 85' lang='lat' dir='ltr'><strong>Filium,</strong></span> <span class='ocrx_word' id='word_1_779' title='bbox 1472 1937 1499 1959; x_wconf 84' lang='lat' dir='ltr'><strong>et</strong></span> <span class='ocrx_word' id='word_1_780' title='bbox 1521 1931 1648 1966; x_wconf 85' lang='lat' dir='ltr'><strong>Spiritum</strong></span> <span class='ocrx_word' id='word_1_781' title='bbox 1671 1938 1791 1958; x_wconf 87' lang='lat' dir='ltr'><strong>sanctum</strong></span> 
     </span>
    </p>
   </div>
   <div class='ocr_carea' id='block_1_101' title="bbox 1002 1977 1792 2014">
    <p class='ocr_par' dir='ltr' id='par_1_101' title="bbox 1002 1977 1792 2014">
     <span class='ocr_line' id='line_1_101' title="bbox 1002 1977 1792 2014; baseline -0.004 -8"><span class='ocrx_word' id='word_1_782' title='bbox 1002 1979 1148 2014; x_wconf 77' lang='lat' dir='ltr'><strong>baptilatus</strong></span> <span class='ocrx_word' id='word_1_783' title='bbox 1161 1986 1189 2005; x_wconf 85' lang='lat' dir='ltr'><strong>es</strong></span> <span class='ocrx_word' id='word_1_784' title='bbox 1204 1988 1211 2005; x_wconf 90' lang='lat'>:</span> <span class='ocrx_word' id='word_1_785' title='bbox 1224 1986 1272 2005; x_wconf 49' lang='lat' dir='ltr'><strong>t‘ur</strong></span> <span class='ocrx_word' id='word_1_786' title='bbox 1286 1977 1397 2004; x_wconf 85' lang='lat' dir='ltr'><strong>sublatis</strong></span> <span class='ocrx_word' id='word_1_787' title='bbox 1413 1977 1564 2004; x_wconf 86' lang='lat' dir='ltr'><strong>nominibus</strong></span> <span class='ocrx_word' id='word_1_788' title='bbox 1578 1977 1792 2009; x_wconf 45' lang='lat' dir='ltr'><strong>viventibusrin-</strong></span> 
     </span>
    </p>
   </div>
   <div class='ocr_carea' id='block_1_102' title="bbox 1001 2022 1791 2058">
    <p class='ocr_par' dir='ltr' id='par_1_102' title="bbox 1001 2022 1791 2058">
     <span class='ocr_line' id='line_1_102' title="bbox 1001 2022 1791 2058; baseline -0.006 -6"><span class='ocrx_word' id='word_1_789' title='bbox 1001 2025 1077 2052; x_wconf 86' lang='lat' dir='ltr'><strong>ducis</strong></span> <span class='ocrx_word' id='word_1_790' title='bbox 1093 2024 1200 2051; x_wconf 86' lang='lat' dir='ltr'><strong>nomina</strong></span> <span class='ocrx_word' id='word_1_791' title='bbox 1214 2024 1362 2058; x_wconf 82' lang='lat' dir='ltr'><strong>excogitata</strong></span> <span class='ocrx_word' id='word_1_792' title='bbox 1376 2023 1476 2054; x_wconf 83' lang='lat' dir='ltr'><strong>dicens,</strong></span> <span class='ocrx_word' id='word_1_793' title='bbox 1491 2022 1623 2057; x_wconf 85' lang='lat' dir='ltr'><strong>ingenitus</strong></span> <span class='ocrx_word' id='word_1_794' title='bbox 1637 2026 1664 2048; x_wconf 88' lang='lat' dir='ltr'><strong>et</strong></span> <span class='ocrx_word' id='word_1_795' title='bbox 1677 2022 1791 2056; x_wconf 83' lang='lat' dir='ltr'><strong>genitus,</strong></span> 
     </span>
    </p>
   </div>
   <div class='ocr_carea' id='block_1_103' title="bbox 1001 2067 1791 2103">
    <p class='ocr_par' dir='ltr' id='par_1_103' title="bbox 1001 2067 1791 2103">
     <span class='ocr_line' id='line_1_103' title="bbox 1001 2067 1791 2103; baseline -0.005 -6"><span class='ocrx_word' id='word_1_796' title='bbox 1001 2075 1106 2097; x_wconf 78' lang='lat' dir='ltr'><strong>creatus</strong></span> <span class='ocrx_word' id='word_1_797' title='bbox 1115 2075 1142 2097; x_wconf 93' lang='lat' dir='ltr'><strong>et</strong></span> <span class='ocrx_word' id='word_1_798' title='bbox 1153 2070 1294 2101; x_wconf 84' lang='lat' dir='ltr'><strong>increatus,</strong></span> <span class='ocrx_word' id='word_1_799' title='bbox 1306 2069 1350 2103; x_wconf 92' lang='lat' dir='ltr'><strong>qui</strong></span> <span class='ocrx_word' id='word_1_800' title='bbox 1363 2075 1470 2102; x_wconf 90' lang='lat' dir='ltr'><strong>semper</strong></span> <span class='ocrx_word' id='word_1_801' title='bbox 1480 2073 1520 2094; x_wconf 86' lang='lat' dir='ltr'><strong>est</strong></span> <span class='ocrx_word' id='word_1_802' title='bbox 1532 2072 1559 2094; x_wconf 92' lang='lat' dir='ltr'><strong>et</strong></span> <span class='ocrx_word' id='word_1_803' title='bbox 1568 2067 1613 2102; x_wconf 90' lang='lat' dir='ltr'><strong>qui</strong></span> <span class='ocrx_word' id='word_1_804' title='bbox 1625 2074 1729 2101; x_wconf 87' lang='lat' dir='ltr'><strong>semper</strong></span> <span class='ocrx_word' id='word_1_805' title='bbox 1740 2075 1791 2094; x_wconf 89' lang='lat' dir='ltr'><strong>non</strong></span> 
     </span>
    </p>
   </div>
   <div class='ocr_carea' id='block_1_104' title="bbox 1001 2113 1792 2143">
    <p class='ocr_par' dir='ltr' id='par_1_104' title="bbox 1001 2113 1792 2143">
     <span class='ocr_line' id='line_1_104' title="bbox 1001 2113 1792 2143; baseline -0.005 0"><span class='ocrx_word' id='word_1_806' title='bbox 1001 2116 1060 2143; x_wconf 83' lang='lat' dir='ltr'><strong>est?</strong></span> <span class='ocrx_word' id='word_1_807' title='bbox 1072 2116 1195 2143; x_wconf 70' lang='lat' dir='ltr'><strong>limecine</strong></span> <span class='ocrx_word' id='word_1_808' title='bbox 1210 2115 1280 2142; x_wconf 75' lang='lat' dir='ltr'><strong>Deus</strong></span> <span class='ocrx_word' id='word_1_809' title='bbox 1294 2113 1380 2142; x_wconf 85' lang='lat' dir='ltr'><strong>inania</strong></span> <span class='ocrx_word' id='word_1_810' title='bbox 1396 2114 1476 2142; x_wconf 87' lang='lat' dir='ltr'><strong>verba</strong></span> <span class='ocrx_word' id='word_1_811' title='bbox 1491 2114 1604 2141; x_wconf 86' lang='lat' dir='ltr'><strong>tolerat?</strong></span> <span class='ocrx_word' id='word_1_812' title='bbox 1619 2113 1729 2141; x_wconf 89' lang='lat' dir='ltr'><strong>Unicum</strong></span> <span class='ocrx_word' id='word_1_813' title='bbox 1744 2121 1792 2139; x_wconf 68' lang='grc' dir='ltr'><strong>γο-</strong></span> 
     </span>
    </p>
   </div>
   <div class='ocr_carea' id='block_1_105' title="bbox 1002 2159 1792 2194">
    <p class='ocr_par' dir='ltr' id='par_1_105' title="bbox 1002 2159 1792 2194">
     <span class='ocr_line' id='line_1_105' title="bbox 1002 2159 1792 2194; baseline -0.003 -6"><span class='ocrx_word' id='word_1_814' title='bbox 1002 2161 1124 2188; x_wconf 86' lang='lat' dir='ltr'><strong>cabulnm</strong></span> <span class='ocrx_word' id='word_1_815' title='bbox 1140 2168 1199 2188; x_wconf 90' lang='lat' dir='ltr'><strong>cum</strong></span> <span class='ocrx_word' id='word_1_816' title='bbox 1221 2160 1363 2194; x_wconf 89' lang='lat' dir='ltr'><strong>aliquando</strong></span> <span class='ocrx_word' id='word_1_817' title='bbox 1381 2159 1509 2194; x_wconf 85' lang='lat' dir='ltr'><strong>propheta</strong></span> <span class='ocrx_word' id='word_1_818' title='bbox 1532 2159 1693 2192; x_wconf 84' lang='lat' dir='ltr'><strong>immutaret,</strong></span> <span class='ocrx_word' id='word_1_819' title='bbox 1712 2159 1792 2186; x_wconf 87' lang='lat' dir='ltr'><strong>etiam</strong></span> 
     </span>
    </p>
   </div>
   <div class='ocr_carea' id='block_1_106' title="bbox 1000 2204 1786 2240">
    <p class='ocr_par' dir='ltr' id='par_1_106' title="bbox 1000 2204 1786 2240">
     <span class='ocr_line' id='line_1_106' title="bbox 1000 2204 1786 2240; baseline -0.001 -7"><span class='ocrx_word' id='word_1_820' title='bbox 1000 2206 1034 2233; x_wconf 92' lang='lat' dir='ltr'><strong>de</strong></span> <span class='ocrx_word' id='word_1_821' title='bbox 1050 2208 1101 2233; x_wconf 81' lang='lat' dir='ltr'><strong>vita</strong></span> <span class='ocrx_word' id='word_1_822' title='bbox 1116 2205 1278 2240; x_wconf 89' lang='lat' dir='ltr'><strong>periclitatus</strong></span> <span class='ocrx_word' id='word_1_823' title='bbox 1291 2209 1332 2233; x_wconf 87' lang='lat' dir='ltr'><strong>est</strong></span> <span class='ocrx_word' id='word_1_824' title='bbox 1352 2213 1358 2232; x_wconf 92' lang='lat'>:</span> <span class='ocrx_word' id='word_1_825' title='bbox 1375 2205 1482 2232; x_wconf 82' lang='lat' dir='ltr'><strong>attende</strong></span> <span class='ocrx_word' id='word_1_826' title='bbox 1501 2205 1578 2232; x_wconf 88' lang='lat' dir='ltr'><strong>unius</strong></span> <span class='ocrx_word' id='word_1_827' title='bbox 1599 2204 1699 2232; x_wconf 73' lang='lat' dir='ltr'><strong>vocula:</strong></span> <span class='ocrx_word' id='word_1_828' title='bbox 1712 2212 1786 2233; x_wconf 72' lang='lat' dir='ltr'><strong>acctr</strong></span> 
     </span>
    </p>
   </div>
   <div class='ocr_carea' id='block_1_107' title="bbox 1001 2251 1792 2286">
    <p class='ocr_par' dir='ltr' id='par_1_107' title="bbox 1001 2251 1792 2286">
     <span class='ocr_line' id='line_1_107' title="bbox 1001 2251 1792 2286; baseline -0.001 -7"><span class='ocrx_word' id='word_1_829' title='bbox 1001 2252 1142 2279; x_wconf 86' lang='lat' dir='ltr'><strong>rationem.</strong></span> <span class='ocrx_word' id='word_1_830' title='bbox 1158 2251 1269 2285; x_wconf 83' lang='lat' dir='ltr'><strong>Quidam</strong></span> <span class='ocrx_word' id='word_1_831' title='bbox 1285 2251 1473 2286; x_wconf 87' lang='lat' dir='ltr'><strong>prophetarum</strong></span> <span class='ocrx_word' id='word_1_832' title='bbox 1488 2251 1569 2278; x_wconf 86' lang='lat' dir='ltr'><strong>verba</strong></span> <span class='ocrx_word' id='word_1_833' title='bbox 1583 2251 1715 2286; x_wconf 87' lang='lat' dir='ltr'><strong>imperitia</strong></span> <span class='ocrx_word' id='word_1_834' title='bbox 1729 2259 1792 2285; x_wconf 87' lang='lat' dir='ltr'><strong>qua-</strong></span> 
     </span>
    </p>
   </div>
   <div class='ocr_carea' id='block_1_108' title="bbox 1000 2296 1792 2331">
    <p class='ocr_par' dir='ltr' id='par_1_108' title="bbox 1000 2296 1792 2331">
     <span class='ocr_line' id='line_1_108' title="bbox 1000 2296 1792 2331; baseline 0 -7"><span class='ocrx_word' id='word_1_835' title='bbox 1000 2297 1061 2324; x_wconf 88' lang='lat' dir='ltr'><strong>dam</strong></span> <span class='ocrx_word' id='word_1_836' title='bbox 1072 2296 1436 2331; x_wconf 85' lang='lat' dir='ltr'><strong>appellabantsumplioneni,</strong></span> <span class='ocrx_word' id='word_1_837' title='bbox 1447 2300 1541 2330; x_wconf 77' lang='grc' dir='ltr'><strong>λῆμμα,</strong></span> <span class='ocrx_word' id='word_1_838' title='bbox 1555 2297 1668 2324; x_wconf 88' lang='lat' dir='ltr'><strong>Domini.</strong></span> <span class='ocrx_word' id='word_1_839' title='bbox 1678 2297 1713 2324; x_wconf 83' lang='lat' dir='ltr'><strong>At</strong></span> <span class='ocrx_word' id='word_1_840' title='bbox 1723 2296 1792 2324; x_wconf 80' lang='lat' dir='ltr'><strong>Deus</strong></span> 
     </span>
    </p>
   </div>
   <div class='ocr_carea' id='block_1_109' title="bbox 1000 2342 1791 2378">
    <p class='ocr_par' dir='ltr' id='par_1_109' title="bbox 1000 2342 1791 2378">
     <span class='ocr_line' id='line_1_109' title="bbox 1000 2342 1791 2378; baseline -0.001 -7"><span class='ocrx_word' id='word_1_841' title='bbox 1000 2351 1048 2378; x_wconf 84' lang='lat' dir='ltr'><strong>per</strong></span> <span class='ocrx_word' id='word_1_842' title='bbox 1061 2343 1203 2371; x_wconf 85' lang='lat' dir='ltr'><strong>Jeremiam</strong></span> <span class='ocrx_word' id='word_1_843' title='bbox 1218 2352 1224 2369; x_wconf 89' lang='lat'><strong>:</strong></span> <span class='ocrx_word' id='word_1_844' title='bbox 1243 2352 1252 2368; x_wconf 87' lang='grc'><strong>‹</strong></span> <span class='ocrx_word' id='word_1_845' title='bbox 1269 2342 1298 2370; x_wconf 88' lang='lat' dir='ltr'><strong>Si</strong></span> <span class='ocrx_word' id='word_1_846' title='bbox 1314 2342 1489 2377; x_wconf 84' lang='lat' dir='ltr'><strong>interrogabit</strong></span> <span class='ocrx_word' id='word_1_847' title='bbox 1503 2347 1528 2370; x_wconf 89' lang='lat' dir='ltr'><strong>te</strong></span> <span class='ocrx_word' id='word_1_848' title='bbox 1548 2343 1671 2378; x_wconf 83' lang='lat' dir='ltr'><strong>populus,</strong></span> <span class='ocrx_word' id='word_1_849' title='bbox 1687 2343 1727 2370; x_wconf 86' lang='lat' dir='ltr'><strong>vel</strong></span> <span class='ocrx_word' id='word_1_850' title='bbox 1748 2351 1791 2370; x_wconf 85' lang='lat' dir='ltr'><strong>sa-</strong></span> 
     </span>
    </p>
   </div>
   <div class='ocr_carea' id='block_1_110' title="bbox 999 2387 1792 2423">
    <p class='ocr_par' dir='ltr' id='par_1_110' title="bbox 999 2387 1792 2423">
     <span class='ocr_line' id='line_1_110' title="bbox 999 2387 1792 2423; baseline -0.001 -7"><span class='ocrx_word' id='word_1_851' title='bbox 999 2388 1104 2421; x_wconf 83' lang='lat' dir='ltr'><strong>cerdos,</strong></span> <span class='ocrx_word' id='word_1_852' title='bbox 1120 2393 1165 2415; x_wconf 86' lang='lat' dir='ltr'><strong>aut</strong></span> <span class='ocrx_word' id='word_1_853' title='bbox 1180 2389 1318 2423; x_wconf 83' lang='lat' dir='ltr'><strong>propheta,</strong></span> <span class='ocrx_word' id='word_1_854' title='bbox 1339 2393 1365 2415; x_wconf 84' lang='lat' dir='ltr'><strong>et</strong></span> <span class='ocrx_word' id='word_1_855' title='bbox 1383 2388 1482 2415; x_wconf 80' lang='lat' dir='ltr'><strong>dixerit</strong></span> <span class='ocrx_word' id='word_1_856' title='bbox 1496 2387 1542 2415; x_wconf 92' lang='lat' dir='ltr'><strong>tibi</strong></span> <span class='ocrx_word' id='word_1_857' title='bbox 1558 2397 1565 2415; x_wconf 88' lang='lat'><strong>:</strong></span> <span class='ocrx_word' id='word_1_858' title='bbox 1578 2388 1704 2420; x_wconf 76' lang='lat' dir='ltr'><strong>Quantam</strong></span> <span class='ocrx_word' id='word_1_859' title='bbox 1720 2395 1792 2415; x_wconf 87' lang='lat' dir='ltr'><strong>sum-</strong></span> 
     </span>
    </p>
   </div>
   <div class='ocr_carea' id='block_1_111' title="bbox 1001 2433 1791 2468">
    <p class='ocr_par' dir='ltr' id='par_1_111' title="bbox 1001 2433 1791 2468">
     <span class='ocr_line' id='line_1_111' title="bbox 1001 2433 1791 2468; baseline 0 -8"><span class='ocrx_word' id='word_1_860' title='bbox 1001 2433 1066 2468; x_wconf 90' lang='lat' dir='ltr'><strong>ptio,</strong></span> <span class='ocrx_word' id='word_1_861' title='bbox 1084 2433 1185 2467; x_wconf 68' lang='grc' dir='ltr'><strong>λῆμμαῖ</strong></span> <span class='ocrx_word' id='word_1_862' title='bbox 1199 2433 1242 2460; x_wconf 92' lang='lat' dir='ltr'><strong>dic</strong></span> <span class='ocrx_word' id='word_1_863' title='bbox 1266 2434 1330 2468; x_wconf 90' lang='lat' dir='ltr'><strong>ipsis</strong></span> <span class='ocrx_word' id='word_1_864' title='bbox 1352 2442 1358 2459; x_wconf 74' lang='grc' dir='ltr'>ε</span> <span class='ocrx_word' id='word_1_865' title='bbox 1376 2433 1429 2460; x_wconf 81' lang='lat' dir='ltr'><strong>Vos</strong></span> <span class='ocrx_word' id='word_1_866' title='bbox 1453 2433 1517 2460; x_wconf 87' lang='lat' dir='ltr'><strong>estis</strong></span> <span class='ocrx_word' id='word_1_867' title='bbox 1539 2433 1654 2467; x_wconf 88' lang='lat' dir='ltr'><strong>sumptio</strong></span> <span class='ocrx_word' id='word_1_868' title='bbox 1676 2433 1791 2461; x_wconf 86' lang='lat' dir='ltr'><strong>Domini.</strong></span> 
     </span>
    </p>
   </div>
   <div class='ocr_carea' id='block_1_112' title="bbox 1000 2478 1792 2514">
    <p class='ocr_par' dir='ltr' id='par_1_112' title="bbox 1000 2478 1792 2514">
     <span class='ocr_line' id='line_1_112' title="bbox 1000 2478 1792 2514; baseline -0.001 -8"><span class='ocrx_word' id='word_1_869' title='bbox 1000 2479 1109 2514; x_wconf 81' lang='lat' dir='ltr'><strong>Rapiam</strong></span> <span class='ocrx_word' id='word_1_870' title='bbox 1123 2480 1194 2506; x_wconf 84' lang='lat' dir='ltr'><strong>enim</strong></span> <span class='ocrx_word' id='word_1_871' title='bbox 1209 2485 1257 2505; x_wconf 91' lang='lat' dir='ltr'><strong>vos</strong></span> <span class='ocrx_word' id='word_1_872' title='bbox 1272 2478 1403 2512; x_wconf 81' lang='lat' dir='ltr'><strong>rapinam,</strong></span> <span class='ocrx_word' id='word_1_873' title='bbox 1418 2484 1445 2505; x_wconf 88' lang='lat' dir='ltr'><strong>et</strong></span> <span class='ocrx_word' id='word_1_874' title='bbox 1456 2486 1577 2513; x_wconf 86' lang='lat' dir='ltr'><strong>rumpam</strong></span> <span class='ocrx_word' id='word_1_875' title='bbox 1593 2486 1650 2511; x_wconf 86' lang='lat' dir='ltr'><strong>vos,</strong></span> <span class='ocrx_word' id='word_1_876' title='bbox 1667 2486 1701 2506; x_wconf 91' lang='lat' dir='ltr'><strong>ne</strong></span> <span class='ocrx_word' id='word_1_877' title='bbox 1715 2478 1792 2506; x_wconf 93' lang='lat' dir='ltr'><strong>dein-</strong></span> 
     </span>
    </p>
   </div>
   <div class='ocr_carea' id='block_1_113' title="bbox 1000 2523 1793 2559">
    <p class='ocr_par' dir='ltr' id='par_1_113' title="bbox 1000 2523 1793 2559">
     <span class='ocr_line' id='line_1_113' title="bbox 1000 2523 1793 2559; baseline -0.003 -8"><span class='ocrx_word' id='word_1_878' title='bbox 1000 2532 1064 2559; x_wconf 83' lang='lat' dir='ltr'><strong>ceps</strong></span> <span class='ocrx_word' id='word_1_879' title='bbox 1082 2525 1176 2552; x_wconf 88' lang='lat' dir='ltr'><strong>dicatis</strong></span> <span class='ocrx_word' id='word_1_880' title='bbox 1191 2525 1370 2558; x_wconf 88' lang='lat' dir='ltr'><strong>sumptionem</strong></span> <span class='ocrx_word' id='word_1_881' title='bbox 1388 2533 1397 2550; x_wconf 70' lang='grc' dir='ltr'><strong>ι</strong></span> <span class='ocrx_word' id='word_1_882' title='bbox 1421 2523 1486 2558; x_wconf 86' lang='lat' dir='ltr'><strong>(Jer.</strong></span> <span class='ocrx_word' id='word_1_883' title='bbox 1508 2523 1552 2551; x_wconf 74' lang='grc'><strong>9-5.</strong></span> <span class='ocrx_word' id='word_1_884' title='bbox 1578 2524 1635 2558; x_wconf 78' lang='lat'><strong>33).</strong></span> <span class='ocrx_word' id='word_1_885' title='bbox 1657 2523 1685 2551; x_wconf 92' lang='lat' dir='ltr'><strong>Si</strong></span> <span class='ocrx_word' id='word_1_886' title='bbox 1705 2523 1793 2558; x_wconf 87' lang='lat' dir='ltr'><strong>itaque</strong></span> 
     </span>
    </p>
   </div>
   <div class='ocr_carea' id='block_1_114' title="bbox 999 2569 1792 2602">
    <p class='ocr_par' dir='ltr' id='par_1_114' title="bbox 999 2569 1792 2602">
     <span class='ocr_line' id='line_1_114' title="bbox 999 2569 1792 2602; baseline -0.003 -5"><span class='ocrx_word' id='word_1_887' title='bbox 999 2578 1082 2598; x_wconf 83' lang='lat' dir='ltr'><strong>linum</strong></span> <span class='ocrx_word' id='word_1_888' title='bbox 1097 2570 1207 2597; x_wconf 79' lang='lat' dir='ltr'><strong>verbum</strong></span> <span class='ocrx_word' id='word_1_889' title='bbox 1220 2571 1384 2602; x_wconf 86' lang='lat' dir='ltr'><strong>itntnntetur,</strong></span> <span class='ocrx_word' id='word_1_890' title='bbox 1397 2569 1466 2596; x_wconf 87' lang='lat' dir='ltr'><strong>Deus</strong></span> <span class='ocrx_word' id='word_1_891' title='bbox 1477 2569 1654 2596; x_wconf 86' lang='lat' dir='ltr'><strong>comminatur</strong></span> <span class='ocrx_word' id='word_1_892' title='bbox 1666 2578 1672 2595; x_wconf 90' lang='lat'><strong>:</strong></span> <span class='ocrx_word' id='word_1_893' title='bbox 1687 2574 1715 2596; x_wconf 88' lang='lat' dir='ltr'><strong>tu</strong></span> <span class='ocrx_word' id='word_1_894' title='bbox 1728 2577 1792 2596; x_wconf 90' lang='lat' dir='ltr'><strong>vero</strong></span> 
     </span>
    </p>
   </div>
   <div class='ocr_carea' id='block_1_115' title="bbox 999 2614 1793 2651">
    <p class='ocr_par' dir='ltr' id='par_1_115' title="bbox 999 2614 1793 2651">
     <span class='ocr_line' id='line_1_115' title="bbox 999 2614 1793 2651; baseline -0.003 -8"><span class='ocrx_word' id='word_1_895' title='bbox 999 2615 1229 2651; x_wconf 85' lang='lat' dir='ltr'><strong>integerrimorttm</strong></span> <span class='ocrx_word' id='word_1_896' title='bbox 1248 2615 1399 2650; x_wconf 81' lang='lat' dir='ltr'><strong>dogmatum</strong></span> <span class='ocrx_word' id='word_1_897' title='bbox 1422 2615 1618 2643; x_wconf 85' lang='lat' dir='ltr'><strong>aceurationem</strong></span> <span class='ocrx_word' id='word_1_898' title='bbox 1643 2614 1793 2649; x_wconf 81' lang='lat' dir='ltr'><strong>pervertis?</strong></span> 
     </span>
    </p>
   </div>
   <div class='ocr_carea' id='block_1_116' title="bbox 999 2660 1792 2695">
    <p class='ocr_par' dir='ltr' id='par_1_116' title="bbox 999 2660 1792 2695">
     <span class='ocr_line' id='line_1_116' title="bbox 999 2660 1792 2695; baseline -0.001 -6"><span class='ocrx_word' id='word_1_899' title='bbox 999 2661 1085 2689; x_wconf 83' lang='lat' dir='ltr'><strong>Patris</strong></span> <span class='ocrx_word' id='word_1_900' title='bbox 1100 2669 1196 2689; x_wconf 83' lang='lat' dir='ltr'><strong>nomen</strong></span> <span class='ocrx_word' id='word_1_901' title='bbox 1211 2661 1408 2689; x_wconf 88' lang='lat' dir='ltr'><strong>circumscribis</strong></span> <span class='ocrx_word' id='word_1_902' title='bbox 1428 2670 1434 2688; x_wconf 89' lang='lat'>:</span> <span class='ocrx_word' id='word_1_903' title='bbox 1449 2661 1508 2688; x_wconf 87' lang='lat' dir='ltr'><strong>Filii</strong></span> <span class='ocrx_word' id='word_1_904' title='bbox 1523 2661 1677 2695; x_wconf 78' lang='lat' dir='ltr'><strong>dignitatem</strong></span> <span class='ocrx_word' id='word_1_905' title='bbox 1691 2660 1792 2688; x_wconf 82' lang='lat' dir='ltr'><strong>inﬁcia-</strong></span> 
     </span>
    </p>
   </div>
   <div class='ocr_carea' id='block_1_117' title="bbox 998 2707 1791 2742">
    <p class='ocr_par' dir='ltr' id='par_1_117' title="bbox 998 2707 1791 2742">
     <span class='ocr_line' id='line_1_117' title="bbox 998 2707 1791 2742; baseline 0 -8"><span class='ocrx_word' id='word_1_906' title='bbox 998 2707 1045 2740; x_wconf 86' lang='lat' dir='ltr'><strong>ris,</strong></span> <span class='ocrx_word' id='word_1_907' title='bbox 1063 2708 1146 2734; x_wconf 86' lang='lat' dir='ltr'><strong>sancti</strong></span> <span class='ocrx_word' id='word_1_908' title='bbox 1163 2707 1277 2741; x_wconf 87' lang='lat' dir='ltr'><strong>Spiritus</strong></span> <span class='ocrx_word' id='word_1_909' title='bbox 1290 2707 1400 2741; x_wconf 80' lang='lat' dir='ltr'><strong>gloriam</strong></span> <span class='ocrx_word' id='word_1_910' title='bbox 1415 2707 1546 2742; x_wconf 81' lang='lat' dir='ltr'><strong>abrogas‘i</strong></span> <span class='ocrx_word' id='word_1_911' title='bbox 1559 2714 1621 2733; x_wconf 93' lang='lat' dir='ltr'><strong>num</strong></span> <span class='ocrx_word' id='word_1_912' title='bbox 1636 2714 1730 2734; x_wconf 90' lang='lat' dir='ltr'><strong>manus</strong></span> <span class='ocrx_word' id='word_1_913' title='bbox 1746 2707 1791 2734; x_wconf 80' lang='lat' dir='ltr'><strong>Dt&#39;l</strong></span> 
     </span>
    </p>
   </div>
   <div class='ocr_carea' id='block_1_118' title="bbox 999 2753 1790 2789">
    <p class='ocr_par' dir='ltr' id='par_1_118' title="bbox 999 2753 1790 2789">
     <span class='ocr_line' id='line_1_118' title="bbox 999 2753 1790 2789; baseline -0.003 -8"><span class='ocrx_word' id='word_1_914' title='bbox 999 2754 1127 2789; x_wconf 73' lang='lat' dir='ltr'><strong>effugies?</strong></span> <span class='ocrx_word' id='word_1_915' title='bbox 1141 2754 1228 2782; x_wconf 87' lang='lat' dir='ltr'><strong>Grave</strong></span> <span class='ocrx_word' id='word_1_916' title='bbox 1249 2759 1290 2780; x_wconf 86' lang='lat' dir='ltr'><strong>est</strong></span> <span class='ocrx_word' id='word_1_917' title='bbox 1312 2758 1339 2781; x_wconf 89' lang='lat' dir='ltr'><strong>et</strong></span> <span class='ocrx_word' id='word_1_918' title='bbox 1363 2753 1499 2786; x_wconf 89' lang='lat' dir='ltr'><strong>horribile,</strong></span> <span class='ocrx_word' id='word_1_919' title='bbox 1521 2753 1632 2781; x_wconf 82' lang='lat' dir='ltr'><strong>verbum</strong></span> <span class='ocrx_word' id='word_1_920' title='bbox 1656 2753 1703 2781; x_wconf 90' lang='lat' dir='ltr'><strong>Dei</strong></span> <span class='ocrx_word' id='word_1_921' title='bbox 1728 2753 1790 2786; x_wconf 77' lang='lat' dir='ltr'><strong>viri,</strong></span> 
     </span>
    </p>
   </div>
   <div class='ocr_carea' id='block_1_119' title="bbox 999 2798 1791 2834">
    <p class='ocr_par' dir='ltr' id='par_1_119' title="bbox 999 2798 1791 2834">
     <span class='ocr_line' id='line_1_119' title="bbox 999 2798 1791 2834; baseline -0.004 -8"><span class='ocrx_word' id='word_1_922' title='bbox 999 2799 1104 2826; x_wconf 88' lang='lat' dir='ltr'><strong>Domini</strong></span> <span class='ocrx_word' id='word_1_923' title='bbox 1120 2799 1167 2826; x_wconf 86' lang='lat' dir='ltr'><strong>Dei</strong></span> <span class='ocrx_word' id='word_1_924' title='bbox 1182 2799 1276 2832; x_wconf 90' lang='lat' dir='ltr'><strong>nostri,</strong></span> <span class='ocrx_word' id='word_1_925' title='bbox 1299 2803 1461 2834; x_wconf 86' lang='lat' dir='ltr'><strong>pervertere.</strong></span> <span class='ocrx_word' id='word_1_926' title='bbox 1484 2798 1511 2826; x_wconf 90' lang='lat' dir='ltr'><strong>Si</strong></span> <span class='ocrx_word' id='word_1_927' title='bbox 1533 2798 1612 2826; x_wconf 85' lang='lat' dir='ltr'><strong>verba</strong></span> <span class='ocrx_word' id='word_1_928' title='bbox 1627 2798 1714 2832; x_wconf 87' lang='lat' dir='ltr'><strong>aliqua</strong></span> <span class='ocrx_word' id='word_1_929' title='bbox 1731 2805 1791 2831; x_wconf 62' lang='lat' dir='ltr'><strong>per.</strong></span> 
     </span>
    </p>
   </div>
   <div class='ocr_carea' id='block_1_120' title="bbox 998 2842 1791 2880">
    <p class='ocr_par' dir='ltr' id='par_1_120' title="bbox 998 2842 1791 2880">
     <span class='ocr_line' id='line_1_120' title="bbox 998 2842 1791 2880; baseline -0.004 -8"><span class='ocrx_word' id='word_1_930' title='bbox 998 2850 1145 2877; x_wconf 87' lang='lat' dir='ltr'><strong>vertantur,</strong></span> <span class='ocrx_word' id='word_1_931' title='bbox 1162 2844 1234 2872; x_wconf 86' lang='lat' dir='ltr'><strong>Deus</strong></span> <span class='ocrx_word' id='word_1_932' title='bbox 1249 2844 1400 2880; x_wconf 83' lang='lat' dir='ltr'><strong>indignatur</strong></span> <span class='ocrx_word' id='word_1_933' title='bbox 1417 2854 1424 2872; x_wconf 87' lang='lat'><strong>:</strong></span> <span class='ocrx_word' id='word_1_934' title='bbox 1438 2850 1466 2873; x_wconf 88' lang='lat' dir='ltr'><strong>et</strong></span> <span class='ocrx_word' id='word_1_935' title='bbox 1478 2844 1644 2880; x_wconf 87' lang='lat' dir='ltr'><strong>dogmatibus</strong></span> <span class='ocrx_word' id='word_1_936' title='bbox 1656 2842 1791 2870; x_wconf 77' lang='lat' dir='ltr'><strong>subversis</strong></span> 
     </span>
    </p>
   </div>
   <div class='ocr_carea' id='block_1_121' title="bbox 999 2887 1791 2928">
    <p class='ocr_par' dir='ltr' id='par_1_121' title="bbox 999 2887 1791 2928">
     <span class='ocr_line' id='line_1_121' title="bbox 999 2887 1791 2928; baseline -0.004 -10"><span class='ocrx_word' id='word_1_937' title='bbox 999 2898 1052 2919; x_wconf 92' lang='lat' dir='ltr'><strong>non</strong></span> <span class='ocrx_word' id='word_1_938' title='bbox 1063 2890 1210 2920; x_wconf 87' lang='lat' dir='ltr'><strong>irascetur?</strong></span> <span class='ocrx_word' id='word_1_939' title='bbox 1220 2890 1294 2920; x_wconf 87' lang='lat' dir='ltr'><strong>Tune</strong></span> <span class='ocrx_word' id='word_1_940' title='bbox 1307 2892 1448 2922; x_wconf 81' lang='lat' dir='ltr'><strong>Servatorc</strong></span> <span class='ocrx_word' id='word_1_941' title='bbox 1462 2892 1606 2928; x_wconf 71' lang='lat' dir='ltr'><strong>sapientior</strong></span> <span class='ocrx_word' id='word_1_942' title='bbox 1614 2891 1625 2917; x_wconf 71' lang='grc' dir='ltr'><strong>τ’</strong></span> <span class='ocrx_word' id='word_1_943' title='bbox 1634 2893 1697 2926; x_wconf 65' lang='lat' dir='ltr'><strong>tunc</strong></span> <span class='ocrx_word' id='word_1_944' title='bbox 1707 2887 1791 2916; x_wconf 80' lang='lat' dir='ltr'><strong>Evan-</strong></span> 
     </span>
    </p>
   </div>
  </div>
