2060 3125
257 161 307 189 ΔΟἹ

256 220 325 255 gelio
338 219 508 248 acettratior?
521 218 686 247 Pertimcsce
698 217 826 253 judicium
838 217 884 245 Dei
900 224 906 243 :
919 215 986 243 illud
998 220 1050 243 tre-

257 267 383 295 mendum
405 274 502 294 nomen
524 264 677 296 reformida,
700 263 827 290 malitiam
843 269 979 295 aversarc,
995 268 1053 296 pce-

257 313 396 342 nitcntiam
417 313 464 341 tibi
477 319 606 348 propone,
621 316 648 338 et
660 310 727 337 fides
739 309 853 337 salutem
868 308 913 335 tibi
927 308 1051 343 spondet.

259 358 416 386 Pteuitentia
430 358 502 386 enim
517 357 630 385 salutem
650 356 731 393 parit.
745 359 773 383 et
787 355 830 388 iis,
845 354 890 390 qui
908 354 936 382 in
957 354 1052 382 haeresi

263 409 410 437 versantur,
426 404 525 440 quique
537 402 606 431 adeo
620 402 646 430 in
661 401 721 429 aliis
735 400 852 436 peccatis
870 399 1033 428 volutantur.

293 451 320 479 6.
331 450 487 479 Ptznitentiw
496 449 595 477 laudes.
606 449 764 484 Martyresct
773 447 857 483 angeli
867 451 940 474 orant
951 455 996 482 pro
1007 455 1053 474 no-

257 498 304 525 bis.
327 512 361 519 —
387 495 547 525 Ptenitentia
566 494 641 524 radix
663 495 768 530 pietatis
786 498 837 522 est.
855 493 1052 528 liesipiscamns

257 552 332 580 ergo,
347 545 482 580 Deumque
497 551 546 579 per
568 542 750 578 pmnitentiam
769 548 921 572 exoremus,
936 544 964 567 ut
984 540 1052 567 bella

257 589 371 621 auferat,
385 588 513 617 barbaros
529 588 692 622 exstinguat,
706 585 823 614 hostium
837 585 1004 613 incursiones
1018 584 1052 611 ad

258 634 369 662 nihilum
391 634 493 670 redigat.
507 643 514 661 :
526 637 555 662 et
575 633 654 661 nobis
666 633 790 660 omnibus
807 631 883 659 bouis
897 631 981 658 libere
1001 630 1052 658 frui

257 680 396 708 concedat.
416 678 481 708 Cum
491 678 553 714 quis
565 686 601 707 ex
610 678 701 706 animo
710 678 843 714 ponitens
849 677 882 704 ad
896 677 980 704 Deum
992 683 1052 704 sese

258 726 411 759 contulerit,
424 725 580 761 poenitentia
596 725 679 752 Deum
693 723 837 752 admodum
846 723 943 759 placat.
955 723 1053 750 Exem-

258 773 294 808 pli
320 773 405 808 gratia
426 781 434 801 ε
457 773 577 808 peccavit
601 770 746 807 aliquando
769 771 895 807 populus,
920 770 1050 805 pcenituit,

257 819 341 850 tlevit,
356 819 442 854 inquit
456 818 526 846 Deus
539 826 548 846 :
563 826 575 845 ι
587 817 705 846 Audiens
712 816 802 844 audivi
811 816 940 851 gemitum
953 815 1052 850 Ephra-

257 866 293 892 im
307 864 478 892 lamentanlis
491 869 519 892 et
529 863 662 892 dicentis:
675 862 817 898 Castigasti
829 869 883 893 me,
896 861 1016 893 Domine,
1026 865 1054 887 et

259 918 311 937 non
326 909 483 938 emendatus
495 916 566 942 sum,
575 908 622 936 sed
636 908 720 936 iactus
731 915 791 935 sum
803 907 875 935 velut
895 907 994 933 vitulus
1005 913 1052 941 pe-

260 956 348 983 tulans
362 965 370 983 :
384 959 510 983 converte
525 963 578 987 me,
591 959 617 982 et
630 948 774 983 convertar
786 962 798 981 ι
811 953 876 990 (Jcr.
891 954 936 981 3t.
949 953 1003 988 18).
1021 953 1053 980 Et

258 1001 321 1036 quid
338 1001 409 1029 Deus
422 1001 456 1028 ad
468 1001 575 1036 ipsutn?
592 1000 630 1028 Eo
647 1000 715 1036 quod
735 1007 862 1027 sermones
883 999 933 1026 mei
954 999 980 1025 in
998 999 1052 1033 ipsa

259 1053 328 1082 sunt,
342 1056 500 1084 nequaquam
522 1046 672 1074 recordabar
686 1047 753 1081 ejus,
775 1051 799 1074 et
816 1046 896 1082 ipsius
920 1045 1054 1072 miserebor

260 1095 341 1130 (Ibid.
361 1103 385 1122 tt.
403 1095 463 1130 20).
484 1094 523 1123 Ne
537 1094 597 1130 quis
611 1099 637 1121 te
653 1097 824 1125 conterreat,
836 1100 889 1119 non
903 1091 984 1123 fama,
1000 1098 1052 1118 non

259 1141 337 1168 cunei
363 1140 548 1172 barbarorum,
562 1144 590 1167 et
607 1139 690 1167 densa
706 1138 800 1166 nelmla
816 1146 823 1165 :
839 1137 1054 1167 etiamsthostes

260 1187 345 1215 nostri
369 1186 576 1215 innumerabiles
597 1186 650 1212 sint
666 1185 844 1217 mttltitudine,
860 1183 984 1211 defensor
1003 1191 1053 1210 no-

260 1238 317 1261 ster
332 1233 410 1268 longe
424 1232 519 1261 fortior
530 1236 582 1260 est.
606 1231 635 1259 Si
650 1231 685 1258 de
708 1230 878 1257 multitttdine
903 1229 1053 1263 suspicans,

263 1279 369 1311 timeas,
387 1278 498 1305 Elisatus
511 1278 640 1312 propheta
665 1276 710 1304 tibi
726 1276 799 1308 dicit,
816 1275 856 1303 Ne
874 1280 980 1305 metuas,
997 1276 1054 1310 plu-

260 1332 299 1351 res
313 1324 441 1351 nobiscum
454 1327 521 1355 sunt,
532 1331 608 1358 quam
620 1331 676 1349 cum
686 1322 737 1349 illis
750 1322 790 1356 (ι.
803 1321 867 1357 Reg.
882 1321 909 1349 6.
925 1321 980 1355 ili).
998 1321 1054 1348 lllic

260 1369 366 1404 quidetn
386 1369 559 1396 barbarorum
582 1367 733 1400 multitudo,
749 1367 792 1394 hic
814 1366 969 1401 angelorum
989 1365 1054 1401 plta-

260 1414 321 1442 lanx
336 1418 386 1442 est.
399 1413 464 1442 Nam
476 1421 525 1449 pro
539 1413 588 1448 piis
601 1412 753 1440 hominibus
765 1415 792 1440 et
801 1412 936 1447 angelicus
948 1412 1053 1438 exerci-

260 1465 304 1487 tus
329 1463 438 1494 pugnat,
448 1463 479 1486 et
498 1458 686 1494 prophetarum
699 1458 809 1490 chorus,
821 1461 850 1484 et
872 1457 1053 1492 apostolorum

260 1510 389 1540 potestas,
403 1510 430 1533 et
445 1510 591 1542 martyrum
603 1510 707 1539 preces.
728 1502 788 1531 Noli
803 1503 874 1530 enim
886 1502 1051 1536 existimare,

260 1559 393 1588 martyres
408 1555 509 1579 tantum
520 1557 568 1586 pro
580 1550 657 1578 ttobis
666 1557 744 1576 orare
759 1549 844 1584 :quin
862 1548 995 1583 etangeli,
1010 1555 1054 1575 re-

261 1598 311 1626 bus
327 1598 424 1625 nostris
437 1597 566 1629 adversis,
582 1603 630 1631 pro
655 1595 733 1622 nobis
755 1594 952 1629 deprecantur;
967 1601 1054 1628 neque

259 1645 347 1671 solum
360 1644 548 1679 deprecantur,
558 1641 605 1669 sed
621 1645 649 1669 et
664 1647 823 1675 responsum
837 1647 852 1667 a
868 1639 987 1667 beneﬁco
999 1639 1053 1666 Do.

259 1691 334 1718 mino
348 1690 490 1725 accipiunt.
502 1687 646 1716 Zacharias
660 1687 788 1723 propheta
801 1686 839 1714 ait
853 1695 860 1713 :
874 1695 884 1712 ι
899 1686 1054 1721 Etrespon-

259 1736 299 1762 dit
313 1735 483 1770 angelus,qui
499 1733 616 1769 loquitur
631 1733 656 1760 itt
672 1736 754 1764 me,et
768 1731 834 1759 dixit
847 1731 880 1759 ad
895 1731 1051 1759 Dominum:

262 1781 353 1816 (Zac/t.
366 1781 392 1808 ί.
409 1781 436 1808 9.
449 1784 476 1807 et
490 1778 534 1816 12)
548 1787 556 1807 :
571 1778 634 1806 Haec
658 1782 747 1805 autem
761 1777 847 1811 angeli
866 1777 914 1804 luit
924 1777 1053 1812 precatio.

266 1836 274 1852 r
295 1825 408 1854 Domine
420 1826 596 1858 exercituum,
609 1831 746 1859 usquequo
766 1827 794 1850 tu
810 1831 862 1850 non
882 1822 1054 1850 misereberis

261 1873 421 1904 Jerusalem,
437 1875 464 1899 et
478 1871 582 1898 urbium
592 1870 670 1902 Juda,
684 1877 751 1905 quas
761 1869 909 1905 despexisti
918 1869 930 1896 ?
939 1869 990 1896 Iste
998 1869 1053 1904 iam

262 1914 473 1954 scplitagesimus
486 1925 571 1945 anttus
587 1921 638 1945 est.
654 1926 667 1954 ι¹
676 1916 744 1950 Quid
765 1916 862 1951 igitur?
873 1915 1055 1951 repudiavitne

263 1966 334 1993 Deus
347 1966 493 1993 orationem
507 1964 609 1999 angeli?
620 1963 727 1990 Minime
742 1962 769 1990 id
784 1962 903 1998 quidem.
918 1962 987 1996 Quid
1003 1962 1055 1996 igi-

263 2018 306 2040 tur
335 2012 453 2047 responsi
478 2010 568 2038 dedit?
582 2009 731 2043 Respondit,
749 2009 845 2044 inquit,
873 2008 997 2035 Dominus
1021 2008 1055 2035 ad

262 2057 382 2093 angelum
391 2057 531 2092 loquentem
541 2056 567 2082 in
583 2063 621 2082 me
630 2055 704 2082 verba
717 2054 905 2087 consolatorie,
921 2058 943 2080 et
958 2062 1055 2081 sermo-

262 2113 306 2131 nes
327 2103 508 2131 consolatorios
523 2101 604 2137 (Ibid.
621 2109 644 2129 ν.
667 2101 724 2137 i5).
750 2101 928 2128 Obsecremus
941 2108 1005 2136 ergo
1029 2105 1056 2128 et

263 2158 313 2178 nos
337 2150 477 2177 Dominum
495 2148 661 2183 angelorum,
676 2153 703 2175 et
722 2146 820 2182 lcgabit
835 2154 915 2173 unum
929 2154 961 2174 ex
976 2154 1056 2181 ange-

264 2197 296 2224 lis
311 2196 355 2231 qui
369 2200 449 2223 totam
462 2194 617 2230 phalangem
633 2193 748 2220 hostium
759 2191 908 2226 dissipabit.
924 2191 979 2226 Ego
990 2199 1056 2219 vero

263 2247 289 2270 et
304 2242 432 2277 picturam
444 2248 475 2267 ex
489 2247 550 2267 cera
564 2239 659 2266 factam
669 2237 801 2270 adamavi,
813 2237 1054 2272 pietatereiertatn.

264 2288 292 2314 ln
316 2287 431 2322 imagine
446 2285 498 2313 vidi
518 2284 660 2319 angelum,
677 2283 850 2310 barbarorum
867 2283 938 2309 illam
957 2283 1054 2310 nubem

264 2333 446 2369 profligantem
460 2330 511 2368 (α),
526 2330 578 2357 vidi
590 2329 716 2356 barbaras
729 2332 822 2363 gentes
843 2329 995 2355 conculcari
1007 2349 1015 2361 ,
1029 2334 1055 2356 et

265 2379 392 2406 llavidem
408 2385 469 2405 vere
479 2376 630 2405 exclamare
646 2383 653 2402 :
668 2373 784 2407 Domine,
791 2374 817 2400 in
825 2373 924 2400 civitate
937 2378 980 2400 tua
992 2374 1057 2400 imu-

296 2468 332 2498 (η)
351 2468 392 2491 Itie
403 2465 471 2492 locus
480 2465 585 2490 habetur
596 2464 621 2489 in
630 2463 721 2498 Sypodo
732 2461 838 2498 sectiuda
850 2462 943 2498 t‘g‘iczena
955 2461 1056 2498 Aeni,

266 2493 305 2523 his
316 2493 398 2522 r'crbis
410 2503 416 2528 ς
428 2501 476 2528 ligo
489 2500 516 2528 et
532 2493 728 2528 ceragper'fustnn
745 2493 822 2528 dilexi
837 2493 957 2528 picturam
969 2493 1057 2528 pietate

264 2530 361 2561 r‘tncm
376 2535 383 2552 :
394 2523 519 2561 ridieninz
529 2523 680 2561 nngelimt'in
689 2523 793 2556 imagine
801 2523 929 2561 pellentem
942 2523 1056 2561 barbaro-

265 2554 321 2584 i‘u-tt
332 2566 425 2584 cuneus.
440 2559 520 2589 Pergit,
531 2554 617 2582 Fronto
635 2554 754 2589 Demens}
772 2554 876 2589 glAltera
888 2554 1057 2589 interpretatio

265 2591 363 2621 Vltlgaiu
375 2591 409 2614 sit.
420 2585 517 2618 habuit,
525 2593 578 2621 ﬁgo
588 2592 614 2621 et
622 2593 654 2613 es:
664 2593 721 2612 cera
733 2585 827 2617 fusilem
844 2585 979 2621 picturam,
992 2585 1056 2621 quod

264 2616 449 2656 rcciiusuquam
469 2616 532 2656 quod
548 2616 699 2656 apud-toan.
720 2620 897 2656 lmntastuenptn
909 2617 1009 2656 graue
1025 2616 1057 2656 de

265 2646 419 2683 imaginibus,
430 2646 729 2683 syrtirerantscripturam,
742 2651 783 2672 aut
794 2647 856 2683 apud
868 2646 1011 2683 Hadrianum
1028 2647 1037 2671 l
1048 2664 1056 2677 ,

266 2676 347 2715 ὲῂυἶι
359 2676 530 2715 cerditi'fttsant
542 2676 779 2715 dilegi'imaginentg
791 2676 837 2713 aut
849 2677 894 2715 hoc
903 2676 957 2712 loco
969 2681 1057 2702 δραι-ε-

266 2712 324 2744 riis,
346 2712 578 2746 Scriptur‘mnncerw
595 2712 745 2746 impr-essunt.
761 2712 1058 2746 (il‘wclsreilillltnps-{fagia

264 2740 358 2776 pictura
371 2749 425 2774 est,
437 2750 492 2774 quat
503 2742 530 2767 ﬁt
543 2749 574 2776 ex
587 2740 659 2766 ceris.
672 2740 866 2776 solebant‘enim
883 2740 996 2776 ex_cet~is
1007 2740 1057 2776 pin-

266 2769 336 2805 ἴτω-ε,
350 2782 378 2799 ac
389 2769 641 2805 sd'itituraminurere
650 2789 659 2805 ,_
669 2775 696 2796 ut
706 2771 778 2795 ducet
790 2769 878 2805 Plinius
889 2769 906 2793 ι.
918 2769 959 2799 55,
969 2776 993 2794 c.
1008 2769 1034 2805 ll
1048 2777 1055 2794 :

264 2802 335 2832 ieris
344 2802 445 2838 pingere
453 2811 481 2829 ac
493 2803 638 2838 scripturum
650 2802 758 2838 inurere.
768 2802 1057 2838 quisrprs'ntusresrogitaf

266 2842 326 2863 reri:
334 2832 348 2866 ,'
359 2832 406 2861 non
424 2838 513 2867 constat
527 2832 647 2867 {quidam
659 2832 770 2867 Aristidis
782 2832 902 2867 inventum
913 2834 997 2866 putant

267 2860 351 2893 hbiti
362 2860 432 2898 ζὼν.
447 2866 476 2890 14
485 2885 492 2898 ,
505 2860 590 2898 scribit
594 2871 679 2898 iceram
691 2863 769 2898 varios
785 2862 808 2886 in
820 2860 918 2886 colores
926 2862 1058 2898 pigmentis

269 2900 328 2925 trahi
341 2893 369 2923 ad
382 2893 518 2923 reddendas
529 2896 707 2925 similitudines,
720 2893 785 2919 unde
801 2900 902 2923 ιιιροχντιτν
922 2895 960 2918 est
975 2898 1057 2919 ceram

779 156 914 186 INCERTI
935 155 1074 185 llOMlLlA
1095 156 1138 183 DE
1159 155 1407 187 LEGISLATORE.

1847 163 1900 192 £408

1108 217 1191 252 ginem
1203 218 1316 252 ipsorum
1334 218 1369 246 ad
1384 219 1491 246 nihilum
1504 219 1601 256 redige:
1614 220 1699 257 (Psal.
1715 222 1760 249 72.
1771 222 1828 256 ΞΟ).
1847 223 1900 251 Sed

1107 268 1133 290 et
1147 271 1217 291 nunc
1230 263 1324 292 beatus
1337 264 1418 292 David
1432 265 1466 293 de
1474 265 1550 293 nobis
1558 266 1629 293 dicat
1644 275 1651 294 :
1668 267 1728 294 Fiat
1738 269 1778 295 via
1788 269 1901 303 ipsorum

1108 308 1216 336 tenebrat
1225 314 1248 336 et
1262 310 1350 346 lapsus
1358 330 1368 344 ,
1380 315 1405 338 et
1417 312 1521 347 angelus
1533 310 1638 340 Domini
1650 320 1813 349 persequatur
1832 315 1902 349 ipsus

1109 355 1194 391 (I'utl.
1216 357 1261 385 δι.
1273 358 1314 394 6).
1329 358 1399 386 Dens
1409 359 1497 386 varias
1510 360 1665 388 occasiones
1674 381 1681 393 ,
1695 367 1723 388 ut
1736 361 1828 389 hostes
1839 370 1901 396 pes-

1107 409 1166 429 sum
1190 407 1264 437 eant,
1280 402 1425 441 procurare
1439 404 1524 432 novit.
1550 405 1628 433 Acies
1650 405 1692 434 illa
1706 406 1900 439 Sennacherib,

1107 449 1178 483 regis
1190 449 1373 484 Assyriorum,
1388 450 1483 485 ingens
1493 455 1561 485 erat,
1575 456 1603 478 et
1616 459 1684 478 unus
1701 452 1812 487 angelus
1828 453 1902 487 lcga-

1107 498 1150 520 tus
1165 499 1272 521 centum
1285 495 1417 530 octoginta
1431 495 1548 531 quinque
1558 496 1640 523 millia
1651 497 1767 524 hostium
1779 503 1902 533 prostra-

1107 539 1144 566 vit
1159 540 1197 575 (ι.
1211 539 1275 576 Reg.
1300 540 1358 575 19).
1380 540 1435 568 Nos
1462 540 1584 569 homines
1611 541 1735 569 humanis
1754 543 1902 571 rationibus

1107 585 1303 612 onmiaeventa
1317 586 1453 619 metimur,
1469 586 1661 623 nobiscumque
1675 588 1804 615 dicimus:
1821 588 1900 622 Quid,

1107 630 1129 657 si
1155 630 1182 657 in
1206 631 1304 658 ttostris
1318 631 1437 666 partibus
1450 632 1539 659 nullus
1552 632 1630 660 miles
1643 633 1813 661 inveniatur?
1826 635 1900 668 quid,

1107 675 1128 702 si
1146 675 1297 711 priusquam
1311 678 1444 705 exercitus
1457 677 1512 705 du‘x
1527 678 1625 712 veniat,
1639 687 1733 706 omnes
1757 687 1806 707 nos
1824 681 1904 707 deva-

1106 725 1178 748 Sleni.
1188 721 1201 748 ?
1213 721 1276 756 quid
1288 721 1436 750 faciemus?
1448 723 1516 751 Num
1525 724 1605 759 igitur
1612 724 1673 759 quia
1689 729 1716 752 ttt
1732 726 1900 760 prteveuiris,

1108 767 1286 801 przcveuietnr
1301 768 1389 795 Deus?
1403 777 1465 796 num
1477 770 1537 804 quia
1553 774 1579 796 ttt
1596 777 1648 797 non
1663 770 1761 805 ubique
1773 779 1814 804 es,
1832 771 1902 798 Deus

1107 821 1160 839 non
1175 813 1272 848 ubique
1290 815 1348 841 est?
1361 823 1424 842 num
1439 815 1516 850 igitur
1531 816 1601 843 Deus
1617 817 1666 844 ltoc
1679 817 1786 852 quidem
1802 823 1900 853 potest,

1107 859 1171 886 illud
1186 868 1248 887 vero
1264 869 1316 888 non
1331 861 1438 896 potest?
1452 862 1522 889 Mare
1535 863 1708 890 inanimatutn
1724 864 1748 891 ei
1760 864 1899 900 obtempe-

1107 905 1186 937 ravit,
1201 910 1229 933 et
1241 905 1368 934 demersit
1383 916 1390 934 :
1404 907 1473 934 bruti
1490 909 1576 942 pisces
1590 916 1649 936 sese
1663 910 1806 944 capiendos
1821 910 1900 938 Petro

1106 950 1238 984 obtulere,
1253 957 1278 979 et
1292 953 1413 988 angelus,
1430 953 1451 980 si
1466 954 1532 980 Deus
1551 954 1672 988 imperet,
1687 963 1782 982 omnes
1795 957 1894 983 verita—

1107 998 1141 1024 tis
1153 997 1244 1025 hostes
1266 1007 1318 1026 non
1332 999 1460 1027 'l‘nnditns
1473 1001 1591 1028 delebit?
1616 1001 1670 1028 Nos
1689 1007 1788 1030 tantum
1811 1004 1900 1031 sobrie

1106 1048 1134 1070 et
1159 1044 1282 1072 modeste
1309 1046 1450 1073 vivamus:
1468 1051 1570 1074 tantum
1586 1048 1667 1074 Deum
1683 1056 1807 1084 rogemus
1821 1050 1901 1085 eique

1107 1089 1296 1124 sttpplicetnus.
1315 1090 1454 1125 Imperavit
1469 1092 1537 1127 aput]
1552 1097 1656 1121 veteres
1670 1093 1724 1121 dux
1737 1096 1901 1128 prarslantis-

1106 1134 1201 1168 simus,
1217 1143 1296 1170 quem
1312 1144 1362 1171 ego
1376 1138 1509 1164 communi
1525 1138 1632 1165 nomine
1645 1139 1765 1173 designo,
1777 1144 1805 1166 ut
1816 1141 1902 1167 omni-

1106 1179 1156 1206 bus
1171 1180 1320 1208 innotescat
1334 1190 1340 1208 :
1354 1182 1421 1215 fuit,
1435 1182 1557 1218 iuqttam,
1569 1184 1623 1211 dux
1637 1184 1843 1219 alienigenarum
1859 1186 1902 1213 Si-

1105 1233 1165 1254 sara
1182 1226 1257 1261 (Jud.
1272 1228 1301 1262 4)
1318 1236 1324 1254 :
1341 1228 1417 1262 cujus
1436 1230 1515 1256 etiam
1532 1229 1614 1257 David
1629 1231 1791 1258 mentionem
1814 1232 1875 1259 facit
1891 1241 1899 1258 :

1107 1272 1164 1300 Fac
1178 1273 1241 1309 ipsis
1259 1274 1323 1301 sicut
1340 1274 1447 1301 Madian
1458 1281 1480 1302 et
1496 1275 1602 1308 Sisarw,
1623 1277 1687 1304 sicut
1700 1277 1787 1304 labini
1808 1279 1834 1305 in
1849 1284 1900 1305 tor-

1106 1325 1177 1347 rente
1201 1319 1289 1348 Cisson
1302 1320 1389 1356 (Psal.
1404 1320 1519 1356 82.10).
1535 1321 1620 1349 labim
1647 1323 1753 1357 quidem
1776 1332 1824 1351 rex
1844 1329 1901 1352 erat

1106 1367 1315 1402 alientgenarum
1330 1376 1338 1395 :
1353 1368 1442 1395 Sisara
1455 1376 1520 1396 vero
1532 1368 1585 1396 dux
1600 1370 1746 1397 exercitus.
1759 1370 1841 1398 Erant
1853 1378 1901 1398 an-

1107 1418 1160 1442 tem
1176 1414 1225 1449 ipsi
1240 1422 1336 1442 currtts
1354 1414 1434 1442 ferrei
1457 1415 1613 1450 octingenti,
1625 1420 1652 1443 et
1671 1424 1765 1444 ntattus
1787 1416 1899 1444 inﬁnita.

1107 1460 1225 1495 Populus
1234 1461 1322 1496 itaque
1332 1460 1344 1488 ,Ι
1350 1461 1486 1488 υάωοτιιηι
1495 1461 1771 1497 extimuit,conspexit
1780 1463 1900 1498 ingentes

1108 1507 1166 1534 illas
1191 1507 1292 1541 copias,
1307 1512 1335 1535 et
1356 1507 1506 1535 exhorruit.
1527 1508 1596 1542 Quid
1609 1509 1688 1544 igitur
1701 1510 1900 1538 amantissima

1107 1553 1245 1580 hominum
1266 1553 1336 1580 Deus
1355 1561 1404 1588 per
1427 1553 1621 1588 prophetissam
1648 1554 1780 1582 Deboram
1803 1555 1899 1583 defen-

1106 1601 1160 1627 sori
1171 1600 1277 1634 pietatis
1290 1600 1411 1629 indicat?
1425 1600 1467 1628 Ne
1487 1606 1593 1634 metuas,
1607 1601 1645 1628 ait
1660 1610 1668 1629 :
1687 1610 1745 1629 ecce
1767 1602 1844 1628 tradit
1856 1603 1900 1629 tibi

1105 1646 1190 1681 ipsum
1203 1645 1328 1673 Dominus
1341 1646 1368 1673 in
1387 1655 1476 1674 uiantis
1490 1652 1546 1674 tua:
1561 1646 1660 1683 (Judic.
1673 1647 1700 1675 4.
1718 1648 1774 1683 Η),
1786 1655 1835 1675 nec
1848 1652 1901 1676 ent

1107 1691 1211 1718 facinus
1225 1691 1288 1718 illud
1305 1700 1399 1719 manus
1413 1697 1465 1720 tua:
1476 1713 1484 1725 ,
1505 1692 1552 1720 sed
1568 1700 1662 1720 manus
1680 1693 1828 1721 muliebris.
1843 1694 1900 1721 Ad-

1107 1742 1190 1771 verte,
1205 1738 1340 1773 quomodo
1356 1740 1425 1766 Deus
1435 1739 1614 1774 arrogantiam
1634 1740 1762 1767 coercuit.
1778 1739 1832 1767 Viri
1848 1748 1900 1768 non

1107 1785 1299 1817 sustinuerant,
1314 1789 1341 1811 et
1352 1785 1448 1812 mulier
1459 1786 1606 1813 excrcitutn
1617 1785 1702 1812 duxit.
1716 1785 1852 1821 Ingressus
1861 1791 1901 1813 est

1105 1830 1194 1859 Sisara
1205 1830 1239 1857 ad
1253 1831 1402 1864 mulierem,
1418 1839 1478 1866 qua:
1491 1831 1548 1859 Jael
1561 1831 1710 1865 dicebatur,
1721 1838 1821 1860 etcum
1835 1837 1901 1860 aestu

1108 1876 1252 1909 laboraret,
1264 1885 1360 1912 aquatn
1375 1877 1409 1904 ab
1424 1877 1478 1912 ipsa
1495 1878 1560 1912 petit
1576 1886 1583 1904 :
1598 1877 1643 1904 illa
1658 1885 1723 1905 vero
1741 1878 1782 1906 lac
1801 1879 1825 1906 ei
1840 1886 1901 1913 por-

1107 1922 1186 1948 rexit.
1215 1921 1280 1949 Vide
1291 1923 1448 1957 sapientiam
1462 1923 1591 1951 mulieris.
1606 1923 1756 1955 Cum,cnim
1771 1925 1812 1952 lac
1822 1925 1900 1952 reiri~

1107 1967 1217 2001 gerundi
1237 1968 1288 1994 vim
1307 1968 1480 2002 obtineat,et
1493 1976 1615 2007 somnum
1635 1970 1770 2004 conciliet,
1781 1970 1841 1998 ideo
1860 1971 1902 1999 lae

1108 2014 1157 2049 ipsi
1185 2014 1271 2047 allert,
1286 2019 1314 2041 ut
1335 2015 1471 2049 Scriptura
1493 2023 1555 2042 vere
1577 2017 1741 2050 pronuntiat,
1752 2024 1812 2051 qua:
1835 2017 1873 2043 ait
1892 2025 1900 2043 :

1109 2064 1206 2095 Aquam
1221 2061 1251 2087 ab
1275 2061 1331 2096 ipsa
1348 2061 1431 2096 petiit,
1449 2067 1471 2088 et
1488 2062 1533 2088 illa
1545 2062 1584 2089 lac
1605 2062 1694 2089 obtulit
1707 2062 1787 2097 (Ibid.
1801 2071 1826 2089 υ.
1840 2062 1898 2097 19),

1108 2113 1137 2135 ut
1147 2108 1225 2135 simul
1240 2112 1268 2135 et
1282 2108 1353 2134 sitim
1368 2108 1555 2143 restinguerct,
1571 2113 1598 2135 et
1619 2109 1783 2143 consopiret.
1801 2109 1901 2136 Deinde

1108 2155 1258 2182 dormiente
1271 2155 1429 2190 alienigena,
1451 2155 1564 2190 arripuit
1587 2155 1631 2182 illa
1646 2155 1742 2182 mulier
1755 2155 1859 2183 clavum
1875 2161 1900 2182 et

1108 2201 1244 2232 malleum,
1256 2204 1283 2227 et
1293 2200 1327 2226 ad
1342 2200 1445 2227 hostem
1457 2201 1582 2227 accurrit.
1598 2200 1662 2227 Vide
1673 2198 1901 2235 sapientiam'mu-

1108 2245 1191 2272 lieris.
1207 2244 1260 2272 Cur
1272 2245 1314 2272 illa
1327 2254 1379 2272 non
1387 2245 1474 2280 potius
1483 2245 1600 2279 gladium
1612 2251 1658 2272 aut
1672 2245 1843 2279 machaeram,
1854 2246 1901 2274 sed

1109 2292 1233 2326 paxillum
1250 2291 1380 2326 arripuit?
1401 2291 1534 2319 Metuebat
1544 2312 1552 2324 ,
1567 2291 1686 2323 scilicet,
1701 2297 1732 2319 ut
1746 2291 1854 2325 tnulier,
1869 2300 1902 2319 ne

1109 2338 1154 2366 ille
1167 2342 1338 2372 experrectus
1360 2337 1573 2372 deprehenderet
1595 2337 1678 2371 illam,
1690 2337 1807 2372 gladium
1820 2345 1901 2364 mantt

1109 2388 1254 2411 tenentem.
1271 2383 1345 2410 lianc
1364 2383 1399 2410 ob
1420 2390 1527 2410 causam
1543 2383 1587 2410 illa
1606 2384 1707 2410 nullttm
1721 2383 1799 2411 virile
1821 2383 1902 2411 telum

1110 2430 1232 2463 arripttit,
1247 2429 1294 2456 sed
1315 2429 1463 2456 institutum
1488 2428 1617 2456 muliebre
1629 2429 1783 2464 assumpsit.
1811 2428 1905 2456 Solent

1110 2477 1180 2504 enim
1193 2476 1319 2504 mulieres
1329 2476 1472 2503 succinctae
1488 2475 1613 2510 paxillum
1623 2475 1649 2502 in
1662 2476 1789 2510 parietem
1804 2484 1903 2510 pange-

1110 2531 1150 2555 re,
1162 2528 1188 2550 et
1201 2523 1239 2549 sic
1249 2529 1327 2550 suum
1339 2529 1407 2556 opus
1420 2522 1555 2556 suscipere
1569 2526 1595 2549 et
1605 2521 1724 2556 aggredi.
1740 2521 1807 2548 Rem
1825 2522 1904 2557 igitur

1109 2568 1161 2596 alia
1183 2568 1223 2595 via
1244 2568 1369 2600 instituit,
1382 2572 1410 2594 ttt
1420 2572 1493 2594 extra
1509 2575 1615 2594 omttem
1629 2567 1808 2602 suspicionem
1822 2573 1902 2596 esset.

1110 2615 1177 2642 Cum
1189 2621 1252 2641 vero
1268 2614 1339 2641 Detts
1354 2613 1538 2645 auxiliaretur,
1552 2613 1598 2640 Dei
1611 2620 1716 2648 quoque
1731 2617 1798 2646 erat,
1815 2621 1903 2640 oracu-

1111 2661 1164 2688 lum
1180 2659 1243 2687 illud
1255 2659 1288 2686 ad
1300 2659 1399 2686 exitum
1416 2658 1550 2686 deducere
1572 2667 1578 2685 :
1593 2666 1681 2693 tthue
1694 2659 1764 2685 enim
1781 2659 1902 2686 mulieris

1111 2707 1162 2734 hoc
1186 2711 1349 2740 stratagema
1373 2709 1450 2738 erat,
1474 2705 1520 2731 sed
1537 2704 1584 2731 Dei
1598 2705 1734 2732 oraculum
1753 2704 1808 2731 :ln
1828 2713 1903 2731 manu

1110 2752 1222 2779 mulieris
1236 2750 1283 2778 erit
1303 2758 1370 2778 mors
1395 2757 1438 2777 tua
1461 2749 1559 2785 (Judic.
1571 2750 1596 2776 4.
1606 2749 1642 2785 9).
1659 2749 1728 2777 Deus
1755 2757 1820 2784 ergo
1843 2757 1902 2776 cum

1111 2830 1212 2863 fundere
1222 2831 1245 2854 et
1257 2828 1359 2860 liquare.
1371 2835 1383 2850 ι
1398 2830 1519 2863 titantem
1531 2826 1604 2863 hujus
1613 2828 1768 2863 Duezeihotse
1788 2827 1850 2863 ratio
1867 2827 1903 2850 iu-

1112 2861 1234 2892 telligatur
1244 2878 1251 2889 ,
1263 2865 1345 2890 operte
1357 2861 1461 2890 pretium
1474 2861 1512 2882 est
1529 2861 1614 2883 notare
1635 2861 1671 2884 sic
1693 2864 1718 2882 tn
1742 2861 1813 2883 textu
1825 2861 1904 2883 orm

1111 2893 1176 2924 legi:
1191 2898 1223 2922 Ᾱγὼ
1234 2898 1263 2916 uti
1275 2898 1308 2922 "iv
1318 2898 1413 2924 κηρόχυτον
1425 2896 1490 2921 “Aﬁr
