2060 3125
185 150 236 178 409

182 207 339 236 administer
353 205 422 233 illius
433 204 556 233 facinoris
570 206 650 235 esset,
662 209 757 230 somno
771 201 876 229 hostem
896 201 969 228 illum

183 254 303 283 devinxit
315 262 323 280 :
336 257 363 280 et
375 251 483 283 mulier,
495 251 593 286 paxillo
605 254 711 284 arrepto
729 252 754 275 et
771 246 974 282 malleo,adegit

183 309 232 336 per
255 304 373 334 tempora
394 298 447 325 ictu
470 303 523 324 tam
544 296 623 328 forti,
638 300 667 322 ut
681 295 760 322 etiam
777 298 873 321 terram
889 300 972 327 pene-

184 350 287 374 traret:
303 349 330 373 et
344 344 381 372 sic
394 343 502 378 quidem
522 342 567 370 ille
589 342 657 368 intra
673 341 754 375 pedes
770 339 888 367 mulieris
901 347 973 366 mor-

185 397 246 420 tuus
257 396 307 419 08L

220 439 246 465 7.
267 437 324 465 Non
347 436 444 463 desunt
465 435 519 462 Deo
539 433 704 463 occasiones.
719 435 745 459 et
758 438 818 459 eum
834 431 891 465 ipse
904 430 971 463 vult,

185 483 250 512 nihil
272 483 354 510 refert
377 488 426 509 nos
450 480 530 508 etiam
553 479 687 507 sociorum
713 478 818 505 auxiliis
840 475 971 505 destitui:

185 528 233 557 Dei
256 536 339 558 arma,
362 527 411 554 Dei
428 526 513 556 miles,
529 525 574 552 Dei
600 524 695 556 virtus,
723 524 796 550 solus
820 527 901 551 nutus
924 522 973 550 Dei

184 574 273 602 omnia
288 577 408 607 possunt.
420 571 476 598 Hoc
485 570 590 598 Christo
604 569 724 597 dicamus
736 577 743 595 :
756 569 803 596 Dic
814 568 934 600 verbum,
946 570 974 594 et

186 619 276 646 hostes
290 618 326 645 tui
336 617 537 651 dissipabuntur
550 625 556 641 :
571 614 616 643 die
632 615 754 646 verbum,
769 618 797 641 et
819 613 973 640 misericor-

185 665 228 693 dia
253 665 387 693 civitatem
403 667 475 691 tuam
502 662 600 690 aflicies
617 670 624 688 :
639 661 683 689 die
705 660 826 692 verbum,
841 665 868 687 et
882 658 972 697 mundi

187 711 225 739 lui
246 709 428 738 misereberis.
443 709 567 736 Dicamus
589 707 645 740 illi,
661 706 728 733 Ecce
740 706 822 733 hostes
834 705 870 732 tui
883 712 975 732 sonue-

185 761 256 789 runt,
267 763 291 783 et
303 756 345 791 qui
357 760 380 782 te
389 754 504 786 oderunt,
520 753 673 781 sustulerunt
683 757 758 787 caput
774 751 859 788 (Psal.
876 750 920 778 8‘2.
931 750 971 785 5).

188 802 267 830 Visne
280 801 388 828 alterius
409 800 528 828 ediscere
541 799 660 826 mulieris
674 803 844 832 stratagema,
856 796 927 832 quod
946 800 974 824 et

187 849 272 883 ipsum
293 847 383 875 divina
404 848 541 874 voluntate
563 849 745 880 perpetratum
757 844 814 872 est?
828 843 973 871 Eratalius

185 894 328 929 quispiam,
342 893 450 920 nomine
461 891 628 924 Abimelech,
643 891 687 926 qui
704 889 851 917 interfectis
866 893 974 922 septua-

185 941 258 975 ginta
271 939 404 972 fratribus,
415 943 525 974 totoque
550 937 647 973 populo
662 945 709 972 per
726 936 777 964 hoc
798 935 972 963 fratricidium

186 986 212 1013 in
231 993 306 1012 suam
326 989 486 1020 potestatem
503 984 627 1016 redacto,
647 982 785 1018 oppidum,
799 981 911 1009 admotis
925 988 973 1008 eo-

186 1033 246 1064 piis,
258 1039 411 1067 oppugnare
421 1031 501 1065 coepit
511 1029 613 1065 (ludio.
626 1027 653 1063 9)
669 1038 676 1056 ι
690 1032 718 1056 et
726 1028 852 1056 omnibus
864 1028 897 1055 ad
909 1027 972 1055 belli

186 1077 279 1104 faciem
297 1077 415 1104 attonitis
429 1081 455 1103 et
466 1075 630 1110 stupefactis,
646 1075 716 1101 Deus
740 1074 836 1101 iterum
851 1073 973 1100 mulieris

185 1131 292 1150 manum
304 1123 446 1155 roboravit,
463 1129 574 1156 eamque
592 1129 607 1148 e
622 1120 753 1148 mmnibus
767 1120 883 1154 conspici
896 1126 974 1147 cura-

185 1169 232 1202 \‘it,
245 1177 304 1203 qua:
317 1167 362 1196 ubi
378 1168 490 1195 frustum
499 1167 533 1194 de
546 1166 632 1202 lapide
647 1166 740 1193 molari
757 1166 930 1199 arripuisset,
945 1165 971 1191 in

183 1219 262 1248 caput
276 1213 379 1250 tyranni
395 1213 514 1247 projecit,
530 1216 659 1246 caputque
671 1210 803 1238 contrivit.
816 1210 867 1238 Sed
881 1210 972 1237 obser-

185 1267 215 1286 va
231 1259 363 1294 ingentem
381 1258 488 1292 superbi
503 1257 572 1284 illitis
590 1256 734 1291 nequitiam
744 1263 803 1283 cum
824 1256 882 1290 ipso
896 1262 972 1282 com-

183 1304 350 1332 merientem.
375 1304 443 1330 Dicit
456 1302 563 1331 satelliti
578 1301 712 1334 adstanti,
737 1300 838 1336 Stringe
857 1301 972 1336 gladium

184 1356 263 1383 tuum,
279 1355 302 1378 et
316 1359 356 1378 me
373 1355 482 1386 percute,
501 1357 533 1376 ne
547 1349 642 1381 dicant,
667 1348 761 1375 Mulier
779 1348 862 1382 ipsum
880 1347 972 1374 occidit

184 1397 264 1431 (Ibid.
276 1405 300 1424 ιι.
313 1398 350 1432 ι).
365 1397 468 1432 Corpus
486 1396 650 1423 moriebatur
662 1415 669 1427 ,
686 1394 809 1429 superbia
822 1393 947 1421 manebat
961 1400 968 1419 :

182 1445 262 1471 vitam
283 1444 329 1471 ille
357 1443 462 1478 quidem
484 1451 545 1470 cum
567 1446 654 1469 morte
673 1441 876 1473 commutabat,
895 1447 970 1467 vante

182 1489 273 1524 gloria:
298 1489 415 1517 studium
439 1496 491 1515 non
518 1487 708 1515 commutabat.
733 1487 766 1514 Et
789 1486 895 1521 quidem
920 1485 970 1513 hac

182 1539 260 1562 aetate
283 1541 340 1561 non
355 1534 433 1561 deest
445 1533 498 1560 Deo
510 1533 625 1566 Debora,
649 1537 703 1560 non
722 1532 799 1559 deest
827 1531 882 1558 Deo
899 1530 968 1558 Jael.

182 1581 313 1608 Habemus
326 1585 353 1608 et
367 1587 416 1607 nos
430 1585 548 1606 sanetam
558 1578 696 1613 Virginem
707 1585 738 1605 ac
751 1578 797 1605 Dei
813 1578 969 1613 genitricem

181 1627 288 1653 Mariam
300 1647 307 1657 ,
320 1633 379 1661 qua:
393 1633 442 1660 pro
453 1625 531 1652 nobis
547 1623 698 1652 intercedit.
713 1624 741 1651 Si
754 1624 825 1651 enim
840 1624 939 1658 qumvis
954 1631 970 1651 e

181 1673 257 1708 vulgo
268 1672 364 1700 mulier
375 1672 514 1699 victoriam
527 1671 641 1699 obtinuit
653 1691 661 1704 ,
677 1675 776 1705 quanto
793 1671 877 1704 magis
889 1669 969 1697 Citri-

180 1719 213 1746 sti
228 1723 315 1745 mater
329 1718 421 1745 hostes
431 1717 549 1745 veritatis
561 1715 716 1743 confunditl
733 1715 823 1742 Hostis
836 1715 880 1742 ille
894 1715 969 1742 omni

181 1772 315 1791 armorum
340 1771 438 1798 genere
462 1762 730 1796 instructus,pntavit
754 1761 893 1788 mulierem
909 1767 970 1788 esse

181 1810 234 1836 risu
245 1809 363 1845 dignam,
379 1813 407 1836 et
418 1808 518 1836 invenit
539 1807 634 1835 ducem
649 1810 806 1834 certantem.
821 1805 879 1833 Non
891 1811 970 1841 puta-

180 1855 217 1883 vit
231 1863 260 1883 se
275 1863 357 1892 prope
369 1856 522 1891 sepulcrum
540 1861 600 1882 esse
611 1875 619 1887 ,
634 1859 660 1882 et
675 1854 812 1882 inventum
826 1858 866 1881 est
877 1853 913 1880 illi
929 1860 967 1880 se-

910 141 1036 170 MONITU
1041 141 1074 169 Μ,

1768 143 1816 172 ΗΟ

1026 201 1147 236 pulcrum
1163 208 1170 227 τ
1184 206 1316 228 mortuam
1330 200 1402 228 illam
1417 200 1603 234 existimabat,
1617 205 1644 228 et
1658 201 1691 228 ab
1703 201 1758 236 ipsa
1776 202 1814 228 iu-

1026 247 1150 274 tcrfectus
1165 251 1214 274 est.
1232 246 1365 274 "abemus
1387 246 1527 273 Dominam
1554 250 1672 273 nostram
1698 252 1816 274 sanctam

1025 291 1134 318 Mariam
1144 292 1284 326 Deiparam
1301 301 1307 318 :
1322 291 1368 319 sed
1380 297 1406 319 et
1419 291 1597 326 apostolorum
1614 291 1738 326 precibus
1749 299 1816 326 opus

1025 341 1075 364 est.
1091 337 1214 364 Dicamus
1229 343 1255 364 et
1270 345 1319 365 nos
1338 337 1430 369 Paulo,
1444 336 1667 372 quemadmodum
1689 342 1716 364 et
1737 337 1815 372 prisci

1026 383 1065 410 illi
1080 393 1086 410 :
1103 383 1166 410 Cum
1176 384 1202 410 in
1212 383 1387 410 Macedoniam
1403 383 1577 419 pertranoieris
1590 403 1598 416 ,
1610 383 1680 410 nobis
1694 383 1821 410 auxitiare
1839 378 1842 379 ν

1026 429 1093 462 (Act.
1109 430 1153 457 16.
1175 430 1212 466 9).
1239 430 1372 458 Habemus
1397 430 1542 465 apostolos,
1568 437 1602 457 ne
1623 433 1815 464 torpescamus.

1025 474 1169 505 Habemus,
1184 476 1301 511 inquam,
1314 475 1448 503 dominam
1458 480 1575 503 nostram
1585 479 1704 502 sanctam
1718 475 1815 508 Deipa-

1025 528 1093 553 ram,
1107 525 1134 548 et
1143 528 1249 557 semper
1260 520 1394 556 Virginem
1406 521 1525 554 Mariam,
1540 529 1574 548 ne
1586 521 1749 556 pigritemur.
1766 520 1815 548 lla-

1026 567 1119 594 bemus
1133 567 1243 594 chorum
1256 573 1412 603 martyrum,
1428 575 1462 595 ne
1480 567 1588 595 desides
1611 567 1704 595 simus.
1726 566 1817 601 Neque

1024 620 1089 640 vero
1102 617 1203 639 tantum
1218 620 1372 647 precemur,
1389 612 1447 646 sed,
1459 613 1481 640 si
1493 612 1607 645 videtur,
1623 611 1703 639 etiam
1715 611 1816 647 jejune—

1025 666 1095 685 ntus.
1115 658 1204 686 Satius
1230 663 1272 686 est
1290 659 1410 694 jejunare
1431 658 1560 694 jejunium
1586 658 1720 691 desiderii,
1737 665 1815 693 quam

1026 704 1102 732 famis
1119 713 1125 731 :
1141 705 1235 738 salius,
1250 703 1380 739 jejunium
1393 704 1542 732 dilectionis
1553 724 1561 737 ,
1578 711 1656 738 quam
1673 704 1818 731 necessita-

1026 750 1069 777 tis.
1086 750 1211 777 Servator
1220 749 1254 778 de
1265 750 1430 777 daemonibus
1442 750 1479 777 ait
1491 758 1497 775 :
1514 749 1597 776 Genus
1616 749 1662 776 hoc
1676 758 1726 776 non
1742 749 1814 785 ejicio

1026 802 1067 823 tur
1078 797 1127 824 nisi
1136 797 1162 824 in
1176 797 1288 823 oratione
1295 801 1317 822 et
1326 796 1426 832 jejunio
1440 795 1545 831 (Matt/1.
1560 796 1604 823 17.
1620 795 1677 831 ‘20).
1689 795 1780 822 Oratio
1790 800 1814 822 et

1023 842 1151 878 jejunium
1162 842 1299 869 daemones
1312 841 1434 876 proﬂigat
1447 850 1454 868 :
1470 847 1497 868 et
1511 841 1642 868 barbaros
1655 848 1708 867 non
1725 839 1815 875 profli-

1025 888 1116 922 gabit?
1128 886 1276 921 Quodante
1288 887 1340 914 dixi
1354 894 1447 914 rursus
1466 886 1526 914 dico
1538 894 1545 912 :
1561 893 1685 920 rogemus
1698 890 1815 913 sanctant

1025 933 1168 968 gloriosam
1180 933 1312 968 Virginem
1337 937 1364 960 et
1386 932 1525 967 Deiparam
1550 931 1659 959 Mariam
1673 940 1679 957 :
1693 938 1816 966 rogemus

1025 984 1131 1007 sanctos
1157 984 1184 1008 et
1205 979 1347 1014 praeclaros
1376 979 1511 1014 apostolos
1534 987 1541 1005 :
1564 985 1688 1013 rogemus
1710 981 1818 1005 sanctos

1025 1031 1166 1061 martyres.
1182 1025 1208 1053 Si
1223 1026 1282 1060 quis
1296 1025 1454 1053 necessitate
1467 1024 1580 1059 quadam
1594 1024 1712 1055 adactus,
1728 1023 1816 1050 subito

1026 1072 1059 1099 ad
1084 1072 1200 1107 aliquem
1225 1072 1402 1106 potentiorem
1416 1069 1562 1104 confugiat,
1588 1069 1610 1097 is
1635 1077 1687 1097 non
1702 1068 1816 1096 libenter

1024 1118 1111 1153 ipsum
1137 1117 1244 1152 excipit.
1265 1118 1335 1145 Ante
1349 1116 1550 1149 necessitatem,
1564 1115 1665 1151 inquit,
1681 1115 1816 1143 nesciebas

1025 1166 1090 1193 mihi
1118 1165 1246 1191 honorem
1271 1169 1297 1191 et
1309 1163 1409 1190 cultum
1434 1167 1572 1197 praestare,
1588 1161 1634 1189 sed
1660 1161 1817 1188 necessitate

1024 1212 1178 1246 compulsus
1191 1211 1217 1238 id
1232 1211 1298 1245 agis.
1315 1210 1396 1237 Extra
1417 1209 1602 1236 necessitatem
1614 1208 1700 1235 honor
1714 1208 1759 1235 ille
1772 1215 1816 1235 su-

1024 1262 1131 1292 spectus
1146 1264 1198 1283 non
1211 1260 1261 1283 est.
1277 1255 1305 1283 Si
1324 1259 1386 1282 ante
1402 1255 1588 1282 necessitatem
1600 1253 1718 1289 judiccm
1731 1254 1816 1287 colas,

1024 1304 1050 1331 in
1067 1303 1226 1331 necessitate
1242 1301 1390 1337 adjutorem
1403 1301 1532 1335 reperies.
1548 1299 1627 1327 Novit
1635 1300 1706 1328 enim
1723 1305 1748 1327 ω
1763 1307 1816 1327 non

1024 1349 1192 1382 necessitate,
1208 1347 1255 1375 sed
1278 1355 1369 1375 amore
1391 1347 1442 1382 agi.
1466 1346 1555 1374 Simus
1571 1346 1659 1381 itaque
1670 1350 1816 1381 martyrum

1024 1395 1112 1428 amici,
1128 1403 1180 1422 non
1208 1403 1242 1422 ex
1264 1394 1433 1427 necessitate,
1456 1393 1503 1421 sed
1528 1400 1561 1420 ex
1581 1392 1817 1420 dilectione:anto

1024 1445 1218 1476 tempestatem,
1234 1446 1262 1468 ut
1288 1440 1490 1476 tempestatibus
1510 1439 1602 1467 afflicti
1624 1439 1771 1472 doleamus,
1789 1443 1815 1466 ut

1024 1489 1049 1516 in
1064 1492 1221 1523 tempestate
1232 1495 1279 1515 ver
1289 1487 1465 1515 inveniamus.
1481 1486 1546 1514 Haec
1560 1486 1683 1515 dicimus,
1695 1493 1749 1513 non
1763 1485 1815 1512 im-

1023 1539 1165 1569 perantes,
1188 1532 1235 1560 sed
1257 1532 1411 1565 hortantes;
1439 1539 1493 1559 non
1511 1531 1597 1566 legem
1621 1530 1751 1562 ferentes,
1768 1530 1815 1558 sed

1023 1580 1194 1607 obsecrantes
1215 1587 1222 1606 :
1247 1570 1386 1613 precamur
1401 1581 1429 1604 ut
1443 1584 1536 1604 omnes
1551 1576 1640 1604 sobrie
1650 1577 1748 1603 vivant.
1763 1576 1815 1602 Po-

1024 1631 1174 1654 testantem
1191 1625 1271 1657 Deus,
1289 1629 1386 1659 printer
1405 1623 1493 1655 tidem,
1510 1627 1606 1657 praeter
1626 1622 1757 1649 rationem
1771 1621 1815 1648 lio-

1023 1677 1077 1700 sws
1092 1671 1234 1707 ignominia
1254 1669 1371 1702 afficere,
1385 1669 1458 1696 orbis
1476 1668 1596 1696 misereri
1613 1689 1620 1701 ,
1637 1667 1813 1702 Imperatores

1024 1719 1124 1746 honore
1139 1717 1257 1748 afﬁcere,
1274 1716 1413 1751 imperium
1427 1715 1544 1747 firmare,
1556 1722 1685 1749 suamque
1703 1713 1814 1748 gloriam

1023 1765 1155 1793 illustrare
1167 1764 1192 1791 in
1204 1763 1310 1791 Christo
1320 1763 1382 1791 Jcsn
1398 1761 1509 1789 Domino
1519 1764 1622 1794 nostro,
1633 1760 1675 1788 cui
1688 1759 1772 1795 gloria
1784 1759 1811 1786 in

1022 1810 1130 1838 saecula.
1143 1809 1243 1837 Amen.

371 1958 1806 1976 rm

716 2077 758 2108 ΙΝ
788 2077 994 2109 ΗοΜιιιΑΜ
1024 2077 1277 2114 SEQUENTEM.

186 2184 282 2220 prima,
299 2189 327 2212 et
340 2183 452 2212 Joannis
469 2184 532 2211 item
550 2183 648 2218 prima,
664 2191 724 2217 qua:
740 2186 799 2210 erat
811 2182 904 2218 opinio
927 2183 1056 2219 Syrorum
1071 2188 1099 2211 ct
1112 2184 1239 2213 Ecclesia:
1253 2184 1440 2220 Antiochenaa,
1463 2186 1490 2214 id
1516 2187 1587 2222 quod
1610 2187 1711 2216 ibidem
1726 2189 1812 2224 pluri-

186 2231 236 2257 bus
249 2229 533 2256 commonstravimus.
560 2228 624 2255 inde
638 2236 702 2255 vero
719 2228 849 2255 asseritur
869 2228 939 2255 hanc
954 2228 1103 2260 homiliam,
1119 2229 1141 2256 si
1165 2236 1221 2256 non
1243 2229 1439 2265 Chrysostomi,
1468 2232 1545 2267 cujus
1571 2240 1671 2260 nomen
1690 2235 1810 2269 praefert,

184 2277 298 2311 alicujus
314 2280 388 2303 certe
405 2283 436 2302 ex
456 2274 628 2310 presbyteris,
656 2274 741 2309 ipsius
764 2275 910 2307 sodalibus,
926 2283 1003 2307 esse;
1027 2275 1053 2302 id
1068 2275 1150 2302 etiam
1170 2275 1233 2303 inde
1247 2276 1387 2311 probatur,
1403 2278 1474 2312 quod
1489 2278 1677 2307 admirandum
1692 2286 1808 2316 patrem,

185 2324 210 2350 id
228 2327 270 2350 est
286 2323 443 2358 episcopum
462 2321 630 2354 Flavianum,
650 2321 726 2356 quasi
740 2327 900 2356 praesentem
925 2323 1102 2350 concionator
1113 2329 1309 2352 commemoret
1324 2330 1350 2352 et
1366 2331 1459 2353 contra
1475 2327 1621 2355 Anomoeos
1635 2333 1746 2364 pugnet,
1763 2331 1809 2365 qui

184 2374 241 2396 tum
257 2369 414 2404 frequentes
439 2372 518 2396 erant
532 2367 694 2394 Antiochiae.
718 2366 903 2402 Chrysostomi
931 2373 1006 2396 certe
1029 2376 1085 2395 non
1099 2377 1159 2396 esse
1182 2370 1270 2405 arguit
1293 2371 1448 2398 omnimoda
1471 2373 1532 2407 styli
1556 2373 1710 2407 diversitas,
1735 2380 1810 2404 tanta

178 2418 429 2465 scilicetquantam
443 2416 486 2443 vix
504 2415 567 2443 alibi
593 2423 722 2450 umquam
738 2415 937 2450 deprehendas.
960 2415 1051 2444 lnnuit
1071 2416 1272 2450 Tillemontius,
1296 2426 1377 2453 posse
1401 2419 1541 2448 Severiani
1557 2428 1627 2454 esse,
1650 2422 1697 2456 qui
1720 2430 1810 2451 coram

182 2462 378 2499 Chrysostomo
401 2463 607 2498 archiepiscopo
628 2462 938 2498 Constantinopolitano,
955 2468 1020 2492 tunc
1042 2465 1197 2500 episcopus,
1218 2465 1444 2500 concionaretur;
1469 2468 1516 2495 sed
1538 2476 1593 2496 non
1618 2470 1811 2498 animadvertit

183 2510 374 2538 Tillemontius
393 2511 450 2538 haec
467 2510 494 2538 in
509 2510 630 2538 Ecclesia
645 2511 763 2545 quadam
776 2511 847 2538 dicta
864 2511 959 2545 fuisse,
980 2513 1024 2540 ubi
1036 2512 1151 2540 Joannis
1166 2514 1285 2542 secunda
1305 2519 1333 2542 et
1349 2516 1428 2542 tertia
1443 2516 1561 2551 Epistola
1574 2517 1645 2545 inter
1662 2519 1811 2547 canonicos

183 2554 267 2582 libros
282 2564 337 2583 non
355 2556 578 2588 admittebantur,
590 2555 615 2581 id
627 2555 698 2589 quod
710 2556 743 2582 de
758 2555 927 2583 Antiochena
940 2557 1060 2585 Ecclesia
1075 2566 1181 2592 verum,
1191 2563 1296 2587 certum
1308 2548 1532 2596 exploratumque
1549 2568 1602 2596 est,
1621 2568 1650 2591 ut
1668 2565 1723 2599 jam
1740 2566 1811 2593 vidi-

182 2610 242 2629 mus
261 2603 290 2629 in
306 2602 426 2630 Diatriba
442 2603 469 2629 in
482 2602 616 2638 Synopsin
630 2610 729 2637 supra;
745 2602 778 2630 de
793 2602 1094 2639 Constantinopolitana
1112 2613 1177 2633 vero
1196 2605 1318 2634 Ecclesia
1333 2615 1424 2641 nemo,
1444 2610 1515 2644 quod
1537 2610 1631 2644 sciam,
1647 2611 1724 2639 dixit.
1740 2612 1809 2641 Ilinc

183 2657 262 2684 porro
276 2654 381 2677 certum
398 2650 505 2677 videtur
526 2650 597 2676 hanc
611 2649 749 2676 homiliam
772 2649 923 2678 Antiochiae
943 2649 1073 2680 Flaviano
1094 2652 1223 2688 episcopo
1247 2659 1380 2688 przcscute
1408 2657 1611 2690 pronuntiatura
1629 2658 1723 2687 fuisse.
1751 2659 1809 2686 Sub

182 2695 262 2744 linem
275 2694 392 2722 homilize
407 2694 450 2722 hic
464 2695 587 2729 quisquis
605 2694 641 2721 sit
660 2695 835 2722 concionator
855 2703 915 2723 sese
930 2702 1053 2732 purgata
1074 2698 1237 2732 quibusdam
1252 2699 1302 2727 sibi
1322 2701 1445 2736 objectis.
1460 2702 1527 2730 Cum
1543 2704 1615 2731 enim
1635 2705 1725 2744 aliqua
1743 2713 1808 2733 con-

182 2741 317 2769 cionando
333 2741 447 2769 dixisset
473 2742 507 2769 ab
522 2741 692 2769 auditoribus
707 2741 776 2769 male
799 2748 922 2777 excepta,
937 2743 1001 2771 hinc
1023 2750 1118 2772 exorto
1141 2754 1259 2777 rumore,
1280 2747 1306 2773 in
1324 2749 1448 2782 sequenti
1471 2751 1603 2778 concione
1622 2741 1728 2787 objecta
1754 2751 1806 2778 sibi

184 2787 299 2823 depulit,
317 2792 344 2815 et
357 2796 386 2816 se
397 2787 490 2815 omnia
501 2792 627 2815 accurate
644 2788 793 2815 secundum
805 2788 973 2816 Catholicam
987 2789 1067 2817 fidem
1081 2791 1181 2819 dixisse
1196 2794 1391 2828 comprobavit.
