2060 3125
215 160 270 187 413

214 218 277 244 tiant
303 215 446 243 verborum
467 212 591 245 offerunt,
611 219 627 239 a
642 218 695 247 quo
715 216 743 238 et
762 218 841 238 omne
862 209 1005 236 verborum

215 262 368 293 artificium,
382 265 410 288 et
428 260 515 288 omnis
529 263 693 294 prmparatus
712 256 912 284 ratiociniornm
930 262 1005 282 com-

213 309 306 344 plexus
320 307 399 335 facile
413 306 567 341 percipitur.
583 304 652 338 Quid
671 304 742 332 enim
758 307 846 335 potest
861 302 1006 329 humanum

213 355 324 382 verbum
342 357 435 381 contra
458 352 574 380 Verbum
592 351 696 379 Deum?
716 349 779 385 quid
799 347 1007 384 s0phismatibus

213 400 342 427 instructa
356 397 496 434 sapientia,
507 401 600 425 contra
613 397 747 425 czelestem
762 393 939 429 sapientiam?

252 447 336 481 Opera
351 446 407 480 ipsa
417 448 563 479 potestatem
580 442 654 470 Verbi
670 442 716 468 Dei
731 441 846 476 probant.
861 454 896 460 -—
910 439 944 466 In
957 447 1008 474 qua

214 498 336 528 potestate
350 493 403 519 haec
421 491 503 526 facis?
517 489 650 524 Interroga
667 487 850 523 paralyticum,
866 493 914 521 per
927 492 1007 520 quatn

215 543 373 574 potestatem
391 544 471 563 sanus
494 535 652 563 recumbat:
671 534 807 567 interroga
827 531 965 564 miracula,
981 535 1009 558 et

214 585 377 613 tuirabilium
399 581 545 610 Patratoris
559 584 717 615 potestatem
730 578 836 605 curiose
854 584 888 604 ne
900 575 1007 611 perqui-

215 639 270 658 ras.
285 630 344 657 Non
360 627 505 662 respondet
521 626 597 654 vobis
608 626 697 653 divina
713 624 798 660 gratia
808 644 816 656 ,
833 622 1008 657 responsione

216 677 339 712 indignos
356 675 478 710 judicans
496 680 543 701 eos
561 672 607 707 qui
621 678 760 706 perperam
776 670 950 704 interrogant.
971 667 1008 694 lta

215 723 284 750 solet
303 722 350 749 Dei
366 720 502 748 Verbum:
522 726 583 746 cum
602 717 674 745 videt
694 717 811 744 animam
831 715 964 749 obliquam
983 719 1010 741 et

217 774 380 804 perversam,
396 765 505 800 expellit
519 772 589 797 eam,
608 768 637 791 ut
651 763 734 798 gratia
747 761 892 796 indignam,
908 765 933 788 et
948 767 1009 788 cum

216 815 298 842 multa
312 820 383 848 stepe
401 812 504 839 discere
522 814 644 842 conetttr,
664 808 802 836 veritatem
816 815 869 834 non
888 806 1011 841 impetrat

216 869 232 887 a
246 860 368 887 veritate.
385 858 552 893 lnterrogant
566 856 650 884 Judzei
663 863 745 890 saepe,
760 862 791 882 ac
806 862 841 881 ne
853 853 936 880 semel
949 852 1010 887 qui-

216 906 278 933 dem
293 905 408 937 discunt,
424 904 485 939 quia
498 903 567 930 male
580 902 753 937 interrogant.
769 900 857 934 Usque
871 899 939 933 adeo
950 899 1009 925 illo-

217 961 276 980 rum
292 952 396 979 animos
414 950 551 978 cruciabat
570 949 720 977 Servatoris
738 947 885 979 silentium,
902 951 931 973 ut
950 950 1012 972 tunc

217 999 320 1026 diceret
335 997 419 1024 malus
435 996 479 1023 ille
498 1002 661 1023 consessus:
680 994 816 1028 Quousque
834 992 946 1018 animam
965 999 1011 1017 na-

218 1050 296 1071 stra-m
309 1044 377 1071 tollis
386 1043 443 1071 Ἀεὶ
457 1047 484 1069 ιιι
497 1051 524 1070 es
537 1042 664 1074 Christus,
678 1041 720 1067 dic
735 1039 805 1066 nobis
820 1038 906 1074 palam
920 1037 1009 1072 (Joan.

219 1092 263 1119 10.
279 1091 334 1126 24).
348 1090 400 1118 Sed
415 1097 502 1124 neque
516 1093 578 1123 post
597 1088 666 1115 hanc
679 1094 772 1114 vocem
789 1085 841 1112 illis
855 1083 1010 1118 respondet,

219 1137 278 1172 quia
291 1136 463 1172 responsione
475 1135 547 1170 digni
559 1141 613 1161 non
627 1137 714 1163 erant,
726 1132 769 1167 qui
785 1131 853 1158 male
863 1130 1011 1164 interroga-

219 1186 323 1210 verunt.
337 1182 405 1216 Quid
420 1182 508 1216 itaque
529 1181 569 1208 eis
587 1179 729 1207 Servalor?
751 1177 811 1204 Dixi
826 1176 904 1207 vobis,
919 1180 942 1203 et
962 1183 1012 1201 non

219 1228 345 1260 audistis;
358 1228 418 1263 quid
431 1228 522 1254 iterum
533 1226 608 1253 vultis
620 1225 710 1252 audire
726 1223 808 1259 (Ibid.
820 1223 847 1251 9.
866 1222 931 1257 27)?
944 1221 1012 1256 Ope-

219 1283 259 1306 ra,
275 1282 331 1309 quae
349 1282 394 1310 ego
412 1274 489 1308 facio,
511 1273 568 1308 ipsa
587 1271 755 1298 testimonium
775 1269 904 1304 perhibent
925 1268 957 1295 de
975 1275 1014 1294 me

221 1321 301 1357 (Ibid.
319 1321 362 1349 l0.
382 1320 441 1354 25).
459 1320 538 1347 Vides
550 1319 620 1346 velle
634 1326 694 1346 eum
709 1321 738 1345 ut
752 1324 831 1351 opera
845 1317 1014 1349 interrogen-

221 1373 274 1400 tur,
288 1375 340 1394 non
360 1371 389 1394 ut
402 1367 435 1394 de
455 1369 585 1400 potestate
600 1363 768 1400 inquiratur?
787 1361 1014 1397 luterrogantJu-

220 1413 290 1440 dmi:
314 1412 344 1440 Si
366 1417 393 1438 ιιι
413 1420 439 1439 es
459 1411 583 1443 Christus,
603 1410 644 1437 dic
664 1410 735 1437 nobis
755 1407 863 1444 palam;
886 1415 1015 1443 quousque

221 1459 332 1486 animant
344 1462 455 1485 nostram
475 1457 543 1483 tollis
557 1455 646 1492 (Joan.
662 1455 706 1483 i0.
723 1454 792 1489 24)?
809 1461 860 1481 nec
873 1452 1014 1488 quaestioni

221 1507 267 1535 dat
276 1507 435 1534 solutionem
448 1514 454 1532 :
470 1503 669 1539 interrogabant
678 1503 750 1530 enim
762 1508 814 1528 non
825 1500 956 1534 discendi,
967 1499 1015 1527 sed

221 1552 363 1580 accusandi
384 1558 475 1579 causa.
499 1550 612 1584 Caiphas
632 1553 720 1576 autem
746 1548 869 1583 prium-ps
889 1545 1016 1573 sacerdo-

223 1606 432 1634 tum,synagoga
447 1598 491 1625 illa
511 1597 616 1631 dignus,
638 1595 664 1622 in
685 1599 783 1622 tantam
804 1593 946 1620 amentiam
965 1591 1015 1619 de-

222 1650 342 1678 venerat,
357 1650 386 1672 ut
399 1644 521 1672 diceret:
542 1643 639 1677 Adiuro
659 1646 683 1668 te
703 1649 748 1675 per
767 1639 848 1667 Deum
867 1640 960 1670 vivum,
975 1638 1016 1664 dic

222 1692 304 1724 nobis,
330 1692 352 1718 si
374 1695 401 1717 tu
425 1698 451 1717 es
472 1689 556 1716 Filius
573 1687 703 1715 Benedicti
722 1686 828 1722 (Matth.
848 1685 893 1713 26.
909 1684 965 1719 65).
981 1684 1017 1711 At

222 1739 349 1766 Servator
361 1737 461 1764 docens
476 1743 526 1763 nos
539 1741 678 1762 sermones
695 1741 756 1760 cum
773 1732 871 1772 pietate
882 1731 1015 1765 accipere,

165 1780 173 1787 ’
223 1784 353 1818 adjurauti
378 1783 484 1818 quidem
507 1781 667 1816 respondet,
689 1787 774 1813 neque
799 1783 884 1805 tamen
907 1777 1016 1804 dubium

223 1830 311 1857 solvit.
341 1829 389 1856 Dic
414 1828 495 1861 nobis,
520 1827 621 1862 inquit,
643 1827 664 1853 si
683 1832 708 1853 tu
732 1834 757 1852 es
783 1824 866 1851 Filius
888 1823 1017 1850 Benedicti

225 1874 449 1912 (.ilatth.26.64).
464 1874 507 1901 Ait
521 1873 556 1900 illi
571 1872 698 1900 Dominus
712 1880 718 1898 :
734 1871 771 1897 Tu
786 1870 872 1897 dixiin
885 1878 895 1897 :
905 1869 1018 1904 acjura-

225 1927 342 1950 mentum
354 1929 402 1957 per
415 1920 610 1949 confessionem
626 1918 774 1950 honoravit,
790 1924 877 1951 neque
889 1916 1017 1944 malitiam

224 1969 367 1996 certiorem
387 1968 459 2000 fecit,
476 1967 600 1994 astutiam
620 1964 799 1992 abominatus.
820 1962 890 1990 Male
903 1961 1017 1996 quaesie-

225 2021 285 2043 rant
298 2015 390 2048 Judzei,
406 2023 456 2042 nec
468 2020 625 2048 responsum
640 2012 691 2039 illis
710 2015 750 2038 est
769 2019 775 2036 :
795 2010 875 2045 idque
887 2009 947 2044 jure
960 2015 1018 2035 me-

226 2063 291 2094 rito;
307 2069 368 2089 nam
380 2061 495 2096 obliquae
511 2059 686 2096 cogitationes
704 2066 718 2084 a
742 2057 795 2084 Deo
810 2060 944 2090 separant.
960 2055 1017 2082 Non

226 2108 315 2136 emisit
327 2099 484 2142 sapientiam
498 2113 574 2134 suam
589 2105 621 2132 iis
635 2103 680 2139 qui
695 2103 765 2130 male
781 2102 851 2129 illam
865 2101 1020 2128 scrutaban-

228 2162 279 2182 tur.
295 2154 329 2181 1η
343 2153 491 2181 malevoiam
501 2151 567 2179 enim
579 2151 689 2177 animam
703 2157 754 2176 non
769 2148 880 2175 introibit
895 2147 1020 2183 sapientia

229 2203 304 2239 (Sap.
319 2202 345 2229 1.
361 2199 399 2237 4).

262 2248 289 2274 2.
306 2248 392 2282 Atque
412 2245 450 2274 illi
472 2249 534 2280 post
551 2243 704 2278 frequentes
723 2239 885 2276 quwstiones
903 2238 930 2266 id
949 2238 1020 2274 quod

227 2295 382 2330 qnterebant
393 2301 447 2321 non
461 2294 618 2320 invenerunt
628 2299 634 2318 :
646 2289 741 2316 mulier
749 2295 811 2315 vero
819 2286 951 2322 qutedam,
961 2293 1020 2320 quia

229 2344 287 2369 sine
298 2341 361 2376 dolo
371 2346 398 2368 et
411 2347 471 2368 cum
489 2339 594 2366 sincera
618 2336 669 2363 tide
686 2338 845 2366 accesserat,
859 2340 912 2360 non
924 2337 953 2359 ut
964 2338 1021 2359 teu-

230 2391 297 2414 taret
315 2387 388 2414 illam
411 2381 705 2419 incomprehensibilem
724 2380 848 2407 virtutem
863 2397 871 2411 ,
893 2377 940 2405 sed
960 2384 1022 2404 cum

230 2433 398 2468 simplicitate
409 2431 550 2458 Dominum
562 2429 665 2460 adiens,
678 2426 795 2454 dictione
805 2424 888 2458 tenui,
901 2424 947 2451 sed
960 2432 1023 2458 pura

233 2480 285 2507 tide
293 2479 385 2506 dicens
397 2487 404 2504 :
419 2477 521 2505 Scimus
535 2475 602 2510 quod
614 2482 671 2502 cum
684 2473 777 2501 venerit
796 2471 913 2503 Messias,
931 2470 974 2504 qui
985 2470 1025 2496 di-

232 2525 296 2551 ritur
310 2524 433 2555 Christus,
455 2523 510 2556 ipse
531 2520 602 2547 nobis
619 2518 777 2546 annuntiabit
791 2516 875 2544 omnia
893 2515 982 2550 (Ioan.
996 2515 1023 2541 4.

231 2572 300 2607 9.ἳ);
320 2571 409 2598 statim
429 2568 529 2596 audivit
551 2567 585 2594 ab
605 2570 725 2593 amatore
750 2562 927 2597 simplicitatis
946 2570 952 2587 :
969 2560 1025 2595 Ego

235 2627 287 2645 tum
301 2618 344 2652 qui
361 2618 450 2651 loquor
468 2613 640 2649 tecum(1bid.
655 2620 679 2639 v.
693 2610 752 2647 26).
766 2609 888 2638 Nondum
913 2608 1027 2635 interro-

233 2668 350 2697 paverat,
361 2667 387 2690 et
400 2662 489 2690 statim
500 2660 612 2692 didicit;
626 2658 744 2686 nondum
755 2655 816 2684 ﬁdei
826 2655 935 2683 verbum
947 2653 1027 2681 semi-

236 2714 354 2742 naverat,
369 2712 397 2736 et
409 2708 499 2735 statim
513 2706 625 2733 fructum
641 2703 745 2740 pietatis
756 2701 899 2736 decerpsit.
915 2701 1027 2728 Sanctus

236 2757 332 2791 quippe
347 2755 419 2783 Deus
429 2754 456 2782 in
470 2752 635 2788 simplicibus
647 2755 674 2778 et
685 2749 783 2778 sanctis
796 2746 950 2783 requiescit,
965 2753 1027 2772 cum

236 2802 385 2829 acecdentis
400 2800 595 2835 simplicitatem
610 2797 724 2829 viderit;
740 2795 854 2831 explicat
873 2793 953 2821 etiam
972 2792 1029 2827 ipse

238 2849 371 2884 sapientia:
382 2855 438 2875 suae
451 2845 651 2874 beneﬁcentiam
667 2853 674 2870 :
689 2850 750 2870 cum
761 2841 856 2869 viderit
869 2843 956 2866 autem
973 2838 1029 2864 aui-

242 2904 308 2924 mam
330 2893 446 2927 nequitia
468 2898 636 2928 perversam,
661 2888 818 2917 beneficium
840 2885 956 2918 cohibet,
980 2891 1028 2911 uec

715 154 748 182 ΞΝ
769 153 880 186 ILLUD,
901 151 933 180 ΙΝ
953 151 1024 185 QUA
1043 150 1252 182 POTESTATE.
1274 153 1350 181 ETC.

1799 159 1851 184 ΔΗ

1060 208 1207 236 doctrinam
1221 210 1327 251 emittit.
1345 210 1413 238 Audi
1424 211 1488 246 quid
1502 211 1558 246 ipse
1567 211 1636 239 dicat
1649 219 1695 247 per
1708 212 1824 249 Moysum
1843 224 1850 242 :

1059 253 1090 281 Si
1102 261 1145 281 vos
1159 255 1344 283 ambulaveritis
1354 265 1415 292 erga
1427 265 1467 284 me
1484 258 1555 290 recti,
1577 264 1601 284 et
1617 266 1663 293 ego
1684 267 1743 294 ergo
1757 267 1799 286 vos
1813 269 1852 286 re-

1059 304 1113 327 ctus
1122 300 1159 335 (a)
1170 300 1260 336 (LeviL
1271 301 1316 328 26.
1330 301 1375 329 25.
1388 302 1444 337 2i);
1456 303 1575 331 siautem
1587 311 1633 330 vos
1643 304 1752 339 obliqui,
1766 310 1792 331 et
1803 314 1852 339 ego

1060 349 1119 372 utar
1132 345 1208 373 vobis
1223 345 1314 374 furore
1328 347 1452 382 obliquo;
1470 357 1522 376 non
1536 349 1606 383 quod
1621 349 1708 377 divina
1730 355 1821 378 natura
1836 360 1850 377 ,ι

1060 395 1132 431 recto
1143 391 1273 425 declinet;
1287 393 1334 420 sed
1346 393 1416 428 quod
1429 393 1567 429 improbis,
1581 403 1611 422 ea
1622 403 1681 430 quae
1694 404 1725 423 ex
1740 397 1852 424 veritate

1062 436 1274 471 proﬁciscuntur,
1293 446 1345 466 non
1361 444 1432 466 recta
1447 441 1601 475 procedant.
1619 440 1651 468 In
1666 450 1715 478 qua
1730 447 1852 478 potestate

1060 483 1214 518 laceratis?
1233 489 1278 510 aut
1299 485 1354 520 quis
1373 485 1417 511 tibi
1435 486 1504 512 dedit
1518 488 1583 513 hanc
1603 489 1767 521 potestatem?
1784 489 1852 516 Tum

1061 530 1186 557 Servator
1205 531 1254 558 eis.
1270 531 1317 558 llic
1328 533 1447 564 attende,
1461 541 1539 568 quam
1556 534 1631 561 nobis
1646 535 1774 562 doctrina:
1790 544 1853 563 nor-

1062 583 1131 602 mam
1158 581 1186 603 et
1212 577 1330 611 regulam
1357 585 1487 613 proponat
1508 580 1692 607 universorum
1714 581 1852 609 Dominus.

1061 623 1188 655 Qua-nam
1204 623 1261 650 haec
1275 624 1332 650 est?
1351 624 1411 651 Vult
1425 632 1473 651 nos
1498 625 1625 660 improbis
1645 626 1787 660 haereticis,
1807 627 1855 655 Ju-

1062 668 1137 700 daeis,
1154 668 1307 703 gentilibus,
1322 670 1364 697 vel
1379 670 1439 697 aliis
1455 671 1500 705 qui
1519 679 1533 697 a
1555 671 1597 705 pia
1620 673 1748 707 religione
1769 673 1855 701 desci-

1063 715 1158 748 verint,
1172 723 1224 742 non
1237 716 1399 750 respondere
1408 724 1513 751 semper
1523 718 1709 753 interrogatos.
1721 719 1855 755 Contingit

1061 762 1143 793 enim,
1168 762 1296 796 contingit
1312 770 1394 797 saape,
1415 763 1658 803 interrogationem-
1668 773 1719 792 non
1734 774 1794 794 esse
1813 775 1855 794 re-

1061 807 1205 841 sponsione
1222 807 1328 842 dignam
1343 817 1350 835 :
1366 814 1445 844 atque
1460 817 1507 844 par
1525 815 1566 837 est
1581 812 1690 838 omnino
1704 812 1856 850 lmjusmpdi

1063 853 1313 888 interrogationibus
1344 855 1430 889 justas
1462 856 1684 892 interrogationes
1710 867 1855 893 opponere.

1064 899 1124 926 Ideo
1134 899 1171 926 ait
1181 899 1233 927 illis
1246 899 1375 927 Dominus
1390 909 1397 928 :
1416 901 1582 937 Interrogatio
1597 911 1639 930 vos
1659 908 1682 930 et
1701 912 1747 939 ego
1761 913 1857 931 sermo-

1063 952 1130 977 nem,
1149 953 1222 979 quem
1241 946 1263 972 si
1284 946 1399 973 dixeritis
1411 947 1483 981 mihi,
1503 952 1526 974 et
1549 956 1594 983 ego
1608 948 1675 976 vobis
1692 950 1856 984 respondebo.

1062 989 1172 1017 Joannis
1185 991 1335 1027 baptismus,
1357 993 1451 1028 inquit,
1464 994 1532 1021 unde
1543 995 1618 1021 erat?
1639 1003 1670 1022 ea:
1688 997 1761 1028 cwlo,
1780 1005 1812 1023 an
1828 1005 1858 1024 ea:

1063 1037 1206 1064 hominibus
1216 1038 1322 1073 (Matth.
1338 1039 1383 1066 21.
1396 1039 1447 1066 24η·
1460 1040 1520 1076 25)?
1536 1040 1602 1068 Vide
1616 1041 1680 1068 mihi
1701 1042 1797 1069 lontem
1812 1050 1857 1068 sa-

1064 1083 1180 1117 pientize,
1204 1089 1233 1111 ut
1253 1085 1461 1120 interrogatione
1480 1087 1648 1114 mendacium
1669 1093 1761 1123 arguat
1777 1097 1784 1121 ;
1798 1089 1859 1116 vide

1064 1128 1128 1155 mihi
1143 1129 1258 1156 Verbum
1282 1130 1338 1163 Dei,
1359 1131 1429 1165 quod
1445 1132 1606 1167 syllogismis
1621 1135 1764 1168 nequitiam
1780 1142 1859 1162 ever-

1065 1174 1108 1201 tit:
1123 1174 1182 1202 vide
1195 1183 1302 1216 quoque
1315 1176 1452 1210 malitiam,
1476 1178 1609 1212 quomodo
1623 1179 1678 1205 suis
1693 1180 1753 1206 telis
1765 1180 1859 1207 confo-

1064 1221 1170 1253 diatur,
1193 1229 1225 1249 ac
1246 1223 1301 1250 suis
1321 1223 1409 1257 pravis
1434 1224 1535 1251 artibus
1562 1225 1701 1252 avellatur.
1727 1225 1859 1261 Baptisma

1064 1267 1172 1295 Joannis
1186 1268 1253 1295 unde
1262 1274 1313 1295 erat
1324 1269 1337 1296 ?
1350 1277 1382 1296 ea:
1391 1270 1463 1303 vtato,
1475 1279 1509 1297 an
1521 1279 1552 1297 ea:
1565 1271 1707 1304 hominibus
1717 1273 1730 1300 Σ)
1744 1272 1783 1300 llli
1794 1282 1860 1308 quo-

1064 1322 1116 1349 que
1134 1314 1205 1349 apud
1219 1323 1248 1343 se
1262 1316 1393 1343 sermonis
1407 1317 1461 1343 vim
1479 1317 1663 1351 explorabant,
1678 1323 1706 1346 et
1721 1321 1795 1347 aiunt
1809 1329 1815 1347 ε
1830 1321 1860 1348 Si

1065 1361 1214 1394 dixerimus,
1225 1360 1266 1388 Ea;
1276 1361 1346 1394 cazla,
1360 1361 1425 1388 dicet
1443 1362 1524 1395 nobis,
1539 1362 1591 1389 Cur
1602 1372 1662 1398 ergo
1681 1372 1732 1391 non
1749 1354 1860 1393 credidi—

1065 1409 1110 1433 stis
1125 1405 1206 1442 (Ibid.
1222 1415 1247 1434 v.
1268 1406 1338 1442 26)?
1359 1407 1438 1435 Novit
1461 1408 1616 1444 improbitas
1636 1410 1747 1438 exitium
1765 1419 1859 1444 suum;

1066 1452 1139 1479 novit
1151 1459 1180 1480 se
1196 1460 1243 1487 per
1262 1461 1321 1488 qum
1337 1454 1481 1488 protendit,
1501 1461 1549 1488 per
1562 1462 1592 1482 ea
1606 1455 1717 1483 destrui.
1736 1456 1802 1491 Quia
1814 1457 1860 1485 Jo-

1066 1499 1127 1526 anni
1143 1507 1195 1527 non
1213 1499 1472 1535 obtemperaverant,
1493 1502 1654 1530 verebantur
1671 1503 1760 1531 dicere
1773 1504 1860 1539 ipsum

1068 1553 1101 1572 ex
1115 1545 1169 1573 Deo
1179 1553 1250 1579 esse,
1265 1554 1299 1574 ne
1310 1554 1326 1574 e
1339 1547 1451 1582 vestigio
1468 1552 1625 1582 sequeretur
1638 1550 1819 1584 reprehensio.
1831 1551 1861 1578 Si

1067 1596 1150 1619 autent
1163 1593 1311 1626 dixerimus,
1329 1593 1371 1620 Ex
1385 1594 1543 1626 hominibus,
1562 1595 1677 1622 timemus
1696 1597 1810 1629 turbam,
1831 1606 1862 1624 ne

1067 1639 1211 1673 Iapidemur
1224 1638 1300 1674 (Luc.
1321 1639 1366 1666 20.
1389 1639 1428 1675 6).
1450 1639 1517 1667 Nam
1538 1646 1722 1676 prteoccupata
1739 1642 1772 1669 de
1788 1642 1862 1677 justo

1067 1684 1158 1718 opinio
1179 1684 1369 1712 inexorabilem
1389 1685 1531 1712 adversum
1557 1693 1607 1713 nos
1634 1686 1701 1714 feret
1721 1687 1862 1715 ultionem.

1070 1729 1158 1756 Omnis
1168 1730 1234 1756 enim
1248 1730 1357 1764 populus
1371 1730 1476 1756 habebat
1491 1729 1618 1757 Joannem
1636 1731 1702 1761 sicut
1715 1732 1863 1767 prop/telam

1071 1774 1176 1811 (Matth.
1191 1775 1236 1802 2|.
1249 1774 1306 1811 26).
1331 1775 1478 1803 Noluerunt
1499 1784 1563 1811 ergo
1576 1784 1637 1803 vera
1652 1777 1752 1810 dicere,
1767 1786 1863 1813 nempe

1068 1821 1139 1857 quod
1157 1830 1190 1849 ex
1213 1821 1269 1849 Deo
1291 1826 1383 1849 esset:
1400 1822 1449 1849 Dei
1470 1829 1584 1857 namque
1601 1823 1740 1851 veritatem
1759 1824 1864 1859 objece-

1068 1872 1139 1900 runt,
1154 1875 1185 1894 ac
1197 1866 1365 1895 mendacium
1379 1867 1468 1895 dicere
1480 1876 1532 1895 non
1542 1868 1599 1895 ausi
1617 1874 1697 1901 sunt;
1711 1868 1864 1904 itnpruden—
1904 1883 1906 1888 -

1071 1915 1114 1941 tite
1133 1914 1204 1941 enim
1227 1913 1343 1948 judicem
1364 1913 1499 1941 habebant
1515 1914 1648 1946 timorem,
1672 1914 1796 1949 huncque
1811 1923 1863 1942 non

1070 1960 1199 1991 divinum,
1212 1959 1260 1987 sed
1274 1959 1430 1987 humanum.
1446 1959 1512 1986 Nam
1527 1960 1562 1987 ita
1573 1967 1602 1987 se
1613 1968 1656 1987 res
1676 1960 1754 1988 habet
1768 1969 1776 1994 ;
1789 1961 1865 1989 multi

1070 2013 1141 2040 smpe
1156 2005 1202 2032 Dei
1213 2005 1308 2032 timore
1318 2012 1370 2032 non
1382 2005 1497 2040 praediti,
1509 2005 1624 2032 humano
1634 2006 1753 2034 serviunt
1766 2007 1864 2034 timori.

1071 2051 1213 2080 Timebant
1226 2051 1342 2086 plebem.
1362 2051 1468 2079 Utinam
1488 2051 1580 2084 Deum,
1599 2059 1651 2078 non
1667 2052 1786 2086 plebem!
1803 2052 1866 2079 illud

1072 2105 1187 2133 namque
1200 2097 1305 2132 pietatis
1317 2101 1367 2130 est,
1384 2097 1435 2124 hoc
1447 2097 1599 2131 impietatis.
1617 2097 1712 2124 Dicunt
1726 2098 1759 2129 ei,
1774 2097 1866 2124 Nesci-

1073 2153 1128 2172 mus
1141 2144 1237 2180 (Marc.
1251 2143 1294 2171 li.
1307 2142 1364 2178 55).
1381 2142 1446 2170 Vide
1455 2142 1589 2177 quomodo
1599 2142 1715 2177 nequitia
1727 2142 1753 2169 in
1767 2143 1867 2178 impro-

1073 2192 1115 2219 bis
1130 2191 1232 2218 latitet:
1247 2190 1307 2218 vide
1327 2189 1462 2224 quotnodo
1474 2189 1664 2217 absurditatcm
1679 2196 1754 2217 suam
1771 2190 1866 2225 impie-

1075 2243 1115 2265 tas
1135 2238 1274 2273 prtcdicat.
1298 2236 1364 2264 Nam
1387 2237 1455 2264 sicut
1476 2236 1584 2271 vipera,
1609 2241 1656 2263 aut
1676 2237 1866 2264 immanissima

1075 2293 1186 2321 qumque
1199 2285 1265 2316 fera,
1281 2285 1307 2312 in
1322 2283 1439 2311 latibulis
1451 2283 1561 2318 degens,
1573 2283 1671 2310 sensim
1683 2291 1698 2310 e
1711 2291 1792 2318 specu
1806 2291 1867 2318 pro-

1076 2332 1126 2365 dit,
1143 2338 1191 2359 nec
1208 2330 1318 2358 omnino
1330 2330 1388 2357 vult
1406 2329 1532 2364 prodire:
1549 2329 1588 2356 sic
1605 2333 1631 2355 et
1646 2328 1731 2356 Judtei
1752 2329 1777 2355 in
1792 2333 1868 2356 antro

1077 2378 1214 2412 pravitatis
1226 2380 1374 2409 versantes,
1398 2375 1556 2402 sententiam
1571 2382 1645 2401 suam
1669 2375 1694 2401 in
1716 2375 1801 2402 lucem
1817 2383 1868 2402 non

1076 2423 1223 2460 proferunt.
1236 2422 1413 2456 Quamobrem
1427 2421 1554 2448 Dominus
1563 2421 1600 2447 ait
1612 2421 1663 2447 illis
1674 2429 1680 2448 :
1693 2420 1719 2447 Ν
1722 2429 1748 2447 ac
1759 2429 1804 2456 ego
1814 2421 1871 2448 dico

1077 2470 1144 2497 vobis
1156 2469 1261 2505 (Matth.
1276 2468 1322 2495 21.
1336 2467 1392 2503 27).
1408 2467 1473 2494 Vide
1487 2466 1622 2501 quomodo
1632 2467 1766 2494 silentium
1780 2467 1871 2494 absur-

1077 2517 1138 2544 dam
1149 2515 1381 2552 interrogationem
1398 2514 1566 2549 castigaverit
1581 2521 1588 2540 :
1603 2513 1663 2541 vide
1676 2514 1810 2548 quomodo
1825 2521 1872 2542 ne-

1078 2563 1168 2598 quitiae
1186 2568 1239 2589 non
1259 2560 1353 2588 fecerit
1372 2560 1448 2592 satis,
1470 2558 1517 2586 sed
1537 2559 1663 2586 averterit
1677 2566 1724 2586 eos
1742 2559 1768 2586 in
1785 2559 1874 2587 medio

1078 2609 1289 2638 ratiociniorum.
1305 2608 1338 2635 Et
1349 2606 1419 2642 quod
1434 2606 1497 2633 olim
1517 2605 1627 2640 contigit
1648 2605 1730 2632 asina:
1744 2605 1872 2637 Dalaami,

1079 2661 1108 2684 ut
1121 2664 1170 2684 nec
1179 2655 1213 2683 ad
1225 2655 1373 2687 dexteram,
1388 2660 1437 2680 nec
1455 2652 1488 2679 ad
1501 2652 1636 2679 sinistram
1655 2655 1744 2686 posset
1756 2651 1873 2678 declina-

1080 2711 1120 2735 re,
1143 2705 1252 2736 propter
1273 2699 1406 2735 angelum,
1430 2698 1474 2733 qui
1496 2697 1590 2725 obvius
1605 2697 1691 2724 stabat
1714 2695 1808 2732 (Nunt.
1828 2696 1872 2722 22.

1079 2748 1126 2783 26)
1149 2756 1156 2774 ε
1177 2747 1204 2775 id
1223 2746 1319 2774 accidit
1337 2744 1455 2773 Judaictc
1477 2743 1656 2778 improbitati,
1680 2750 1739 2776 qua!
1765 2748 1814 2768 nec
1840 2741 1873 2767 ad

1081 2795 1218 2822 dexteram
1240 2791 1358 2820 veritatis
1379 2798 1444 2818 ausa
1463 2794 1504 2817 est
1526 2789 1675 2824 respicere,
1695 2787 1729 2814 ob
1748 2787 1872 2813 Servato-

1113 2886 1152 2917 (ιι)
1168 2889 1222 2910 tt.\.-c
1235 2890 1282 2909 non
1295 2883 1324 2908 ad
1337 2883 1439 2908 verbum
1452 2888 1482 2906 ex
1496 2881 1615 2911 Scriptura
1627 2877 1751 2905 desumpta
1764 2880 1827 2898 sunt.
