2047 3122
209 150 262 177 ΗΓ)

209 215 265 235 rem
279 207 450 242 abnegatam,
467 211 552 240 neque
571 203 604 231 ad
624 203 758 231 sinistram
773 200 914 233 mendacii,
930 205 1002 228 metu

209 254 302 287 plebis.

246 308 379 336 [Im-elicis
392 308 518 343 quomodo
533 306 746 342 respondendum.
763 305 857 333 Contra
870 305 1003 331 Anomwos

208 355 343 390 ugitur.-—
355 354 467 388 Oportet
480 353 618 388 igiturnos
639 360 756 388 quoque,
777 352 884 384 fratres,
899 351 948 378 hac
958 358 1002 378 re-

208 401 268 433 gula
281 399 419 426 a‘Domino
432 403 550 433 accepta,
573 405 626 425 non
641 398 729 425 omnia
744 398 875 424 haereticis
889 397 1003 424 interro-

208 445 332 480 gantibus
346 445 443 472 dicere.
458 444 525 472 Cum
539 444 608 471 male
621 444 825 479 interrogaverit
847 443 1001 475 haereticus,

210 493 292 518 altera
302 491 372 526 justa
389 491 597 525 interrogatione
609 489 751 517 absurdam
761 489 819 524 ejus
829 490 1002 524 quaestionem

209 539 291 565 solve.
307 539 384 572 Saepe
395 541 564 572 percontatur
577 537 719 564 haereticus
733 545 739 563 :
754 536 827 563 Nosti
843 536 943 566 Deum,
968 542 1003 561 an

210 591 262 610 non
279 584 368 610 nosti?
379 583 406 610 Si
422 583 532 615 dixeris,
548 582 626 616 Novi,
637 583 725 610 statim
736 582 840 616 reponit
855 590 861 608 :
874 581 944 615 Ergo
955 588 1000 607 no.

209 631 242 656 sti
253 629 322 664 quod
334 629 417 656 colis?
430 629 509 661 Sane,
524 629 610 663 inquit
629 629 698 663 pius.
711 628 774 661 Quis
790 628 860 655 enim
874 627 1003 654 sustineat

208 676 308 706 dicere,
324 682 353 702 se
367 674 392 701 id
407 675 495 702 colere
508 675 578 709 quod
599 681 651 701 non
666 674 758 701 novit?
773 674 854 700 instat
870 674 913 700 illc
926 683 932 700 :
946 673 1002 701 No-

209 723 241 748 sti
258 729 321 755 ergo
336 721 380 748 Dei
394 721 581 748 substantiam?
596 720 622 748 Si
636 724 660 747 te
671 721 739 747 scire
751 720 897 754 negaveris,
911 720 1001 746 statim

209 767 301 802 objicit
316 777 322 794 :
339 768 408 802 Ergo
422 775 473 793 non
488 767 557 794 nosti
574 767 598 793 id
614 767 683 801 quod
700 766 775 793 colis.
796 765 861 792 Vide
876 765 940 792 mihi
955 766 1003 793 de—

211 819 278 841 tonta
292 813 388 846 verba;
403 813 462 840 vide
474 813 648 848 malignorum
677 813 839 846 serpentium
861 811 1001 839 versutias.

212 860 408 887 Videsn‘erum
424 859 522 886 turbari
535 867 585 886 non
595 863 710 893 oportet.
723 858 786 885 litud
797 858 879 891 enim,
896 858 1003 891 fratres,

210 906 347 934 sciendum
362 911 412 938 est,
428 906 527 933 inultos
541 913 601 933 esse
614 905 714 932 sciendi
727 905 829 931 tuodos.
843 904 934 931 Potest
944 904 1003 938 quis

210 953 278 979 scire
289 953 369 979 Deutn
381 959 449 983 esse,
466 959 514 978 nec
525 955 612 978 tamen
624 951 695 978 scire
707 950 842 985 quomodo
859 951 903 978 sit.
914 950 1004 983 Quan-

210 997 353 1032 doquidem
366 997 446 1024 etiam
459 997 527 1032 apud
543 1004 591 1024 nos
600 997 721 1024 homines
735 998 824 1023 multm
838 1000 900 1023 sunt
912 996 1003 1030 cogni-

210 1044 290 1071 tionis
306 1044 365 1071 viae.
381 1044 447 1071 Novi
465 1045 534 1072 hunc
545 1044 679 1071 hominem
697 1043 723 1070 in
735 1043 785 1071 ista
806 1043 871 1070 urbe
882 1050 1002 1076 tuanere,

210 1098 260 1117 nec
283 1095 370 1117 tamen
389 1090 448 1117 novi
463 1098 540 1126 quam
562 1096 647 1118 artem
670 1095 814 1118 exerceat:
839 1091 899 1117 novi
921 1090 1002 1117 alium

211 1136 289 1163 talem
302 1139 471 1163 exercentem
484 1141 580 1168 artem,
594 1144 643 1163 nec
659 1137 719 1163 novi
733 1136 803 1163 unde
814 1143 899 1171 genus
912 1136 1002 1163 ducat.

210 1182 308 1209 Partito
329 1190 425 1216 nempe
439 1190 589 1217 cognosco,
607 1183 701 1217 partim
725 1183 828 1218 ignoro.
845 1182 872 1210 In
887 1190 1003 1216 summa,

210 1229 377 1263 particularis
385 1229 500 1264 cognitio
508 1237 561 1256 non
577 1230 677 1256 inducit
690 1229 837 1265 perfectam
852 1230 1001 1262 scientiam,

211 1282 296 1310 neque
325 1283 378 1302 lion
403 1276 492 1303 omnia
515 1283 696 1310 cognoscere,
723 1277 907 1311 particularem
935 1276 1005 1304 tollit

209 1321 397 1355 cognitionem.
413 1321 481 1354 Quid
496 1321 579 1357 ergo?
595 1321 661 1348 Novi
672 1329 732 1349 esse
755 1322 848 1355 Deum,
876 1321 1004 1357 illutnque

211 1367 321 1398 bonum,
337 1366 526 1400 immortalem,
547 1367 774 1402 incorruptibilcm
785 1388 792 1399 ,
809 1375 887 1402 quem
903 1368 1003 1403 cogita-

210 1411 282 1438 tione
295 1419 391 1446 eapere
406 1419 459 1439 non
476 1412 619 1446 possimus,
637 1413 947 1447 iueomprehensibiiem,
963 1415 1004 1440 in-

209 1463 381 1491 corporeum,
396 1457 598 1485 immutabilem.
611 1457 672 1485 Hicc
683 1458 770 1485 omnia
785 1459 856 1491 novi,
870 1464 897 1487 et
908 1467 1004 1494 cogno-

209 1509 287 1529 scens
311 1502 406 1530 adoro.
422 1503 561 1537 Quomodo
575 1509 663 1530 autem
682 1505 717 1531 sit
732 1512 783 1531 non
807 1506 867 1531 novi
881 1526 888 1536 ,
917 1513 1003 1540 neque

208 1548 318 1575 edoctus
325 1556 384 1575 sum
392 1550 531 1584 exquirere
541 1550 676 1585 quomodo
684 1551 727 1583 sit,
739 1551 785 1578 sed
794 1552 864 1586 quod
873 1552 917 1579 sit.
931 1552 1002 1586 Apo-

208 1594 276 1620 stolo
291 1594 361 1621 enini
377 1595 504 1629 majorem
521 1596 653 1623 netuinem
667 1596 774 1623 inVeuio
786 1597 935 1630 doctorem,
957 1598 1003 1632 qui

209 1640 293 1674 possit
305 1641 434 1676 majorem
449 1642 513 1668 mihi
528 1642 653 1677 pietatem
665 1643 834 1678 suppeditare
849 1651 855 1670 :
870 1644 915 1678 qui
931 1645 1002 1671 clara

209 1693 274 1712 \oce
286 1693 350 1713 usus
364 1687 398 1714 ad
411 1686 481 1714 hunc
491 1688 597 1714 modum
610 1688 687 1714 docet
704 1696 710 1714 :
725 1687 831 1715 Credere
844 1689 908 1715 enim
924 1697 1002 1724 opor-

206 1735 240 1757 tet
252 1732 411 1767 accedente/nt
425 1732 459 1758 ad
473 1732 566 1764 Deum,
578 1734 636 1767 quia
660 1738 697 1760 est
710 1733 802 1768 (Hebr.
819 1734 862 1761 H.
879 1734 905 1769 6)
925 1744 931 1761 :
949 1742 1001 1761 non

205 1778 340 1812 quomodo
349 1783 400 1810 est,
415 1778 461 1805 sed
476 1779 543 1812 Quia
556 1784 601 1812 est,
617 1785 639 1806 et
651 1780 833 1814 inquirentibus
845 1789 872 1807 se
884 1789 1001 1808 remune~

207 1828 278 1850 ralor
287 1829 332 1850 est.
343 1823 433 1858 Itaque
441 1825 510 1859 quod
522 1825 582 1852 novi
593 1826 661 1852 colo.
673 1826 730 1852 Non
738 1825 816 1853 didici
825 1826 868 1854 Dei
878 1827 1001 1854 substan-

207 1870 269 1896 tiam
286 1869 436 1904 explorare.
451 1870 566 1898 Credere
577 1871 668 1904 didici,
679 1872 793 1904 fratres;
809 1872 930 1905 credere,
948 1880 1000 1900 non

207 1914 330 1942 scrutari.
340 1914 409 1950 Lege
422 1915 615 1943 confessionem
626 1921 708 1949 tuam,
722 1917 856 1950 hacretice,
869 1917 894 1944 in
904 1925 1001 1945 arcano

207 1960 380 1987 ettretnendo
389 1960 516 1996 tnysterio
528 1961 786 1995 prolatam.Quaudo
794 1963 826 1991 ad
841 1962 1000 1997 baptismum

205 2005 353 2038 accessisti,
370 2005 433 2041 quid
446 2006 556 2033 dixisti?
570 2015 603 2034 an
619 2015 751 2042 quaerens,
775 2016 808 2036 an
831 2009 936 2036 curiose
954 2018 1001 2037 ex-

206 2051 384 2090 p_|orans,_vcl
399 2052 524 2080 credens?
537 2053 595 2080 Alia
609 2054 761 2082 conditione
778 2055 884 2087 venisti,
900 2060 926 2082 et
939 2063 1000 2083 cum

205 2087 260 2124 alio
271 2087 350 2133 pacto
364 2097 402 2134 (a)
416 2098 538 2134 dignatus
551 2107 579 2126 es
595 2099 637 2126 illa
650 2100 744 2135 gratia.
770 2102 809 2128 Ac
821 2101 843 2129 si
865 2101 922 2129 hinc
936 2110 1000 2130 sen-

206 2145 275 2172 tiens
291 2145 377 2180 gratia
389 2147 503 2173 donatus
517 2154 557 2179 es,
575 2147 653 2174 fidem
667 2152 695 2174 et
706 2153 781 2182 pacta
794 2149 897 2176 violasti
909 2170 916 2182 ,
930 2155 958 2176 et
973 2150 999 2177 in

206 2191 354 2218 tremendis
367 2191 472 2226 quidem
496 2193 689 2228 horrendisque
710 2195 844 2229 mysteriis
857 2195 935 2222 fidem
950 2196 999 2223 ob-

207 2238 301 2270 tulisti,
311 2242 384 2264 extra
399 2238 524 2273 mySteria
536 2247 600 2266 vero
612 2239 782 2274 constitutus,
792 2240 870 2268 ﬁdem
883 2241 999 2268 circum-

207 2283 312 2316 scribis,
327 2288 354 2310 et
367 2285 540 2318 qumstionem
554 2293 654 2317 moves.

243 2329 270 2357 5.
287 2329 464 2356 Anomozorum
485 2330 601 2365 objecu'o.
625 2330 710 2365 Opera
733 2331 780 2358 Dei
798 2340 848 2359 non
873 2333 998 2366 capitum,

206 2382 300 2410 quanto
324 2376 408 2402 ruinas
431 2376 603 2403 Deum—At
627 2377 685 2404 vide
701 2377 762 2411 quid
783 2377 854 2405 dicat
876 2378 999 2407 inimicus

206 2421 338 2448 veritatis.
353 2421 422 2448 Num
436 2421 533 2449 frustra
551 2422 620 2449 Deus
640 2423 778 2450 ratiocinia
795 2423 871 2451 nobis
886 2425 999 2452 indidit?

207 2474 271 2493 num
295 2466 391 2494 frustra
414 2468 566 2501 accepimus
586 2468 676 2502 judicii
702 2468 875 2496 facultatem?
889 2470 1000 2505 Oportet

207 2512 355 2539 rationibus
375 2512 533 2547 investigare
550 2513 640 2545 tidem,
654 2521 703 2540 nec
717 2514 774 2541 sine
793 2516 915 2543 examine
935 2517 998 2543 reli-

208 2559 313 2592 gionem
329 2566 399 2586 esse.
420 2559 512 2586 Recte.
529 2559 625 2586 Verum
646 2560 774 2588 examinis
799 2569 918 2589 normam
940 2571 1000 2590 esse

207 2609 314 2638 oportet
339 2604 427 2631 divina
448 2605 570 2640 eloquia,
597 2606 753 2642 rcgulasque
778 2607 882 2642 pietatis
901 2617 916 2636 a
945 2610 998 2636 Deo

211 2650 287 2677 nobis
315 2650 435 2678 traditas.
457 2651 498 2678 Tu
518 2660 581 2679 vero
603 2653 709 2688 regulas
731 2658 922 2690 transgressus,
946 2664 998 2683 non

241 2742 278 2773 (π)
295 2741 463 2778 Emendaudus
474 2749 519 2778 per
531 2745 681 2778 occasionem
693 2749 731 2770 est
743 2746 871 2771 Leidradus
881 2747 913 2778 de
925 2748 1000 2778 Bapti-

209 2779 262 2807 stno
272 2779 325 2803 cap.
336 2774 371 2809 6ι
379 2777 405 2809 ut
421 2773 446 2809 in
459 2781 490 2798 eo
501 2774 536 2809 sic
554 2773 649 2805 legatur
662 2780 732 2809 :_Ila.s
747 2777 866 2809 pactiones
879 2773 963 2809 ﬁdeles
974 2778 1000 2803 in

209 2802 306 2838 ruriont
315 2802 438 2838 proferunt
449 2802 605 2838 aligclicunf;
611 2806 710 2838 nomino
719 2802 891 2838 proﬁtentium
902 2808 926 2833 in
939 2808 1000 2834 libro

209 2835 364 2869 excipiuntur
380 2835 506 2869 tdtw,__uou
516 2843 532 2860 a
542 2836 643 2869 quolibet
660 2835 753 2863 nomine
763 2835 830 2866 [sed
846 2846 861 2863 α
876 2840 1000 2869 superiore

209 2865 301 2889 ra'litus
309 2869 430 2897 potestate.
445 2865 560 2892 Veterum
573 2866 741 2894 Analectortuu
752 2865 818 2894 Tom.
829 2871 853 2895 ὅ.
866 2865 966 2896 Cotem.

956 142 1090 170 INCERTI

1794 142 1846 170 M6

1056 201 1171 228 inhaeres
1186 200 1282 228 divinis
1297 200 1440 235 Scripturis
1451 220 1458 232 ,
1480 199 1525 227 sed
1541 199 1629 228 divina
1648 199 1790 234 scrutaris,
1819 204 1846 228 et

1055 247 1109 274 vim
1128 247 1210 274 infers
1223 247 1344 280 veritati;
1367 252 1395 274 et
1409 241 1505 282 ubique
1517 246 1626 274 aﬂ‘eetas
1641 247 1771 274 rationum
1790 254 1846 274 ma-

1054 294 1095 328 gis
1108 293 1183 328 sequi
1206 293 1340 325 salebras,
1354 300 1434 327 quam
1462 292 1522 320 fidei
1550 292 1666 326 servire,
1687 292 1761 327 quasi
1782 293 1847 320 alio-

1055 347 1114 367 rum
1128 341 1249 374 peritiam
1271 339 1380 372 babcas,
1395 345 1441 367 aut
1455 340 1579 374 aliorum,
1593 348 1689 375 nempe
1701 349 1761 375 qua:
1784 349 1846 369 ccr<

1056 391 1164 417 nuntur,
1181 386 1382 419 experientiam.
1411 386 1544 413 Rennutia
1558 387 1621 413 tnihi
1647 387 1846 415 ratiociniorum

1055 433 1124 460 serie
1135 433 1228 465 fultus,
1241 433 1374 468 quomodo
1381 434 1474 460 erctum
1484 433 1567 466 stetit,
1578 434 1602 460 in
1613 438 1683 460 tanta
1694 434 1846 467 altitudine,

1055 479 1081 505 in
1096 484 1148 506 tam
1164 479 1294 505 immensa
1310 480 1485 512 concavitate,
1500 484 1527 507 et
1546 479 1648 506 nullum
1664 480 1689 506 in
1706 485 1779 508 tanto
1789 488 1848 507 aln-

1056 525 1110 552 bitu
1125 524 1235 552 fulcrum
1249 525 1513 559 habens?Quomodo
1527 527 1610 557 stetit.
1625 535 1640 553 a
1654 534 1708 562 quo
1717 532 1846 563 gestatur,

1055 579 1115 606 qua:
1139 571 1310 599 fundamenta
1330 577 1393 599 sunt
1413 573 1508 608 quibus
1532 573 1643 601 nititur?
1667 582 1717 609 qua
1743 576 1847 603 ratione

1056 625 1104 652 per
1130 622 1230 644 tantum
1254 622 1356 653 tempus
1379 626 1430 646 non
1452 620 1564 646 solvitur
1590 620 1768 654 pulchritudo,
1794 630 1846 648 non

1056 665 1124 699 perit
1136 670 1282 692 Concentus
1292 665 1369 700 ejus?
1380 665 1497 693 Ostende
1506 667 1642 694 columnas
1656 675 1714 702 qua:
1727 667 1846 700 fulciant,

1055 710 1165 738 ostende
1180 711 1263 738 basim
1279 716 1359 738 tantae
1372 712 1435 738 tuoli
1450 712 1605 746 subjectum.
1622 712 1722 747 Ecquid
1738 713 1772 741 de
1781 714 1846 741 εει-ιο

1056 758 1168 792 loquor,
1185 766 1238 784 non
1252 758 1285 785 de
1307 763 1375 785 terra
1398 766 1476 793 quam
1492 759 1585 786 caico?
1605 760 1721 786 Primum
1744 760 1846 795 explica

1056 803 1120 830 mihi
1145 809 1222 831 terrae
1237 804 1465 831 constitutionem.
1479 805 1555 838 Quod
1574 804 1645 832 enim
1661 812 1742 840 super
1764 814 1847 841 aquas

1055 849 1163 876 fundata
1188 850 1223 877 sit
1243 849 1384 884 (Psal.‘23.
1400 850 1439 884 2),
1457 850 1507 877 hoc
1532 856 1560 879 et
1574 859 1624 886 ego
1646 852 1747 886 accepi,
1772 856 1798 879 et
1819 857 1846 879 tu

1056 895 1202 922 confiteris.
1216 896 1250 922 At
1269 896 1403 930 quomodo
1419 903 1497 930 super
1524 904 1606 932 aquas
1621 897 1723 924 [innata
1735 898 1778 929 sit,
1799 905 1847 925 cx-

1056 948 1135 974 pone.
1155 940 1194 968 Ne
1207 941 1362 975 simpliciter
1374 949 1524 969 sermonem
1546 943 1673 977 excipias,
1689 943 1735 970 sed
1748 944 1847 978 qua-si-

1057 990 1143 1013 torum
1155 987 1284 1014 rationem
1294 987 1376 1014 redde
1388 996 1394 1014 :
1409 988 1543 1022 quomodo
1553 993 1591 1015 tot
1603 988 1722 1023 tantique
1731 993 1844 1020 montes,

1055 1033 1147 1065 colles,
1171 1033 1254 1060 valles
1280 1040 1361 1068 super
1384 1041 1466 1068 aquas
1492 1034 1621 1061 ferantur.
1646 1034 1692 1062 Dic
1713 1035 1847 1069 quomodo

1056 1085 1130 1105 mare
1142 1083 1293 1113 separatum
1309 1080 1359 1111 sit;
1375 1079 1418 1106 dic
1434 1087 1488 1114 quo
1507 1084 1584 1115 pacto
1599 1085 1638 1107 tot
1653 1081 1776 1109 ﬂuctibus
1790 1082 1847 1116 agi-

1057 1129 1150 1158 tatum,
1162 1131 1188 1152 et
1200 1126 1225 1152 in
1238 1126 1394 1153 immensam
1404 1134 1516 1162 surgens
1526 1126 1702 1160 altitudinem,
1715 1135 1774 1155 cum
1784 1136 1845 1156 are-

1056 1179 1117 1198 nam
1133 1171 1237 1206 attingit
1250 1172 1378 1205 solvatur,
1393 1177 1420 1200 et
1435 1173 1594 1208 legislatoris
1610 1174 1751 1201 terminum
1769 1182 1847 1202 reve-

1055 1221 1155 1254 reatur.
1181 1217 1368 1252 interpretare,
1394 1218 1634 1254 frater,.quomodo
1655 1227 1715 1247 cum
1739 1228 1791 1247 una
1814 1221 1846 1248 sit

1056 1255 1136 1294 terra,
1152 1271 1203 1291 una
1218 1269 1312 1296 mater,
1340 1264 1452 1292 diversa:
1477 1265 1576 1299 planta:
1602 1266 1665 1298 sint,
1694 1266 1764 1293 unde
1778 1267 1846 1293 radi-

1055 1316 1100 1335 ces
1113 1316 1225 1342 amoma,
1238 1309 1308 1336 unde
1327 1310 1420 1338 dulces
1432 1331 1440 1344 ,
1455 1311 1524 1337 unde
1547 1311 1679 1338 fructuum
1695 1312 1846 1352 varietates:

1056 1354 1114 1382 Una
1130 1360 1199 1382 terra
1213 1355 1364 1390 germinans
1379 1361 1431 1389 est,
1449 1365 1517 1384 unus
1529 1357 1614 1384 imber
1626 1357 1672 1384 alit
1688 1366 1695 1384 :
1711 1358 1780 1385 unde
1793 1358 1848 1385 dif-

1056 1402 1180 1429 ferentia?
1192 1403 1299 1437 Expliea
1314 1403 1384 1430 unde
1395 1403 1550 1438 prodierunt
1560 1405 1655 1436 fontes,
1670 1409 1696 1431 et
1708 1413 1740 1432 ex
1753 1405 1848 1440 quibus

1056 1447 1159 1483 abyssis
1175 1457 1181 1475 :
1198 1457 1248 1483 qua
1262 1449 1364 1477 ratione
1387 1449 1443 1476 lnrc
1457 1451 1559 1484 possint
1577 1451 1777 1486 comprehendi.
1797 1452 1848 1479 Vc-

1055 1503 1114 1522 rum
1138 1495 1244 1530 quando
1265 1496 1298 1523 de
1313 1496 1355 1523 his
1377 1496 1604 1531 dubitaverimus,
1621 1505 1699 1524 unam
1720 1497 1847 1526 habemus

1056 1549 1145 1568 veram
1158 1546 1185 1568 et
1197 1542 1265 1576 piam
1280 1543 1457 1577 quaestionum
1472 1544 1644 1571 solutionem.
1658 1547 1744 1580 Atque
1755 1545 1848 1572 beatus

1057 1588 1138 1614 David
1164 1589 1262 1616 cecinit
1278 1588 1318 1616 itis
1340 1590 1452 1618 verbis:
1477 1590 1542 1623 Quia
1567 1596 1662 1618 rectum
1684 1597 1719 1618 est
1747 1593 1847 1619 verbum

1057 1632 1169 1667 Domini,
1180 1638 1203 1661 et
1214 1635 1297 1661 omnia
1307 1643 1383 1669 opera
1393 1637 1448 1671 ejus
1458 1637 1483 1662 in
1497 1636 1548 1670 [ide
1562 1636 1648 1671 (Paul.
1661 1637 1751 1672 52.4).
1760 1637 1846 1672 Opera

1054 1681 1112 1708 sine
1123 1681 1175 1708 ﬁde
1188 1682 1377 1716 comprehendi
1391 1688 1535 1718 nequeunt,
1549 1688 1577 1710 et
1591 1684 1660 1711 Deus
1670 1684 1728 1711 sine
1741 1684 1793 1712 fide
1807 1684 1848 1711 in-

1054 1727 1138 1753 veniri
1154 1727 1268 1761 poterit?
1287 1727 1372 1762 Opera
1387 1736 1438 1772 Et:
1449 1728 1583 1770 sine/"fide.
1597 1734 1623 1756 et
1637 1729 1719 1756 Filius
1733 1729 1846 1757 demort-

1054 1773 1203 1800 stratione?
1219 1773 1287 1806 Quia
1301 1778 1397 1800 rectum
1412 1779 1447 1801 est
1464 1776 1564 1801 uerbum
1576 1773 1695 1808 Domini,
1719 1779 1743 1802 et
1761 1776 1848 1802 omnia

1055 1828 1132 1854 opera
1144 1821 1200 1855 ejus
1214 1821 1238 1846 iu
1253 1821 1314 1854 ﬁde.
1331 1820 1427 1848 Verum
1441 1829 1500 1854 nos,
1515 1821 1615 1848 rdlictis
1630 1821 1748 1848 veritatis
1761 1822 1846 1849 hosti-

1055 1865 1115 1896 bus.
1131 1865 1163 1892 ad
1177 1873 1269 1893 sanam
1285 1871 1422 1901 tutamque
1436 1866 1515 1894 fidem
1525 1867 1675 1900 redeamus,
1686 1867 1788 1902 pizeque
1803 1876 1847 1895 re-

1054 1911 1159 1945 ligionis
1168 1912 1285 1946 regulam
1291 1912 1473 1944 ostendamus,
1484 1913 1538 1947 ipsa
1547 1912 1657 1940 veritate
1664 1912 1844 1947 eti‘ulgcnlem.

1054 1958 1126 1984 Inter
1140 1963 1243 1986 veteres
1253 1958 1342 1994 Moyse
1356 1967 1434 1986 nemo
1447 1959 1497 1986 lide
1512 1959 1616 1993 dignior
1629 1968 1635 1985 :
1651 1959 1676 1986 in
1690 1961 1845 1988 recentiori-

1053 2005 1102 2032 bus
1115 2013 1194 2032 nemo
1219 2005 1300 2032 Paulo
1313 2005 1467 2040 sapientior.
1483 2005 1578 2039 Quane
1594 2010 1709 2034 veterem
1734 2011 1843 2040 statum,

1053 2055 1080 2078 et
1094 2051 1228 2078 neminem
1239 2051 1328 2086 Moyse
1342 2051 1469 2085 majorem
1484 2051 1601 2086 reperies
1616 2060 1621 2078 :
1635 2059 1695 2078 nam
1721 2052 1786 2080 Novi
1809 2059 1843 2086 ιε,

1053 2101 1076 2124 et
1092 2097 1207 2123 invenisti
1229 2098 1336 2131 gratiam
1350 2105 1402 2132 pra:
1416 2097 1545 2124 onmibus‘
1559 2097 1661 2133 (Exod.
1673 2098 1721 2133 .53.
1735 2099 1790 2133 12).
1817 2099 1845 2126 ln

1053 2150 1122 2170 novo
1142 2143 1312 2170 Testamento
1337 2150 1416 2170 nemo
1429 2143 1512 2170 Paulo
1527 2143 1669 2177 perfectior
1683 2153 1690 2171 :
1709 2143 1759 2171 Vas
1773 2145 1845 2172 enim

1053 2189 1180 2216 electionis
1191 2194 1226 2216 est
1238 2189 1305 2223 (Act.
1320 2189 1346 2216 9.
1359 2188 1417 2223 15),
1427 2188 1613 2224 Christumque
1625 2189 1704 2218 habet
1718 2191 1744 2217 in
1756 2191 1846 2226 seipse

1053 2236 1216 2271 loquentem.
1239 2236 1277 2263 Ne
1292 2236 1519 2270 prmtergrediaris
1544 2237 1673 2264 terminos
1698 2236 1796 2272 Moysis
1819 2244 1847 2264 et

1053 2282 1138 2310 Pauli.
1154 2282 1221 2315 Quid
1239 2282 1342 2309 invenit
1356 2282 1474 2318 Moyses,
1490 2283 1756 2317 comprehensionem
1782 2283 1847 2311 sub-

1052 2330 1167 2361 stantia),
1182 2337 1215 2356 an
1234 2329 1346 2364 gloriam
1363 2328 1431 2356 Dei?
1461 2329 1575 2364 Moyses,
1604 2329 1709 2362 fratres,
1724 2330 1796 2357 venit
1817 2329 1844 2357 in

1053 2375 1294 2410 concupiscentiam
1311 2374 1367 2406 Dei,
1380 2379 1407 2401 ut
1420 2374 1500 2402 homo
1512 2375 1662 2410 religiosus,
1676 2380 1704 2403 et
1714 2376 1846 2411 ignoravit

1053 2430 1082 2449 se
1097 2421 1136 2448 rei
1151 2421 1320 2456 impossibilis
1331 2421 1465 2447 desiderio
1480 2422 1562 2448 teneri
1578 2429 1584 2448 :
1601 2426 1718 2449 attamen
1733 2430 1780 2456 per
1794 2430 1842 2455 ea,

1052 2476 1112 2503 qua:
1124 2468 1197 2502 petiit
1205 2476 1219 2495 τι
1234 2468 1298 2501 Deo,
1309 2467 1371 2502 quid
1382 2467 1545 2494 desideraret
1558 2467 1682 2494 ostendit.
1695 2467 1763 2500 Quid
1773 2468 1845 2496 enim

1052 2514 1107 2540 ait?
1123 2513 1241 2546 Obsecro,
1258 2513 1375 2546 Domine,
1399 2514 1420 2540 εἰ
1435 2513 1515 2539 inueni
1529 2513 1638 2548 gratiam
1662 2514 1687 2540 in
1710 2518 1846 2548 conspectu

1052 2565 1105 2592 tuo,
1121 2561 1252 2595 manifeste
1271 2561 1368 2587 videam
1389 2565 1423 2593 te,
1441 2561 1542 2587 ostende
1566 2565 1590 2587 te
1603 2561 1665 2587 mihi
1687 2560 1788 2596 (Exod.
1799 2561 1846 2589 35.

1054 2607 1110 2642 l5).
1126 2607 1218 2634 Frater
1241 2611 1300 2634 erat
1318 2607 1340 2634 is
1367 2606 1479 2641 Philippi
1494 2606 1628 2633 dicentis:
1647 2607 1755 2634 Ostende
1773 2607 1847 2636 nobis

1053 2654 1167 2687 Patrem,
1179 2659 1202 2680 et
1215 2654 1304 2689 su/ﬁcit
1316 2653 1385 2680 nobis
1396 2652 1485 2689 (Joan.
1501 2653 1544 2680 Η.
1553 2653 1592 2687 8).
1605 2653 1726 2686 Domine,
1737 2658 1764 2680 tu
1777 2653 1848 2680 dixi-

1052 2703 1085 2729 sti
1097 2724 1103 2734 ,
1118 2702 1239 2729 Invenisti
1251 2702 1358 2737 gratiam
1380 2702 1407 2728 in
1429 2705 1564 2736 conspectu
1578 2709 1632 2727 meo
1645 2708 1655 2728 :
1669 2701 1771 2727 ostende
1784 2700 1847 2727 mihi

1053 2750 1221 2785 temetipsum,
1237 2754 1266 2775 ut
1278 2749 1409 2784 manifeste
1423 2748 1520 2775 videant
1533 2753 1566 2775 te.
1580 2747 1649 2775 Vidit
1662 2747 1768 2782 quidem
1783 2755 1846 2775 cum

1087 2838 1093 2852 ⁸
1107 2835 1204 2861 (ῖίιιςίιι-ἰί
1220 2836 1312 2864 Qna‘st.
1327 2835 1373 2859 176
1387 2842 1392 2859 :
1412 2835 1469 2867 πρὸς
1485 2836 1591 2863 ἅπαντας
1608 2836 1640 2866 (f.
1659 2836 1723 2867 παρὰ
1738 2836 1843 2866 πάντας)

1055 2867 1190 2898 ἀνθρώπους
1205 2867 1277 2897 ἔγνων
1291 2875 1327 2896 σε,
1345 2866 1385 2890 καὶ
1397 2866 1462 2898 εὗρες
1473 2868 1540 2898 χάριν
1555 2867 1653 2891 ἐνώπιόν
1665 2875 1718 2899 μου.
