  <div class='ocr_page' id='page_1' title='image "/cluster/home/n/w/nwhite01/storage/ocr_20150623/56/njp.32101077772646/412.png"; bbox 0 0 2060 3125; ppageno 0'>
   <div class='ocr_carea' id='block_1_1' title="bbox 207 171 258 198">
    <p class='ocr_par' dir='ltr' id='par_1_1' title="bbox 207 171 258 198">
     <span class='ocr_line' id='line_1_1' title="bbox 207 171 258 198; baseline -0.02 0"><span class='ocrx_word' id='word_1_1' title='bbox 207 171 258 198; x_wconf 73' lang='grc'><strong>417</strong></span> 
     </span>
    </p>
   </div>
   <div class='ocr_carea' id='block_1_2' title="bbox 208 226 999 261">
    <p class='ocr_par' dir='ltr' id='par_1_2' title="bbox 208 226 999 261">
     <span class='ocr_line' id='line_1_2' title="bbox 208 226 999 261; baseline -0.004 -6"><span class='ocrx_word' id='word_1_2' title='bbox 208 230 234 256; x_wconf 78' lang='lat' dir='ltr'><strong>in</strong></span> <span class='ocrx_word' id='word_1_3' title='bbox 246 228 322 261; x_wconf 86' lang='lat' dir='ltr'><strong>rubo,</strong></span> <span class='ocrx_word' id='word_1_4' title='bbox 339 227 402 255; x_wconf 64' lang='lat' dir='ltr'><strong>\&quot;idit</strong></span> <span class='ocrx_word' id='word_1_5' title='bbox 419 235 480 255; x_wconf 86' lang='lat' dir='ltr'><strong>eum</strong></span> <span class='ocrx_word' id='word_1_6' title='bbox 493 235 525 254; x_wconf 84' lang='lat' dir='ltr'><strong>ex</strong></span> <span class='ocrx_word' id='word_1_7' title='bbox 539 232 631 255; x_wconf 88' lang='lat' dir='ltr'><strong>monte</strong></span> <span class='ocrx_word' id='word_1_8' title='bbox 646 227 720 260; x_wconf 89' lang='lat' dir='ltr'><strong>Sina,</strong></span> <span class='ocrx_word' id='word_1_9' title='bbox 736 227 802 254; x_wconf 89' lang='lat' dir='ltr'><strong>vidit</strong></span> <span class='ocrx_word' id='word_1_10' title='bbox 814 234 875 255; x_wconf 90' lang='lat' dir='ltr'><strong>eum</strong></span> <span class='ocrx_word' id='word_1_11' title='bbox 885 226 999 254; x_wconf 74' lang='lat' dir='ltr'><strong>diversis</strong></span> 
     </span>
    </p>
   </div>
   <div class='ocr_carea' id='block_1_3' title="bbox 206 273 998 309">
    <p class='ocr_par' dir='ltr' id='par_1_3' title="bbox 206 273 998 309">
     <span class='ocr_line' id='line_1_3' title="bbox 206 273 998 309; baseline -0.003 -8"><span class='ocrx_word' id='word_1_12' title='bbox 206 275 233 302; x_wconf 91' lang='lat' dir='ltr'><strong>in</strong></span> <span class='ocrx_word' id='word_1_13' title='bbox 248 274 313 302; x_wconf 86' lang='lat' dir='ltr'><strong>locis</strong></span> <span class='ocrx_word' id='word_1_14' title='bbox 326 278 510 309; x_wconf 76' lang='lat' dir='ltr'><strong>apparentem,</strong></span> <span class='ocrx_word' id='word_1_15' title='bbox 522 275 636 302; x_wconf 81' lang='lat' dir='ltr'><strong>etvariis</strong></span> <span class='ocrx_word' id='word_1_16' title='bbox 648 274 734 302; x_wconf 87' lang='lat' dir='ltr'><strong>modis</strong></span> <span class='ocrx_word' id='word_1_17' title='bbox 742 273 909 309; x_wconf 73' lang='lat' dir='ltr'><strong>prtesentiam</strong></span> <span class='ocrx_word' id='word_1_18' title='bbox 924 281 998 300; x_wconf 86' lang='lat' dir='ltr'><strong>snam</strong></span> 
     </span>
    </p>
   </div>
   <div class='ocr_carea' id='block_1_4' title="bbox 206 313 1000 357">
    <p class='ocr_par' dir='ltr' id='par_1_4' title="bbox 206 313 1000 357">
     <span class='ocr_line' id='line_1_4' title="bbox 206 313 1000 357; baseline -0.003 -9"><span class='ocrx_word' id='word_1_19' title='bbox 206 313 380 354; x_wconf 84' lang='lat' dir='ltr'><strong>indicantem,</strong></span> <span class='ocrx_word' id='word_1_20' title='bbox 395 325 423 348; x_wconf 85' lang='lat' dir='ltr'><strong>at</strong></span> <span class='ocrx_word' id='word_1_21' title='bbox 437 320 530 348; x_wconf 88' lang='lat' dir='ltr'><strong>beatus</strong></span> <span class='ocrx_word' id='word_1_22' title='bbox 555 321 601 348; x_wconf 84' lang='lat' dir='ltr'><strong>ille</strong></span> <span class='ocrx_word' id='word_1_23' title='bbox 620 321 726 357; x_wconf 78' lang='lat' dir='ltr'><strong>Moyses</strong></span> <span class='ocrx_word' id='word_1_24' title='bbox 747 320 833 356; x_wconf 82' lang='lat' dir='ltr'><strong>ipsam</strong></span> <span class='ocrx_word' id='word_1_25' title='bbox 847 320 938 347; x_wconf 86' lang='lat' dir='ltr'><strong>videre</strong></span> <span class='ocrx_word' id='word_1_26' title='bbox 952 327 1000 346; x_wconf 87' lang='lat' dir='ltr'><strong>co-</strong></span> 
     </span>
    </p>
   </div>
   <div class='ocr_carea' id='block_1_5' title="bbox 205 365 999 402">
    <p class='ocr_par' dir='ltr' id='par_1_5' title="bbox 205 365 999 402">
     <span class='ocr_line' id='line_1_5' title="bbox 205 365 999 402; baseline -0.003 -8"><span class='ocrx_word' id='word_1_27' title='bbox 205 367 295 402; x_wconf 85' lang='lat' dir='ltr'><strong>piehat</strong></span> <span class='ocrx_word' id='word_1_28' title='bbox 308 371 410 394; x_wconf 77' lang='lat' dir='ltr'><strong>naturae</strong></span> <span class='ocrx_word' id='word_1_29' title='bbox 425 367 548 394; x_wconf 80' lang='lat' dir='ltr'><strong>formam.</strong></span> <span class='ocrx_word' id='word_1_30' title='bbox 560 366 626 394; x_wconf 85' lang='lat' dir='ltr'><strong>Nam</strong></span> <span class='ocrx_word' id='word_1_31' title='bbox 637 366 718 394; x_wconf 86' lang='lat' dir='ltr'><strong>homo</strong></span> <span class='ocrx_word' id='word_1_32' title='bbox 725 373 785 394; x_wconf 87' lang='lat' dir='ltr'><strong>cum</strong></span> <span class='ocrx_word' id='word_1_33' title='bbox 793 369 875 398; x_wconf 82' lang='lat' dir='ltr'><strong>esset,</strong></span> <span class='ocrx_word' id='word_1_34' title='bbox 886 365 999 392; x_wconf 84' lang='lat' dir='ltr'><strong>humana</strong></span> 
     </span>
    </p>
   </div>
   <div class='ocr_carea' id='block_1_6' title="bbox 205 412 999 448">
    <p class='ocr_par' dir='ltr' id='par_1_6' title="bbox 205 412 999 448">
     <span class='ocr_line' id='line_1_6' title="bbox 205 412 999 448; baseline -0.003 -7"><span class='ocrx_word' id='word_1_35' title='bbox 205 414 239 441; x_wconf 88' lang='lat' dir='ltr'><strong>de</strong></span> <span class='ocrx_word' id='word_1_36' title='bbox 252 421 367 448; x_wconf 84' lang='lat' dir='ltr'><strong>superna</strong></span> <span class='ocrx_word' id='word_1_37' title='bbox 380 413 423 441; x_wconf 89' lang='lat' dir='ltr'><strong>illa</strong></span> <span class='ocrx_word' id='word_1_38' title='bbox 444 413 543 441; x_wconf 87' lang='lat' dir='ltr'><strong>virtute</strong></span> <span class='ocrx_word' id='word_1_39' title='bbox 553 413 755 448; x_wconf 77' lang='lat' dir='ltr'><strong>imaginabatur.</strong></span> <span class='ocrx_word' id='word_1_40' title='bbox 772 413 841 440; x_wconf 88' lang='lat' dir='ltr'><strong>Deus</strong></span> <span class='ocrx_word' id='word_1_41' title='bbox 853 417 941 439; x_wconf 84' lang='lat' dir='ltr'><strong>autem</strong></span> <span class='ocrx_word' id='word_1_42' title='bbox 952 412 999 440; x_wconf 85' lang='lat' dir='ltr'><strong>de-</strong></span> 
     </span>
    </p>
   </div>
   <div class='ocr_carea' id='block_1_7' title="bbox 204 457 999 494">
    <p class='ocr_par' dir='ltr' id='par_1_7' title="bbox 204 457 999 494">
     <span class='ocr_line' id='line_1_7' title="bbox 204 457 999 494; baseline -0.004 -7"><span class='ocrx_word' id='word_1_43' title='bbox 204 460 333 487; x_wconf 89' lang='lat' dir='ltr'><strong>siderium</strong></span> <span class='ocrx_word' id='word_1_44' title='bbox 349 459 435 487; x_wconf 83' lang='lat' dir='ltr'><strong>ﬁdelis</strong></span> <span class='ocrx_word' id='word_1_45' title='bbox 450 459 540 487; x_wconf 78' lang='lat' dir='ltr'><strong>famuli</strong></span> <span class='ocrx_word' id='word_1_46' title='bbox 561 459 736 494; x_wconf 88' lang='lat' dir='ltr'><strong>approbavit,</strong></span> <span class='ocrx_word' id='word_1_47' title='bbox 756 457 881 494; x_wconf 77' lang='lat' dir='ltr'><strong>ﬂexitque</strong></span> <span class='ocrx_word' id='word_1_48' title='bbox 905 458 999 485; x_wconf 85' lang='lat' dir='ltr'><strong>huma-</strong></span> 
     </span>
    </p>
   </div>
   <div class='ocr_carea' id='block_1_8' title="bbox 205 504 1000 540">
    <p class='ocr_par' dir='ltr' id='par_1_8' title="bbox 205 504 1000 540">
     <span class='ocr_line' id='line_1_8' title="bbox 205 504 1000 540; baseline -0.001 -8"><span class='ocrx_word' id='word_1_49' title='bbox 205 513 268 532; x_wconf 88' lang='lat' dir='ltr'><strong>num</strong></span> <span class='ocrx_word' id='word_1_50' title='bbox 281 505 404 532; x_wconf 72' lang='lat' dir='ltr'><strong>allectum</strong></span> <span class='ocrx_word' id='word_1_51' title='bbox 425 505 599 539; x_wconf 84' lang='lat' dir='ltr'><strong>impossibilia</strong></span> <span class='ocrx_word' id='word_1_52' title='bbox 614 504 776 540; x_wconf 89' lang='lat' dir='ltr'><strong>cupientem.</strong></span> <span class='ocrx_word' id='word_1_53' title='bbox 798 504 867 538; x_wconf 83' lang='lat' dir='ltr'><strong>Quid</strong></span> <span class='ocrx_word' id='word_1_54' title='bbox 883 504 954 531; x_wconf 89' lang='lat' dir='ltr'><strong>enim</strong></span> <span class='ocrx_word' id='word_1_55' title='bbox 962 505 1000 531; x_wconf 90' lang='lat' dir='ltr'><strong>ait</strong></span> 
     </span>
    </p>
   </div>
   <div class='ocr_carea' id='block_1_9' title="bbox 205 549 997 588">
    <p class='ocr_par' dir='ltr' id='par_1_9' title="bbox 205 549 997 588">
     <span class='ocr_line' id='line_1_9' title="bbox 205 549 997 588; baseline -0.003 -10"><span class='ocrx_word' id='word_1_56' title='bbox 205 551 264 578; x_wconf 85' lang='lat' dir='ltr'><strong>illi?</strong></span> <span class='ocrx_word' id='word_1_57' title='bbox 280 551 363 579; x_wconf 78' lang='lat' dir='ltr'><strong>Nemo</strong></span> <span class='ocrx_word' id='word_1_58' title='bbox 386 551 478 578; x_wconf 73' lang='lat' dir='ltr'><strong>videbit</strong></span> <span class='ocrx_word' id='word_1_59' title='bbox 493 551 583 588; x_wconf 78' lang='lat' dir='ltr'><strong>faciem</strong></span> <span class='ocrx_word' id='word_1_60' title='bbox 599 559 681 578; x_wconf 87' lang='lat' dir='ltr'><strong>meam</strong></span> <span class='ocrx_word' id='word_1_61' title='bbox 701 555 725 578; x_wconf 84' lang='lat' dir='ltr'><strong>et</strong></span> <span class='ocrx_word' id='word_1_62' title='bbox 746 553 810 578; x_wconf 75' lang='lat' dir='ltr'><strong>viret</strong></span> <span class='ocrx_word' id='word_1_63' title='bbox 835 549 938 586; x_wconf 79' lang='lat' dir='ltr'><strong>(Exod.</strong></span> <span class='ocrx_word' id='word_1_64' title='bbox 952 550 997 578; x_wconf 62' lang='grc' dir='ltr'><strong>ὃὸ.</strong></span> 
     </span>
    </p>
   </div>
   <div class='ocr_carea' id='block_1_10' title="bbox 204 597 996 633">
    <p class='ocr_par' dir='ltr' id='par_1_10' title="bbox 204 597 996 633">
     <span class='ocr_line' id='line_1_10' title="bbox 204 597 996 633; baseline -0.003 -8"><span class='ocrx_word' id='word_1_65' title='bbox 204 597 261 633; x_wconf 77' lang='grc'><strong>20).</strong></span> <span class='ocrx_word' id='word_1_66' title='bbox 277 598 460 625; x_wconf 76' lang='lat' dir='ltr'><strong>Desideratum</strong></span> <span class='ocrx_word' id='word_1_67' title='bbox 487 605 540 625; x_wconf 93' lang='lat' dir='ltr'><strong>non</strong></span> <span class='ocrx_word' id='word_1_68' title='bbox 565 598 636 632; x_wconf 86' lang='lat' dir='ltr'><strong>capit</strong></span> <span class='ocrx_word' id='word_1_69' title='bbox 660 598 744 626; x_wconf 89' lang='lat' dir='ltr'><strong>virtus</strong></span> <span class='ocrx_word' id='word_1_70' title='bbox 766 597 996 625; x_wconf 69' lang='lat' dir='ltr'><strong>desiderantium:</strong></span> 
     </span>
    </p>
   </div>
   <div class='ocr_carea' id='block_1_11' title="bbox 204 642 996 676">
    <p class='ocr_par' dir='ltr' id='par_1_11' title="bbox 204 642 996 676">
     <span class='ocr_line' id='line_1_11' title="bbox 204 642 996 676; baseline 0 -7"><span class='ocrx_word' id='word_1_71' title='bbox 204 650 259 670; x_wconf 92' lang='lat' dir='ltr'><strong>non</strong></span> <span class='ocrx_word' id='word_1_72' title='bbox 277 642 328 670; x_wconf 86' lang='lat' dir='ltr'><strong>i&#39;ert</strong></span> <span class='ocrx_word' id='word_1_73' title='bbox 343 643 462 670; x_wconf 84' lang='lat' dir='ltr'><strong>mortalis</strong></span> <span class='ocrx_word' id='word_1_74' title='bbox 477 643 571 670; x_wconf 89' lang='lat' dir='ltr'><strong>oculus</strong></span> <span class='ocrx_word' id='word_1_75' title='bbox 585 642 762 670; x_wconf 82' lang='lat' dir='ltr'><strong>immortalem</strong></span> <span class='ocrx_word' id='word_1_76' title='bbox 777 647 911 670; x_wconf 84' lang='lat' dir='ltr'><strong>naturam.</strong></span> <span class='ocrx_word' id='word_1_77' title='bbox 928 642 996 676; x_wconf 90' lang='lat' dir='ltr'><strong>Quid</strong></span> 
     </span>
    </p>
   </div>
   <div class='ocr_carea' id='block_1_12' title="bbox 203 688 998 723">
    <p class='ocr_par' dir='ltr' id='par_1_12' title="bbox 203 688 998 723">
     <span class='ocr_line' id='line_1_12' title="bbox 203 688 998 723; baseline -0.003 -7"><span class='ocrx_word' id='word_1_78' title='bbox 203 695 278 723; x_wconf 84' lang='lat' dir='ltr'><strong>ergo,</strong></span> <span class='ocrx_word' id='word_1_79' title='bbox 293 688 558 723; x_wconf 84' lang='lat' dir='ltr'><strong>Domine?relinquis</strong></span> <span class='ocrx_word' id='word_1_80' title='bbox 573 688 631 715; x_wconf 87' lang='lat' dir='ltr'><strong>sine</strong></span> <span class='ocrx_word' id='word_1_81' title='bbox 646 688 741 715; x_wconf 88' lang='lat' dir='ltr'><strong>solatio</strong></span> <span class='ocrx_word' id='word_1_82' title='bbox 764 695 895 721; x_wconf 87' lang='lat' dir='ltr'><strong>amorem,</strong></span> <span class='ocrx_word' id='word_1_83' title='bbox 911 695 942 715; x_wconf 91' lang='lat' dir='ltr'><strong>ac</strong></span> <span class='ocrx_word' id='word_1_84' title='bbox 965 695 998 714; x_wconf 90' lang='lat' dir='ltr'><strong>ne</strong></span> 
     </span>
    </p>
   </div>
   <div class='ocr_carea' id='block_1_13' title="bbox 190 734 997 770">
    <p class='ocr_par' dir='ltr' id='par_1_13' title="bbox 190 734 997 770">
     <span class='ocr_line' id='line_1_13' title="bbox 190 734 997 770; baseline -0.001 -8"><span class='ocrx_word' id='word_1_85' title='bbox 190 734 325 762; x_wconf 58' lang='lat' dir='ltr'><strong>&#39;utnhram</strong></span> <span class='ocrx_word' id='word_1_86' title='bbox 351 735 459 770; x_wconf 86' lang='lat' dir='ltr'><strong>quidem</strong></span> <span class='ocrx_word' id='word_1_87' title='bbox 486 735 589 769; x_wconf 69' lang='lat' dir='ltr'><strong>praabes</strong></span> <span class='ocrx_word' id='word_1_88' title='bbox 609 734 753 768; x_wconf 85' lang='lat' dir='ltr'><strong>desiderii,</strong></span> <span class='ocrx_word' id='word_1_89' title='bbox 777 736 802 762; x_wconf 90' lang='lat' dir='ltr'><strong>ei</strong></span> <span class='ocrx_word' id='word_1_90' title='bbox 826 735 871 770; x_wconf 89' lang='lat' dir='ltr'><strong>qui</strong></span> <span class='ocrx_word' id='word_1_91' title='bbox 896 739 997 761; x_wconf 89' lang='lat' dir='ltr'><strong>tantum</strong></span> 
     </span>
    </p>
   </div>
   <div class='ocr_carea' id='block_1_14' title="bbox 204 779 998 816">
    <p class='ocr_par' dir='ltr' id='par_1_14' title="bbox 204 779 998 816">
     <span class='ocr_line' id='line_1_14' title="bbox 204 779 998 816; baseline 0 -10"><span class='ocrx_word' id='word_1_92' title='bbox 204 788 321 807; x_wconf 86' lang='lat' dir='ltr'><strong>amorem</strong></span> <span class='ocrx_word' id='word_1_93' title='bbox 342 781 432 807; x_wconf 88' lang='lat' dir='ltr'><strong>animo</strong></span> <span class='ocrx_word' id='word_1_94' title='bbox 451 780 594 816; x_wconf 86' lang='lat' dir='ltr'><strong>concepit?</strong></span> <span class='ocrx_word' id='word_1_95' title='bbox 617 780 796 814; x_wconf 85' lang='lat' dir='ltr'><strong>Quamobrem</strong></span> <span class='ocrx_word' id='word_1_96' title='bbox 809 781 846 807; x_wconf 90' lang='lat' dir='ltr'><strong>ait</strong></span> <span class='ocrx_word' id='word_1_97' title='bbox 862 788 870 807; x_wconf 85' lang='lat'><strong>:</strong></span> <span class='ocrx_word' id='word_1_98' title='bbox 884 779 957 807; x_wconf 90' lang='lat' dir='ltr'><strong>Pono</strong></span> <span class='ocrx_word' id='word_1_99' title='bbox 971 781 998 807; x_wconf 86' lang='lat' dir='ltr'><strong>in</strong></span> 
     </span>
    </p>
   </div>
   <div class='ocr_carea' id='block_1_15' title="bbox 204 825 998 862">
    <p class='ocr_par' dir='ltr' id='par_1_15' title="bbox 204 825 998 862">
     <span class='ocr_line' id='line_1_15' title="bbox 204 825 998 862; baseline 0.001 -10"><span class='ocrx_word' id='word_1_100' title='bbox 204 831 286 861; x_wconf 84' lang='lat' dir='ltr'><strong>petra,</strong></span> <span class='ocrx_word' id='word_1_101' title='bbox 302 830 325 852; x_wconf 85' lang='lat' dir='ltr'><strong>et</strong></span> <span class='ocrx_word' id='word_1_102' title='bbox 347 833 451 861; x_wconf 80' lang='lat' dir='ltr'><strong>protego</strong></span> <span class='ocrx_word' id='word_1_103' title='bbox 463 834 540 852; x_wconf 86' lang='lat' dir='ltr'><strong>manu</strong></span> <span class='ocrx_word' id='word_1_104' title='bbox 559 834 615 853; x_wconf 86' lang='lat' dir='ltr'><strong>mea</strong></span> <span class='ocrx_word' id='word_1_105' title='bbox 628 833 638 852; x_wconf 87' lang='lat'><em>:</em></span> <span class='ocrx_word' id='word_1_106' title='bbox 652 830 676 853; x_wconf 83' lang='lat' dir='ltr'><strong>et</strong></span> <span class='ocrx_word' id='word_1_107' title='bbox 695 834 753 853; x_wconf 76' lang='lat' dir='ltr'><strong>cum</strong></span> <span class='ocrx_word' id='word_1_108' title='bbox 775 825 891 853; x_wconf 73' lang='lat' dir='ltr'><strong>transibit</strong></span> <span class='ocrx_word' id='word_1_109' title='bbox 916 826 998 862; x_wconf 80' lang='lat' dir='ltr'><strong>gloria</strong></span> 
     </span>
    </p>
   </div>
   <div class='ocr_carea' id='block_1_16' title="bbox 203 871 998 906">
    <p class='ocr_par' dir='ltr' id='par_1_16' title="bbox 203 871 998 906">
     <span class='ocr_line' id='line_1_16' title="bbox 203 871 998 906; baseline 0.001 -8"><span class='ocrx_word' id='word_1_110' title='bbox 203 879 269 904; x_wconf 76' lang='lat' dir='ltr'><strong>mea,</strong></span> <span class='ocrx_word' id='word_1_111' title='bbox 284 871 377 898; x_wconf 80' lang='lat' dir='ltr'><strong>videbis</strong></span> <span class='ocrx_word' id='word_1_112' title='bbox 398 872 537 906; x_wconf 74' lang='lat' dir='ltr'><strong>posteriora</strong></span> <span class='ocrx_word' id='word_1_113' title='bbox 556 879 567 897; x_wconf 81' lang='lat'><strong>.‘</strong></span> <span class='ocrx_word' id='word_1_114' title='bbox 595 872 724 899; x_wconf 83' lang='lat' dir='ltr'><strong>anteriora</strong></span> <span class='ocrx_word' id='word_1_115' title='bbox 744 879 803 899; x_wconf 75' lang='lat' dir='ltr'><strong>vero</strong></span> <span class='ocrx_word' id='word_1_116' title='bbox 830 880 881 899; x_wconf 83' lang='lat' dir='ltr'><strong>non</strong></span> <span class='ocrx_word' id='word_1_117' title='bbox 905 873 998 900; x_wconf 75' lang='lat' dir='ltr'><strong>videbis</strong></span> 
     </span>
    </p>
   </div>
   <div class='ocr_carea' id='block_1_17' title="bbox 203 917 996 954">
    <p class='ocr_par' dir='ltr' id='par_1_17' title="bbox 203 917 996 954">
     <span class='ocr_line' id='line_1_17' title="bbox 203 917 996 954; baseline 0.003 -10"><span class='ocrx_word' id='word_1_118' title='bbox 203 917 301 948; x_wconf 69' lang='lat' dir='ltr'><strong>(Exod.</strong></span> <span class='ocrx_word' id='word_1_119' title='bbox 314 918 358 946; x_wconf 79' lang='lat'><strong>55.</strong></span> <span class='ocrx_word' id='word_1_120' title='bbox 370 917 416 944; x_wconf 74' lang='lat'><strong>22.</strong></span> <span class='ocrx_word' id='word_1_121' title='bbox 428 917 487 954; x_wconf 75' lang='lat'><strong>25).</strong></span> <span class='ocrx_word' id='word_1_122' title='bbox 500 917 560 945; x_wconf 90' lang='lat' dir='ltr'><strong>Non</strong></span> <span class='ocrx_word' id='word_1_123' title='bbox 571 917 647 950; x_wconf 86' lang='lat' dir='ltr'><strong>dixit,</strong></span> <span class='ocrx_word' id='word_1_124' title='bbox 665 917 731 945; x_wconf 87' lang='lat' dir='ltr'><strong>Cum</strong></span> <span class='ocrx_word' id='word_1_125' title='bbox 747 918 922 953; x_wconf 87' lang='lat' dir='ltr'><strong>pertransibo,</strong></span> <span class='ocrx_word' id='word_1_126' title='bbox 939 918 996 952; x_wconf 85' lang='lat' dir='ltr'><strong>sed,</strong></span> 
     </span>
    </p>
   </div>
   <div class='ocr_carea' id='block_1_18' title="bbox 205 963 999 1000">
    <p class='ocr_par' dir='ltr' id='par_1_18' title="bbox 205 963 999 1000">
     <span class='ocr_line' id='line_1_18' title="bbox 205 963 999 1000; baseline 0.003 -10"><span class='ocrx_word' id='word_1_127' title='bbox 205 964 268 991; x_wconf 78' lang='lat' dir='ltr'><strong>Cum</strong></span> <span class='ocrx_word' id='word_1_128' title='bbox 280 965 395 991; x_wconf 70' lang='lat' dir='ltr'><strong>transibit</strong></span> <span class='ocrx_word' id='word_1_129' title='bbox 407 965 490 999; x_wconf 87' lang='lat' dir='ltr'><strong>gloria</strong></span> <span class='ocrx_word' id='word_1_130' title='bbox 502 972 568 991; x_wconf 86' lang='lat' dir='ltr'><strong>mea.</strong></span> <span class='ocrx_word' id='word_1_131' title='bbox 582 963 640 992; x_wconf 83' lang='lat' dir='ltr'><strong>Non</strong></span> <span class='ocrx_word' id='word_1_132' title='bbox 656 965 728 992; x_wconf 90' lang='lat' dir='ltr'><strong>enim</strong></span> <span class='ocrx_word' id='word_1_133' title='bbox 741 965 814 998; x_wconf 85' lang='lat' dir='ltr'><strong>licet,</strong></span> <span class='ocrx_word' id='word_1_134' title='bbox 840 970 999 1000; x_wconf 83' lang='lat' dir='ltr'><strong>praetergre-</strong></span> 
     </span>
    </p>
   </div>
   <div class='ocr_carea' id='block_1_19' title="bbox 204 1010 998 1047">
    <p class='ocr_par' dir='ltr' id='par_1_19' title="bbox 204 1010 998 1047">
     <span class='ocr_line' id='line_1_19' title="bbox 204 1010 998 1047; baseline 0 -9"><span class='ocrx_word' id='word_1_135' title='bbox 204 1010 302 1038; x_wconf 90' lang='lat' dir='ltr'><strong>diendo</strong></span> <span class='ocrx_word' id='word_1_136' title='bbox 324 1010 457 1045; x_wconf 77' lang='lat' dir='ltr'><strong>gloriam,</strong></span> <span class='ocrx_word' id='word_1_137' title='bbox 480 1011 622 1038; x_wconf 78' lang='lat' dir='ltr'><strong>essentiam</strong></span> <span class='ocrx_word' id='word_1_138' title='bbox 649 1010 780 1045; x_wconf 88' lang='lat' dir='ltr'><strong>reperire.</strong></span> <span class='ocrx_word' id='word_1_139' title='bbox 804 1011 910 1047; x_wconf 86' lang='lat' dir='ltr'><strong>Moyses</strong></span> <span class='ocrx_word' id='word_1_140' title='bbox 931 1011 998 1039; x_wconf 91' lang='lat' dir='ltr'><strong>nihil</strong></span> 
     </span>
    </p>
   </div>
   <div class='ocr_carea' id='block_1_20' title="bbox 204 1055 996 1092">
    <p class='ocr_par' dir='ltr' id='par_1_20' title="bbox 204 1055 996 1092">
     <span class='ocr_line' id='line_1_20' title="bbox 204 1055 996 1092; baseline 0 -9"><span class='ocrx_word' id='word_1_141' title='bbox 204 1056 264 1092; x_wconf 85' lang='lat' dir='ltr'><strong>plus</strong></span> <span class='ocrx_word' id='word_1_142' title='bbox 277 1064 356 1091; x_wconf 88' lang='lat' dir='ltr'><strong>quam</strong></span> <span class='ocrx_word' id='word_1_143' title='bbox 369 1055 480 1091; x_wconf 79' lang='lat' dir='ltr'><strong>gloriam</strong></span> <span class='ocrx_word' id='word_1_144' title='bbox 495 1056 608 1089; x_wconf 84' lang='lat' dir='ltr'><strong>invenit,</strong></span> <span class='ocrx_word' id='word_1_145' title='bbox 633 1063 720 1092; x_wconf 88' lang='lat' dir='ltr'><strong>neque</strong></span> <span class='ocrx_word' id='word_1_146' title='bbox 732 1056 805 1084; x_wconf 80' lang='lat' dir='ltr'><strong>illam</strong></span> <span class='ocrx_word' id='word_1_147' title='bbox 821 1059 904 1083; x_wconf 87' lang='lat' dir='ltr'><strong>totam</strong></span> <span class='ocrx_word' id='word_1_148' title='bbox 918 1056 996 1089; x_wconf 89' lang='lat' dir='ltr'><strong>vidit,</strong></span> 
     </span>
    </p>
   </div>
   <div class='ocr_carea' id='block_1_21' title="bbox 203 1102 997 1138">
    <p class='ocr_par' dir='ltr' id='par_1_21' title="bbox 203 1102 997 1138">
     <span class='ocr_line' id='line_1_21' title="bbox 203 1102 997 1138; baseline 0.001 -9"><span class='ocrx_word' id='word_1_149' title='bbox 203 1102 251 1130; x_wconf 84' lang='lat' dir='ltr'><strong>sed</strong></span> <span class='ocrx_word' id='word_1_150' title='bbox 264 1102 371 1130; x_wconf 88' lang='lat' dir='ltr'><strong>dorsum</strong></span> <span class='ocrx_word' id='word_1_151' title='bbox 383 1111 390 1129; x_wconf 90' lang='lat'><strong>:</strong></span> <span class='ocrx_word' id='word_1_152' title='bbox 408 1110 460 1130; x_wconf 92' lang='lat' dir='ltr'><strong>non</strong></span> <span class='ocrx_word' id='word_1_153' title='bbox 474 1102 545 1138; x_wconf 88' lang='lat' dir='ltr'><strong>quod</strong></span> <span class='ocrx_word' id='word_1_154' title='bbox 560 1103 641 1130; x_wconf 90' lang='lat' dir='ltr'><strong>dorso</strong></span> <span class='ocrx_word' id='word_1_155' title='bbox 654 1107 682 1130; x_wconf 87' lang='lat' dir='ltr'><strong>et</strong></span> <span class='ocrx_word' id='word_1_156' title='bbox 695 1107 804 1137; x_wconf 88' lang='lat' dir='ltr'><strong>pectore</strong></span> <span class='ocrx_word' id='word_1_157' title='bbox 815 1102 948 1130; x_wconf 83' lang='lat' dir='ltr'><strong>delineata</strong></span> <span class='ocrx_word' id='word_1_158' title='bbox 961 1103 997 1130; x_wconf 85' lang='lat' dir='ltr'><strong>sit</strong></span> 
     </span>
    </p>
   </div>
   <div class='ocr_carea' id='block_1_22' title="bbox 204 1144 997 1185">
    <p class='ocr_par' dir='ltr' id='par_1_22' title="bbox 204 1144 997 1185">
     <span class='ocr_line' id='line_1_22' title="bbox 204 1144 997 1185; baseline 0.001 -9"><span class='ocrx_word' id='word_1_159' title='bbox 204 1149 293 1177; x_wconf 89' lang='lat' dir='ltr'><strong>divina</strong></span> <span class='ocrx_word' id='word_1_160' title='bbox 303 1144 397 1177; x_wconf 75' lang='lat' dir='ltr'><strong>natura</strong></span> <span class='ocrx_word' id='word_1_161' title='bbox 415 1157 422 1176; x_wconf 91' lang='lat'><strong>:</strong></span> <span class='ocrx_word' id='word_1_162' title='bbox 438 1150 549 1184; x_wconf 84' lang='lat' dir='ltr'><strong>simplex</strong></span> <span class='ocrx_word' id='word_1_163' title='bbox 562 1149 633 1177; x_wconf 87' lang='lat' dir='ltr'><strong>enim</strong></span> <span class='ocrx_word' id='word_1_164' title='bbox 647 1153 689 1177; x_wconf 90' lang='lat' dir='ltr'><strong>est</strong></span> <span class='ocrx_word' id='word_1_165' title='bbox 700 1155 727 1177; x_wconf 93' lang='lat' dir='ltr'><strong>et</strong></span> <span class='ocrx_word' id='word_1_166' title='bbox 742 1150 934 1185; x_wconf 90' lang='lat' dir='ltr'><strong>incomposita;</strong></span> <span class='ocrx_word' id='word_1_167' title='bbox 949 1150 997 1177; x_wconf 88' lang='lat' dir='ltr'><strong>sed</strong></span> 
     </span>
    </p>
   </div>
   <div class='ocr_carea' id='block_1_23' title="bbox 204 1195 996 1231">
    <p class='ocr_par' dir='ltr' id='par_1_23' title="bbox 204 1195 996 1231">
     <span class='ocr_line' id='line_1_23' title="bbox 204 1195 996 1231; baseline 0.001 -9"><span class='ocrx_word' id='word_1_168' title='bbox 204 1196 266 1231; x_wconf 79' lang='lat' dir='ltr'><strong>quia</strong></span> <span class='ocrx_word' id='word_1_169' title='bbox 275 1196 345 1223; x_wconf 85' lang='lat' dir='ltr'><strong>Deus</strong></span> <span class='ocrx_word' id='word_1_170' title='bbox 354 1195 392 1223; x_wconf 86' lang='lat' dir='ltr'><strong>sic</strong></span> <span class='ocrx_word' id='word_1_171' title='bbox 400 1202 429 1223; x_wconf 89' lang='lat' dir='ltr'><strong>se</strong></span> <span class='ocrx_word' id='word_1_172' title='bbox 437 1196 651 1231; x_wconf 88' lang='lat' dir='ltr'><strong>cognoscendum</strong></span> <span class='ocrx_word' id='word_1_173' title='bbox 661 1195 774 1230; x_wconf 63' lang='lat' dir='ltr'><strong>praebet,</strong></span> <span class='ocrx_word' id='word_1_174' title='bbox 788 1203 840 1223; x_wconf 92' lang='lat' dir='ltr'><strong>non</strong></span> <span class='ocrx_word' id='word_1_175' title='bbox 850 1195 996 1223; x_wconf 87' lang='lat' dir='ltr'><strong>secundum</strong></span> 
     </span>
    </p>
   </div>
   <div class='ocr_carea' id='block_1_24' title="bbox 204 1241 998 1276">
    <p class='ocr_par' dir='ltr' id='par_1_24' title="bbox 204 1241 998 1276">
     <span class='ocr_line' id='line_1_24' title="bbox 204 1241 998 1276; baseline 0 -8"><span class='ocrx_word' id='word_1_176' title='bbox 204 1241 254 1268; x_wconf 87' lang='lat' dir='ltr'><strong>sibi</strong></span> <span class='ocrx_word' id='word_1_177' title='bbox 267 1245 457 1276; x_wconf 76' lang='lat' dir='ltr'><strong>congruentem</strong></span> <span class='ocrx_word' id='word_1_178' title='bbox 471 1241 638 1276; x_wconf 86' lang='lat' dir='ltr'><strong>dignitatem,</strong></span> <span class='ocrx_word' id='word_1_179' title='bbox 653 1241 701 1268; x_wconf 88' lang='lat' dir='ltr'><strong>sed</strong></span> <span class='ocrx_word' id='word_1_180' title='bbox 721 1241 868 1268; x_wconf 88' lang='lat' dir='ltr'><strong>secundum</strong></span> <span class='ocrx_word' id='word_1_181' title='bbox 888 1241 998 1269; x_wconf 80' lang='lat' dir='ltr'><strong>faculta-</strong></span> 
     </span>
    </p>
   </div>
   <div class='ocr_carea' id='block_1_25' title="bbox 204 1286 996 1322">
    <p class='ocr_par' dir='ltr' id='par_1_25' title="bbox 204 1286 996 1322">
     <span class='ocr_line' id='line_1_25' title="bbox 204 1286 996 1322; baseline 0.001 -9"><span class='ocrx_word' id='word_1_182' title='bbox 204 1291 258 1314; x_wconf 86' lang='lat' dir='ltr'><strong>tem</strong></span> <span class='ocrx_word' id='word_1_183' title='bbox 271 1294 376 1320; x_wconf 92' lang='lat' dir='ltr'><strong>eorum,</strong></span> <span class='ocrx_word' id='word_1_184' title='bbox 390 1287 434 1321; x_wconf 88' lang='lat' dir='ltr'><strong>qui</strong></span> <span class='ocrx_word' id='word_1_185' title='bbox 447 1286 534 1321; x_wconf 89' lang='lat' dir='ltr'><strong>ipsum</strong></span> <span class='ocrx_word' id='word_1_186' title='bbox 547 1286 630 1314; x_wconf 86' lang='lat' dir='ltr'><strong>visuri</strong></span> <span class='ocrx_word' id='word_1_187' title='bbox 639 1290 711 1314; x_wconf 86' lang='lat' dir='ltr'><strong>sunt.</strong></span> <span class='ocrx_word' id='word_1_188' title='bbox 724 1286 828 1322; x_wconf 78' lang='lat' dir='ltr'><strong>Moyses</strong></span> <span class='ocrx_word' id='word_1_189' title='bbox 842 1286 875 1314; x_wconf 87' lang='lat' dir='ltr'><strong>ad</strong></span> <span class='ocrx_word' id='word_1_190' title='bbox 885 1287 996 1321; x_wconf 80' lang='lat' dir='ltr'><strong>gloriam</strong></span> 
     </span>
    </p>
   </div>
   <div class='ocr_carea' id='block_1_26' title="bbox 163 1332 998 1368">
    <p class='ocr_par' dir='ltr' id='par_1_26' title="bbox 163 1332 998 1368">
     <span class='ocr_line' id='line_1_26' title="bbox 163 1332 998 1368; baseline 0 -9"><span class='ocrx_word' id='word_1_191' title='bbox 163 1363 166 1366; x_wconf 51' lang='grc'><strong><em>,</em></strong></span> <span class='ocrx_word' id='word_1_192' title='bbox 206 1333 323 1368; x_wconf 87' lang='lat' dir='ltr'><strong>pertigit,</strong></span> <span class='ocrx_word' id='word_1_193' title='bbox 337 1336 364 1360; x_wconf 87' lang='lat' dir='ltr'><strong>et</strong></span> <span class='ocrx_word' id='word_1_194' title='bbox 373 1332 486 1367; x_wconf 87' lang='lat' dir='ltr'><strong>gloriam</strong></span> <span class='ocrx_word' id='word_1_195' title='bbox 499 1339 552 1359; x_wconf 91' lang='lat' dir='ltr'><strong>non</strong></span> <span class='ocrx_word' id='word_1_196' title='bbox 568 1337 757 1367; x_wconf 84' lang='lat' dir='ltr'><strong>snpergressus</strong></span> <span class='ocrx_word' id='word_1_197' title='bbox 772 1337 813 1360; x_wconf 90' lang='lat' dir='ltr'><strong>est</strong></span> <span class='ocrx_word' id='word_1_198' title='bbox 827 1340 835 1359; x_wconf 85' lang='lat'><strong>:</strong></span> <span class='ocrx_word' id='word_1_199' title='bbox 847 1337 875 1359; x_wconf 89' lang='lat' dir='ltr'><strong>at</strong></span> <span class='ocrx_word' id='word_1_200' title='bbox 889 1337 927 1366; x_wconf 92' lang='lat' dir='ltr'><strong>tu,</strong></span> <span class='ocrx_word' id='word_1_201' title='bbox 943 1333 998 1360; x_wconf 77' lang='lat' dir='ltr'><strong>ha:-</strong></span> 
     </span>
    </p>
   </div>
   <div class='ocr_carea' id='block_1_27' title="bbox 207 1377 997 1413">
    <p class='ocr_par' dir='ltr' id='par_1_27' title="bbox 207 1377 997 1413">
     <span class='ocr_line' id='line_1_27' title="bbox 207 1377 997 1413; baseline 0 -7"><span class='ocrx_word' id='word_1_202' title='bbox 207 1378 300 1411; x_wconf 87' lang='lat' dir='ltr'><strong>retice,</strong></span> <span class='ocrx_word' id='word_1_203' title='bbox 312 1378 425 1413; x_wconf 80' lang='lat' dir='ltr'><strong>gloriam</strong></span> <span class='ocrx_word' id='word_1_204' title='bbox 438 1382 630 1413; x_wconf 78' lang='lat' dir='ltr'><strong>transgressus,</strong></span> <span class='ocrx_word' id='word_1_205' title='bbox 645 1377 822 1406; x_wconf 85' lang='lat' dir='ltr'><strong>substantiam</strong></span> <span class='ocrx_word' id='word_1_206' title='bbox 834 1378 881 1406; x_wconf 89' lang='lat' dir='ltr'><strong>Dei</strong></span> <span class='ocrx_word' id='word_1_207' title='bbox 891 1379 997 1406; x_wconf 83' lang='lat' dir='ltr'><strong>curiose</strong></span> 
     </span>
    </p>
   </div>
   <div class='ocr_carea' id='block_1_28' title="bbox 204 1424 996 1453">
    <p class='ocr_par' dir='ltr' id='par_1_28' title="bbox 204 1424 996 1453">
     <span class='ocr_line' id='line_1_28' title="bbox 204 1424 996 1453; baseline 0 -1"><span class='ocrx_word' id='word_1_208' title='bbox 204 1425 349 1452; x_wconf 77' lang='lat' dir='ltr'><strong>scrutaris?</strong></span> <span class='ocrx_word' id='word_1_209' title='bbox 370 1424 513 1452; x_wconf 80' lang='lat' dir='ltr'><strong>Veniamus</strong></span> <span class='ocrx_word' id='word_1_210' title='bbox 533 1429 561 1452; x_wconf 86' lang='lat' dir='ltr'><strong>et</strong></span> <span class='ocrx_word' id='word_1_211' title='bbox 579 1424 612 1452; x_wconf 89' lang='lat' dir='ltr'><strong>ad</strong></span> <span class='ocrx_word' id='word_1_212' title='bbox 625 1424 731 1452; x_wconf 84' lang='lat' dir='ltr'><strong>beatum</strong></span> <span class='ocrx_word' id='word_1_213' title='bbox 749 1425 871 1453; x_wconf 86' lang='lat' dir='ltr'><strong>Paulum.</strong></span> <span class='ocrx_word' id='word_1_214' title='bbox 897 1425 996 1453; x_wconf 81' lang='lat' dir='ltr'><strong>Paulus</strong></span> 
     </span>
    </p>
   </div>
   <div class='ocr_carea' id='block_1_29' title="bbox 205 1471 997 1507">
    <p class='ocr_par' dir='ltr' id='par_1_29' title="bbox 205 1471 997 1507">
     <span class='ocr_line' id='line_1_29' title="bbox 205 1471 997 1507; baseline 0.001 -10"><span class='ocrx_word' id='word_1_215' title='bbox 205 1471 233 1498; x_wconf 90' lang='lat' dir='ltr'><strong>in</strong></span> <span class='ocrx_word' id='word_1_216' title='bbox 245 1471 318 1500; x_wconf 83' lang='lat' dir='ltr'><strong>Novo</strong></span> <span class='ocrx_word' id='word_1_217' title='bbox 328 1471 517 1504; x_wconf 83' lang='lat' dir='ltr'><strong>Testamento,</strong></span> <span class='ocrx_word' id='word_1_218' title='bbox 541 1478 601 1498; x_wconf 90' lang='lat' dir='ltr'><strong>cum</strong></span> <span class='ocrx_word' id='word_1_219' title='bbox 616 1471 799 1499; x_wconf 86' lang='lat' dir='ltr'><strong>consideraret</strong></span> <span class='ocrx_word' id='word_1_220' title='bbox 821 1471 997 1507; x_wconf 82' lang='lat' dir='ltr'><strong>particulares</strong></span> 
     </span>
    </p>
   </div>
   <div class='ocr_carea' id='block_1_30' title="bbox 203 1517 996 1553">
    <p class='ocr_par' dir='ltr' id='par_1_30' title="bbox 203 1517 996 1553">
     <span class='ocr_line' id='line_1_30' title="bbox 203 1517 996 1553; baseline -0.001 -7"><span class='ocrx_word' id='word_1_221' title='bbox 203 1518 331 1553; x_wconf 86' lang='lat' dir='ltr'><strong>quasdam</strong></span> <span class='ocrx_word' id='word_1_222' title='bbox 351 1517 398 1545; x_wconf 88' lang='lat' dir='ltr'><strong>Dei</strong></span> <span class='ocrx_word' id='word_1_223' title='bbox 420 1517 641 1552; x_wconf 88' lang='lat' dir='ltr'><strong>dispensationes,</strong></span> <span class='ocrx_word' id='word_1_224' title='bbox 655 1517 732 1553; x_wconf 85' lang='lat' dir='ltr'><strong>quasi</strong></span> <span class='ocrx_word' id='word_1_225' title='bbox 751 1518 882 1552; x_wconf 76' lang='lat' dir='ltr'><strong>vertigine</strong></span> <span class='ocrx_word' id='word_1_226' title='bbox 901 1522 996 1552; x_wconf 84' lang='lat' dir='ltr'><strong>captus</strong></span> 
     </span>
    </p>
   </div>
   <div class='ocr_carea' id='block_1_31' title="bbox 205 1563 996 1599">
    <p class='ocr_par' dir='ltr' id='par_1_31' title="bbox 205 1563 996 1599">
     <span class='ocr_line' id='line_1_31' title="bbox 205 1563 996 1599; baseline -0.001 -8"><span class='ocrx_word' id='word_1_227' title='bbox 205 1565 232 1591; x_wconf 89' lang='lat' dir='ltr'><strong>in</strong></span> <span class='ocrx_word' id='word_1_228' title='bbox 246 1563 377 1599; x_wconf 80' lang='lat' dir='ltr'><strong>profundo</strong></span> <span class='ocrx_word' id='word_1_229' title='bbox 391 1563 569 1599; x_wconf 76' lang='lat' dir='ltr'><strong>cogitationis,</strong></span> <span class='ocrx_word' id='word_1_230' title='bbox 583 1568 693 1598; x_wconf 85' lang='lat' dir='ltr'><strong>stupore</strong></span> <span class='ocrx_word' id='word_1_231' title='bbox 703 1564 806 1598; x_wconf 88' lang='lat' dir='ltr'><strong>plenam</strong></span> <span class='ocrx_word' id='word_1_232' title='bbox 823 1571 914 1591; x_wconf 79' lang='lat' dir='ltr'><strong>vocem</strong></span> <span class='ocrx_word' id='word_1_233' title='bbox 927 1565 996 1591; x_wconf 90' lang='lat' dir='ltr'><strong>emi-</strong></span> 
     </span>
    </p>
   </div>
   <div class='ocr_carea' id='block_1_32' title="bbox 203 1608 996 1643">
    <p class='ocr_par' dir='ltr' id='par_1_32' title="bbox 203 1608 996 1643">
     <span class='ocr_line' id='line_1_32' title="bbox 203 1608 996 1643; baseline -0.001 -6"><span class='ocrx_word' id='word_1_234' title='bbox 203 1610 239 1637; x_wconf 92' lang='lat' dir='ltr'><strong>sit</strong></span> <span class='ocrx_word' id='word_1_235' title='bbox 252 1610 294 1637; x_wconf 89' lang='lat' dir='ltr'><strong>his</strong></span> <span class='ocrx_word' id='word_1_236' title='bbox 307 1609 396 1637; x_wconf 86' lang='lat' dir='ltr'><strong>verbis</strong></span> <span class='ocrx_word' id='word_1_237' title='bbox 411 1617 419 1636; x_wconf 94' lang='lat'><strong>:</strong></span> <span class='ocrx_word' id='word_1_238' title='bbox 437 1618 447 1636; x_wconf 75' lang='grc' dir='ltr'><strong><em>ι</em></strong></span> <span class='ocrx_word' id='word_1_239' title='bbox 465 1608 487 1637; x_wconf 95' lang='lat'><strong>0</strong></span> <span class='ocrx_word' id='word_1_240' title='bbox 500 1608 613 1636; x_wconf 92' lang='lat' dir='ltr'><strong>altitudo</strong></span> <span class='ocrx_word' id='word_1_241' title='bbox 632 1608 784 1636; x_wconf 87' lang='lat' dir='ltr'><strong>divitiarum</strong></span> <span class='ocrx_word' id='word_1_242' title='bbox 807 1610 945 1643; x_wconf 68' lang='lat' dir='ltr'><strong>sapientiae</strong></span> <span class='ocrx_word' id='word_1_243' title='bbox 969 1614 996 1636; x_wconf 90' lang='lat' dir='ltr'><strong>ct</strong></span> 
     </span>
    </p>
   </div>
   <div class='ocr_carea' id='block_1_33' title="bbox 203 1654 995 1691">
    <p class='ocr_par' dir='ltr' id='par_1_33' title="bbox 203 1654 995 1691">
     <span class='ocr_line' id='line_1_33' title="bbox 203 1654 995 1691; baseline -0.003 -8"><span class='ocrx_word' id='word_1_244' title='bbox 203 1656 322 1683; x_wconf 71' lang='lat' dir='ltr'><strong>scientia:</strong></span> <span class='ocrx_word' id='word_1_245' title='bbox 339 1656 395 1689; x_wconf 89' lang='lat' dir='ltr'><strong>Dei,</strong></span> <span class='ocrx_word' id='word_1_246' title='bbox 410 1663 489 1691; x_wconf 91' lang='lat' dir='ltr'><strong>quam</strong></span> <span class='ocrx_word' id='word_1_247' title='bbox 514 1654 793 1690; x_wconf 84' lang='lat' dir='ltr'><strong>incomprehensibilia</strong></span> <span class='ocrx_word' id='word_1_248' title='bbox 808 1660 871 1681; x_wconf 90' lang='lat' dir='ltr'><strong>sunt</strong></span> <span class='ocrx_word' id='word_1_249' title='bbox 894 1655 995 1689; x_wconf 88' lang='lat' dir='ltr'><strong>judicia</strong></span> 
     </span>
    </p>
   </div>
   <div class='ocr_carea' id='block_1_34' title="bbox 203 1700 996 1738">
    <p class='ocr_par' dir='ltr' id='par_1_34' title="bbox 203 1700 996 1738">
     <span class='ocr_line' id='line_1_34' title="bbox 203 1700 996 1738; baseline -0.003 -8"><span class='ocrx_word' id='word_1_250' title='bbox 203 1703 271 1738; x_wconf 75' lang='lat' dir='ltr'><strong>ejus,</strong></span> <span class='ocrx_word' id='word_1_251' title='bbox 287 1706 315 1730; x_wconf 87' lang='lat' dir='ltr'><strong>et</strong></span> <span class='ocrx_word' id='word_1_252' title='bbox 327 1701 524 1736; x_wconf 83' lang='lat' dir='ltr'><strong>investigabiles</strong></span> <span class='ocrx_word' id='word_1_253' title='bbox 536 1702 586 1728; x_wconf 68' lang='lat' dir='ltr'><strong>via:</strong></span> <span class='ocrx_word' id='word_1_254' title='bbox 603 1701 678 1736; x_wconf 81' lang='lat' dir='ltr'><strong>ejus!</strong></span> <span class='ocrx_word' id='word_1_255' title='bbox 692 1700 757 1734; x_wconf 85' lang='lat' dir='ltr'><strong>Quis</strong></span> <span class='ocrx_word' id='word_1_256' title='bbox 776 1700 847 1728; x_wconf 89' lang='lat' dir='ltr'><strong>enim</strong></span> <span class='ocrx_word' id='word_1_257' title='bbox 871 1701 996 1735; x_wconf 82' lang='lat' dir='ltr'><strong>cognovit</strong></span> 
     </span>
    </p>
   </div>
   <div class='ocr_carea' id='block_1_35' title="bbox 203 1746 997 1784">
    <p class='ocr_par' dir='ltr' id='par_1_35' title="bbox 203 1746 997 1784">
     <span class='ocr_line' id='line_1_35' title="bbox 203 1746 997 1784; baseline -0.005 -7"><span class='ocrx_word' id='word_1_258' title='bbox 203 1757 311 1777; x_wconf 86' lang='lat' dir='ltr'><strong>sensum</strong></span> <span class='ocrx_word' id='word_1_259' title='bbox 325 1749 450 1777; x_wconf 86' lang='lat' dir='ltr'><strong>Domini?</strong></span> <span class='ocrx_word' id='word_1_260' title='bbox 464 1753 511 1776; x_wconf 87' lang='lat' dir='ltr'><strong>aut</strong></span> <span class='ocrx_word' id='word_1_261' title='bbox 529 1748 589 1784; x_wconf 89' lang='lat' dir='ltr'><strong>quis</strong></span> <span class='ocrx_word' id='word_1_262' title='bbox 603 1747 772 1775; x_wconf 86' lang='lat' dir='ltr'><strong>consiliarius</strong></span> <span class='ocrx_word' id='word_1_263' title='bbox 794 1748 852 1781; x_wconf 74' lang='lat' dir='ltr'><strong>eius</strong></span> <span class='ocrx_word' id='word_1_264' title='bbox 865 1746 929 1774; x_wconf 81' lang='lat' dir='ltr'><strong>fuit?</strong></span> <span class='ocrx_word' id='word_1_265' title='bbox 951 1751 997 1774; x_wconf 87' lang='lat' dir='ltr'><strong>aut</strong></span> 
     </span>
    </p>
   </div>
   <div class='ocr_carea' id='block_1_36' title="bbox 203 1793 996 1833">
    <p class='ocr_par' dir='ltr' id='par_1_36' title="bbox 203 1793 996 1833">
     <span class='ocr_line' id='line_1_36' title="bbox 203 1793 996 1833; baseline -0.006 -8"><span class='ocrx_word' id='word_1_266' title='bbox 203 1798 263 1833; x_wconf 90' lang='lat' dir='ltr'><strong>quis</strong></span> <span class='ocrx_word' id='word_1_267' title='bbox 272 1797 345 1832; x_wconf 88' lang='lat' dir='ltr'><strong>prior</strong></span> <span class='ocrx_word' id='word_1_268' title='bbox 354 1796 430 1825; x_wconf 82' lang='lat' dir='ltr'><strong>dedit</strong></span> <span class='ocrx_word' id='word_1_269' title='bbox 441 1796 479 1823; x_wconf 91' lang='lat' dir='ltr'><strong>illi</strong></span> <span class='ocrx_word' id='word_1_270' title='bbox 489 1817 497 1830; x_wconf 96' lang='lat'><strong>,</strong></span> <span class='ocrx_word' id='word_1_271' title='bbox 508 1799 536 1824; x_wconf 89' lang='lat' dir='ltr'><strong>et</strong></span> <span class='ocrx_word' id='word_1_272' title='bbox 550 1795 713 1823; x_wconf 90' lang='lat' dir='ltr'><strong>retribuetur</strong></span> <span class='ocrx_word' id='word_1_273' title='bbox 721 1794 746 1822; x_wconf 90' lang='lat' dir='ltr'><strong>ei</strong></span> <span class='ocrx_word' id='word_1_274' title='bbox 762 1803 772 1820; x_wconf 73' lang='grc' dir='ltr'><strong><em>ι</em></strong></span> <span class='ocrx_word' id='word_1_275' title='bbox 788 1793 877 1830; x_wconf 87' lang='lat' dir='ltr'><strong>(Rom.</strong></span> <span class='ocrx_word' id='word_1_276' title='bbox 891 1794 935 1821; x_wconf 85' lang='grc'><strong>11.</strong></span> <span class='ocrx_word' id='word_1_277' title='bbox 946 1794 996 1821; x_wconf 76' lang='lat'><strong>35-</strong></span> 
     </span>
    </p>
   </div>
   <div class='ocr_carea' id='block_1_37' title="bbox 204 1841 997 1880">
    <p class='ocr_par' dir='ltr' id='par_1_37' title="bbox 204 1841 997 1880">
     <span class='ocr_line' id='line_1_37' title="bbox 204 1841 997 1880; baseline -0.006 -8"><span class='ocrx_word' id='word_1_278' title='bbox 204 1844 276 1880; x_wconf 76' lang='lat'><strong>56)?</strong></span> <span class='ocrx_word' id='word_1_279' title='bbox 304 1843 431 1879; x_wconf 78' lang='lat' dir='ltr'><strong>Finisque</strong></span> <span class='ocrx_word' id='word_1_280' title='bbox 453 1842 606 1870; x_wconf 87' lang='lat' dir='ltr'><strong>sermonis:</strong></span> <span class='ocrx_word' id='word_1_281' title='bbox 625 1850 635 1868; x_wconf 70' lang='grc' dir='ltr'><strong>ε</strong></span> <span class='ocrx_word' id='word_1_282' title='bbox 651 1841 782 1876; x_wconf 87' lang='lat' dir='ltr'><strong>Quoniam</strong></span> <span class='ocrx_word' id='word_1_283' title='bbox 811 1848 844 1868; x_wconf 82' lang='lat' dir='ltr'><strong>ex</strong></span> <span class='ocrx_word' id='word_1_284' title='bbox 867 1841 926 1875; x_wconf 90' lang='lat' dir='ltr'><strong>ipso</strong></span> <span class='ocrx_word' id='word_1_285' title='bbox 949 1847 997 1874; x_wconf 87' lang='lat' dir='ltr'><strong>per</strong></span> 
     </span>
    </p>
   </div>
   <div class='ocr_carea' id='block_1_38' title="bbox 205 1880 994 1926">
    <p class='ocr_par' dir='ltr' id='par_1_38' title="bbox 205 1880 994 1926">
     <span class='ocr_line' id='line_1_38' title="bbox 205 1880 994 1926; baseline -0.006 -8"><span class='ocrx_word' id='word_1_286' title='bbox 205 1891 290 1926; x_wconf 89' lang='lat' dir='ltr'><strong>ipsum</strong></span> <span class='ocrx_word' id='word_1_287' title='bbox 303 1894 330 1917; x_wconf 88' lang='lat' dir='ltr'><strong>et</strong></span> <span class='ocrx_word' id='word_1_288' title='bbox 342 1890 369 1917; x_wconf 89' lang='lat' dir='ltr'><strong>in</strong></span> <span class='ocrx_word' id='word_1_289' title='bbox 383 1889 441 1925; x_wconf 87' lang='lat' dir='ltr'><strong>ipso</strong></span> <span class='ocrx_word' id='word_1_290' title='bbox 451 1893 513 1916; x_wconf 87' lang='lat' dir='ltr'><strong>sunt</strong></span> <span class='ocrx_word' id='word_1_291' title='bbox 527 1880 616 1916; x_wconf 83' lang='lat' dir='ltr'><strong>omnia</strong></span> <span class='ocrx_word' id='word_1_292' title='bbox 629 1895 637 1920; x_wconf 88' lang='lat'><strong>;</strong></span> <span class='ocrx_word' id='word_1_293' title='bbox 660 1887 710 1922; x_wconf 84' lang='lat' dir='ltr'><strong>Ipsi</strong></span> <span class='ocrx_word' id='word_1_294' title='bbox 724 1886 809 1922; x_wconf 78' lang='lat' dir='ltr'><strong>gloria</strong></span> <span class='ocrx_word' id='word_1_295' title='bbox 821 1886 848 1913; x_wconf 90' lang='lat' dir='ltr'><strong>in</strong></span> <span class='ocrx_word' id='word_1_296' title='bbox 861 1885 969 1914; x_wconf 77' lang='lat' dir='ltr'><strong>saecula.</strong></span> <span class='ocrx_word' id='word_1_297' title='bbox 983 1895 994 1912; x_wconf 75' lang='grc' dir='ltr'>ι</span> 
     </span>
    </p>
   </div>
   <div class='ocr_carea' id='block_1_39' title="bbox 208 1932 996 1969">
    <p class='ocr_par' dir='ltr' id='par_1_39' title="bbox 208 1932 996 1969">
     <span class='ocr_line' id='line_1_39' title="bbox 208 1932 996 1969; baseline -0.006 -5"><span class='ocrx_word' id='word_1_298' title='bbox 208 1935 299 1964; x_wconf 82' lang='lat' dir='ltr'><strong>Viden‘</strong></span> <span class='ocrx_word' id='word_1_299' title='bbox 313 1943 374 1963; x_wconf 89' lang='lat' dir='ltr'><strong>eum</strong></span> <span class='ocrx_word' id='word_1_300' title='bbox 387 1942 448 1962; x_wconf 84' lang='lat' dir='ltr'><strong>cum</strong></span> <span class='ocrx_word' id='word_1_301' title='bbox 462 1934 495 1962; x_wconf 92' lang='lat' dir='ltr'><strong>ad</strong></span> <span class='ocrx_word' id='word_1_302' title='bbox 517 1933 629 1969; x_wconf 87' lang='lat' dir='ltr'><strong>gloriam</strong></span> <span class='ocrx_word' id='word_1_303' title='bbox 649 1933 696 1961; x_wconf 87' lang='lat' dir='ltr'><strong>Dei</strong></span> <span class='ocrx_word' id='word_1_304' title='bbox 710 1933 836 1966; x_wconf 85' lang='lat' dir='ltr'><strong>venisset,</strong></span> <span class='ocrx_word' id='word_1_305' title='bbox 853 1932 996 1960; x_wconf 87' lang='lat' dir='ltr'><strong>terminum</strong></span> 
     </span>
    </p>
   </div>
   <div class='ocr_carea' id='block_1_40' title="bbox 206 1978 997 2022">
    <p class='ocr_par' dir='ltr' id='par_1_40' title="bbox 206 1978 997 2022">
     <span class='ocr_line' id='line_1_40' title="bbox 206 1978 997 2022; baseline -0.004 -13"><span class='ocrx_word' id='word_1_306' title='bbox 206 1989 259 2009; x_wconf 93' lang='lat' dir='ltr'><strong>non</strong></span> <span class='ocrx_word' id='word_1_307' title='bbox 273 1981 438 2022; x_wconf 68' lang='lat' dir='ltr'><strong>excessisse?</strong></span> <span class='ocrx_word' id='word_1_308' title='bbox 464 1979 566 2015; x_wconf 89' lang='lat' dir='ltr'><strong>Ecquid</strong></span> <span class='ocrx_word' id='word_1_309' title='bbox 580 1979 614 2008; x_wconf 86' lang='lat' dir='ltr'><strong>de</strong></span> <span class='ocrx_word' id='word_1_310' title='bbox 630 1979 783 2007; x_wconf 88' lang='lat' dir='ltr'><strong>hominibus</strong></span> <span class='ocrx_word' id='word_1_311' title='bbox 795 1979 877 2007; x_wconf 83' lang='lat' dir='ltr'><strong>dico?</strong></span> <span class='ocrx_word' id='word_1_312' title='bbox 889 1978 997 2014; x_wconf 89' lang='lat' dir='ltr'><strong>Cogita-</strong></span> 
     </span>
    </p>
   </div>
   <div class='ocr_carea' id='block_1_41' title="bbox 206 2025 995 2061">
    <p class='ocr_par' dir='ltr' id='par_1_41' title="bbox 206 2025 995 2061">
     <span class='ocr_line' id='line_1_41' title="bbox 206 2025 995 2061; baseline -0.005 -5"><span class='ocrx_word' id='word_1_313' title='bbox 206 2029 278 2056; x_wconf 90' lang='lat' dir='ltr'><strong>tione</strong></span> <span class='ocrx_word' id='word_1_314' title='bbox 296 2027 410 2056; x_wconf 83' lang='lat' dir='ltr'><strong>ascende</strong></span> <span class='ocrx_word' id='word_1_315' title='bbox 427 2027 461 2054; x_wconf 85' lang='lat' dir='ltr'><strong>ad</strong></span> <span class='ocrx_word' id='word_1_316' title='bbox 484 2026 616 2059; x_wconf 65' lang='lat' dir='ltr'><strong>eailestia;</strong></span> <span class='ocrx_word' id='word_1_317' title='bbox 631 2026 766 2061; x_wconf 88' lang='lat' dir='ltr'><strong>interroga</strong></span> <span class='ocrx_word' id='word_1_318' title='bbox 781 2026 861 2053; x_wconf 71' lang='lat' dir='ltr'><strong>cados</strong></span> <span class='ocrx_word' id='word_1_319' title='bbox 881 2029 909 2053; x_wconf 90' lang='lat' dir='ltr'><strong>et</strong></span> <span class='ocrx_word' id='word_1_320' title='bbox 931 2025 995 2053; x_wconf 88' lang='lat' dir='ltr'><strong>die:</strong></span> 
     </span>
    </p>
   </div>
   <div class='ocr_carea' id='block_1_42' title="bbox 205 2070 997 2108">
    <p class='ocr_par' dir='ltr' id='par_1_42' title="bbox 205 2070 997 2108">
     <span class='ocr_line' id='line_1_42' title="bbox 205 2070 997 2108; baseline -0.005 -7"><span class='ocrx_word' id='word_1_321' title='bbox 205 2074 273 2108; x_wconf 84' lang='lat' dir='ltr'><strong>Quid</strong></span> <span class='ocrx_word' id='word_1_322' title='bbox 282 2074 346 2101; x_wconf 84' lang='lat' dir='ltr'><strong>inihi</strong></span> <span class='ocrx_word' id='word_1_323' title='bbox 359 2073 394 2101; x_wconf 88' lang='lat' dir='ltr'><strong>de</strong></span> <span class='ocrx_word' id='word_1_324' title='bbox 407 2073 460 2101; x_wconf 89' lang='lat' dir='ltr'><strong>Deo</strong></span> <span class='ocrx_word' id='word_1_325' title='bbox 471 2080 580 2100; x_wconf 87' lang='lat' dir='ltr'><strong>narrare</strong></span> <span class='ocrx_word' id='word_1_326' title='bbox 591 2072 719 2107; x_wconf 77' lang='lat' dir='ltr'><strong>potestis?</strong></span> <span class='ocrx_word' id='word_1_327' title='bbox 731 2071 800 2105; x_wconf 64' lang='lat' dir='ltr'><strong>caeli,</strong></span> <span class='ocrx_word' id='word_1_328' title='bbox 812 2075 918 2099; x_wconf 85' lang='lat' dir='ltr'><strong>narrate</strong></span> <span class='ocrx_word' id='word_1_329' title='bbox 932 2070 997 2098; x_wconf 91' lang='lat' dir='ltr'><strong>mihi</strong></span> 
     </span>
    </p>
   </div>
   <div class='ocr_carea' id='block_1_43' title="bbox 205 2117 996 2155">
    <p class='ocr_par' dir='ltr' id='par_1_43' title="bbox 205 2117 996 2155">
     <span class='ocr_line' id='line_1_43' title="bbox 205 2117 996 2155; baseline -0.004 -8"><span class='ocrx_word' id='word_1_330' title='bbox 205 2120 291 2155; x_wconf 80' lang='lat' dir='ltr'><strong>qualis</strong></span> <span class='ocrx_word' id='word_1_331' title='bbox 304 2120 339 2147; x_wconf 81' lang='lat' dir='ltr'><strong>sit</strong></span> <span class='ocrx_word' id='word_1_332' title='bbox 354 2119 424 2147; x_wconf 87' lang='lat' dir='ltr'><strong>Deus</strong></span> <span class='ocrx_word' id='word_1_333' title='bbox 433 2139 441 2154; x_wconf 90' lang='lat'><strong>,</strong></span> <span class='ocrx_word' id='word_1_334' title='bbox 455 2118 606 2146; x_wconf 86' lang='lat' dir='ltr'><strong>renuntiate</strong></span> <span class='ocrx_word' id='word_1_335' title='bbox 616 2117 681 2145; x_wconf 91' lang='lat' dir='ltr'><strong>mihi</strong></span> <span class='ocrx_word' id='word_1_336' title='bbox 694 2125 753 2153; x_wconf 66' lang='lat' dir='ltr'><strong>quin</strong></span> <span class='ocrx_word' id='word_1_337' title='bbox 764 2118 799 2145; x_wconf 86' lang='lat' dir='ltr'><strong>sit</strong></span> <span class='ocrx_word' id='word_1_338' title='bbox 810 2117 925 2145; x_wconf 87' lang='lat' dir='ltr'><strong>essentia</strong></span> <span class='ocrx_word' id='word_1_339' title='bbox 939 2117 996 2144; x_wconf 87' lang='lat' dir='ltr'><strong>Dei.</strong></span> 
     </span>
    </p>
   </div>
   <div class='ocr_carea' id='block_1_44' title="bbox 207 2162 998 2200">
    <p class='ocr_par' dir='ltr' id='par_1_44' title="bbox 207 2162 998 2200">
     <span class='ocr_line' id='line_1_44' title="bbox 207 2162 998 2200; baseline -0.004 -8"><span class='ocrx_word' id='word_1_340' title='bbox 207 2165 304 2193; x_wconf 77' lang='lat' dir='ltr'><strong>Verum</strong></span> <span class='ocrx_word' id='word_1_341' title='bbox 315 2173 368 2192; x_wconf 92' lang='lat' dir='ltr'><strong>non</strong></span> <span class='ocrx_word' id='word_1_342' title='bbox 383 2164 546 2200; x_wconf 89' lang='lat' dir='ltr'><strong>respondent</strong></span> <span class='ocrx_word' id='word_1_343' title='bbox 556 2163 666 2196; x_wconf 64' lang='lat' dir='ltr'><strong>caili,de</strong></span> <span class='ocrx_word' id='word_1_344' title='bbox 674 2163 706 2191; x_wconf 91' lang='lat' dir='ltr'><strong>iis</strong></span> <span class='ocrx_word' id='word_1_345' title='bbox 714 2171 773 2199; x_wconf 65' lang='lat' dir='ltr'><strong>qua:</strong></span> <span class='ocrx_word' id='word_1_346' title='bbox 785 2170 877 2190; x_wconf 89' lang='lat' dir='ltr'><strong>eorum</strong></span> <span class='ocrx_word' id='word_1_347' title='bbox 888 2162 998 2190; x_wconf 82' lang='lat' dir='ltr'><strong>faculta-</strong></span> 
     </span>
    </p>
   </div>
   <div class='ocr_carea' id='block_1_45' title="bbox 207 2204 999 2248">
    <p class='ocr_par' dir='ltr' id='par_1_45' title="bbox 207 2204 999 2248">
     <span class='ocr_line' id='line_1_45' title="bbox 207 2204 999 2248; baseline -0.005 -8"><span class='ocrx_word' id='word_1_348' title='bbox 207 2218 260 2240; x_wconf 90' lang='lat' dir='ltr'><strong>tem</strong></span> <span class='ocrx_word' id='word_1_349' title='bbox 281 2216 410 2248; x_wconf 86' lang='lat' dir='ltr'><strong>superant</strong></span> <span class='ocrx_word' id='word_1_350' title='bbox 423 2211 589 2247; x_wconf 76' lang='lat' dir='ltr'><strong>interrogati.</strong></span> <span class='ocrx_word' id='word_1_351' title='bbox 605 2210 657 2238; x_wconf 85' lang='lat' dir='ltr'><strong>Sed</strong></span> <span class='ocrx_word' id='word_1_352' title='bbox 672 2210 695 2237; x_wconf 90' lang='lat' dir='ltr'><strong>si</strong></span> <span class='ocrx_word' id='word_1_353' title='bbox 708 2204 767 2238; x_wconf 69' lang='lat' dir='ltr'><strong>haec</strong></span> <span class='ocrx_word' id='word_1_354' title='bbox 779 2210 907 2238; x_wconf 87' lang='lat' dir='ltr'><strong>audacter</strong></span> <span class='ocrx_word' id='word_1_355' title='bbox 925 2217 999 2244; x_wconf 66' lang='lat' dir='ltr'><strong>quaa-</strong></span> 
     </span>
    </p>
   </div>
   <div class='ocr_carea' id='block_1_46' title="bbox 206 2256 998 2294">
    <p class='ocr_par' dir='ltr' id='par_1_46' title="bbox 206 2256 998 2294">
     <span class='ocr_line' id='line_1_46' title="bbox 206 2256 998 2294; baseline -0.006 -7"><span class='ocrx_word' id='word_1_356' title='bbox 206 2259 292 2292; x_wconf 86' lang='lat' dir='ltr'><strong>sieris,</strong></span> <span class='ocrx_word' id='word_1_357' title='bbox 307 2257 479 2294; x_wconf 84' lang='lat' dir='ltr'><strong>respondebit</strong></span> <span class='ocrx_word' id='word_1_358' title='bbox 494 2265 542 2293; x_wconf 87' lang='lat' dir='ltr'><strong>per</strong></span> <span class='ocrx_word' id='word_1_359' title='bbox 553 2257 737 2284; x_wconf 86' lang='lat' dir='ltr'><strong>admirabilem</strong></span> <span class='ocrx_word' id='word_1_360' title='bbox 749 2256 909 2290; x_wconf 85' lang='lat' dir='ltr'><strong>Jercmiam,</strong></span> <span class='ocrx_word' id='word_1_361' title='bbox 925 2256 998 2283; x_wconf 90' lang='lat' dir='ltr'><strong>divi-</strong></span> 
     </span>
    </p>
   </div>
   <div class='ocr_carea' id='block_1_47' title="bbox 193 2302 1000 2340">
    <p class='ocr_par' dir='ltr' id='par_1_47' title="bbox 193 2302 1000 2340">
     <span class='ocr_line' id='line_1_47' title="bbox 193 2302 1000 2340; baseline -0.005 -7"><span class='ocrx_word' id='word_1_362' title='bbox 193 2311 270 2333; x_wconf 91' lang='lat' dir='ltr'><strong>‘num</strong></span> <span class='ocrx_word' id='word_1_363' title='bbox 303 2305 368 2333; x_wconf 91' lang='lat' dir='ltr'><strong>illud</strong></span> <span class='ocrx_word' id='word_1_364' title='bbox 394 2305 535 2340; x_wconf 77' lang='lat' dir='ltr'><strong>proferens</strong></span> <span class='ocrx_word' id='word_1_365' title='bbox 562 2303 721 2339; x_wconf 90' lang='lat' dir='ltr'><strong>eloquium:</strong></span> <span class='ocrx_word' id='word_1_366' title='bbox 748 2302 881 2330; x_wconf 85' lang='lat' dir='ltr'><strong>Inhorruit</strong></span> <span class='ocrx_word' id='word_1_367' title='bbox 908 2302 1000 2330; x_wconf 67' lang='lat' dir='ltr'><strong>calum</strong></span> 
     </span>
    </p>
   </div>
   <div class='ocr_carea' id='block_1_48' title="bbox 206 2350 998 2388">
    <p class='ocr_par' dir='ltr' id='par_1_48' title="bbox 206 2350 998 2388">
     <span class='ocr_line' id='line_1_48' title="bbox 206 2350 998 2388; baseline -0.004 -9"><span class='ocrx_word' id='word_1_368' title='bbox 206 2361 282 2387; x_wconf 69' lang='lat' dir='ltr'><strong>super</strong></span> <span class='ocrx_word' id='word_1_369' title='bbox 296 2352 343 2379; x_wconf 81' lang='lat' dir='ltr'><strong>hoc</strong></span> <span class='ocrx_word' id='word_1_370' title='bbox 359 2351 425 2388; x_wconf 81' lang='lat' dir='ltr'><strong>(Jer.</strong></span> <span class='ocrx_word' id='word_1_371' title='bbox 438 2351 467 2379; x_wconf 74' lang='lat'><strong>2.</strong></span> <span class='ocrx_word' id='word_1_372' title='bbox 481 2351 537 2386; x_wconf 75' lang='grc'><strong>12).</strong></span> <span class='ocrx_word' id='word_1_373' title='bbox 554 2351 715 2378; x_wconf 84' lang='lat' dir='ltr'><strong>lnhorrescit</strong></span> <span class='ocrx_word' id='word_1_374' title='bbox 727 2351 798 2378; x_wconf 89' lang='lat' dir='ltr'><strong>enim</strong></span> <span class='ocrx_word' id='word_1_375' title='bbox 811 2357 874 2378; x_wconf 85' lang='lat' dir='ltr'><strong>vere</strong></span> <span class='ocrx_word' id='word_1_376' title='bbox 892 2350 998 2383; x_wconf 68' lang='lat' dir='ltr'><strong>caelum,</strong></span> 
     </span>
    </p>
   </div>
   <div class='ocr_carea' id='block_1_49' title="bbox 207 2396 1000 2432">
    <p class='ocr_par' dir='ltr' id='par_1_49' title="bbox 207 2396 1000 2432">
     <span class='ocr_line' id='line_1_49' title="bbox 207 2396 1000 2432; baseline -0.004 -6"><span class='ocrx_word' id='word_1_377' title='bbox 207 2399 251 2426; x_wconf 85' lang='lat' dir='ltr'><strong>ubi</strong></span> <span class='ocrx_word' id='word_1_378' title='bbox 265 2398 359 2426; x_wconf 84' lang='lat' dir='ltr'><strong>viderit</strong></span> <span class='ocrx_word' id='word_1_379' title='bbox 370 2403 492 2426; x_wconf 78' lang='lat' dir='ltr'><strong>natumut</strong></span> <span class='ocrx_word' id='word_1_380' title='bbox 501 2398 618 2425; x_wconf 88' lang='lat' dir='ltr'><strong>divinam</strong></span> <span class='ocrx_word' id='word_1_381' title='bbox 632 2396 762 2432; x_wconf 79' lang='lat' dir='ltr'><strong>indagari.</strong></span> <span class='ocrx_word' id='word_1_382' title='bbox 772 2396 812 2424; x_wconf 84' lang='lat' dir='ltr'><strong>Ex</strong></span> <span class='ocrx_word' id='word_1_383' title='bbox 819 2396 942 2432; x_wconf 87' lang='lat' dir='ltr'><strong>opposito</strong></span> <span class='ocrx_word' id='word_1_384' title='bbox 955 2404 1000 2424; x_wconf 88' lang='lat' dir='ltr'><strong>ca-</strong></span> 
     </span>
    </p>
   </div>
   <div class='ocr_carea' id='block_1_50' title="bbox 208 2442 999 2477">
    <p class='ocr_par' dir='ltr' id='par_1_50' title="bbox 208 2442 999 2477">
     <span class='ocr_line' id='line_1_50' title="bbox 208 2442 999 2477; baseline -0.004 -5"><span class='ocrx_word' id='word_1_385' title='bbox 208 2450 253 2473; x_wconf 91' lang='lat' dir='ltr'><strong>net</strong></span> <span class='ocrx_word' id='word_1_386' title='bbox 267 2445 361 2472; x_wconf 86' lang='lat' dir='ltr'><strong>beatus</strong></span> <span class='ocrx_word' id='word_1_387' title='bbox 376 2444 469 2477; x_wconf 83' lang='lat' dir='ltr'><strong>David,</strong></span> <span class='ocrx_word' id='word_1_388' title='bbox 486 2443 655 2471; x_wconf 88' lang='lat' dir='ltr'><strong>temerariam</strong></span> <span class='ocrx_word' id='word_1_389' title='bbox 674 2442 855 2470; x_wconf 86' lang='lat' dir='ltr'><strong>curiositatem</strong></span> <span class='ocrx_word' id='word_1_390' title='bbox 870 2442 999 2477; x_wconf 89' lang='lat' dir='ltr'><strong>plectens,</strong></span> 
     </span>
    </p>
   </div>
   <div class='ocr_carea' id='block_1_51' title="bbox 207 2487 1000 2522">
    <p class='ocr_par' dir='ltr' id='par_1_51' title="bbox 207 2487 1000 2522">
     <span class='ocr_line' id='line_1_51' title="bbox 207 2487 1000 2522; baseline -0.005 -4"><span class='ocrx_word' id='word_1_391' title='bbox 207 2494 235 2518; x_wconf 88' lang='lat' dir='ltr'><strong>et</strong></span> <span class='ocrx_word' id='word_1_392' title='bbox 247 2490 335 2518; x_wconf 91' lang='lat' dir='ltr'><strong>dicet:</strong></span> <span class='ocrx_word' id='word_1_393' title='bbox 350 2489 409 2518; x_wconf 84' lang='lat' dir='ltr'><strong>Non</strong></span> <span class='ocrx_word' id='word_1_394' title='bbox 421 2489 519 2517; x_wconf 87' lang='lat' dir='ltr'><strong>audisti</strong></span> <span class='ocrx_word' id='word_1_395' title='bbox 531 2489 603 2522; x_wconf 89' lang='lat' dir='ltr'><strong>illud,</strong></span> <span class='ocrx_word' id='word_1_396' title='bbox 618 2487 680 2516; x_wconf 63' lang='lat' dir='ltr'><strong>Caeli</strong></span> <span class='ocrx_word' id='word_1_397' title='bbox 698 2492 837 2522; x_wconf 70' lang='lat' dir='ltr'><strong>enat-rant,</strong></span> <span class='ocrx_word' id='word_1_398' title='bbox 853 2496 905 2515; x_wconf 90' lang='lat' dir='ltr'><strong>non</strong></span> <span class='ocrx_word' id='word_1_399' title='bbox 921 2492 1000 2515; x_wconf 87' lang='lat' dir='ltr'><strong>natu-</strong></span> 
     </span>
    </p>
   </div>
   <div class='ocr_carea' id='block_1_52' title="bbox 207 2534 1000 2572">
    <p class='ocr_par' dir='ltr' id='par_1_52' title="bbox 207 2534 1000 2572">
     <span class='ocr_line' id='line_1_52' title="bbox 207 2534 1000 2572; baseline -0.004 -8"><span class='ocrx_word' id='word_1_400' title='bbox 207 2544 264 2564; x_wconf 89' lang='lat' dir='ltr'><strong>ram</strong></span> <span class='ocrx_word' id='word_1_401' title='bbox 276 2536 332 2568; x_wconf 85' lang='lat' dir='ltr'><strong>Dei,</strong></span> <span class='ocrx_word' id='word_1_402' title='bbox 347 2536 394 2564; x_wconf 87' lang='lat' dir='ltr'><strong>sed</strong></span> <span class='ocrx_word' id='word_1_403' title='bbox 403 2536 511 2572; x_wconf 84' lang='lat' dir='ltr'><strong>gloriam</strong></span> <span class='ocrx_word' id='word_1_404' title='bbox 524 2536 581 2562; x_wconf 84' lang='lat' dir='ltr'><strong>Dei.</strong></span> <span class='ocrx_word' id='word_1_405' title='bbox 593 2535 687 2563; x_wconf 89' lang='lat' dir='ltr'><strong>Nonne</strong></span> <span class='ocrx_word' id='word_1_406' title='bbox 703 2535 759 2569; x_wconf 91' lang='lat' dir='ltr'><strong>ipse</strong></span> <span class='ocrx_word' id='word_1_407' title='bbox 768 2534 814 2562; x_wconf 89' lang='lat' dir='ltr'><strong>tibi</strong></span> <span class='ocrx_word' id='word_1_408' title='bbox 823 2542 870 2569; x_wconf 86' lang='lat' dir='ltr'><strong>per</strong></span> <span class='ocrx_word' id='word_1_409' title='bbox 882 2538 1000 2562; x_wconf 85' lang='lat' dir='ltr'><strong>sanctam</strong></span> 
     </span>
    </p>
   </div>
   <div class='ocr_carea' id='block_1_53' title="bbox 208 2579 1000 2617">
    <p class='ocr_par' dir='ltr' id='par_1_53' title="bbox 208 2579 1000 2617">
     <span class='ocr_line' id='line_1_53' title="bbox 208 2579 1000 2617; baseline -0.004 -8"><span class='ocrx_word' id='word_1_410' title='bbox 208 2581 339 2610; x_wconf 85' lang='lat' dir='ltr'><strong>citharam</strong></span> <span class='ocrx_word' id='word_1_411' title='bbox 352 2582 496 2615; x_wconf 89' lang='lat' dir='ltr'><strong>clamavit,</strong></span> <span class='ocrx_word' id='word_1_412' title='bbox 509 2581 571 2609; x_wconf 64' lang='grc' dir='ltr'><strong>(ἕωιί</strong></span> <span class='ocrx_word' id='word_1_413' title='bbox 584 2585 705 2608; x_wconf 86' lang='lat' dir='ltr'><strong>enarrant</strong></span> <span class='ocrx_word' id='word_1_414' title='bbox 717 2580 826 2617; x_wconf 78' lang='lat' dir='ltr'><strong>gloriam</strong></span> <span class='ocrx_word' id='word_1_415' title='bbox 841 2580 887 2607; x_wconf 85' lang='lat' dir='ltr'><strong>Dei</strong></span> <span class='ocrx_word' id='word_1_416' title='bbox 903 2579 913 2616; x_wconf 90' lang='lat'><strong>(</strong></span> <span class='ocrx_word' id='word_1_417' title='bbox 925 2579 1000 2607; x_wconf 89' lang='lat' dir='ltr'><strong>Psal.</strong></span> 
     </span>
    </p>
   </div>
   <div class='ocr_carea' id='block_1_54' title="bbox 209 2627 1000 2665">
    <p class='ocr_par' dir='ltr' id='par_1_54' title="bbox 209 2627 1000 2665">
     <span class='ocr_line' id='line_1_54' title="bbox 209 2627 1000 2665; baseline -0.003 -9"><span class='ocrx_word' id='word_1_418' title='bbox 209 2629 252 2657; x_wconf 86' lang='grc'><strong>18.</strong></span> <span class='ocrx_word' id='word_1_419' title='bbox 269 2629 307 2665; x_wconf 79' lang='grc'><strong>1).</strong></span> <span class='ocrx_word' id='word_1_420' title='bbox 321 2628 379 2656; x_wconf 86' lang='lat' dir='ltr'><strong>Non</strong></span> <span class='ocrx_word' id='word_1_421' title='bbox 393 2633 516 2656; x_wconf 91' lang='lat' dir='ltr'><strong>naturam</strong></span> <span class='ocrx_word' id='word_1_422' title='bbox 529 2628 587 2662; x_wconf 87' lang='lat' dir='ltr'><strong>Dei,</strong></span> <span class='ocrx_word' id='word_1_423' title='bbox 601 2636 654 2655; x_wconf 91' lang='lat' dir='ltr'><strong>non</strong></span> <span class='ocrx_word' id='word_1_424' title='bbox 667 2627 843 2655; x_wconf 87' lang='lat' dir='ltr'><strong>substantiam</strong></span> <span class='ocrx_word' id='word_1_425' title='bbox 853 2627 1000 2660; x_wconf 82' lang='lat' dir='ltr'><strong>declarant,</strong></span> 
     </span>
    </p>
   </div>
   <div class='ocr_carea' id='block_1_55' title="bbox 208 2673 1003 2710">
    <p class='ocr_par' dir='ltr' id='par_1_55' title="bbox 208 2673 1003 2710">
     <span class='ocr_line' id='line_1_55' title="bbox 208 2673 1003 2710; baseline -0.001 -8"><span class='ocrx_word' id='word_1_426' title='bbox 208 2674 255 2702; x_wconf 84' lang='lat' dir='ltr'><strong>sed</strong></span> <span class='ocrx_word' id='word_1_427' title='bbox 268 2675 379 2710; x_wconf 76' lang='lat' dir='ltr'><strong>gloriam</strong></span> <span class='ocrx_word' id='word_1_428' title='bbox 399 2675 446 2702; x_wconf 89' lang='lat' dir='ltr'><strong>Dei</strong></span> <span class='ocrx_word' id='word_1_429' title='bbox 459 2674 627 2702; x_wconf 82' lang='lat' dir='ltr'><strong>annuntiant.</strong></span> <span class='ocrx_word' id='word_1_430' title='bbox 642 2674 774 2701; x_wconf 59' lang='lat' dir='ltr'><strong>Caeterum</strong></span> <span class='ocrx_word' id='word_1_431' title='bbox 789 2680 824 2701; x_wconf 87' lang='lat' dir='ltr'><strong>ne</strong></span> <span class='ocrx_word' id='word_1_432' title='bbox 834 2678 911 2708; x_wconf 87' lang='lat' dir='ltr'><strong>putes</strong></span> <span class='ocrx_word' id='word_1_433' title='bbox 924 2673 1003 2701; x_wconf 64' lang='lat' dir='ltr'><strong>caele-</strong></span> 
     </span>
    </p>
   </div>
   <div class='ocr_carea' id='block_1_56' title="bbox 209 2719 1001 2756">
    <p class='ocr_par' dir='ltr' id='par_1_56' title="bbox 209 2719 1001 2756">
     <span class='ocr_line' id='line_1_56' title="bbox 209 2719 1001 2756; baseline -0.004 -7"><span class='ocrx_word' id='word_1_434' title='bbox 209 2725 264 2749; x_wconf 80' lang='lat' dir='ltr'><strong>stes</strong></span> <span class='ocrx_word' id='word_1_435' title='bbox 275 2721 388 2749; x_wconf 80' lang='lat' dir='ltr'><strong>virtutes</strong></span> <span class='ocrx_word' id='word_1_436' title='bbox 396 2720 459 2756; x_wconf 85' lang='lat' dir='ltr'><strong>quid</strong></span> <span class='ocrx_word' id='word_1_437' title='bbox 470 2721 539 2748; x_wconf 87' lang='lat' dir='ltr'><strong>ultra</strong></span> <span class='ocrx_word' id='word_1_438' title='bbox 553 2727 727 2756; x_wconf 88' lang='lat' dir='ltr'><strong>cognoscere.</strong></span> <span class='ocrx_word' id='word_1_439' title='bbox 741 2720 874 2755; x_wconf 79' lang='lat' dir='ltr'><strong>interroga</strong></span> <span class='ocrx_word' id='word_1_440' title='bbox 882 2719 1001 2755; x_wconf 82' lang='lat' dir='ltr'><strong>angelos,</strong></span> 
     </span>
    </p>
   </div>
   <div class='ocr_carea' id='block_1_57' title="bbox 211 2765 998 2807">
    <p class='ocr_par' dir='ltr' id='par_1_57' title="bbox 211 2765 998 2807">
     <span class='ocr_line' id='line_1_57' title="bbox 211 2765 998 2807; baseline -0.004 -13"><span class='ocrx_word' id='word_1_441' title='bbox 211 2768 356 2803; x_wconf 87' lang='lat' dir='ltr'><strong>interroga,</strong></span> <span class='ocrx_word' id='word_1_442' title='bbox 370 2768 489 2807; x_wconf 81' lang='lat' dir='ltr'><strong>inquam,</strong></span> <span class='ocrx_word' id='word_1_443' title='bbox 505 2775 557 2794; x_wconf 88' lang='lat' dir='ltr'><strong>non</strong></span> <span class='ocrx_word' id='word_1_444' title='bbox 570 2766 641 2802; x_wconf 91' lang='lat' dir='ltr'><strong>quod</strong></span> <span class='ocrx_word' id='word_1_445' title='bbox 657 2765 704 2793; x_wconf 87' lang='lat' dir='ltr'><strong>tibi</strong></span> <span class='ocrx_word' id='word_1_446' title='bbox 714 2765 872 2793; x_wconf 76' lang='lat' dir='ltr'><strong>concessum</strong></span> <span class='ocrx_word' id='word_1_447' title='bbox 886 2765 920 2792; x_wconf 85' lang='lat' dir='ltr'><strong>sit</strong></span> <span class='ocrx_word' id='word_1_448' title='bbox 937 2772 998 2792; x_wconf 89' lang='lat' dir='ltr'><strong>cum</strong></span> 
     </span>
    </p>
   </div>
   <div class='ocr_carea' id='block_1_58' title="bbox 210 2810 1002 2848">
    <p class='ocr_par' dir='ltr' id='par_1_58' title="bbox 210 2810 1002 2848">
     <span class='ocr_line' id='line_1_58' title="bbox 210 2810 1002 2848; baseline -0.004 -7"><span class='ocrx_word' id='word_1_449' title='bbox 210 2813 333 2848; x_wconf 74' lang='lat' dir='ltr'><strong>Supernis</strong></span> <span class='ocrx_word' id='word_1_450' title='bbox 348 2812 491 2845; x_wconf 85' lang='lat' dir='ltr'><strong>virtutibus</strong></span> <span class='ocrx_word' id='word_1_451' title='bbox 504 2811 648 2847; x_wconf 88' lang='lat' dir='ltr'><strong>congredi,</strong></span> <span class='ocrx_word' id='word_1_452' title='bbox 668 2811 716 2839; x_wconf 87' lang='lat' dir='ltr'><strong>sed</strong></span> <span class='ocrx_word' id='word_1_453' title='bbox 729 2810 790 2847; x_wconf 88' lang='lat' dir='ltr'><strong>quia</strong></span> <span class='ocrx_word' id='word_1_454' title='bbox 810 2818 844 2839; x_wconf 78' lang='lat' dir='ltr'><strong>ex</strong></span> <span class='ocrx_word' id='word_1_455' title='bbox 866 2810 1002 2846; x_wconf 80' lang='lat' dir='ltr'><strong>Scriptura</strong></span> 
     </span>
    </p>
   </div>
   <div class='ocr_carea' id='block_1_59' title="bbox 212 2857 1000 2894">
    <p class='ocr_par' dir='ltr' id='par_1_59' title="bbox 212 2857 1000 2894">
     <span class='ocr_line' id='line_1_59' title="bbox 212 2857 1000 2894; baseline -0.003 -8"><span class='ocrx_word' id='word_1_456' title='bbox 212 2859 330 2886; x_wconf 88' lang='lat' dir='ltr'><strong>remedia</strong></span> <span class='ocrx_word' id='word_1_457' title='bbox 341 2859 435 2892; x_wconf 90' lang='lat' dir='ltr'><strong>habes,</strong></span> <span class='ocrx_word' id='word_1_458' title='bbox 458 2866 570 2894; x_wconf 67' lang='lat' dir='ltr'><strong>qumque</strong></span> <span class='ocrx_word' id='word_1_459' title='bbox 592 2857 730 2885; x_wconf 83' lang='lat' dir='ltr'><strong>audaciam</strong></span> <span class='ocrx_word' id='word_1_460' title='bbox 750 2861 822 2885; x_wconf 84' lang='lat' dir='ltr'><strong>tuam</strong></span> <span class='ocrx_word' id='word_1_461' title='bbox 845 2857 1000 2892; x_wconf 88' lang='lat' dir='ltr'><strong>reprimant.</strong></span> 
     </span>
    </p>
   </div>
   <div class='ocr_carea' id='block_1_60' title="bbox 213 2902 1000 2941">
    <p class='ocr_par' dir='ltr' id='par_1_60' title="bbox 213 2902 1000 2941">
     <span class='ocr_line' id='line_1_60' title="bbox 213 2902 1000 2941; baseline -0.005 -9"><span class='ocrx_word' id='word_1_462' title='bbox 213 2905 348 2941; x_wconf 68' lang='lat' dir='ltr'><strong>interroga</strong></span> <span class='ocrx_word' id='word_1_463' title='bbox 373 2905 505 2940; x_wconf 82' lang='lat' dir='ltr'><strong>angelos:</strong></span> <span class='ocrx_word' id='word_1_464' title='bbox 533 2904 666 2938; x_wconf 74' lang='lat' dir='ltr'><strong>interroga</strong></span> <span class='ocrx_word' id='word_1_465' title='bbox 694 2910 741 2932; x_wconf 87' lang='lat' dir='ltr'><strong>eos</strong></span> <span class='ocrx_word' id='word_1_466' title='bbox 771 2911 834 2931; x_wconf 89' lang='lat' dir='ltr'><strong>cum</strong></span> <span class='ocrx_word' id='word_1_467' title='bbox 857 2902 957 2931; x_wconf 77' lang='lat' dir='ltr'><strong>videris</strong></span> <span class='ocrx_word' id='word_1_468' title='bbox 972 2902 1000 2929; x_wconf 91' lang='lat' dir='ltr'><strong>in</strong></span> 
     </span>
    </p>
   </div>
   <div class='ocr_carea' id='block_1_61' title="bbox 704 165 1341 201">
    <p class='ocr_par' dir='ltr' id='par_1_61' title="bbox 704 165 1341 201">
     <span class='ocr_line' id='line_1_61' title="bbox 704 165 1341 201; baseline -0.003 -5"><span class='ocrx_word' id='word_1_469' title='bbox 704 167 737 195; x_wconf 77' lang='lat' dir='ltr'><strong>IN</strong></span> <span class='ocrx_word' id='word_1_470' title='bbox 757 168 868 201; x_wconf 87' lang='lat' dir='ltr'><strong>ILLUD,</strong></span> <span class='ocrx_word' id='word_1_471' title='bbox 889 167 921 195; x_wconf 84' lang='lat' dir='ltr'><strong>IN</strong></span> <span class='ocrx_word' id='word_1_472' title='bbox 940 166 1009 200; x_wconf 70' lang='lat' dir='ltr'><strong>QUA</strong></span> <span class='ocrx_word' id='word_1_473' title='bbox 1029 165 1243 198; x_wconf 75' lang='lat' dir='ltr'><strong>POTESTATE,</strong></span> <span class='ocrx_word' id='word_1_474' title='bbox 1264 166 1341 194; x_wconf 84' lang='lat' dir='ltr'><strong>ETC.</strong></span> 
     </span>
    </p>
   </div>
   <div class='ocr_carea' id='block_1_62' title="bbox 1791 171 1842 199">
    <p class='ocr_par' dir='ltr' id='par_1_62' title="bbox 1791 171 1842 199">
     <span class='ocr_line' id='line_1_62' title="bbox 1791 171 1842 199; baseline -0.02 0"><span class='ocrx_word' id='word_1_475' title='bbox 1791 171 1842 199; x_wconf 68' lang='lat'><strong>418</strong></span> 
     </span>
    </p>
   </div>
   <div class='ocr_carea' id='block_1_63' title="bbox 1054 225 1842 262">
    <p class='ocr_par' dir='ltr' id='par_1_63' title="bbox 1054 225 1842 262">
     <span class='ocr_line' id='line_1_63' title="bbox 1054 225 1842 262; baseline 0.008 -11"><span class='ocrx_word' id='word_1_476' title='bbox 1054 230 1124 252; x_wconf 84' lang='lat' dir='ltr'><strong>terra</strong></span> <span class='ocrx_word' id='word_1_477' title='bbox 1138 225 1251 252; x_wconf 85' lang='lat' dir='ltr'><strong>choreas</strong></span> <span class='ocrx_word' id='word_1_478' title='bbox 1263 230 1383 259; x_wconf 83' lang='lat' dir='ltr'><strong>agentes,</strong></span> <span class='ocrx_word' id='word_1_479' title='bbox 1393 230 1440 253; x_wconf 89' lang='lat' dir='ltr'><strong>aut</strong></span> <span class='ocrx_word' id='word_1_480' title='bbox 1454 225 1568 262; x_wconf 86' lang='lat' dir='ltr'><strong>hymnos</strong></span> <span class='ocrx_word' id='word_1_481' title='bbox 1585 232 1722 255; x_wconf 76' lang='lat' dir='ltr'><strong>canentes.</strong></span> <span class='ocrx_word' id='word_1_482' title='bbox 1739 230 1785 256; x_wconf 89' lang='lat' dir='ltr'><strong>Die</strong></span> <span class='ocrx_word' id='word_1_483' title='bbox 1810 231 1842 258; x_wconf 86' lang='lat' dir='ltr'><strong>il-</strong></span> 
     </span>
    </p>
   </div>
   <div class='ocr_carea' id='block_1_64' title="bbox 1052 271 1844 306">
    <p class='ocr_par' dir='ltr' id='par_1_64' title="bbox 1052 271 1844 306">
     <span class='ocr_line' id='line_1_64' title="bbox 1052 271 1844 306; baseline 0.006 -9"><span class='ocrx_word' id='word_1_484' title='bbox 1052 271 1094 303; x_wconf 76' lang='lat' dir='ltr'><strong>iis,</strong></span> <span class='ocrx_word' id='word_1_485' title='bbox 1114 271 1183 304; x_wconf 85' lang='lat' dir='ltr'><strong>Quid</strong></span> <span class='ocrx_word' id='word_1_486' title='bbox 1198 271 1258 298; x_wconf 89' lang='lat' dir='ltr'><strong>novi</strong></span> <span class='ocrx_word' id='word_1_487' title='bbox 1274 271 1395 298; x_wconf 85' lang='lat' dir='ltr'><strong>docetis?</strong></span> <span class='ocrx_word' id='word_1_488' title='bbox 1408 271 1471 306; x_wconf 87' lang='lat' dir='ltr'><strong>quid</strong></span> <span class='ocrx_word' id='word_1_489' title='bbox 1491 271 1590 299; x_wconf 87' lang='lat' dir='ltr'><strong>insoliti</strong></span> <span class='ocrx_word' id='word_1_490' title='bbox 1599 274 1844 302; x_wconf 62' lang='lat' dir='ltr'><strong>annuntiatisnta-</strong></span> 
     </span>
    </p>
   </div>
   <div class='ocr_carea' id='block_1_65' title="bbox 1052 317 1843 354">
    <p class='ocr_par' dir='ltr' id='par_1_65' title="bbox 1052 317 1843 354">
     <span class='ocr_line' id='line_1_65' title="bbox 1052 317 1843 354; baseline 0.004 -10"><span class='ocrx_word' id='word_1_491' title='bbox 1052 318 1154 352; x_wconf 90' lang='lat' dir='ltr'><strong>timque</strong></span> <span class='ocrx_word' id='word_1_492' title='bbox 1165 317 1271 344; x_wconf 81' lang='lat' dir='ltr'><strong>divinus</strong></span> <span class='ocrx_word' id='word_1_493' title='bbox 1283 318 1382 345; x_wconf 81' lang='lat' dir='ltr'><strong>chorus</strong></span> <span class='ocrx_word' id='word_1_494' title='bbox 1393 325 1439 352; x_wconf 87' lang='lat' dir='ltr'><strong>per</strong></span> <span class='ocrx_word' id='word_1_495' title='bbox 1453 322 1547 345; x_wconf 83' lang='lat' dir='ltr'><strong>sancta</strong></span> <span class='ocrx_word' id='word_1_496' title='bbox 1571 319 1706 354; x_wconf 83' lang='lat' dir='ltr'><strong>evangelia</strong></span> <span class='ocrx_word' id='word_1_497' title='bbox 1730 327 1843 354; x_wconf 78' lang='lat' dir='ltr'><strong>respon-</strong></span> 
     </span>
    </p>
   </div>
   <div class='ocr_carea' id='block_1_66' title="bbox 1051 362 1842 401">
    <p class='ocr_par' dir='ltr' id='par_1_66' title="bbox 1051 362 1842 401">
     <span class='ocr_line' id='line_1_66' title="bbox 1051 362 1842 401; baseline 0.006 -12"><span class='ocrx_word' id='word_1_498' title='bbox 1051 362 1125 389; x_wconf 80' lang='lat' dir='ltr'><strong>debit</strong></span> <span class='ocrx_word' id='word_1_499' title='bbox 1139 363 1186 390; x_wconf 91' lang='lat' dir='ltr'><strong>tibi</strong></span> <span class='ocrx_word' id='word_1_500' title='bbox 1201 371 1209 390; x_wconf 92' lang='lat'><strong>:</strong></span> <span class='ocrx_word' id='word_1_501' title='bbox 1221 363 1310 391; x_wconf 83' lang='lat' dir='ltr'><strong>Gloria</strong></span> <span class='ocrx_word' id='word_1_502' title='bbox 1323 364 1350 391; x_wconf 82' lang='lat' dir='ltr'><strong>in</strong></span> <span class='ocrx_word' id='word_1_503' title='bbox 1364 364 1494 392; x_wconf 77' lang='lat' dir='ltr'><strong>altissimis</strong></span> <span class='ocrx_word' id='word_1_504' title='bbox 1508 364 1572 398; x_wconf 74' lang='lat' dir='ltr'><strong>Deo,</strong></span> <span class='ocrx_word' id='word_1_505' title='bbox 1587 370 1611 393; x_wconf 83' lang='lat' dir='ltr'><strong>et</strong></span> <span class='ocrx_word' id='word_1_506' title='bbox 1622 366 1648 392; x_wconf 83' lang='lat' dir='ltr'><strong>in</strong></span> <span class='ocrx_word' id='word_1_507' title='bbox 1659 370 1727 393; x_wconf 84' lang='lat' dir='ltr'><strong>terra</strong></span> <span class='ocrx_word' id='word_1_508' title='bbox 1741 374 1802 401; x_wconf 65' lang='lat' dir='ltr'><strong>pax,</strong></span> <span class='ocrx_word' id='word_1_509' title='bbox 1816 369 1842 394; x_wconf 84' lang='lat' dir='ltr'><strong>in</strong></span> 
     </span>
    </p>
   </div>
   <div class='ocr_carea' id='block_1_67' title="bbox 1052 409 1843 447">
    <p class='ocr_par' dir='ltr' id='par_1_67' title="bbox 1052 409 1843 447">
     <span class='ocr_line' id='line_1_67' title="bbox 1052 409 1843 447; baseline 0.006 -12"><span class='ocrx_word' id='word_1_510' title='bbox 1052 409 1196 437; x_wconf 85' lang='lat' dir='ltr'><strong>horninibus</strong></span> <span class='ocrx_word' id='word_1_511' title='bbox 1207 409 1391 445; x_wconf 80' lang='lat' dir='ltr'><strong>beneplacitum</strong></span> <span class='ocrx_word' id='word_1_512' title='bbox 1403 412 1479 446; x_wconf 85' lang='lat' dir='ltr'><strong>(Luc.</strong></span> <span class='ocrx_word' id='word_1_513' title='bbox 1491 411 1521 439; x_wconf 75' lang='lat'><strong>2.</strong></span> <span class='ocrx_word' id='word_1_514' title='bbox 1533 412 1589 447; x_wconf 78' lang='grc'><strong>14).</strong></span> <span class='ocrx_word' id='word_1_515' title='bbox 1604 411 1742 440; x_wconf 75' lang='lat' dir='ltr'><strong>Venerunt</strong></span> <span class='ocrx_word' id='word_1_516' title='bbox 1754 413 1780 440; x_wconf 93' lang='lat' dir='ltr'><strong>in</strong></span> <span class='ocrx_word' id='word_1_517' title='bbox 1794 419 1843 440; x_wconf 83' lang='lat' dir='ltr'><strong>ter-</strong></span> 
     </span>
    </p>
   </div>
   <div class='ocr_carea' id='block_1_68' title="bbox 1051 456 1843 493">
    <p class='ocr_par' dir='ltr' id='par_1_68' title="bbox 1051 456 1843 493">
     <span class='ocr_line' id='line_1_68' title="bbox 1051 456 1843 493; baseline 0.005 -11"><span class='ocrx_word' id='word_1_518' title='bbox 1051 463 1108 482; x_wconf 88' lang='lat' dir='ltr'><strong>ram</strong></span> <span class='ocrx_word' id='word_1_519' title='bbox 1122 456 1219 490; x_wconf 90' lang='lat' dir='ltr'><strong>angeli.</strong></span> <span class='ocrx_word' id='word_1_520' title='bbox 1233 456 1360 492; x_wconf 67' lang='lat' dir='ltr'><strong>etglorim</strong></span> <span class='ocrx_word' id='word_1_521' title='bbox 1373 457 1501 484; x_wconf 87' lang='lat' dir='ltr'><strong>terminos</strong></span> <span class='ocrx_word' id='word_1_522' title='bbox 1514 465 1566 484; x_wconf 95' lang='lat' dir='ltr'><strong>non</strong></span> <span class='ocrx_word' id='word_1_523' title='bbox 1576 458 1758 493; x_wconf 61' lang='lat' dir='ltr'><strong>praetergressi</strong></span> <span class='ocrx_word' id='word_1_524' title='bbox 1771 465 1843 489; x_wconf 83' lang='lat' dir='ltr'><strong>sunt;</strong></span> 
     </span>
    </p>
   </div>
   <div class='ocr_carea' id='block_1_69' title="bbox 1051 501 1843 538">
    <p class='ocr_par' dir='ltr' id='par_1_69' title="bbox 1051 501 1843 538">
     <span class='ocr_line' id='line_1_69' title="bbox 1051 501 1843 538; baseline 0.003 -10"><span class='ocrx_word' id='word_1_525' title='bbox 1051 501 1173 529; x_wconf 63' lang='lat' dir='ltr'><strong>haeretici</strong></span> <span class='ocrx_word' id='word_1_526' title='bbox 1187 510 1251 530; x_wconf 90' lang='lat' dir='ltr'><strong>vero</strong></span> <span class='ocrx_word' id='word_1_527' title='bbox 1265 502 1315 530; x_wconf 83' lang='lat' dir='ltr'><strong>hos</strong></span> <span class='ocrx_word' id='word_1_528' title='bbox 1330 504 1478 538; x_wconf 79' lang='lat' dir='ltr'><strong>transgredi</strong></span> <span class='ocrx_word' id='word_1_529' title='bbox 1500 511 1553 531; x_wconf 89' lang='lat' dir='ltr'><strong>non</strong></span> <span class='ocrx_word' id='word_1_530' title='bbox 1568 503 1772 532; x_wconf 74' lang='lat' dir='ltr'><strong>dubitaverunt.’</strong></span> <span class='ocrx_word' id='word_1_531' title='bbox 1791 505 1843 533; x_wconf 85' lang='lat' dir='ltr'><strong>Sed</strong></span> 
     </span>
    </p>
   </div>
   <div class='ocr_carea' id='block_1_70' title="bbox 1051 547 1844 585">
    <p class='ocr_par' dir='ltr' id='par_1_70' title="bbox 1051 547 1844 585">
     <span class='ocr_line' id='line_1_70' title="bbox 1051 547 1844 585; baseline 0.005 -11"><span class='ocrx_word' id='word_1_532' title='bbox 1051 555 1115 574; x_wconf 90' lang='lat' dir='ltr'><strong>num</strong></span> <span class='ocrx_word' id='word_1_533' title='bbox 1128 547 1197 575; x_wconf 82' lang='lat' dir='ltr'><strong>forte</strong></span> <span class='ocrx_word' id='word_1_534' title='bbox 1211 555 1335 583; x_wconf 67' lang='lat' dir='ltr'><strong>superum</strong></span> <span class='ocrx_word' id='word_1_535' title='bbox 1345 549 1468 582; x_wconf 84' lang='lat' dir='ltr'><strong>virtutes,</strong></span> <span class='ocrx_word' id='word_1_536' title='bbox 1481 557 1540 584; x_wconf 75' lang='lat' dir='ltr'><strong>qua:</strong></span> <span class='ocrx_word' id='word_1_537' title='bbox 1553 556 1637 584; x_wconf 72' lang='lat' dir='ltr'><strong>super</strong></span> <span class='ocrx_word' id='word_1_538' title='bbox 1649 551 1758 585; x_wconf 86' lang='lat' dir='ltr'><strong>angelos</strong></span> <span class='ocrx_word' id='word_1_539' title='bbox 1771 551 1844 578; x_wconf 79' lang='lat' dir='ltr'><strong>sunt?</strong></span> 
     </span>
    </p>
   </div>
   <div class='ocr_carea' id='block_1_71' title="bbox 1050 593 1841 628">
    <p class='ocr_par' dir='ltr' id='par_1_71' title="bbox 1050 593 1841 628">
     <span class='ocr_line' id='line_1_71' title="bbox 1050 593 1841 628; baseline 0.004 -7"><span class='ocrx_word' id='word_1_540' title='bbox 1050 593 1234 628; x_wconf 77' lang='lat' dir='ltr'><strong>Arehangelos</strong></span> <span class='ocrx_word' id='word_1_541' title='bbox 1244 594 1305 622; x_wconf 88' lang='lat' dir='ltr'><strong>dico</strong></span> <span class='ocrx_word' id='word_1_542' title='bbox 1318 603 1325 622; x_wconf 73' lang='grc' dir='ltr'><strong><em>τ</em></strong></span> <span class='ocrx_word' id='word_1_543' title='bbox 1339 600 1402 622; x_wconf 87' lang='lat' dir='ltr'><strong>sunt</strong></span> <span class='ocrx_word' id='word_1_544' title='bbox 1416 600 1504 623; x_wconf 88' lang='lat' dir='ltr'><strong>autem</strong></span> <span class='ocrx_word' id='word_1_545' title='bbox 1520 595 1572 623; x_wconf 68' lang='lat' dir='ltr'><strong>illa:</strong></span> <span class='ocrx_word' id='word_1_546' title='bbox 1584 601 1685 623; x_wconf 73' lang='lat' dir='ltr'><strong>natura:</strong></span> <span class='ocrx_word' id='word_1_547' title='bbox 1697 597 1841 624; x_wconf 67' lang='lat' dir='ltr'><strong>distinctae.</strong></span> 
     </span>
    </p>
   </div>
   <div class='ocr_carea' id='block_1_72' title="bbox 1052 639 1845 678">
    <p class='ocr_par' dir='ltr' id='par_1_72' title="bbox 1052 639 1845 678">
     <span class='ocr_line' id='line_1_72' title="bbox 1052 639 1845 678; baseline 0.005 -12"><span class='ocrx_word' id='word_1_548' title='bbox 1052 639 1189 676; x_wconf 84' lang='lat' dir='ltr'><strong>Interroga</strong></span> <span class='ocrx_word' id='word_1_549' title='bbox 1203 640 1357 674; x_wconf 73' lang='lat' dir='ltr'><strong>Cherubin],</strong></span> <span class='ocrx_word' id='word_1_550' title='bbox 1375 642 1476 677; x_wconf 85' lang='lat' dir='ltr'><strong>regium</strong></span> <span class='ocrx_word' id='word_1_551' title='bbox 1487 641 1583 669; x_wconf 86' lang='lat' dir='ltr'><strong>solium</strong></span> <span class='ocrx_word' id='word_1_552' title='bbox 1598 651 1606 669; x_wconf 85' lang='lat'>:</span> <span class='ocrx_word' id='word_1_553' title='bbox 1623 642 1672 676; x_wconf 80' lang='lat' dir='ltr'><strong>Qui</strong></span> <span class='ocrx_word' id='word_1_554' title='bbox 1685 644 1756 670; x_wconf 75' lang='lat' dir='ltr'><strong>sedes</strong></span> <span class='ocrx_word' id='word_1_555' title='bbox 1769 652 1845 678; x_wconf 81' lang='lat' dir='ltr'><strong>super</strong></span> 
     </span>
    </p>
   </div>
   <div class='ocr_carea' id='block_1_73' title="bbox 1051 685 1844 724">
    <p class='ocr_par' dir='ltr' id='par_1_73' title="bbox 1051 685 1844 724">
     <span class='ocr_line' id='line_1_73' title="bbox 1051 685 1844 724; baseline 0.004 -11"><span class='ocrx_word' id='word_1_556' title='bbox 1051 685 1360 723; x_wconf 56' lang='lat' dir='ltr'><strong>Cherubingmanifestare</strong></span> <span class='ocrx_word' id='word_1_557' title='bbox 1373 687 1459 724; x_wconf 70' lang='lat' dir='ltr'><strong>(Paul.</strong></span> <span class='ocrx_word' id='word_1_558' title='bbox 1473 688 1518 716; x_wconf 86' lang='lat'><strong>79.</strong></span> <span class='ocrx_word' id='word_1_559' title='bbox 1531 688 1569 722; x_wconf 75' lang='lat'><strong>2).</strong></span> <span class='ocrx_word' id='word_1_560' title='bbox 1586 688 1722 724; x_wconf 83' lang='lat' dir='ltr'><strong>interroga</strong></span> <span class='ocrx_word' id='word_1_561' title='bbox 1742 689 1844 716; x_wconf 90' lang='lat' dir='ltr'><strong>Cheru-</strong></span> 
     </span>
    </p>
   </div>
   <div class='ocr_carea' id='block_1_74' title="bbox 1051 732 1843 769">
    <p class='ocr_par' dir='ltr' id='par_1_74' title="bbox 1051 732 1843 769">
     <span class='ocr_line' id='line_1_74' title="bbox 1051 732 1843 769; baseline 0.005 -10"><span class='ocrx_word' id='word_1_562' title='bbox 1051 732 1116 765; x_wconf 89' lang='lat' dir='ltr'><strong>bim,</strong></span> <span class='ocrx_word' id='word_1_563' title='bbox 1132 733 1254 761; x_wconf 89' lang='lat' dir='ltr'><strong>thronum</strong></span> <span class='ocrx_word' id='word_1_564' title='bbox 1270 733 1464 769; x_wconf 85' lang='lat' dir='ltr'><strong>sapphirinum,</strong></span> <span class='ocrx_word' id='word_1_565' title='bbox 1477 739 1504 762; x_wconf 83' lang='lat' dir='ltr'><strong>et</strong></span> <span class='ocrx_word' id='word_1_566' title='bbox 1526 734 1553 762; x_wconf 92' lang='lat' dir='ltr'><strong>in</strong></span> <span class='ocrx_word' id='word_1_567' title='bbox 1574 735 1671 762; x_wconf 88' lang='lat' dir='ltr'><strong>throno</strong></span> <span class='ocrx_word' id='word_1_568' title='bbox 1692 736 1843 769; x_wconf 83' lang='lat' dir='ltr'><strong>sedentem,</strong></span> 
     </span>
    </p>
   </div>
   <div class='ocr_carea' id='block_1_75' title="bbox 1051 779 1844 817">
    <p class='ocr_par' dir='ltr' id='par_1_75' title="bbox 1051 779 1844 817">
     <span class='ocr_line' id='line_1_75' title="bbox 1051 779 1844 817; baseline 0.005 -11"><span class='ocrx_word' id='word_1_569' title='bbox 1051 779 1123 806; x_wconf 89' lang='lat' dir='ltr'><strong>velut</strong></span> <span class='ocrx_word' id='word_1_570' title='bbox 1142 779 1342 808; x_wconf 85' lang='lat' dir='ltr'><strong>similitudinem</strong></span> <span class='ocrx_word' id='word_1_571' title='bbox 1350 780 1411 809; x_wconf 79' lang='lat' dir='ltr'><strong>Filii</strong></span> <span class='ocrx_word' id='word_1_572' title='bbox 1424 781 1541 809; x_wconf 88' lang='lat' dir='ltr'><strong>hominis</strong></span> <span class='ocrx_word' id='word_1_573' title='bbox 1554 781 1660 817; x_wconf 71' lang='lat' dir='ltr'><strong>(Eucti.</strong></span> <span class='ocrx_word' id='word_1_574' title='bbox 1677 783 1721 810; x_wconf 88' lang='grc'><strong>10.</strong></span> <span class='ocrx_word' id='word_1_575' title='bbox 1739 784 1762 810; x_wconf 88' lang='grc'><strong>1.</strong></span> <span class='ocrx_word' id='word_1_576' title='bbox 1777 788 1801 810; x_wconf 84' lang='lat' dir='ltr'><strong>et</strong></span> <span class='ocrx_word' id='word_1_577' title='bbox 1816 784 1844 811; x_wconf 84' lang='lat' dir='ltr'><strong>l.</strong></span> 
     </span>
    </p>
   </div>
   <div class='ocr_carea' id='block_1_76' title="bbox 1050 825 1843 865">
    <p class='ocr_par' dir='ltr' id='par_1_76' title="bbox 1050 825 1843 865">
     <span class='ocr_line' id='line_1_76' title="bbox 1050 825 1843 865; baseline 0.005 -13"><span class='ocrx_word' id='word_1_578' title='bbox 1050 825 1096 854; x_wconf 60' lang='lat' dir='ltr'><strong>Q6.</strong></span> <span class='ocrx_word' id='word_1_579' title='bbox 1112 825 1170 862; x_wconf 71' lang='grc'><strong>21).</strong></span> <span class='ocrx_word' id='word_1_580' title='bbox 1187 826 1218 853; x_wconf 87' lang='grc' dir='ltr'><strong>Ει</strong></span> <span class='ocrx_word' id='word_1_581' title='bbox 1234 834 1284 854; x_wconf 92' lang='lat' dir='ltr'><strong>vox</strong></span> <span class='ocrx_word' id='word_1_582' title='bbox 1296 826 1363 854; x_wconf 84' lang='lat' dir='ltr'><strong>facta</strong></span> <span class='ocrx_word' id='word_1_583' title='bbox 1377 831 1420 855; x_wconf 89' lang='lat' dir='ltr'><strong>est</strong></span> <span class='ocrx_word' id='word_1_584' title='bbox 1431 827 1658 862; x_wconf 88' lang='lat' dir='ltr'><strong>Cherubinornm,</strong></span> <span class='ocrx_word' id='word_1_585' title='bbox 1671 830 1746 864; x_wconf 88' lang='lat' dir='ltr'><strong>quasi</strong></span> <span class='ocrx_word' id='word_1_586' title='bbox 1760 838 1843 865; x_wconf 88' lang='lat' dir='ltr'><strong>aqua-</strong></span> 
     </span>
    </p>
   </div>
   <div class='ocr_carea' id='block_1_77' title="bbox 1018 871 1844 911">
    <p class='ocr_par' dir='ltr' id='par_1_77' title="bbox 1018 871 1844 911">
     <span class='ocr_line' id='line_1_77' title="bbox 1018 871 1844 911; baseline 0.006 -14"><span class='ocrx_word' id='word_1_587' title='bbox 1018 902 1022 911; x_wconf 52' lang='lat'><em>\</em></span> <span class='ocrx_word' id='word_1_588' title='bbox 1051 879 1109 898; x_wconf 91' lang='lat' dir='ltr'><strong>rum</strong></span> <span class='ocrx_word' id='word_1_589' title='bbox 1121 871 1274 905; x_wconf 86' lang='lat' dir='ltr'><strong>multarum,</strong></span> <span class='ocrx_word' id='word_1_590' title='bbox 1289 872 1409 900; x_wconf 86' lang='lat' dir='ltr'><strong>clamans</strong></span> <span class='ocrx_word' id='word_1_591' title='bbox 1424 881 1432 900; x_wconf 88' lang='lat'><strong>:</strong></span> <span class='ocrx_word' id='word_1_592' title='bbox 1446 871 1584 900; x_wconf 74' lang='lat' dir='ltr'><strong>Benedicta</strong></span> <span class='ocrx_word' id='word_1_593' title='bbox 1597 875 1679 909; x_wconf 81' lang='lat' dir='ltr'><strong>gloria</strong></span> <span class='ocrx_word' id='word_1_594' title='bbox 1692 873 1795 902; x_wconf 83' lang='lat' dir='ltr'><strong>Domini</strong></span> <span class='ocrx_word' id='word_1_595' title='bbox 1812 875 1844 902; x_wconf 76' lang='lat' dir='ltr'><strong>de</strong></span> 
     </span>
    </p>
   </div>
   <div class='ocr_carea' id='block_1_78' title="bbox 1050 917 1368 953">
    <p class='ocr_par' dir='ltr' id='par_1_78' title="bbox 1050 917 1368 953">
     <span class='ocr_line' id='line_1_78' title="bbox 1050 917 1368 953; baseline 0.006 -9"><span class='ocrx_word' id='word_1_596' title='bbox 1050 918 1106 945; x_wconf 82' lang='lat' dir='ltr'><strong>loco</strong></span> <span class='ocrx_word' id='word_1_597' title='bbox 1120 926 1166 944; x_wconf 77' lang='lat' dir='ltr'><strong>suo</strong></span> <span class='ocrx_word' id='word_1_598' title='bbox 1179 917 1259 953; x_wconf 79' lang='lat' dir='ltr'><strong>(Ibid.</strong></span> <span class='ocrx_word' id='word_1_599' title='bbox 1271 918 1298 946; x_wconf 80' lang='grc'><strong>3.</strong></span> <span class='ocrx_word' id='word_1_600' title='bbox 1310 918 1368 953; x_wconf 77' lang='grc'><strong>12).</strong></span> 
     </span>
    </p>
   </div>
   <div class='ocr_carea' id='block_1_79' title="bbox 1086 963 1845 994">
    <p class='ocr_par' dir='ltr' id='par_1_79' title="bbox 1086 963 1845 994">
     <span class='ocr_line' id='line_1_79' title="bbox 1086 963 1845 994; baseline 0.004 -3"><span class='ocrx_word' id='word_1_601' title='bbox 1086 964 1114 991; x_wconf 75' lang='grc'><strong>4.</strong></span> <span class='ocrx_word' id='word_1_602' title='bbox 1131 963 1209 992; x_wconf 88' lang='lat' dir='ltr'><strong>Vides</strong></span> <span class='ocrx_word' id='word_1_603' title='bbox 1224 964 1436 992; x_wconf 89' lang='lat' dir='ltr'><strong>Cherubinorum</strong></span> <span class='ocrx_word' id='word_1_604' title='bbox 1450 966 1627 993; x_wconf 87' lang='lat' dir='ltr'><strong>reverentiam</strong></span> <span class='ocrx_word' id='word_1_605' title='bbox 1638 967 1652 993; x_wconf 79' lang='lat' dir='ltr'><strong>&#39;i</strong></span> <span class='ocrx_word' id='word_1_606' title='bbox 1662 966 1845 994; x_wconf 88' lang='lat' dir='ltr'><strong>Pervenerunt</strong></span> 
     </span>
    </p>
   </div>
   <div class='ocr_carea' id='block_1_80' title="bbox 1049 1009 1843 1045">
    <p class='ocr_par' dir='ltr' id='par_1_80' title="bbox 1049 1009 1843 1045">
     <span class='ocr_line' id='line_1_80' title="bbox 1049 1009 1843 1045; baseline 0.004 -9"><span class='ocrx_word' id='word_1_607' title='bbox 1049 1009 1082 1037; x_wconf 84' lang='lat' dir='ltr'><strong>ad</strong></span> <span class='ocrx_word' id='word_1_608' title='bbox 1105 1009 1235 1045; x_wconf 87' lang='lat' dir='ltr'><strong>gloriam,</strong></span> <span class='ocrx_word' id='word_1_609' title='bbox 1255 1016 1282 1037; x_wconf 90' lang='lat' dir='ltr'><strong>et</strong></span> <span class='ocrx_word' id='word_1_610' title='bbox 1301 1011 1370 1038; x_wconf 89' lang='lat' dir='ltr'><strong>intra</strong></span> <span class='ocrx_word' id='word_1_611' title='bbox 1391 1011 1534 1039; x_wconf 88' lang='lat' dir='ltr'><strong>terminum</strong></span> <span class='ocrx_word' id='word_1_612' title='bbox 1558 1017 1716 1040; x_wconf 89' lang='lat' dir='ltr'><strong>manserunt</strong></span> <span class='ocrx_word' id='word_1_613' title='bbox 1734 1021 1741 1039; x_wconf 70' lang='grc' dir='ltr'><strong>ε</strong></span> <span class='ocrx_word' id='word_1_614' title='bbox 1762 1011 1843 1040; x_wconf 79' lang='lat' dir='ltr'><strong>Bene-</strong></span> 
     </span>
    </p>
   </div>
   <div class='ocr_carea' id='block_1_81' title="bbox 1049 1055 1844 1091">
    <p class='ocr_par' dir='ltr' id='par_1_81' title="bbox 1049 1055 1844 1091">
     <span class='ocr_line' id='line_1_81' title="bbox 1049 1055 1844 1091; baseline 0.006 -10"><span class='ocrx_word' id='word_1_615' title='bbox 1049 1055 1118 1082; x_wconf 82' lang='lat' dir='ltr'><strong>dicta</strong></span> <span class='ocrx_word' id='word_1_616' title='bbox 1131 1056 1213 1091; x_wconf 84' lang='lat' dir='ltr'><strong>gloria</strong></span> <span class='ocrx_word' id='word_1_617' title='bbox 1222 1055 1335 1084; x_wconf 83' lang='lat' dir='ltr'><strong>Domini.</strong></span> <span class='ocrx_word' id='word_1_618' title='bbox 1347 1056 1507 1091; x_wconf 85' lang='lat' dir='ltr'><strong>Quomodo?</strong></span> <span class='ocrx_word' id='word_1_619' title='bbox 1521 1057 1560 1085; x_wconf 73' lang='lat' dir='ltr'><strong>De</strong></span> <span class='ocrx_word' id='word_1_620' title='bbox 1572 1058 1628 1085; x_wconf 85' lang='lat' dir='ltr'><strong>loco</strong></span> <span class='ocrx_word' id='word_1_621' title='bbox 1642 1066 1687 1085; x_wconf 86' lang='lat' dir='ltr'><strong>suo</strong></span> <span class='ocrx_word' id='word_1_622' title='bbox 1696 1066 1706 1085; x_wconf 85' lang='lat'><strong><em>:</em></strong></span> <span class='ocrx_word' id='word_1_623' title='bbox 1718 1063 1746 1085; x_wconf 93' lang='lat' dir='ltr'><strong>ut</strong></span> <span class='ocrx_word' id='word_1_624' title='bbox 1754 1064 1844 1086; x_wconf 86' lang='lat' dir='ltr'><strong>osten-</strong></span> 
     </span>
    </p>
   </div>
   <div class='ocr_carea' id='block_1_82' title="bbox 1049 1101 1844 1137">
    <p class='ocr_par' dir='ltr' id='par_1_82' title="bbox 1049 1101 1844 1137">
     <span class='ocr_line' id='line_1_82' title="bbox 1049 1101 1844 1137; baseline 0.004 -8"><span class='ocrx_word' id='word_1_625' title='bbox 1049 1101 1161 1130; x_wconf 91' lang='lat' dir='ltr'><strong>deretur</strong></span> <span class='ocrx_word' id='word_1_626' title='bbox 1185 1103 1245 1136; x_wconf 83' lang='lat' dir='ltr'><strong>tibi,</strong></span> <span class='ocrx_word' id='word_1_627' title='bbox 1259 1110 1318 1130; x_wconf 86' lang='lat' dir='ltr'><strong>eam</strong></span> <span class='ocrx_word' id='word_1_628' title='bbox 1332 1103 1359 1130; x_wconf 93' lang='lat' dir='ltr'><strong>in</strong></span> <span class='ocrx_word' id='word_1_629' title='bbox 1373 1103 1526 1131; x_wconf 62' lang='lat' dir='ltr'><strong>caelestibus</strong></span> <span class='ocrx_word' id='word_1_630' title='bbox 1549 1103 1616 1131; x_wconf 87' lang='lat' dir='ltr'><strong>locis</strong></span> <span class='ocrx_word' id='word_1_631' title='bbox 1630 1105 1802 1137; x_wconf 86' lang='lat' dir='ltr'><strong>commorari,</strong></span> <span class='ocrx_word' id='word_1_632' title='bbox 1817 1109 1844 1132; x_wconf 85' lang='lat' dir='ltr'><strong>et</strong></span> 
     </span>
    </p>
   </div>
   <div class='ocr_carea' id='block_1_83' title="bbox 1049 1147 1844 1184">
    <p class='ocr_par' dir='ltr' id='par_1_83' title="bbox 1049 1147 1844 1184">
     <span class='ocr_line' id='line_1_83' title="bbox 1049 1147 1844 1184; baseline 0.005 -10"><span class='ocrx_word' id='word_1_633' title='bbox 1049 1147 1127 1183; x_wconf 82' lang='lat' dir='ltr'><strong>longe</strong></span> <span class='ocrx_word' id='word_1_634' title='bbox 1140 1147 1262 1175; x_wconf 89' lang='lat' dir='ltr'><strong>altiorem</strong></span> <span class='ocrx_word' id='word_1_635' title='bbox 1277 1155 1338 1176; x_wconf 83' lang='lat' dir='ltr'><strong>esse</strong></span> <span class='ocrx_word' id='word_1_636' title='bbox 1351 1148 1479 1184; x_wconf 85' lang='lat' dir='ltr'><strong>dignitate</strong></span> <span class='ocrx_word' id='word_1_637' title='bbox 1497 1149 1561 1184; x_wconf 86' lang='lat' dir='ltr'><strong>ipsis</strong></span> <span class='ocrx_word' id='word_1_638' title='bbox 1575 1149 1726 1178; x_wconf 71' lang='lat' dir='ltr'><strong>cmicstibus</strong></span> <span class='ocrx_word' id='word_1_639' title='bbox 1738 1157 1764 1178; x_wconf 84' lang='lat' dir='ltr'><strong>et</strong></span> <span class='ocrx_word' id='word_1_640' title='bbox 1777 1151 1844 1178; x_wconf 82' lang='lat' dir='ltr'><strong>invi-</strong></span> 
     </span>
    </p>
   </div>
   <div class='ocr_carea' id='block_1_84' title="bbox 1049 1193 1844 1231">
    <p class='ocr_par' dir='ltr' id='par_1_84' title="bbox 1049 1193 1844 1231">
     <span class='ocr_line' id='line_1_84' title="bbox 1049 1193 1844 1231; baseline 0.004 -11"><span class='ocrx_word' id='word_1_641' title='bbox 1049 1193 1170 1221; x_wconf 89' lang='lat' dir='ltr'><strong>sibilibus</strong></span> <span class='ocrx_word' id='word_1_642' title='bbox 1187 1193 1336 1221; x_wconf 87' lang='lat' dir='ltr'><strong>virtutibus.</strong></span> <span class='ocrx_word' id='word_1_643' title='bbox 1350 1193 1409 1221; x_wconf 88' lang='lat' dir='ltr'><strong>Non</strong></span> <span class='ocrx_word' id='word_1_644' title='bbox 1429 1195 1573 1229; x_wconf 91' lang='lat' dir='ltr'><strong>loquuntur</strong></span> <span class='ocrx_word' id='word_1_645' title='bbox 1585 1195 1660 1230; x_wconf 88' lang='lat' dir='ltr'><strong>quasi</strong></span> <span class='ocrx_word' id='word_1_646' title='bbox 1673 1203 1757 1231; x_wconf 88' lang='lat' dir='ltr'><strong>prope</strong></span> <span class='ocrx_word' id='word_1_647' title='bbox 1771 1201 1844 1223; x_wconf 87' lang='lat' dir='ltr'><strong>stan-</strong></span> 
     </span>
    </p>
   </div>
   <div class='ocr_carea' id='block_1_85' title="bbox 1049 1238 1843 1275">
    <p class='ocr_par' dir='ltr' id='par_1_85' title="bbox 1049 1238 1843 1275">
     <span class='ocr_line' id='line_1_85' title="bbox 1049 1238 1843 1275; baseline 0.005 -10"><span class='ocrx_word' id='word_1_648' title='bbox 1049 1242 1101 1272; x_wconf 81' lang='lat' dir='ltr'><strong>tes,</strong></span> <span class='ocrx_word' id='word_1_649' title='bbox 1115 1238 1163 1266; x_wconf 85' lang='lat' dir='ltr'><strong>sed</strong></span> <span class='ocrx_word' id='word_1_650' title='bbox 1178 1243 1205 1266; x_wconf 90' lang='lat' dir='ltr'><strong>ut</strong></span> <span class='ocrx_word' id='word_1_651' title='bbox 1219 1239 1297 1275; x_wconf 79' lang='lat' dir='ltr'><strong>longe</strong></span> <span class='ocrx_word' id='word_1_652' title='bbox 1309 1247 1325 1267; x_wconf 88' lang='lat' dir='ltr'><strong>a</strong></span> <span class='ocrx_word' id='word_1_653' title='bbox 1346 1239 1436 1267; x_wconf 90' lang='lat' dir='ltr'><strong>divina</strong></span> <span class='ocrx_word' id='word_1_654' title='bbox 1452 1239 1580 1275; x_wconf 85' lang='lat' dir='ltr'><strong>dignitate</strong></span> <span class='ocrx_word' id='word_1_655' title='bbox 1592 1240 1741 1269; x_wconf 86' lang='lat' dir='ltr'><strong>distantes:</strong></span> <span class='ocrx_word' id='word_1_656' title='bbox 1760 1240 1843 1269; x_wconf 81' lang='lat' dir='ltr'><strong>Bene-</strong></span> 
     </span>
    </p>
   </div>
   <div class='ocr_carea' id='block_1_86' title="bbox 1049 1284 1841 1321">
    <p class='ocr_par' dir='ltr' id='par_1_86' title="bbox 1049 1284 1841 1321">
     <span class='ocr_line' id='line_1_86' title="bbox 1049 1284 1841 1321; baseline 0.004 -10"><span class='ocrx_word' id='word_1_657' title='bbox 1049 1284 1117 1312; x_wconf 81' lang='lat' dir='ltr'><strong>dicta</strong></span> <span class='ocrx_word' id='word_1_658' title='bbox 1136 1284 1220 1321; x_wconf 89' lang='lat' dir='ltr'><strong>gloria</strong></span> <span class='ocrx_word' id='word_1_659' title='bbox 1233 1284 1336 1312; x_wconf 86' lang='lat' dir='ltr'><strong>Domini</strong></span> <span class='ocrx_word' id='word_1_660' title='bbox 1347 1285 1379 1312; x_wconf 85' lang='lat' dir='ltr'><strong>de</strong></span> <span class='ocrx_word' id='word_1_661' title='bbox 1390 1285 1447 1313; x_wconf 80' lang='lat' dir='ltr'><strong>loco</strong></span> <span class='ocrx_word' id='word_1_662' title='bbox 1461 1294 1518 1314; x_wconf 84' lang='lat' dir='ltr'><strong>suo.</strong></span> <span class='ocrx_word' id='word_1_663' title='bbox 1534 1286 1592 1314; x_wconf 82' lang='lat' dir='ltr'><strong>Non</strong></span> <span class='ocrx_word' id='word_1_664' title='bbox 1606 1286 1678 1321; x_wconf 87' lang='lat' dir='ltr'><strong>quod</strong></span> <span class='ocrx_word' id='word_1_665' title='bbox 1692 1286 1779 1314; x_wconf 89' lang='lat' dir='ltr'><strong>locum</strong></span> <span class='ocrx_word' id='word_1_666' title='bbox 1793 1287 1841 1314; x_wconf 87' lang='lat' dir='ltr'><strong>ha-</strong></span> 
     </span>
    </p>
   </div>
   <div class='ocr_carea' id='block_1_87' title="bbox 1048 1330 1842 1365">
    <p class='ocr_par' dir='ltr' id='par_1_87' title="bbox 1048 1330 1842 1365">
     <span class='ocr_line' id='line_1_87' title="bbox 1048 1330 1842 1365; baseline 0.004 -7"><span class='ocrx_word' id='word_1_667' title='bbox 1048 1330 1129 1364; x_wconf 87' lang='lat' dir='ltr'><strong>beat;</strong></span> <span class='ocrx_word' id='word_1_668' title='bbox 1149 1337 1257 1358; x_wconf 88' lang='lat' dir='ltr'><strong>omnem</strong></span> <span class='ocrx_word' id='word_1_669' title='bbox 1270 1331 1342 1359; x_wconf 91' lang='lat' dir='ltr'><strong>enim</strong></span> <span class='ocrx_word' id='word_1_670' title='bbox 1358 1331 1554 1360; x_wconf 88' lang='lat' dir='ltr'><strong>circumscribit</strong></span> <span class='ocrx_word' id='word_1_671' title='bbox 1574 1331 1680 1365; x_wconf 86' lang='lat' dir='ltr'><strong>locum;</strong></span> <span class='ocrx_word' id='word_1_672' title='bbox 1695 1332 1743 1360; x_wconf 84' lang='lat' dir='ltr'><strong>sed</strong></span> <span class='ocrx_word' id='word_1_673' title='bbox 1757 1333 1842 1361; x_wconf 88' lang='lat' dir='ltr'><strong>locum</strong></span> 
     </span>
    </p>
   </div>
   <div class='ocr_carea' id='block_1_88' title="bbox 1049 1376 1843 1414">
    <p class='ocr_par' dir='ltr' id='par_1_88' title="bbox 1049 1376 1843 1414">
     <span class='ocr_line' id='line_1_88' title="bbox 1049 1376 1843 1414; baseline 0.003 -10"><span class='ocrx_word' id='word_1_674' title='bbox 1049 1376 1097 1404; x_wconf 86' lang='lat' dir='ltr'><strong>Dei</strong></span> <span class='ocrx_word' id='word_1_675' title='bbox 1111 1381 1188 1404; x_wconf 83' lang='lat' dir='ltr'><strong>vocat</strong></span> <span class='ocrx_word' id='word_1_676' title='bbox 1201 1384 1260 1404; x_wconf 87' lang='lat' dir='ltr'><strong>eam</strong></span> <span class='ocrx_word' id='word_1_677' title='bbox 1273 1384 1333 1413; x_wconf 81' lang='lat' dir='ltr'><strong>qua:</strong></span> <span class='ocrx_word' id='word_1_678' title='bbox 1348 1377 1418 1405; x_wconf 86' lang='lat' dir='ltr'><strong>circa</strong></span> <span class='ocrx_word' id='word_1_679' title='bbox 1433 1385 1495 1405; x_wconf 91' lang='lat' dir='ltr'><strong>eum</strong></span> <span class='ocrx_word' id='word_1_680' title='bbox 1509 1381 1550 1406; x_wconf 89' lang='lat' dir='ltr'><strong>est</strong></span> <span class='ocrx_word' id='word_1_681' title='bbox 1562 1377 1729 1414; x_wconf 79' lang='lat' dir='ltr'><strong>dignitatem.</strong></span> <span class='ocrx_word' id='word_1_682' title='bbox 1749 1379 1843 1406; x_wconf 86' lang='lat' dir='ltr'><strong>Vidisti</strong></span> 
     </span>
    </p>
   </div>
   <div class='ocr_carea' id='block_1_89' title="bbox 1048 1422 1843 1460">
    <p class='ocr_par' dir='ltr' id='par_1_89' title="bbox 1048 1422 1843 1460">
     <span class='ocr_line' id='line_1_89' title="bbox 1048 1422 1843 1460; baseline 0.003 -10"><span class='ocrx_word' id='word_1_683' title='bbox 1048 1422 1259 1451; x_wconf 73' lang='lat' dir='ltr'><strong>(lherebinorum</strong></span> <span class='ocrx_word' id='word_1_684' title='bbox 1265 1423 1373 1451; x_wconf 83' lang='lat' dir='ltr'><strong>vocem?</strong></span> <span class='ocrx_word' id='word_1_685' title='bbox 1381 1423 1516 1451; x_wconf 78' lang='lat' dir='ltr'><strong>Benedicta</strong></span> <span class='ocrx_word' id='word_1_686' title='bbox 1522 1424 1605 1460; x_wconf 85' lang='lat' dir='ltr'><strong>gloria</strong></span> <span class='ocrx_word' id='word_1_687' title='bbox 1615 1423 1727 1452; x_wconf 78' lang='lat' dir='ltr'><strong>Domini.</strong></span> <span class='ocrx_word' id='word_1_688' title='bbox 1736 1424 1769 1452; x_wconf 83' lang='lat' dir='ltr'><strong>Et</strong></span> <span class='ocrx_word' id='word_1_689' title='bbox 1778 1425 1843 1452; x_wconf 88' lang='lat' dir='ltr'><strong>nihil</strong></span> 
     </span>
    </p>
   </div>
   <div class='ocr_carea' id='block_1_90' title="bbox 1048 1469 1838 1506">
    <p class='ocr_par' dir='ltr' id='par_1_90' title="bbox 1048 1469 1838 1506">
     <span class='ocr_line' id='line_1_90' title="bbox 1048 1469 1838 1506; baseline 0.001 -9"><span class='ocrx_word' id='word_1_690' title='bbox 1048 1469 1163 1506; x_wconf 86' lang='lat' dir='ltr'><strong>amplius</strong></span> <span class='ocrx_word' id='word_1_691' title='bbox 1180 1470 1414 1498; x_wconf 88' lang='lat' dir='ltr'><strong>annuntiaverunt.</strong></span> <span class='ocrx_word' id='word_1_692' title='bbox 1429 1471 1539 1505; x_wconf 89' lang='lat' dir='ltr'><strong>Oportet</strong></span> <span class='ocrx_word' id='word_1_693' title='bbox 1554 1471 1625 1498; x_wconf 90' lang='lat' dir='ltr'><strong>enim</strong></span> <span class='ocrx_word' id='word_1_694' title='bbox 1642 1476 1667 1499; x_wconf 87' lang='lat' dir='ltr'><strong>te</strong></span> <span class='ocrx_word' id='word_1_695' title='bbox 1676 1471 1776 1498; x_wconf 86' lang='lat' dir='ltr'><strong>circum</strong></span> <span class='ocrx_word' id='word_1_696' title='bbox 1789 1471 1838 1499; x_wconf 84' lang='lat' dir='ltr'><strong>ad-</strong></span> 
     </span>
    </p>
   </div>
   <div class='ocr_carea' id='block_1_91' title="bbox 1048 1517 1842 1552">
    <p class='ocr_par' dir='ltr' id='par_1_91' title="bbox 1048 1517 1842 1552">
     <span class='ocr_line' id='line_1_91' title="bbox 1048 1517 1842 1552; baseline 0.001 -8"><span class='ocrx_word' id='word_1_697' title='bbox 1048 1521 1173 1550; x_wconf 83' lang='lat' dir='ltr'><strong>stantem,</strong></span> <span class='ocrx_word' id='word_1_698' title='bbox 1189 1524 1268 1544; x_wconf 88' lang='lat' dir='ltr'><strong>nosse</strong></span> <span class='ocrx_word' id='word_1_699' title='bbox 1281 1524 1311 1545; x_wconf 83' lang='lat' dir='ltr'><strong>ea</strong></span> <span class='ocrx_word' id='word_1_700' title='bbox 1326 1525 1385 1552; x_wconf 72' lang='lat' dir='ltr'><strong>qure</strong></span> <span class='ocrx_word' id='word_1_701' title='bbox 1395 1524 1411 1544; x_wconf 89' lang='lat' dir='ltr'><strong>a</strong></span> <span class='ocrx_word' id='word_1_702' title='bbox 1426 1517 1481 1545; x_wconf 88' lang='lat' dir='ltr'><strong>Deo</strong></span> <span class='ocrx_word' id='word_1_703' title='bbox 1496 1518 1664 1545; x_wconf 86' lang='lat' dir='ltr'><strong>nuntiantur.</strong></span> <span class='ocrx_word' id='word_1_704' title='bbox 1680 1517 1746 1546; x_wconf 87' lang='lat' dir='ltr'><strong>Nam</strong></span> <span class='ocrx_word' id='word_1_705' title='bbox 1763 1518 1842 1546; x_wconf 86' lang='lat' dir='ltr'><strong>Sera-</strong></span> 
     </span>
    </p>
   </div>
   <div class='ocr_carea' id='block_1_92' title="bbox 1049 1562 1844 1600">
    <p class='ocr_par' dir='ltr' id='par_1_92' title="bbox 1049 1562 1844 1600">
     <span class='ocr_line' id='line_1_92' title="bbox 1049 1562 1844 1600; baseline 0.004 -11"><span class='ocrx_word' id='word_1_706' title='bbox 1049 1562 1120 1598; x_wconf 83' lang='lat' dir='ltr'><strong>phim</strong></span> <span class='ocrx_word' id='word_1_707' title='bbox 1141 1563 1241 1590; x_wconf 78' lang='lat' dir='ltr'><strong>stabant</strong></span> <span class='ocrx_word' id='word_1_708' title='bbox 1254 1564 1281 1591; x_wconf 77' lang='lat' dir='ltr'><strong>in</strong></span> <span class='ocrx_word' id='word_1_709' title='bbox 1300 1564 1408 1591; x_wconf 78' lang='lat' dir='ltr'><strong>circuitu</strong></span> <span class='ocrx_word' id='word_1_710' title='bbox 1428 1564 1484 1599; x_wconf 86' lang='lat' dir='ltr'><strong>ejus</strong></span> <span class='ocrx_word' id='word_1_711' title='bbox 1499 1563 1576 1600; x_wconf 71' lang='lat' dir='ltr'><strong>(Ital.</strong></span> <span class='ocrx_word' id='word_1_712' title='bbox 1590 1563 1617 1592; x_wconf 88' lang='lat'><strong>6.</strong></span> <span class='ocrx_word' id='word_1_713' title='bbox 1630 1564 1671 1600; x_wconf 76' lang='lat'><strong>2).</strong></span> <span class='ocrx_word' id='word_1_714' title='bbox 1685 1565 1753 1598; x_wconf 89' lang='lat' dir='ltr'><strong>Quid</strong></span> <span class='ocrx_word' id='word_1_715' title='bbox 1778 1573 1844 1600; x_wconf 85' lang='lat' dir='ltr'><strong>ergo</strong></span> 
     </span>
    </p>
   </div>
   <div class='ocr_carea' id='block_1_93' title="bbox 1047 1607 1844 1646">
    <p class='ocr_par' dir='ltr' id='par_1_93' title="bbox 1047 1607 1844 1646">
     <span class='ocr_line' id='line_1_93' title="bbox 1047 1607 1844 1646; baseline 0.005 -12"><span class='ocrx_word' id='word_1_716' title='bbox 1047 1615 1064 1635; x_wconf 89' lang='lat' dir='ltr'><strong>a</strong></span> <span class='ocrx_word' id='word_1_717' title='bbox 1078 1608 1152 1635; x_wconf 84' lang='lat' dir='ltr'><strong>vobis</strong></span> <span class='ocrx_word' id='word_1_718' title='bbox 1164 1607 1316 1637; x_wconf 84' lang='lat' dir='ltr'><strong>discemus?</strong></span> <span class='ocrx_word' id='word_1_719' title='bbox 1329 1608 1417 1637; x_wconf 84' lang='lat' dir='ltr'><strong>Nolite</strong></span> <span class='ocrx_word' id='word_1_720' title='bbox 1431 1609 1582 1644; x_wconf 87' lang='lat' dir='ltr'><strong>prohibere.</strong></span> <span class='ocrx_word' id='word_1_721' title='bbox 1605 1609 1703 1638; x_wconf 85' lang='lat' dir='ltr'><strong>Verum</strong></span> <span class='ocrx_word' id='word_1_722' title='bbox 1718 1611 1761 1638; x_wconf 87' lang='lat' dir='ltr'><strong>illa</strong></span> <span class='ocrx_word' id='word_1_723' title='bbox 1775 1619 1844 1646; x_wconf 87' lang='lat' dir='ltr'><strong>quo-</strong></span> 
     </span>
    </p>
   </div>
   <div class='ocr_carea' id='block_1_94' title="bbox 1047 1653 1845 1691">
    <p class='ocr_par' dir='ltr' id='par_1_94' title="bbox 1047 1653 1845 1691">
     <span class='ocr_line' id='line_1_94' title="bbox 1047 1653 1845 1691; baseline 0.005 -11"><span class='ocrx_word' id='word_1_724' title='bbox 1047 1661 1100 1689; x_wconf 90' lang='lat' dir='ltr'><strong>que</strong></span> <span class='ocrx_word' id='word_1_725' title='bbox 1118 1653 1207 1681; x_wconf 87' lang='lat' dir='ltr'><strong>dicent</strong></span> <span class='ocrx_word' id='word_1_726' title='bbox 1222 1654 1370 1688; x_wconf 86' lang='lat' dir='ltr'><strong>:Quamvis</strong></span> <span class='ocrx_word' id='word_1_727' title='bbox 1391 1653 1521 1690; x_wconf 88' lang='lat' dir='ltr'><strong>dignitate</strong></span> <span class='ocrx_word' id='word_1_728' title='bbox 1541 1656 1743 1691; x_wconf 68' lang='lat' dir='ltr'><strong>praecellamus,</strong></span> <span class='ocrx_word' id='word_1_729' title='bbox 1769 1657 1845 1684; x_wconf 91' lang='lat' dir='ltr'><strong>novi-</strong></span> 
     </span>
    </p>
   </div>
   <div class='ocr_carea' id='block_1_95' title="bbox 1048 1700 1844 1737">
    <p class='ocr_par' dir='ltr' id='par_1_95' title="bbox 1048 1700 1844 1737">
     <span class='ocr_line' id='line_1_95' title="bbox 1048 1700 1844 1737; baseline 0.005 -11"><span class='ocrx_word' id='word_1_730' title='bbox 1048 1707 1107 1727; x_wconf 87' lang='lat' dir='ltr'><strong>mus</strong></span> <span class='ocrx_word' id='word_1_731' title='bbox 1122 1705 1210 1728; x_wconf 88' lang='lat' dir='ltr'><strong>tamen</strong></span> <span class='ocrx_word' id='word_1_732' title='bbox 1223 1705 1326 1728; x_wconf 72' lang='lat' dir='ltr'><strong>naturte</strong></span> <span class='ocrx_word' id='word_1_733' title='bbox 1342 1704 1441 1728; x_wconf 72' lang='lat' dir='ltr'><strong>nostrae</strong></span> <span class='ocrx_word' id='word_1_734' title='bbox 1453 1700 1530 1734; x_wconf 84' lang='lat' dir='ltr'><strong>lines,</strong></span> <span class='ocrx_word' id='word_1_735' title='bbox 1541 1708 1592 1729; x_wconf 88' lang='lat' dir='ltr'><strong>nec</strong></span> <span class='ocrx_word' id='word_1_736' title='bbox 1600 1702 1761 1737; x_wconf 84' lang='lat' dir='ltr'><strong>cognitionis</strong></span> <span class='ocrx_word' id='word_1_737' title='bbox 1770 1710 1844 1730; x_wconf 88' lang='lat' dir='ltr'><strong>men-</strong></span> 
     </span>
    </p>
   </div>
   <div class='ocr_carea' id='block_1_96' title="bbox 1048 1745 1844 1781">
    <p class='ocr_par' dir='ltr' id='par_1_96' title="bbox 1048 1745 1844 1781">
     <span class='ocr_line' id='line_1_96' title="bbox 1048 1745 1844 1781; baseline 0.004 -9"><span class='ocrx_word' id='word_1_738' title='bbox 1048 1753 1138 1773; x_wconf 86' lang='lat' dir='ltr'><strong>suram</strong></span> <span class='ocrx_word' id='word_1_739' title='bbox 1151 1745 1384 1781; x_wconf 76' lang='lat' dir='ltr'><strong>praetergredimur</strong></span> <span class='ocrx_word' id='word_1_740' title='bbox 1395 1754 1403 1773; x_wconf 89' lang='lat'><strong>:</strong></span> <span class='ocrx_word' id='word_1_741' title='bbox 1415 1753 1468 1774; x_wconf 91' lang='lat' dir='ltr'><strong>non</strong></span> <span class='ocrx_word' id='word_1_742' title='bbox 1483 1746 1588 1774; x_wconf 89' lang='lat' dir='ltr'><strong>curiose</strong></span> <span class='ocrx_word' id='word_1_743' title='bbox 1601 1752 1751 1775; x_wconf 83' lang='lat' dir='ltr'><strong>scrutamur</strong></span> <span class='ocrx_word' id='word_1_744' title='bbox 1760 1747 1844 1777; x_wconf 80' lang='lat' dir='ltr'><strong>Crea-</strong></span> 
     </span>
    </p>
   </div>
   <div class='ocr_carea' id='block_1_97' title="bbox 1049 1792 1843 1831">
    <p class='ocr_par' dir='ltr' id='par_1_97' title="bbox 1049 1792 1843 1831">
     <span class='ocr_line' id='line_1_97' title="bbox 1049 1792 1843 1831; baseline 0.004 -12"><span class='ocrx_word' id='word_1_745' title='bbox 1049 1796 1134 1819; x_wconf 88' lang='lat' dir='ltr'><strong>torem</strong></span> <span class='ocrx_word' id='word_1_746' title='bbox 1144 1796 1264 1819; x_wconf 90' lang='lat' dir='ltr'><strong>nostrum</strong></span> <span class='ocrx_word' id='word_1_747' title='bbox 1274 1812 1283 1826; x_wconf 91' lang='lat'><strong>,</strong></span> <span class='ocrx_word' id='word_1_748' title='bbox 1293 1800 1348 1820; x_wconf 92' lang='lat' dir='ltr'><strong>non</strong></span> <span class='ocrx_word' id='word_1_749' title='bbox 1361 1792 1531 1827; x_wconf 84' lang='lat' dir='ltr'><strong>explorantus</strong></span> <span class='ocrx_word' id='word_1_750' title='bbox 1544 1801 1606 1821; x_wconf 90' lang='lat' dir='ltr'><strong>eum</strong></span> <span class='ocrx_word' id='word_1_751' title='bbox 1619 1794 1665 1831; x_wconf 90' lang='lat' dir='ltr'><strong>qui</strong></span> <span class='ocrx_word' id='word_1_752' title='bbox 1681 1802 1730 1822; x_wconf 84' lang='lat' dir='ltr'><strong>nos</strong></span> <span class='ocrx_word' id='word_1_753' title='bbox 1742 1795 1843 1823; x_wconf 89' lang='lat' dir='ltr'><strong>honore</strong></span> 
     </span>
    </p>
   </div>
   <div class='ocr_carea' id='block_1_98' title="bbox 1048 1836 1843 1873">
    <p class='ocr_par' dir='ltr' id='par_1_98' title="bbox 1048 1836 1843 1873">
     <span class='ocr_line' id='line_1_98' title="bbox 1048 1836 1843 1873; baseline 0.005 -9"><span class='ocrx_word' id='word_1_754' title='bbox 1048 1836 1149 1865; x_wconf 80' lang='lat' dir='ltr'><strong>affecit.</strong></span> <span class='ocrx_word' id='word_1_755' title='bbox 1170 1836 1300 1866; x_wconf 82' lang='lat' dir='ltr'><strong>Novimus</strong></span> <span class='ocrx_word' id='word_1_756' title='bbox 1323 1837 1622 1873; x_wconf 87' lang='lat' dir='ltr'><strong>ineomprehensibilem</strong></span> <span class='ocrx_word' id='word_1_757' title='bbox 1643 1844 1766 1868; x_wconf 86' lang='lat' dir='ltr'><strong>naturam</strong></span> <span class='ocrx_word' id='word_1_758' title='bbox 1790 1848 1843 1868; x_wconf 88' lang='lat' dir='ltr'><strong>neu</strong></span> 
     </span>
    </p>
   </div>
   <div class='ocr_carea' id='block_1_99' title="bbox 1049 1883 1844 1920">
    <p class='ocr_par' dir='ltr' id='par_1_99' title="bbox 1049 1883 1844 1920">
     <span class='ocr_line' id='line_1_99' title="bbox 1049 1883 1844 1920; baseline 0.005 -9"><span class='ocrx_word' id='word_1_759' title='bbox 1049 1883 1144 1919; x_wconf 84' lang='lat' dir='ltr'><strong>subjici</strong></span> <span class='ocrx_word' id='word_1_760' title='bbox 1167 1884 1370 1920; x_wconf 67' lang='lat' dir='ltr'><strong>quaestionibus,</strong></span> <span class='ocrx_word' id='word_1_761' title='bbox 1384 1891 1435 1913; x_wconf 87' lang='lat' dir='ltr'><strong>nec</strong></span> <span class='ocrx_word' id='word_1_762' title='bbox 1453 1884 1596 1913; x_wconf 81' lang='lat' dir='ltr'><strong>obnoxiam</strong></span> <span class='ocrx_word' id='word_1_763' title='bbox 1610 1893 1671 1914; x_wconf 86' lang='lat' dir='ltr'><strong>esse</strong></span> <span class='ocrx_word' id='word_1_764' title='bbox 1690 1887 1844 1915; x_wconf 83' lang='lat' dir='ltr'><strong>ratiocinio-</strong></span> 
     </span>
    </p>
   </div>
   <div class='ocr_carea' id='block_1_100' title="bbox 1048 1930 1843 1967">
    <p class='ocr_par' dir='ltr' id='par_1_100' title="bbox 1048 1930 1843 1967">
     <span class='ocr_line' id='line_1_100' title="bbox 1048 1930 1843 1967; baseline 0.003 -9"><span class='ocrx_word' id='word_1_765' title='bbox 1048 1937 1109 1958; x_wconf 86' lang='lat' dir='ltr'><strong>rum</strong></span> <span class='ocrx_word' id='word_1_766' title='bbox 1123 1930 1220 1964; x_wconf 87' lang='lat' dir='ltr'><strong>seriei;</strong></span> <span class='ocrx_word' id='word_1_767' title='bbox 1241 1934 1350 1965; x_wconf 85' lang='lat' dir='ltr'><strong>superat</strong></span> <span class='ocrx_word' id='word_1_768' title='bbox 1371 1937 1480 1959; x_wconf 91' lang='lat' dir='ltr'><strong>omnem</strong></span> <span class='ocrx_word' id='word_1_769' title='bbox 1499 1931 1648 1967; x_wconf 86' lang='lat' dir='ltr'><strong>angelicum</strong></span> <span class='ocrx_word' id='word_1_770' title='bbox 1671 1937 1769 1959; x_wconf 85' lang='lat' dir='ltr'><strong>statum</strong></span> <span class='ocrx_word' id='word_1_771' title='bbox 1783 1941 1843 1960; x_wconf 92' lang='lat' dir='ltr'><strong>om-</strong></span> 
     </span>
    </p>
   </div>
   <div class='ocr_carea' id='block_1_101' title="bbox 1049 1976 1843 2013">
    <p class='ocr_par' dir='ltr' id='par_1_101' title="bbox 1049 1976 1843 2013">
     <span class='ocr_line' id='line_1_101' title="bbox 1049 1976 1843 2013; baseline 0.003 -9"><span class='ocrx_word' id='word_1_772' title='bbox 1049 1984 1164 2013; x_wconf 86' lang='lat' dir='ltr'><strong>nemque</strong></span> <span class='ocrx_word' id='word_1_773' title='bbox 1185 1976 1238 2004; x_wconf 83' lang='lat' dir='ltr'><strong>vim</strong></span> <span class='ocrx_word' id='word_1_774' title='bbox 1253 1977 1387 2005; x_wconf 66' lang='lat' dir='ltr'><strong>caelestem</strong></span> <span class='ocrx_word' id='word_1_775' title='bbox 1400 1976 1484 2012; x_wconf 87' lang='lat' dir='ltr'><strong>gloria</strong></span> <span class='ocrx_word' id='word_1_776' title='bbox 1497 1976 1557 2012; x_wconf 79' lang='lat' dir='ltr'><strong>ejus</strong></span> <span class='ocrx_word' id='word_1_777' title='bbox 1570 1977 1615 2013; x_wconf 87' lang='lat' dir='ltr'><strong>qui</strong></span> <span class='ocrx_word' id='word_1_778' title='bbox 1628 1977 1765 2006; x_wconf 90' lang='lat' dir='ltr'><strong>adoratur.</strong></span> <span class='ocrx_word' id='word_1_779' title='bbox 1783 1979 1843 2007; x_wconf 82' lang='lat' dir='ltr'><strong>ideo</strong></span> 
     </span>
    </p>
   </div>
   <div class='ocr_carea' id='block_1_102' title="bbox 1049 2021 1845 2058">
    <p class='ocr_par' dir='ltr' id='par_1_102' title="bbox 1049 2021 1845 2058">
     <span class='ocr_line' id='line_1_102' title="bbox 1049 2021 1845 2058; baseline 0.003 -8"><span class='ocrx_word' id='word_1_780' title='bbox 1049 2027 1077 2050; x_wconf 90' lang='lat' dir='ltr'><strong>et</strong></span> <span class='ocrx_word' id='word_1_781' title='bbox 1088 2030 1138 2050; x_wconf 85' lang='lat' dir='ltr'><strong>nos</strong></span> <span class='ocrx_word' id='word_1_782' title='bbox 1147 2029 1201 2050; x_wconf 90' lang='lat' dir='ltr'><strong>non</strong></span> <span class='ocrx_word' id='word_1_783' title='bbox 1215 2021 1426 2050; x_wconf 85' lang='lat' dir='ltr'><strong>transcendimus</strong></span> <span class='ocrx_word' id='word_1_784' title='bbox 1438 2023 1577 2051; x_wconf 86' lang='lat' dir='ltr'><strong>terminos.</strong></span> <span class='ocrx_word' id='word_1_785' title='bbox 1587 2022 1648 2051; x_wconf 86' lang='lat' dir='ltr'><strong>Non</strong></span> <span class='ocrx_word' id='word_1_786' title='bbox 1660 2024 1845 2058; x_wconf 67' lang='lat' dir='ltr'><strong>plaiterierunt</strong></span> 
     </span>
    </p>
   </div>
   <div class='ocr_carea' id='block_1_103' title="bbox 1049 2067 1843 2104">
    <p class='ocr_par' dir='ltr' id='par_1_103' title="bbox 1049 2067 1843 2104">
     <span class='ocr_line' id='line_1_103' title="bbox 1049 2067 1843 2104; baseline 0.004 -8"><span class='ocrx_word' id='word_1_787' title='bbox 1049 2067 1194 2096; x_wconf 85' lang='lat' dir='ltr'><strong>Cherubim</strong></span> <span class='ocrx_word' id='word_1_788' title='bbox 1210 2067 1266 2104; x_wconf 88' lang='lat' dir='ltr'><strong>(a),</strong></span> <span class='ocrx_word' id='word_1_789' title='bbox 1288 2068 1336 2097; x_wconf 83' lang='lat' dir='ltr'><strong>sed</strong></span> <span class='ocrx_word' id='word_1_790' title='bbox 1358 2075 1420 2097; x_wconf 86' lang='lat' dir='ltr'><strong>cum</strong></span> <span class='ocrx_word' id='word_1_791' title='bbox 1441 2069 1515 2097; x_wconf 89' lang='lat' dir='ltr'><strong>omni</strong></span> <span class='ocrx_word' id='word_1_792' title='bbox 1539 2070 1688 2098; x_wconf 87' lang='lat' dir='ltr'><strong>reverentia</strong></span> <span class='ocrx_word' id='word_1_793' title='bbox 1708 2071 1843 2100; x_wconf 75' lang='lat' dir='ltr'><strong>cznlestem</strong></span> 
     </span>
    </p>
   </div>
   <div class='ocr_carea' id='block_1_104' title="bbox 1049 2196 1844 2231">
    <p class='ocr_par' dir='ltr' id='par_1_104' title="bbox 1049 2196 1844 2231">
     <span class='ocr_line' id='line_1_104' title="bbox 1049 2196 1844 2231; baseline 0.004 -8"><span class='ocrx_word' id='word_1_794' title='bbox 1049 2199 1142 2223; x_wconf 63' lang='grc' dir='ltr'><strong>κως-8³1</strong></span> <span class='ocrx_word' id='word_1_795' title='bbox 1153 2197 1250 2231; x_wconf 74' lang='lat' dir='ltr'><strong>uit._,_ae</strong></span> <span class='ocrx_word' id='word_1_796' title='bbox 1260 2197 1374 2231; x_wconf 62' lang='lat' dir='ltr'><strong>Paulinus</strong></span> <span class='ocrx_word' id='word_1_797' title='bbox 1391 2196 1473 2231; x_wconf 67' lang='lat' dir='ltr'><strong>Natali</strong></span> <span class='ocrx_word' id='word_1_798' title='bbox 1479 2196 1509 2231; x_wconf 63' lang='lat' dir='ltr'><strong>it;</strong></span> <span class='ocrx_word' id='word_1_799' title='bbox 1520 2206 1544 2229; x_wconf 92' lang='lat' dir='ltr'><strong>p.</strong></span> <span class='ocrx_word' id='word_1_800' title='bbox 1555 2196 1610 2229; x_wconf 73' lang='lat'><strong>608,</strong></span> <span class='ocrx_word' id='word_1_801' title='bbox 1627 2199 1731 2231; x_wconf 79' lang='lat' dir='ltr'><strong>ipseque</strong></span> <span class='ocrx_word' id='word_1_802' title='bbox 1742 2200 1844 2231; x_wconf 77' lang='lat' dir='ltr'><strong>Chryso-</strong></span> 
     </span>
    </p>
   </div>
   <div class='ocr_carea' id='block_1_105' title="bbox 1050 2227 1846 2260">
    <p class='ocr_par' dir='ltr' id='par_1_105' title="bbox 1050 2227 1846 2260">
     <span class='ocr_line' id='line_1_105' title="bbox 1050 2227 1846 2260; baseline 0.004 -7"><span class='ocrx_word' id='word_1_803' title='bbox 1050 2233 1144 2254; x_wconf 86' lang='lat' dir='ltr'><strong>stomus</strong></span> <span class='ocrx_word' id='word_1_804' title='bbox 1152 2229 1178 2253; x_wconf 93' lang='lat' dir='ltr'><strong>iu</strong></span> <span class='ocrx_word' id='word_1_805' title='bbox 1189 2228 1258 2257; x_wconf 78' lang='lat' dir='ltr'><strong>illud.</strong></span> <span class='ocrx_word' id='word_1_806' title='bbox 1271 2231 1345 2256; x_wconf 81' lang='lat' dir='ltr'><strong>Pater,</strong></span> <span class='ocrx_word' id='word_1_807' title='bbox 1352 2227 1374 2260; x_wconf 65' lang='lat' dir='ltr'><strong>si</strong></span> <span class='ocrx_word' id='word_1_808' title='bbox 1384 2229 1496 2260; x_wconf 71' lang='lat' dir='ltr'><strong>possibile</strong></span> <span class='ocrx_word' id='word_1_809' title='bbox 1512 2227 1557 2259; x_wconf 77' lang='lat' dir='ltr'><strong>est,</strong></span> <span class='ocrx_word' id='word_1_810' title='bbox 1579 2227 1642 2260; x_wconf 64' lang='lat' dir='ltr'><strong>etc.,&#39;</strong></span> <span class='ocrx_word' id='word_1_811' title='bbox 1655 2234 1682 2255; x_wconf 85' lang='lat' dir='ltr'><strong>et</strong></span> <span class='ocrx_word' id='word_1_812' title='bbox 1690 2227 1846 2257; x_wconf 72' lang='lat' dir='ltr'><strong>&#39;Cherubiuos</strong></span> 
     </span>
    </p>
   </div>
   <div class='ocr_carea' id='block_1_106' title="bbox 1049 2259 1846 2292">
    <p class='ocr_par' dir='ltr' id='par_1_106' title="bbox 1049 2259 1846 2292">
     <span class='ocr_line' id='line_1_106' title="bbox 1049 2259 1846 2292; baseline 0.004 -8"><span class='ocrx_word' id='word_1_813' title='bbox 1049 2259 1188 2291; x_wconf 78' lang='lat' dir='ltr'><strong>Seraphinis</strong></span> <span class='ocrx_word' id='word_1_814' title='bbox 1195 2260 1282 2292; x_wconf 75' lang='lat' dir='ltr'><strong>jungat</strong></span> <span class='ocrx_word' id='word_1_815' title='bbox 1293 2259 1438 2292; x_wconf 73' lang='lat' dir='ltr'><strong>Epiphanius</strong></span> <span class='ocrx_word' id='word_1_816' title='bbox 1447 2260 1561 2285; x_wconf 79' lang='lat' dir='ltr'><strong>Ancorati</strong></span> <span class='ocrx_word' id='word_1_817' title='bbox 1571 2267 1625 2292; x_wconf 89' lang='lat' dir='ltr'><strong>cap.</strong></span> <span class='ocrx_word' id='word_1_818' title='bbox 1635 2260 1674 2292; x_wconf 82' lang='lat' dir='ltr'><strong>i0,</strong></span> <span class='ocrx_word' id='word_1_819' title='bbox 1686 2261 1725 2290; x_wconf 74' lang='lat'><strong>‘26,</strong></span> <span class='ocrx_word' id='word_1_820' title='bbox 1738 2268 1792 2286; x_wconf 89' lang='lat' dir='ltr'><strong>cum</strong></span> <span class='ocrx_word' id='word_1_821' title='bbox 1804 2266 1846 2287; x_wconf 80' lang='lat' dir='ltr'><strong>Se-</strong></span> 
     </span>
    </p>
   </div>
   <div class='ocr_carea' id='block_1_107' title="bbox 1050 2290 1845 2327">
    <p class='ocr_par' dir='ltr' id='par_1_107' title="bbox 1050 2290 1845 2327">
     <span class='ocr_line' id='line_1_107' title="bbox 1050 2290 1845 2327; baseline 0.003 -12"><span class='ocrx_word' id='word_1_822' title='bbox 1050 2290 1151 2327; x_wconf 79' lang='lat' dir='ltr'><strong>veriano</strong></span> <span class='ocrx_word' id='word_1_823' title='bbox 1162 2290 1227 2327; x_wconf 70' lang='lat' dir='ltr'><strong>Orat.</strong></span> <span class='ocrx_word' id='word_1_824' title='bbox 1240 2290 1256 2315; x_wconf 76' lang='lat'><strong>2</strong></span> <span class='ocrx_word' id='word_1_825' title='bbox 1265 2290 1302 2327; x_wconf 64' lang='lat' dir='ltr'><strong>de</strong></span> <span class='ocrx_word' id='word_1_826' title='bbox 1310 2290 1387 2314; x_wconf 74' lang='lat' dir='ltr'><strong>Mundi</strong></span> <span class='ocrx_word' id='word_1_827' title='bbox 1403 2291 1539 2327; x_wconf 72' lang='lat' dir='ltr'><strong>creatione,</strong></span> <span class='ocrx_word' id='word_1_828' title='bbox 1561 2294 1588 2316; x_wconf 88' lang='lat' dir='ltr'><strong>et</strong></span> <span class='ocrx_word' id='word_1_829' title='bbox 1601 2290 1735 2327; x_wconf 44' lang='lat' dir='ltr'><strong>&quot;Pliilastriq</strong></span> <span class='ocrx_word' id='word_1_830' title='bbox 1754 2294 1845 2318; x_wconf 73' lang='lat' dir='ltr'><strong>Haeresi</strong></span> 
     </span>
    </p>
   </div>
   <div class='ocr_carea' id='block_1_108' title="bbox 1051 2321 1845 2388">
    <p class='ocr_par' dir='ltr' id='par_1_108' title="bbox 1051 2321 1845 2388">
     <span class='ocr_line' id='line_1_108' title="bbox 1051 2321 1841 2355; baseline 0.004 -9"><span class='ocrx_word' id='word_1_831' title='bbox 1051 2326 1162 2347; x_wconf 77' lang='lat' dir='ltr'><strong>extrema</strong></span> <span class='ocrx_word' id='word_1_832' title='bbox 1174 2325 1200 2346; x_wconf 78' lang='lat' dir='ltr'><strong>et</strong></span> <span class='ocrx_word' id='word_1_833' title='bbox 1211 2321 1351 2352; x_wconf 81' lang='lat' dir='ltr'><strong>penultima,</strong></span> <span class='ocrx_word' id='word_1_834' title='bbox 1366 2322 1506 2353; x_wconf 84' lang='lat' dir='ltr'><strong>pariterque</strong></span> <span class='ocrx_word' id='word_1_835' title='bbox 1517 2321 1620 2353; x_wconf 78' lang='lat' dir='ltr'><strong>hymnus</strong></span> <span class='ocrx_word' id='word_1_836' title='bbox 1629 2322 1782 2348; x_wconf 72' lang='lat' dir='ltr'><strong>Cherubietas</strong></span> <span class='ocrx_word' id='word_1_837' title='bbox 1795 2330 1841 2355; x_wconf 83' lang='lat' dir='ltr'><strong>ap-</strong></span> 
     </span>
     <span class='ocr_line' id='line_1_109' title="bbox 1052 2351 1845 2388; baseline 0.005 -12"><span class='ocrx_word' id='word_1_838' title='bbox 1052 2351 1139 2388; x_wconf 62' lang='lat' dir='ltr'><strong>pellari</strong></span> <span class='ocrx_word' id='word_1_839' title='bbox 1149 2351 1236 2388; x_wconf 71' lang='lat' dir='ltr'><strong>soleat,</strong></span> <span class='ocrx_word' id='word_1_840' title='bbox 1246 2353 1288 2388; x_wconf 89' lang='lat' dir='ltr'><strong>q_ui</strong></span> <span class='ocrx_word' id='word_1_841' title='bbox 1299 2352 1502 2388; x_wconf 47' lang='lat' dir='ltr'><strong>seraphicushest.</strong></span> <span class='ocrx_word' id='word_1_842' title='bbox 1512 2353 1575 2388; x_wconf 79' lang='lat' dir='ltr'><strong>sicut</strong></span> <span class='ocrx_word' id='word_1_843' title='bbox 1586 2353 1639 2388; x_wconf 73' lang='lat' dir='ltr'><strong>vice</strong></span> <span class='ocrx_word' id='word_1_844' title='bbox 1647 2359 1719 2388; x_wconf 72' lang='lat' dir='ltr'><strong>versa</strong></span> <span class='ocrx_word' id='word_1_845' title='bbox 1728 2355 1753 2388; x_wconf 90' lang='lat' dir='ltr'><strong>l_n</strong></span> <span class='ocrx_word' id='word_1_846' title='bbox 1767 2354 1845 2380; x_wconf 90' lang='lat' dir='ltr'><strong>locum</strong></span> 
     </span>
    </p>
   </div>
   <div class='ocr_carea' id='block_1_109' title="bbox 1088 2382 1846 2415">
    <p class='ocr_par' dir='ltr' id='par_1_109' title="bbox 1088 2382 1846 2415">
     <span class='ocr_line' id='line_1_110' title="bbox 1088 2382 1846 2415; baseline 0.003 -7"><span class='ocrx_word' id='word_1_847' title='bbox 1088 2384 1246 2408; x_wconf 86' lang='lat' dir='ltr'><strong>erubinorum</strong></span> <span class='ocrx_word' id='word_1_848' title='bbox 1255 2382 1331 2415; x_wconf 62' lang='lat' dir='ltr'><strong>Exodi</strong></span> <span class='ocrx_word' id='word_1_849' title='bbox 1342 2386 1369 2408; x_wconf 93' lang='lat' dir='ltr'><strong>et</strong></span> <span class='ocrx_word' id='word_1_850' title='bbox 1379 2382 1518 2415; x_wconf 80' lang='lat' dir='ltr'><strong>Paralipom.</strong></span> <span class='ocrx_word' id='word_1_851' title='bbox 1529 2384 1652 2415; x_wconf 79' lang='lat' dir='ltr'><strong>Seraphin!</strong></span> <span class='ocrx_word' id='word_1_852' title='bbox 1664 2385 1846 2410; x_wconf 80' lang='lat' dir='ltr'><strong>substituunqu</strong></span> 
     </span>
    </p>
   </div>
   <div class='ocr_carea' id='block_1_110' title="bbox 1051 2413 1847 2452">
    <p class='ocr_par' dir='ltr' id='par_1_110' title="bbox 1051 2413 1847 2452">
     <span class='ocr_line' id='line_1_111' title="bbox 1051 2413 1847 2452; baseline 0 0"><span class='ocrx_word' id='word_1_853' title='bbox 1051 2414 1181 2452; x_wconf 44' lang='grc' dir='ltr'><strong>θυὲίυιὲθηξ</strong></span> <span class='ocrx_word' id='word_1_854' title='bbox 1189 2414 1274 2452; x_wconf 58' lang='grc' dir='ltr'><strong>ξηεφαὶ</strong></span> <span class='ocrx_word' id='word_1_855' title='bbox 1282 2413 1337 2452; x_wconf 46' lang='lat' dir='ltr'><strong>illi.</strong></span> <span class='ocrx_word' id='word_1_856' title='bbox 1348 2420 1394 2452; x_wconf 49' lang='grc' dir='ltr'><strong>ἓξὲξ</strong></span> <span class='ocrx_word' id='word_1_857' title='bbox 1405 2414 1437 2452; x_wconf 61' lang='lat' dir='ltr'><strong>.‘E‘</strong></span> <span class='ocrx_word' id='word_1_858' title='bbox 1444 2413 1613 2452; x_wconf 52' lang='lat' dir='ltr'><strong>gisi’mfmi&quot;.</strong></span> <span class='ocrx_word' id='word_1_859' title='bbox 1619 2414 1679 2452; x_wconf 54' lang='lat' dir='ltr'><strong>illic</strong></span> <span class='ocrx_word' id='word_1_860' title='bbox 1692 2416 1793 2452; x_wconf 56' lang='lat' dir='ltr'><strong>.P&#39;PJE“</strong></span> <span class='ocrx_word' id='word_1_861' title='bbox 1804 2420 1847 2452; x_wconf 66' lang='lat' dir='ltr'><strong>iu-</strong></span> 
     </span>
    </p>
   </div>
   <div class='ocr_carea' id='block_1_111' title="bbox 1052 2444 1847 2480">
    <p class='ocr_par' dir='ltr' id='par_1_111' title="bbox 1052 2444 1847 2480">
     <span class='ocr_line' id='line_1_112' title="bbox 1052 2444 1847 2480; baseline 0.004 -10"><span class='ocrx_word' id='word_1_862' title='bbox 1052 2445 1135 2480; x_wconf 54' lang='lat' dir='ltr'><strong>(incipi</strong></span> <span class='ocrx_word' id='word_1_863' title='bbox 1144 2444 1276 2480; x_wconf 66' lang='lat' dir='ltr'><strong>_Chrilstiani</strong></span> <span class='ocrx_word' id='word_1_864' title='bbox 1286 2445 1341 2480; x_wconf 73' lang='lat' dir='ltr'><strong>(ubi</strong></span> <span class='ocrx_word' id='word_1_865' title='bbox 1351 2447 1432 2480; x_wconf 77' lang='lat' dir='ltr'><strong>tamen</strong></span> <span class='ocrx_word' id='word_1_866' title='bbox 1444 2444 1502 2470; x_wconf 70' lang='lat' dir='ltr'><strong>(bii.</strong></span> <span class='ocrx_word' id='word_1_867' title='bbox 1512 2478 1515 2480; x_wconf 20' lang='grc' dir='ltr'>ι</span> <span class='ocrx_word' id='word_1_868' title='bbox 1525 2448 1582 2480; x_wconf 79' lang='lat' dir='ltr'><strong>tteg.</strong></span> <span class='ocrx_word' id='word_1_869' title='bbox 1603 2445 1673 2480; x_wconf 64' lang='lat'><strong>1026.</strong></span> <span class='ocrx_word' id='word_1_870' title='bbox 1690 2444 1708 2472; x_wconf 75' lang='grc' dir='ltr'><strong>Ιῖ</strong></span> <span class='ocrx_word' id='word_1_871' title='bbox 1720 2447 1774 2480; x_wconf 67' lang='grc'><strong>266,</strong></span> <span class='ocrx_word' id='word_1_872' title='bbox 1787 2447 1847 2480; x_wconf 66' lang='lat' dir='ltr'><strong>gite-</strong></span> 
     </span>
    </p>
   </div>
   <div class='ocr_carea' id='block_1_112' title="bbox 1052 2474 1848 2506">
    <p class='ocr_par' dir='ltr' id='par_1_112' title="bbox 1052 2474 1848 2506">
     <span class='ocr_line' id='line_1_113' title="bbox 1052 2474 1848 2506; baseline 0.003 -5"><span class='ocrx_word' id='word_1_873' title='bbox 1052 2475 1133 2501; x_wconf 85' lang='lat' dir='ltr'><strong>rubim</strong></span> <span class='ocrx_word' id='word_1_874' title='bbox 1144 2475 1227 2504; x_wconf 86' lang='lat' dir='ltr'><strong>habet,</strong></span> <span class='ocrx_word' id='word_1_875' title='bbox 1241 2479 1268 2500; x_wconf 89' lang='lat' dir='ltr'><strong>ut</strong></span> <span class='ocrx_word' id='word_1_876' title='bbox 1283 2474 1309 2500; x_wconf 84' lang='lat' dir='ltr'><strong>et</strong></span> <span class='ocrx_word' id='word_1_877' title='bbox 1320 2474 1383 2500; x_wconf 87' lang='lat' dir='ltr'><strong>alter</strong></span> <span class='ocrx_word' id='word_1_878' title='bbox 1399 2474 1573 2506; x_wconf 81' lang='lat' dir='ltr'><strong>interpretum)</strong></span> <span class='ocrx_word' id='word_1_879' title='bbox 1591 2480 1618 2501; x_wconf 81' lang='lat' dir='ltr'><strong>et</strong></span> <span class='ocrx_word' id='word_1_880' title='bbox 1635 2474 1672 2502; x_wconf 81' lang='lat' dir='ltr'><strong>ab</strong></span> <span class='ocrx_word' id='word_1_881' title='bbox 1685 2474 1777 2503; x_wconf 64' lang='lat' dir='ltr'><strong>Andrei:</strong></span> <span class='ocrx_word' id='word_1_882' title='bbox 1789 2478 1848 2503; x_wconf 83' lang='lat' dir='ltr'><strong>Cre-</strong></span> 
     </span>
    </p>
   </div>
   <div class='ocr_carea' id='block_1_113' title="bbox 1053 2506 1848 2537">
    <p class='ocr_par' dir='ltr' id='par_1_113' title="bbox 1053 2506 1848 2537">
     <span class='ocr_line' id='line_1_114' title="bbox 1053 2506 1848 2537; baseline 0.003 -5"><span class='ocrx_word' id='word_1_883' title='bbox 1053 2507 1118 2532; x_wconf 82' lang='lat' dir='ltr'><strong>tensi</strong></span> <span class='ocrx_word' id='word_1_884' title='bbox 1128 2507 1241 2531; x_wconf 87' lang='lat' dir='ltr'><strong>oratione</strong></span> <span class='ocrx_word' id='word_1_885' title='bbox 1254 2507 1270 2531; x_wconf 78' lang='grc'><strong>5</strong></span> <span class='ocrx_word' id='word_1_886' title='bbox 1281 2507 1308 2537; x_wconf 83' lang='lat' dir='ltr'><strong>in</strong></span> <span class='ocrx_word' id='word_1_887' title='bbox 1317 2506 1487 2531; x_wconf 86' lang='lat' dir='ltr'><strong>dormitionem</strong></span> <span class='ocrx_word' id='word_1_888' title='bbox 1499 2506 1608 2537; x_wconf 68' lang='lat' dir='ltr'><strong>Deiparaz</strong></span> <span class='ocrx_word' id='word_1_889' title='bbox 1618 2513 1627 2533; x_wconf 89' lang='lat'><strong>:</strong></span> <span class='ocrx_word' id='word_1_890' title='bbox 1636 2514 1732 2533; x_wconf 85' lang='lat' dir='ltr'><strong>necnon</strong></span> <span class='ocrx_word' id='word_1_891' title='bbox 1744 2509 1848 2534; x_wconf 75' lang='lat' dir='ltr'><strong>thronus</strong></span> 
     </span>
    </p>
   </div>
   <div class='ocr_carea' id='block_1_114' title="bbox 1053 2536 1846 2569">
    <p class='ocr_par' dir='ltr' id='par_1_114' title="bbox 1053 2536 1846 2569">
     <span class='ocr_line' id='line_1_115' title="bbox 1053 2536 1846 2569; baseline 0.001 -7"><span class='ocrx_word' id='word_1_892' title='bbox 1053 2538 1196 2568; x_wconf 82' lang='lat' dir='ltr'><strong>Serapbieus</strong></span> <span class='ocrx_word' id='word_1_893' title='bbox 1212 2537 1285 2569; x_wconf 74' lang='lat' dir='ltr'><strong>instar</strong></span> <span class='ocrx_word' id='word_1_894' title='bbox 1297 2536 1428 2563; x_wconf 85' lang='lat' dir='ltr'><strong>Cherubici</strong></span> <span class='ocrx_word' id='word_1_895' title='bbox 1439 2537 1463 2569; x_wconf 82' lang='lat' dir='ltr'><strong>in</strong></span> <span class='ocrx_word' id='word_1_896' title='bbox 1476 2536 1563 2569; x_wconf 82' lang='lat' dir='ltr'><strong>eodem</strong></span> <span class='ocrx_word' id='word_1_897' title='bbox 1575 2538 1667 2569; x_wconf 78' lang='lat' dir='ltr'><strong>Andrea</strong></span> <span class='ocrx_word' id='word_1_898' title='bbox 1679 2538 1771 2569; x_wconf 61' lang='lat' dir='ltr'><strong>legitur</strong></span> <span class='ocrx_word' id='word_1_899' title='bbox 1781 2544 1846 2564; x_wconf 85' lang='lat' dir='ltr'><strong>orat.</strong></span> 
     </span>
    </p>
   </div>
   <div class='ocr_carea' id='block_1_115' title="bbox 1053 2567 1846 2600">
    <p class='ocr_par' dir='ltr' id='par_1_115' title="bbox 1053 2567 1846 2600">
     <span class='ocr_line' id='line_1_116' title="bbox 1053 2567 1846 2600; baseline 0.003 -7"><span class='ocrx_word' id='word_1_900' title='bbox 1053 2567 1169 2600; x_wconf 12' lang='lat' dir='ltr'><strong>iniramos</strong></span> <span class='ocrx_word' id='word_1_901' title='bbox 1187 2567 1329 2600; x_wconf 78' lang='lat' dir='ltr'><strong>pahnaruut,</strong></span> <span class='ocrx_word' id='word_1_902' title='bbox 1347 2572 1422 2599; x_wconf 81' lang='lat' dir='ltr'><strong>atque</strong></span> <span class='ocrx_word' id='word_1_903' title='bbox 1438 2567 1464 2592; x_wconf 89' lang='lat' dir='ltr'><strong>in</strong></span> <span class='ocrx_word' id='word_1_904' title='bbox 1480 2568 1628 2600; x_wconf 77' lang='lat' dir='ltr'><strong>Theophane</strong></span> <span class='ocrx_word' id='word_1_905' title='bbox 1643 2567 1763 2596; x_wconf 79' lang='lat' dir='ltr'><strong>Cenaieo</strong></span> <span class='ocrx_word' id='word_1_906' title='bbox 1779 2575 1846 2595; x_wconf 82' lang='lat' dir='ltr'><strong>nom.</strong></span> 
     </span>
    </p>
   </div>
   <div class='ocr_carea' id='block_1_116' title="bbox 1052 2599 1847 2634">
    <p class='ocr_par' dir='ltr' id='par_1_116' title="bbox 1052 2599 1847 2634">
     <span class='ocr_line' id='line_1_117' title="bbox 1052 2599 1847 2634; baseline 0.001 -10"><span class='ocrx_word' id='word_1_907' title='bbox 1052 2599 1092 2630; x_wconf 76' lang='lat'><strong>55,</strong></span> <span class='ocrx_word' id='word_1_908' title='bbox 1105 2599 1244 2634; x_wconf 49' lang='lat' dir='ltr'><strong>nosam...</strong></span> <span class='ocrx_word' id='word_1_909' title='bbox 1253 2604 1264 2625; x_wconf 74' lang='grc' dir='ltr'><strong><em>ὁ</em></strong></span> <span class='ocrx_word' id='word_1_910' title='bbox 1274 2605 1320 2628; x_wconf 74' lang='grc' dir='ltr'><strong>θεὸς</strong></span> <span class='ocrx_word' id='word_1_911' title='bbox 1334 2601 1537 2634; x_wconf 53' lang='lat' dir='ltr'><strong>geumjnotggy</strong></span> <span class='ocrx_word' id='word_1_912' title='bbox 1548 2599 1643 2634; x_wconf 63' lang='grc' dir='ltr'><strong>Ξιιρωιιιι</strong></span> <span class='ocrx_word' id='word_1_913' title='bbox 1652 2608 1786 2634; x_wconf 52' lang='lat' dir='ltr'><strong>ullum,</strong></span> <span class='ocrx_word' id='word_1_914' title='bbox 1802 2602 1847 2634; x_wconf 72' lang='lat' dir='ltr'><strong>hoc</strong></span> 
     </span>
    </p>
   </div>
   <div class='ocr_carea' id='block_1_117' title="bbox 1054 2628 1844 2664">
    <p class='ocr_par' dir='ltr' id='par_1_117' title="bbox 1054 2628 1844 2664">
     <span class='ocr_line' id='line_1_118' title="bbox 1054 2628 1844 2664; baseline 0.003 -9"><span class='ocrx_word' id='word_1_915' title='bbox 1054 2628 1103 2660; x_wconf 80' lang='lat' dir='ltr'><strong>est,</strong></span> <span class='ocrx_word' id='word_1_916' title='bbox 1116 2628 1256 2664; x_wconf 60' lang='lat' dir='ltr'><strong>tiigitpéus</strong></span> <span class='ocrx_word' id='word_1_917' title='bbox 1263 2628 1339 2661; x_wconf 73' lang='lat' dir='ltr'><strong>Moysi</strong></span> <span class='ocrx_word' id='word_1_918' title='bbox 1347 2628 1357 2655; x_wconf 72' lang='grc' dir='ltr'><em>ἑ</em></span> <span class='ocrx_word' id='word_1_919' title='bbox 1365 2631 1415 2664; x_wconf 65' lang='lat' dir='ltr'><strong>t‘ac</strong></span> <span class='ocrx_word' id='word_1_920' title='bbox 1422 2628 1550 2655; x_wconf 73' lang='lat' dir='ltr'><strong>(&#39;Iwrubim</strong></span> <span class='ocrx_word' id='word_1_921' title='bbox 1559 2628 1589 2664; x_wconf 54' lang='lat' dir='ltr'><strong>ei</strong></span> <span class='ocrx_word' id='word_1_922' title='bbox 1602 2628 1823 2664; x_wconf 55' lang='lat' dir='ltr'><strong>:Ep&#39;ist.</strong></span> <span class='ocrx_word' id='word_1_923' title='bbox 1834 2633 1844 2656; x_wconf 86' lang='lat'><strong>1</strong></span> 
     </span>
    </p>
   </div>
   <div class='ocr_carea' id='block_1_118' title="bbox 1053 2660 1847 2694">
    <p class='ocr_par' dir='ltr' id='par_1_118' title="bbox 1053 2660 1847 2694">
     <span class='ocr_line' id='line_1_119' title="bbox 1053 2660 1847 2694; baseline 0.004 -10"><span class='ocrx_word' id='word_1_924' title='bbox 1053 2661 1162 2694; x_wconf 81' lang='lat' dir='ltr'><strong>cregOrii</strong></span> <span class='ocrx_word' id='word_1_925' title='bbox 1170 2660 1197 2694; x_wconf 84' lang='lat' dir='ltr'><strong>ll</strong></span> <span class='ocrx_word' id='word_1_926' title='bbox 1208 2661 1238 2686; x_wconf 81' lang='lat' dir='ltr'><strong>ad</strong></span> <span class='ocrx_word' id='word_1_927' title='bbox 1249 2660 1353 2694; x_wconf 70' lang='lat' dir='ltr'><strong>Leoan</strong></span> <span class='ocrx_word' id='word_1_928' title='bbox 1365 2661 1482 2694; x_wconf 67' lang='lat' dir='ltr'><strong>murum.</strong></span> <span class='ocrx_word' id='word_1_929' title='bbox 1495 2661 1597 2694; x_wconf 63' lang='lat' dir='ltr'><strong>Accedit</strong></span> <span class='ocrx_word' id='word_1_930' title='bbox 1615 2660 1673 2692; x_wconf 76' lang='lat' dir='ltr'><strong>huc,</strong></span> <span class='ocrx_word' id='word_1_931' title='bbox 1684 2662 1757 2694; x_wconf 82' lang='lat' dir='ltr'><strong>quod</strong></span> <span class='ocrx_word' id='word_1_932' title='bbox 1766 2660 1847 2687; x_wconf 74' lang='lat' dir='ltr'><strong>notavi</strong></span> 
     </span>
    </p>
   </div>
   <div class='ocr_carea' id='block_1_119' title="bbox 1053 2690 1848 2724">
    <p class='ocr_par' dir='ltr' id='par_1_119' title="bbox 1053 2690 1848 2724">
     <span class='ocr_line' id='line_1_120' title="bbox 1053 2690 1848 2724; baseline 0.003 -8"><span class='ocrx_word' id='word_1_933' title='bbox 1053 2692 1083 2724; x_wconf 87' lang='lat' dir='ltr'><strong>a_d</strong></span> <span class='ocrx_word' id='word_1_934' title='bbox 1094 2690 1303 2724; x_wconf 19' lang='lat' dir='ltr'><strong>CpmtiLrapost&quot;</strong></span> <span class='ocrx_word' id='word_1_935' title='bbox 1319 2690 1453 2724; x_wconf 54' lang='lat' dir='ltr'><strong>Cherubin;</strong></span> <span class='ocrx_word' id='word_1_936' title='bbox 1474 2692 1640 2724; x_wconf 83' lang='lat' dir='ltr'><strong>et._seraphim</strong></span> <span class='ocrx_word' id='word_1_937' title='bbox 1654 2690 1767 2718; x_wconf 73' lang='lat' dir='ltr'><strong>contundi</strong></span> <span class='ocrx_word' id='word_1_938' title='bbox 1784 2694 1848 2724; x_wconf 82' lang='lat' dir='ltr'><strong>apud</strong></span> 
     </span>
    </p>
   </div>
   <div class='ocr_carea' id='block_1_120' title="bbox 1054 2721 1848 2758">
    <p class='ocr_par' dir='ltr' id='par_1_120' title="bbox 1054 2721 1848 2758">
     <span class='ocr_line' id='line_1_121' title="bbox 1054 2721 1848 2758; baseline 0.003 -12"><span class='ocrx_word' id='word_1_939' title='bbox 1054 2722 1174 2758; x_wconf 64' lang='lat' dir='ltr'><strong>Cyrillum</strong></span> <span class='ocrx_word' id='word_1_940' title='bbox 1180 2721 1418 2758; x_wconf 73' lang='lat' dir='ltr'><strong>Hierosolyniitanum</strong></span> <span class='ocrx_word' id='word_1_941' title='bbox 1434 2721 1568 2758; x_wconf 54' lang='lat' dir='ltr'><strong>thechesi&#39;</strong></span> <span class='ocrx_word' id='word_1_942' title='bbox 1574 2721 1786 2758; x_wconf 44' lang='lat' dir='ltr'><strong>&#39;mystagogicanlt,</strong></span> <span class='ocrx_word' id='word_1_943' title='bbox 1797 2721 1848 2758; x_wconf 39' lang='lat' dir='ltr'><strong>leui</strong></span> 
     </span>
    </p>
   </div>
   <div class='ocr_carea' id='block_1_121' title="bbox 1054 2752 1849 2780">
    <p class='ocr_par' dir='ltr' id='par_1_121' title="bbox 1054 2752 1849 2780">
     <span class='ocr_line' id='line_1_122' title="bbox 1054 2752 1849 2780; baseline 0.001 -2"><span class='ocrx_word' id='word_1_944' title='bbox 1054 2752 1119 2778; x_wconf 79' lang='lat' dir='ltr'><strong>nunc</strong></span> <span class='ocrx_word' id='word_1_945' title='bbox 1129 2753 1204 2778; x_wconf 78' lang='lat' dir='ltr'><strong>addas</strong></span> <span class='ocrx_word' id='word_1_946' title='bbox 1213 2752 1345 2778; x_wconf 51' lang='lat' dir='ltr'><strong>velim&#39;tum</strong></span> <span class='ocrx_word' id='word_1_947' title='bbox 1357 2753 1526 2780; x_wconf 76' lang='lat' dir='ltr'><strong>cognominem</strong></span> <span class='ocrx_word' id='word_1_948' title='bbox 1544 2752 1732 2780; x_wconf 64' lang='lat' dir='ltr'><strong>Alexandrinum</strong></span> <span class='ocrx_word' id='word_1_949' title='bbox 1741 2752 1784 2779; x_wconf 69' lang='lat' dir='ltr'><strong>lib.</strong></span> <span class='ocrx_word' id='word_1_950' title='bbox 1795 2755 1811 2779; x_wconf 83' lang='lat'>9</span> <span class='ocrx_word' id='word_1_951' title='bbox 1823 2758 1849 2779; x_wconf 87' lang='lat' dir='ltr'><strong>et</strong></span> 
     </span>
    </p>
   </div>
   <div class='ocr_carea' id='block_1_122' title="bbox 1055 2782 1848 2815">
    <p class='ocr_par' dir='ltr' id='par_1_122' title="bbox 1055 2782 1848 2815">
     <span class='ocr_line' id='line_1_123' title="bbox 1055 2782 1848 2815; baseline 0 -7"><span class='ocrx_word' id='word_1_952' title='bbox 1055 2783 1086 2810; x_wconf 84' lang='grc' dir='ltr'><strong>1ο</strong></span> <span class='ocrx_word' id='word_1_953' title='bbox 1093 2784 1281 2815; x_wconf 27' lang='lat' dir='ltr'><strong>deAAdoratione</strong></span> <span class='ocrx_word' id='word_1_954' title='bbox 1302 2782 1324 2807; x_wconf 91' lang='lat' dir='ltr'><strong>ln</strong></span> <span class='ocrx_word' id='word_1_955' title='bbox 1343 2782 1428 2815; x_wconf 78' lang='lat' dir='ltr'><strong>spiritu</strong></span> <span class='ocrx_word' id='word_1_956' title='bbox 1445 2787 1472 2809; x_wconf 81' lang='lat' dir='ltr'><strong>et</strong></span> <span class='ocrx_word' id='word_1_957' title='bbox 1483 2785 1606 2815; x_wconf 43' lang='lat' dir='ltr'><strong>veritate,</strong></span> <span class='ocrx_word' id='word_1_958' title='bbox 1613 2786 1655 2810; x_wconf 86' lang='lat' dir='ltr'><strong>ubi</strong></span> <span class='ocrx_word' id='word_1_959' title='bbox 1672 2787 1746 2810; x_wconf 79' lang='lat' dir='ltr'><strong>etiam</strong></span> <span class='ocrx_word' id='word_1_960' title='bbox 1757 2785 1848 2809; x_wconf 89' lang='lat' dir='ltr'><strong>uomini</strong></span> 
     </span>
    </p>
   </div>
   <div class='ocr_carea' id='block_1_123' title="bbox 1054 2813 1848 2846">
    <p class='ocr_par' dir='ltr' id='par_1_123' title="bbox 1054 2813 1848 2846">
     <span class='ocr_line' id='line_1_124' title="bbox 1054 2813 1848 2846; baseline 0 -7"><span class='ocrx_word' id='word_1_961' title='bbox 1054 2813 1178 2846; x_wconf 69' lang='lat' dir='ltr'><strong>Seraphin]</strong></span> <span class='ocrx_word' id='word_1_962' title='bbox 1189 2815 1230 2840; x_wconf 86' lang='lat' dir='ltr'><strong>dat</strong></span> <span class='ocrx_word' id='word_1_963' title='bbox 1241 2813 1467 2846; x_wconf 69' lang='lat' dir='ltr'><strong>interpretationem</strong></span> <span class='ocrx_word' id='word_1_964' title='bbox 1477 2816 1582 2840; x_wconf 76' lang='lat' dir='ltr'><strong>nominis</strong></span> <span class='ocrx_word' id='word_1_965' title='bbox 1591 2814 1729 2844; x_wconf 83' lang='lat' dir='ltr'><strong>Cherublm,</strong></span> <span class='ocrx_word' id='word_1_966' title='bbox 1740 2822 1796 2840; x_wconf 90' lang='lat' dir='ltr'><strong>cum</strong></span> <span class='ocrx_word' id='word_1_967' title='bbox 1807 2822 1848 2840; x_wconf 87' lang='lat' dir='ltr'><strong>ro-</strong></span> 
     </span>
    </p>
   </div>
   <div class='ocr_carea' id='block_1_124' title="bbox 1054 2843 1849 2876">
    <p class='ocr_par' dir='ltr' id='par_1_124' title="bbox 1054 2843 1849 2876">
     <span class='ocr_line' id='line_1_125' title="bbox 1054 2843 1849 2876; baseline 0 -6"><span class='ocrx_word' id='word_1_968' title='bbox 1054 2843 1119 2870; x_wconf 78' lang='lat' dir='ltr'><strong>ctius&#39;</strong></span> <span class='ocrx_word' id='word_1_969' title='bbox 1129 2843 1352 2876; x_wconf 46' lang='lat' dir='ltr'><strong>inuri-pretetur‘ad</strong></span> <span class='ocrx_word' id='word_1_970' title='bbox 1370 2843 1440 2870; x_wconf 65' lang='lat' dir='ltr'><strong>lsaie</strong></span> <span class='ocrx_word' id='word_1_971' title='bbox 1449 2848 1522 2876; x_wconf 85' lang='lat' dir='ltr'><strong>caput</strong></span> <span class='ocrx_word' id='word_1_972' title='bbox 1532 2846 1557 2875; x_wconf 83' lang='lat'><strong>6,</strong></span> <span class='ocrx_word' id='word_1_973' title='bbox 1569 2847 1595 2870; x_wconf 88' lang='lat' dir='ltr'><strong>et</strong></span> <span class='ocrx_word' id='word_1_974' title='bbox 1607 2846 1636 2872; x_wconf 88' lang='lat' dir='ltr'><strong>ad</strong></span> <span class='ocrx_word' id='word_1_975' title='bbox 1652 2843 1748 2871; x_wconf 81' lang='lat' dir='ltr'><strong>Joannis</strong></span> <span class='ocrx_word' id='word_1_976' title='bbox 1759 2846 1800 2876; x_wconf 75' lang='lat'><strong>12,</strong></span> <span class='ocrx_word' id='word_1_977' title='bbox 1810 2847 1849 2874; x_wconf 83' lang='lat' dir='ltr'><strong>tt,</strong></span> 
     </span>
    </p>
   </div>
   <div class='ocr_carea' id='block_1_125' title="bbox 1056 2876 1850 2907">
    <p class='ocr_par' dir='ltr' id='par_1_125' title="bbox 1056 2876 1850 2907">
     <span class='ocr_line' id='line_1_126' title="bbox 1056 2876 1850 2907; baseline 0 -7"><span class='ocrx_word' id='word_1_978' title='bbox 1056 2880 1107 2900; x_wconf 90' lang='lat' dir='ltr'><strong>tum</strong></span> <span class='ocrx_word' id='word_1_979' title='bbox 1119 2876 1269 2901; x_wconf 80' lang='lat' dir='ltr'><strong>narrationes</strong></span> <span class='ocrx_word' id='word_1_980' title='bbox 1279 2879 1311 2900; x_wconf 85' lang='lat' dir='ltr'><strong>de</strong></span> <span class='ocrx_word' id='word_1_981' title='bbox 1323 2876 1465 2901; x_wconf 80' lang='lat' dir='ltr'><strong>inventione</strong></span> <span class='ocrx_word' id='word_1_982' title='bbox 1484 2879 1506 2900; x_wconf 92' lang='lat' dir='ltr'><strong>s.</strong></span> <span class='ocrx_word' id='word_1_983' title='bbox 1527 2878 1614 2906; x_wconf 82' lang='lat' dir='ltr'><strong>crucis,</strong></span> <span class='ocrx_word' id='word_1_984' title='bbox 1631 2877 1693 2907; x_wconf 77' lang='lat' dir='ltr'><strong>apud</strong></span> <span class='ocrx_word' id='word_1_985' title='bbox 1710 2880 1850 2901; x_wconf 68' lang='lat' dir='ltr'><strong>(ireisel‘luil</strong></span> 
     </span>
    </p>
   </div>
   <div class='ocr_carea' id='block_1_126' title="bbox 1058 2907 1850 2938">
    <p class='ocr_par' dir='ltr' id='par_1_126' title="bbox 1058 2907 1850 2938">
     <span class='ocr_line' id='line_1_127' title="bbox 1058 2907 1850 2938; baseline 0 -7"><span class='ocrx_word' id='word_1_986' title='bbox 1058 2913 1082 2931; x_wconf 72' lang='grc' dir='ltr'><strong>ε.</strong></span> <span class='ocrx_word' id='word_1_987' title='bbox 1096 2907 1166 2936; x_wconf 79' lang='grc'>1697,</span> <span class='ocrx_word' id='word_1_988' title='bbox 1179 2907 1248 2938; x_wconf 83' lang='grc'><strong>1706,</strong></span> <span class='ocrx_word' id='word_1_989' title='bbox 1261 2907 1330 2938; x_wconf 86' lang='grc'>1707,</span> <span class='ocrx_word' id='word_1_990' title='bbox 1345 2907 1412 2937; x_wconf 73' lang='grc'><strong>1714,</strong></span> <span class='ocrx_word' id='word_1_991' title='bbox 1425 2910 1476 2931; x_wconf 91' lang='lat' dir='ltr'><strong>tum</strong></span> <span class='ocrx_word' id='word_1_992' title='bbox 1491 2908 1640 2932; x_wconf 81' lang='lat' dir='ltr'><strong>Auastasium</strong></span> <span class='ocrx_word' id='word_1_993' title='bbox 1655 2907 1765 2932; x_wconf 78' lang='lat' dir='ltr'><strong>shiaitam</strong></span> <span class='ocrx_word' id='word_1_994' title='bbox 1779 2908 1808 2932; x_wconf 65' lang='grc' dir='ltr'><strong>ιι</strong></span> <span class='ocrx_word' id='word_1_995' title='bbox 1826 2907 1850 2931; x_wconf 76' lang='lat' dir='ltr'><strong>in</strong></span> 
     </span>
    </p>
   </div>
  </div>
