2060 3125
217 141 270 170 419

215 203 289 231 illum
299 201 425 237 hymnum
435 199 621 228 modulantur:
637 198 757 230 Sanctus,
768 202 880 229 sanctus,
895 202 1007 231 sanctus,

215 249 341 276 Dominus
354 247 478 279 Sabaoth,
487 247 562 281 plena
570 251 605 273 est
615 246 695 272 omnis
703 249 769 271 terra
777 244 857 278 glon'a
866 243 921 278 ejus
931 242 1008 277 (Isai.

215 295 242 323 6.
259 295 298 328 3).
312 294 370 321 Non
395 292 495 328 pudore
521 297 547 319 te
562 291 642 318 allicit
662 289 759 317 Paulus
780 294 808 316 et
828 288 941 324 Moyses.
964 289 1008 323 qui

213 340 324 376 gloriam
341 347 392 366 non
407 337 586 373 prmtergressi
598 336 680 363 sunt?
695 335 799 362 Pudore
808 339 833 362 te
847 334 946 362 al'licict
956 342 1008 361 ca:-

214 387 281 417 lum.
291 385 403 420 gloriam
413 390 552 411 enarrans.
565 382 619 409 Sed
629 389 678 408 nec
691 380 832 416 persuadet
842 381 887 407 tibi
896 381 1009 408 caelum?

215 432 348 459 Pudorem
364 430 479 457 inl‘erent
494 429 590 463 angeli.
603 429 636 455 At
648 427 758 462 angelos
773 427 907 462 despicis?
921 427 1008 454 ﬂere-

215 485 274 504 rere
292 476 468 505 Cherubinos.
493 474 590 501 Verum
617 474 677 501 illos
697 473 777 499 etiam
794 473 920 500 audacter
942 481 1010 508 pra:-

215 521 391 557 tergrederis?
405 520 443 547 Te
464 519 602 559 Seraphin)
618 527 650 546 eo
666 519 794 545 reducant
809 523 837 545 ut
855 519 952 553 sapias.
975 519 1011 545 At

216 575 266 595 nec
278 567 430 595 czelestibus
441 573 491 593 nec
506 565 620 592 terrenis
632 564 801 592 documentis
816 572 916 591 morem
926 564 1009 599 geris?

215 614 299 641 Extra
319 620 424 640 sacrum
437 612 547 639 cltorum
565 618 654 643 mane,
671 615 766 645 sponte
779 610 871 637 exsula
886 617 901 637 a
914 610 1010 637 divinis

215 659 301 686 atriis.
327 658 385 685 Non
401 662 476 692 potes
490 657 562 684 enim
578 657 660 683 Deum
676 656 781 683 curiose
794 655 916 685 scrutari.
930 661 957 683 et
972 656 1012 683 itt-

216 709 257 732 tcr
270 704 361 731 lideles
376 703 521 730 numerari.
534 702 634 736 Ecquid
649 702 682 728 de
697 701 751 728 Deo
764 701 841 729 dico?
854 701 944 728 Nescis
955 701 1010 728 for-

216 749 370 777 midandutn
388 756 449 776 esse
468 748 513 775 Dei
534 753 656 775 naturam
671 747 797 774 audacter
809 747 940 775 scrutari?
955 748 1011 774 lmo

216 804 250 823 ne
266 796 322 831 ipsa
333 795 438 830 quidem
447 802 528 829 opera
541 794 585 820 Dei
594 793 617 820 si
626 793 740 820 volueris
749 793 898 820 accuratius
908 793 1009 825 ritnari,

217 841 325 876 dignum
340 846 365 868 te
377 840 480 875 putabit
502 840 572 866 Deus
593 838 772 866 familiaritate
790 846 849 871 sua,
863 838 910 865 sed
932 838 1011 872 longe

218 887 340 922 repellet,
358 892 385 913 ut
397 886 442 921 qui
457 885 629 920 impossibilia
644 884 816 919 aggredieris.
832 884 936 918 Moyses
951 883 1011 910 talis

218 938 360 967 tantusque
375 933 424 965 vir,
440 936 479 959 tot
499 931 686 958 miraculorum
708 935 834 966 patrator,
848 932 895 966 qui
908 931 1010 958 media-

219 986 261 1008 tor
274 981 321 1008 Dei
337 985 363 1008 et
383 980 520 1007 hominum
544 979 602 1011 fuit,
616 980 657 1006 eui
677 986 750 1006 mare
771 979 887 1005 divisum
901 983 952 1011 est,
966 978 1012 1013 qui

217 1034 314 1054 manna
327 1026 361 1053 de
374 1026 447 1053 caelis
469 1025 596 1052 deduxit:
612 1025 655 1052 hic
669 1025 710 1051 ubi
726 1032 807 1051 unum
821 1032 853 1051 ex
869 1024 914 1051 Dei
930 1024 1012 1058 juSsis

217 1080 298 1100 ausus
308 1077 349 1099 est
363 1072 476 1099 humana
488 1072 591 1098 ratione
610 1070 708 1103 metiri,
724 1078 773 1098 nec
788 1070 884 1096 divinae
899 1077 1011 1097 concesv

219 1119 254 1146 sit
269 1118 403 1153 potentite,
419 1117 610 1144 inexorabilem
630 1124 735 1151 pinnam
755 1116 876 1142 incurrit.
894 1115 928 1143 Ut
940 1116 1012 1143 enim

219 1164 340 1199 pervenit
353 1163 386 1190 ad
407 1168 520 1197 petram,
541 1162 608 1188 dixit
622 1162 654 1188 ad
669 1162 794 1196 populum
810 1170 815 1187 :
830 1161 930 1195 Popute
950 1161 1014 1188 dure

218 1214 241 1236 et
253 1208 389 1240 incredule,
403 1216 463 1234 num
476 1208 507 1234 de
521 1212 592 1241 petra
605 1207 652 1233 hac
667 1212 752 1242 potero
767 1206 835 1234 vobis
846 1207 908 1233 dare
922 1215 1013 1241 aquom

220 1255 314 1289 (Num.
329 1255 374 1282 20.
390 1255 448 1289 10)?
458 1254 491 1281 Et
512 1253 573 1288 quid
596 1253 632 1280 illi
654 1253 726 1280 Deus
742 1262 748 1279 :
766 1252 820 1279 Pro
835 1261 863 1280 eo
875 1253 942 1288 quod
963 1262 1013 1280 non

218 1301 367 1337 gloriﬁcauti
381 1308 421 1327 me
436 1308 521 1326 coram
533 1307 672 1334 synagoga,
690 1307 740 1325 non
759 1298 907 1333 ingrediaris
919 1300 946 1325 in
960 1303 1011 1326 ter-

219 1355 284 1379 ram,
296 1354 372 1382 qttum
385 1346 472 1381 juravi
483 1345 562 1380 (Ibid.
576 1353 600 1371 υ.
618 1344 673 1380 12).
687 1343 736 1372 Hic
747 1344 810 1371 mihi
823 1349 939 1372 mentem
953 1344 1013 1372 dili-

221 1397 314 1427 genter
333 1391 440 1418 adhibe.
463 1389 517 1417 Pro
528 1398 556 1417 eo
569 1390 637 1424 quod
651 1398 702 1416 non
720 1389 869 1427 gloriﬁcasti
882 1398 930 1417 me.
945 1390 1012 1424 Quid

221 1444 278 1467 erat
293 1437 459 1474 gloriﬁcare?
481 1438 585 1469 Dicere,
600 1437 695 1463 Omnia
710 1440 798 1471 pOtest
810 1437 891 1464 Deus.
912 1436 1012 1464 Pecca-

221 1490 276 1512 tum
287 1485 357 1511 cnint
372 1487 415 1511 est
427 1487 518 1510 contra
532 1482 617 1510 Deuttt
633 1482 779 1509 rationibus
789 1487 864 1517 gesta
878 1482 935 1517 ejus
950 1490 1014 1509 exa-

221 1532 334 1564 minare,
346 1538 395 1558 nec
407 1528 607 1557 divittnvirtuti
624 1529 787 1564 permittere,
796 1537 855 1564 quae
865 1536 945 1564 super
956 1537 1013 1556 out-

221 1577 265 1604 nia
289 1581 414 1611 operatur
431 1583 491 1610 quae
513 1582 560 1602 sua
583 1579 655 1602 sunt.
684 1574 871 1602 Defensionem
899 1575 1013 1602 instituit

221 1623 304 1650 David
319 1630 367 1658 pro
377 1622 468 1657 Moyse
480 1621 566 1656 lapso,
580 1629 634 1648 non
651 1625 751 1653 mente,
766 1620 813 1648 sed
827 1621 914 1656 lingua
926 1621 1012 1657 (Ριηι.

222 1669 285 1696 105.
300 1668 356 1703 55).
368 1667 575 1701 Namjustorum
585 1666 680 1693 delicta
695 1666 721 1693 in
737 1666 824 1702 lingua
833 1671 906 1700 sunt,
916 1667 1013 1702 impio-

221 1723 279 1743 rum
288 1715 400 1742 crimina
410 1715 436 1740 itt
445 1718 544 1740 mente.
554 1713 665 1744 Aesicul
674 1713 771 1748 impius
781 1718 871 1741 mente
881 1714 987 1748 quidem
997 1721 1012 1740 a

221 1761 276 1788 Deo
298 1760 455 1795 sejungitur,
469 1759 626 1793 videturque
648 1763 737 1786 tamen
758 1759 862 1786 ratione
882 1759 1012 1786 labiorum

222 1807 384 1841 aliquantum
397 1805 430 1832 ad
444 1812 505 1832 eum
516 1804 660 1836 accedere;
680 1811 740 1830 nam
756 1803 872 1840 Populus
887 1805 927 1831 hic
941 1805 1014 1832 labiis

222 1861 261 1879 me
274 1854 390 1883 honorat,
400 1859 443 1878 cor
456 1857 537 1877 autent
546 1851 600 1885 ejus
611 1851 685 1886 longe
694 1855 730 1877 est
740 1859 754 1876 a
763 1859 802 1877 me
814 1850 889 1886 (Iaai.
897 1851 932 1878 29
939 1871 946 1878 .
956 1851 1011 1887 l3):

222 1898 261 1924 sic
273 1902 300 1924 et
313 1897 372 1931 pius
388 1896 464 1923 ﬁrmo
479 1895 560 1923 corde
571 1895 707 1930 praeditus,
717 1903 788 1930 saepe
802 1896 890 1931 lingua
905 1896 1012 1924 labitur.

223 1943 285 1970 Ideo
310 1942 391 1970 David
413 1942 509 1977 Moysis
528 1942 710 1969 defensionem
733 1942 861 1976 suscipit,
884 1942 1012 1977 propheta

222 1989 380 2024 prophetam
403 1993 497 2023 purgat
518 1997 524 2015 :
548 1987 580 2014 Et
603 1988 765 2015 irritaverant
787 1997 844 2015 eum
863 1989 897 2015 ad
921 1998 1012 2025 aquam

222 2036 435 2067 contradictionis,
448 2040 470 2061 et
483 2039 584 2062 atratus
597 2040 632 2062 est
643 2034 744 2070 Moyses
759 2039 861 2070 propter
874 2044 916 2062 eos
927 2035 1011 2071 (Ρδιιι.

222 2083 284 2110 105.
299 2081 355 2116 52);
368 2088 420 2108 non
435 2085 541 2116 propter
553 2088 591 2107 se.
609 2080 676 2113 Quid
689 2085 778 2108 atttem
792 2081 840 2108 sibi
859 2081 916 2108 vttlt
935 2081 1011 2115 illud,

223 2127 332 2163 Propter
349 2127 410 2154 eos?
425 2126 480 2153 Non
501 2134 535 2153 ex
558 2126 664 2160 proprio
683 2127 772 2152 animo
798 2126 1012 2155 incredulitatem

222 2174 351 2206 exhibuit,
366 2173 414 2201 sed
433 2173 604 2200 conturbatus
625 2180 657 2199 ex
678 2173 888 2200 contradictione
911 2175 1012 2209 populi,

223 2228 276 2248 nott
287 2220 400 2255 amplius
410 2223 527 2246 mentem
539 2218 631 2245 habuit
644 2225 737 2253 puratn
750 2239 756 2251 ,
769 2223 860 2253 utpote
871 2220 1014 2247 conturba-

223 2313 408 2338 Itexacmeron;
436 2311 490 2340 tum
505 2308 780 2340 denique't‘heodorum
797 2309 967 2340 Prodromum,
988 2311 1014 2335 in

223 2341 312 2365 eodem
321 2343 434 2373 Gretsero
445 2346 467 2364 c.
480 2339 549 2363 €509.
562 2339 716 2373 Quodautetu
726 2339 771 2363 ltoe
781 2341 803 2363 in
814 2340 864 2373 loco
872 2341 1014 2373 Chrysosto-

223 2378 278 2395 mus
288 2371 432 2401 Seraphinos
444 2374 516 2400 ponat
526 2376 598 2400 supra
607 2369 766 2401 Clteruhines,
776 2372 889 2396 oratione
898 2369 957 2396 vero
966 2377 1013 2397 ter~

223 2405 256 2427 tia
267 2402 299 2426 de
311 2400 550 2432 Incomprehensibili
564 2406 646 2425 contra
663 2400 741 2430 faciat,
756 2408 828 2432 quatit
839 2403 959 2427 rationem
970 2403 1013 2428 da-

224 2434 303 2457 bimus
309 2432 323 2464 97
335 2431 429 2456 Scilicet
443 2432 466 2455 itt
479 2437 506 2455 re
519 2431 644 2455 arbitraria
657 2435 682 2456 et
702 2431 802 2462 incerta,
825 2434 949 2458 variationi
962 2435 1014 2464 opi-

223 2463 397 2499 niopislocutn
416 2468 480 2499 esse.
501 2466 571 2497 I'orro
588 2463 847 2499 exlttratiottenicelze
860 2463 1016 2499 Paphlagonis

224 2495 249 2519 in
262 2493 356 2518 laudent
369 2493 531 2517 nartholotnzei
543 2493 651 2523 apostoli.
667 2494 789 2518 novissimi
803 2493 902 2519 Auctat-t'i
912 2494 1016 2520 Combe-

223 2525 298 2550 fisiani
312 2531 335 2555 p.
359 2524 415 2556 592,
426 2524 480 2556 598,
491 2525 538 2556 _uhi
558 2525 656 2556 ordines
666 2525 771 2555 angelici
786 2525 903 2556 gradatim
915 2532 1016 2551 enume-

225 2554 319 2582 rantur;
327 2554 447 2578 excidisse
460 2554 638 2586 videntttr‘vitio
649 2554 909 2586 antiquariifvirtules;
922 2561 947 2581 et
958 2561 1016 2582 Ora-

224 2587 292 2619 tione
302 2585 449 2619 in_'t‘hotuam
461 2592 485 2616 p.
495 2585 549 2619 570,
561 2584 655 2619 throni;
666 2584 868 2616 quétnadtnodunt
887 2588 963 2618 liquet
972 2596 1017 2619 per

223 2616 374 2641 consimilem
387 2617 691 2641 enumeratione-luMeette
702 2621 765 2641 orat.
779 2618 803 2641 in
816 2616 947 2643 l’etrum'et
960 2616 1017 2643 Pau-

225 2647 274 2679 tum
288 2654 311 2677 p.
323 2646 378 2675 33$,
391 2651 491 2671 ουκ-ιη.
501 2653 527 2679 tn
536 2647 770 2679 Judunt't'haddmum
781 2655 804 2679 μ.
817 2648 871 2672 421.
884 2648 1017 2675 Consulcre

226 2678 303 2710 adhuc
316 2682 385 2710 potes
396 2677 706 2710 Nota.§_ad_Apostolioorum
718 2677 796 2710 opera
805 2685 827 2703 c.
836 2679 891 2709 512,
903 2681 1017 2710 insuper-

226 2714 275 2740 que
285 2706 482 2740 S._'lren.-eun_tlii_t
491 2707 519 2740 .__l
529 2706 599 2740 ρων,
613 2708 634 2737 1,
647 2715 669 2738 p.
682 2709 720 2739 2|,
735 2706 761 2735 et
773 2717 796 2733 tn
806 2706 937 2740 Epiphanio
948 2706 1013 2738 liter,

226 2738 265 2768 si,
278 2745 302 2761 η.
312 2738 349 2772 17,
356 2747 386 2772 rp.
398 2738 452 2772 tu},
463 2736 490 2765 ρ,
538 2738 572 2761 Ac
580 2736 677 2772 ueniunt
686 2736 901 2772 aristarnitaétru
909 2746 960 2770 cap.
970 2736 1013 2772 pp;

225 2772 326 2800 strenui,
341 2767 403 2794 Nam
416 2767 545 2792 Clterubim
560 2769 683 2800 plenitudo
693 2769 799 2795 scientia:
809 2770 908 2800 dicitur,
927 2767 948 2796 ei
962 2767 1014 2796 tu-

226 2799 343 2830 tuiynea
360 2805 494 2830 peragrans
512 2798 656 2829 appellatur,
679 2806 718 2824 me
730 2801 796 2830 vide;
814 2798 929 2826 audacter
948 2803 1014 2827 enim

227 2828 324 2885 milia),
336 2834 358 2856 et
368 2828 497 2861 Serapltint
515 2829 590 2856 virtus
608 2828 678 2862 ignea
688 2828 795 2862 ﬂagrans
804 2832 947 2864 appellatur.
968 2833 1014 2858 (Σο-

966 141 1100 169 INCERTI

1805 144 1858 173 4Ξο

1064 204 1127 226 tam.
1142 198 1206 226 [late
1227 198 1352 233 loquutus
1371 205 1431 225 sum
1445 197 1479 225 ab
1496 197 1601 225 ofﬁcina
1624 198 1770 232 iniquitatis
1795 207 1857 234 pro-

1063 244 1127 271 lata.
1140 243 1189 272 Ubi
1213 244 1311 272 audisti
1332 244 1452 278 genitum
1466 248 1494 271 et
1506 243 1669 278 ingenitum?
1691 245 1736 271 ubi
1759 245 1857 274 audisti

1062 297 1145 317 novas
1161 290 1231 322 illas,
1250 290 1358 317 insanas
1377 290 1513 324 [astusque
1529 290 1620 324 plenas
1631 290 1781 318 dictiones?
1795 291 1856 318 Cir-

1062 336 1221 370 cumscripta
1239 340 1301 362 sunt
1325 335 1380 367 illa,
1396 343 1456 370 quas
1478 335 1593 370 Spiritus
1614 341 1686 369 sunt,
1700 341 1728 363 et.
1749 336 1856 364 inducta

1062 381 1177 408 vicissim
1193 389 1223 409 ea
1238 389 1298 417 quae
1313 386 1375 409 sunt
1389 381 1497 409 diaboli.
1514 381 1541 409 Si
1553 383 1610 409 lucc
1622 384 1730 417 quieris,
1744 382 1855 410 Paulum

1062 436 1145 463 quare
1163 429 1209 456 tibi
1224 428 1345 455 vindicas
1364 428 1523 455 doctorem?
1535 428 1558 455 si
1574 428 1632 456 haec
1644 429 1750 456 curiose
1765 430 1857 464 explo-

1062 481 1117 505 ras,
1130 474 1237 501 Petrum
1249 479 1275 501 te
1287 474 1386 502 habere
1399 474 1461 509 quid
1475 474 1616 509 gloriaris?
1630 474 1722 502 Fidem
1734 483 1811 510 nega,
1828 480 1857 503 et

1063 519 1154 554 profer
1176 519 1360 553 quaestionem.
1376 518 1430 546 Sed
1442 526 1457 545 a
1468 519 1614 554 Scriptura,
1636 520 1730 554 inquit,
1746 528 1798 547 non
1815 528 1856 548 re-

1062 565 1129 592 cedo
1141 586 1149 598 ,
1163 565 1242 593 absit.
1265 565 1389 592 lnimictts
1402 570 1429 591 et
1441 567 1473 577 “⁶
1487 564 1525 601 (α)
1538 560 1683 600 discipulus
1705 572 1733 594 et
1748 567 1857 594 ratioci-

1063 611 1168 638 niorum
1189 611 1331 650 magister?
1350 610 1460 645 Explica
1477 611 1541 638 mihi
1555 611 1600 645 qui
1615 612 1750 638 ratiocinia
1770 617 1858 640 secta-

1063 657 1117 688 ris,
1139 657 1274 692 quomodo
1293 657 1415 684 Christus
1432 658 1521 692 ianuis
1536 657 1634 685 clausis
1654 659 1790 692 ingreSsus
1811 659 1855 686 sit.

1063 703 1130 737 Quid
1141 711 1209 737 opus
1221 708 1263 730 est
1277 703 1327 730 alia
1344 704 1476 730 tractare?
1495 704 1560 730 Nam
1575 711 1647 738 s;cpe
1660 709 1686 731 et
1701 704 1856 732 dicentibus

1063 755 1090 777 et
1101 750 1269 778 audientibus
1283 750 1446 778 detrimento
1459 755 1529 777 sunt.
1545 750 1601 777 Non
1613 750 1673 777 dico
1693 751 1749 783 tibi,
1765 751 1854 778 invisi-

1064 797 1144 824 bilem
1159 802 1280 824 naturam
1301 805 1406 832 expone
1423 806 1429 824 :
1443 797 1578 832 quomodo
1587 798 1679 832 genuit
1695 798 1782 830 Pater,
1796 799 1856 832 quis

1063 842 1159 870 divina:
1167 843 1347 878 generationis
1357 843 1469 876 modus;
1482 843 1687 878 dispensationis
1699 843 1735 879 (ὸ)
1747 844 1855 871 modum

1063 890 1181 924 requiro.

1100 936 1127 962 5.
1145 935 1193 962 Dic
1203 935 1336 970 quomodo
1344 935 1434 970 januis
1447 936 1544 963 clausis
1559 936 1694 970 ingressus
1709 936 1744 963 sit
1758 936 1855 964 Serva-

1065 985 1116 1014 tor,
1128 981 1263 1016 quomodo
1277 982 1428 1017 ingressum
1439 982 1518 1010 fuerit
1530 990 1628 1017 corpus
1642 981 1851 1017 (Joan.20.‘26).

1064 1027 1148 1061 Negat
1162 1033 1254 1054 ttatura
1267 1029 1438 1062 corporis‘“
1453 1029 1599 1063 evangelia.
1612 1029 1639 1056 Si
1655 1028 1734 1056 iidem
1748 1037 1854 1064 sequar,

1064 1073 1164 1100 veritas
1187 1077 1227 1100 est
1247 1073 1407 1100 certissima.
1422 1073 1561 1107 Quomodo
1585 1075 1673 1109 jauuis
1695 1075 1793 1102 elattsis
1815 1075 1851 1101 in-

1063 1125 1171 1152 gressus
1186 1118 1247 1146 est?
1267 1119 1324 1146 Non
1345 1124 1403 1146 erat
1417 1120 1486 1147 enittt
1501 1120 1657 1155 incorporea
1676 1126 1781 1154 natura,
1797 1129 1856 1156 qua:

1065 1171 1177 1199 corpora
1193 1165 1282 1192 omnia
1304 1171 1443 1200 penetrat;
1469 1166 1517 1193 sed
1543 1171 1601 1194 erat
1613 1174 1673 1194 cunt
1699 1168 1855 1202 incorporea

1064 1217 1182 1245 corpus;
1212 1211 1291 1246 idque
1315 1216 1375 1239 erat
1397 1212 1562 1247 incorporea:
1589 1217 1691 1240 natura:
1715 1220 1854 1248 organum.

1065 1256 1122 1283 Hoc
1135 1257 1233 1292 quippe
1248 1264 1346 1292 corpus
1359 1257 1504 1285 ltumanum
1525 1258 1650 1286 Scrvator
1665 1259 1767 1286 habuit.
1779 1259 1857 1287 Certe

1064 1302 1186 1337 discipuli
1197 1303 1230 1330 ad
1245 1311 1343 1330 novum
1359 1304 1515 1331 miraculum
1527 1306 1709 1341 respicientes,
1721 1307 1858 1333 existima-

1065 1354 1126 1376 runt
1141 1350 1263 1384 spiritum
1279 1357 1348 1383 esse,
1369 1351 1430 1385 quia
1456 1351 1520 1378 illud
1535 1357 1656 1379 naturam
1671 1353 1790 1387 corporis
1813 1362 1857 1380 su-

1066 1395 1239 1429 perabat.
1254 1395 1438 1425 dubitantibus
1450 1397 1486 1424 ait
1500 1406 1506 1424 :
1524 1397 1633 1432 Palpate
1650 1407 1698 1432 me,
1721 1405 1744 1427 et
1765 1400 1854 1432 videte,

1064 1441 1125 1477 quia
1138 1442 1243 1476 spiritus
1256 1450 1368 1475 carnem,
1378 1447 1400 1469 el
1415 1451 1473 1477 ossa
1486 1451 1535 1470 non
1547 1444 1631 1478 liabet,
1645 1446 1708 1472 sicut
1721 1454 1760 1472 me
1771 1446 1857 1472 videtin

1065 1488 1156 1515 habere
1173 1487 1248 1524 (Luc.
1263 1488 1307 1516 24.
1329 1489 1386 1525 59).
1404 1480 1544 1522 Quomodo
1561 1490 1695 1525 ingressus
1714 1491 1774 1518 est?
1794 1500 1856 1519 ttunt

1065 1541 1170 1562 asseres
1184 1535 1267 1562 instar
1279 1536 1349 1563 aeris
1363 1536 1443 1563 soluti
1459 1537 1541 1563 sunt?
1563 1545 1596 1564 an
1611 1536 1680 1564 forte
1699 1545 1796 1572 corpus
1809 1545 1855 1564 ex-

1067 1586 1204 1609 tenuatum
1219 1587 1270 1614 est,
1286 1583 1378 1617 sicque
1393 1583 1540 1617 permeavit
1555 1583 1618 1618 ligni
1633 1585 1856 1612 crassitudinem?

1067 1629 1101 1654 At
1111 1636 1197 1663 neque
1211 1632 1238 1655 tu
1249 1629 1340 1656 dicere
1354 1634 1440 1664 potes,
1451 1637 1538 1665 neque
1547 1637 1597 1665 ego
1607 1631 1750 1665 explanare
1763 1631 1838 1658 valeo
1849 1640 1854 1657 :

1066 1675 1132 1702 nihil
1144 1675 1238 1702 ltorutn
1250 1675 1315 1703 ntihi
1333 1676 1469 1711 Scriptura
1483 1676 1601 1709 tradidit,
1615 1684 1672 1704 rem
1687 1685 1738 1704 non
1752 1677 1856 1704 Curiose

1067 1722 1205 1756 perquiro:
1222 1729 1253 1749 ea
1266 1730 1325 1756 quae
1339 1722 1495 1756 praedicavit
1507 1730 1616 1757 sequor,
1629 1723 1734 1750 etiamsi
1749 1723 1855 1750 nollent.

1067 1769 1218 1805 lngressum
1233 1776 1294 1796 esse
1307 1769 1388 1796 credo
1401 1779 1408 1797 :
1420 1769 1554 1804 quomodo
1565 1775 1653 1796 autem
1669 1777 1722 1796 non
1735 1770 1855 1804 exploro.

1065 1814 1104 1842 Ne
1127 1816 1221 1849 putes‘
1231 1816 1239 1826 ‘
1249 1816 1257 1826 '
1279 1815 1377 1842 clausis
1390 1815 1478 1849 jannis
1492 1815 1627 1850 ingressus
1640 1820 1691 1842 est.
1708 1815 1765 1842 Non
1781 1815 1855 1847 dixit,

1066 1859 1206 1887 Rarcfacta
1223 1865 1269 1887 attt
1291 1860 1377 1887 solttta
1395 1860 1475 1895 janua
1491 1860 1626 1895 ingressus
1640 1866 1690 1892 cst,
1704 1861 1752 1888 sed
1766 1860 1857 1888 Januis

1066 1906 1169 1933 clausis.
1191 1906 1265 1940 Quod
1287 1905 1384 1933 factum
1408 1911 1447 1933 est
1461 1907 1595 1938 narravit;
1620 1907 1679 1941 quis
1703 1907 1742 1934 rei
1762 1907 1858 1934 modus

1067 1953 1146 1980 fuerit
1168 1961 1221 1979 non
1244 1953 1400 1980 declaravit.
1415 1953 1486 1980 Exiit
1510 1953 1604 1979 Petrus
1626 1961 1641 1979 c
1662 1960 1787 1985 carcere;
1811 1952 1857 1979 sed

1065 2004 1165 2033 aperta:
1186 2003 1248 2025 suttt
1268 1999 1292 2025 ei
1315 1999 1420 2033 jannte,
1443 1998 1524 2033 idque
1543 1998 1678 2032 Scriptura
1700 1997 1858 2033 signiﬁcavit

1066 2045 1108 2072 his
1122 2046 1228 2072 verbis:
1246 2045 1422 2080 Porta‘ferrea
1435 2044 1502 2071 ultro
1520 2048 1607 2078 aperta
1619 2049 1655 2071 est
1674 2044 1709 2070 eis
1730 2043 1797 2078 (Act.
1813 2043 1856 2070 l2.

1067 2091 1122 2128 10).
1138 2091 1196 2119 Νοη
1209 2091 1287 2124 dixit,
1303 2090 1380 2118 Ultro
1394 2090 1511 2125 suscepit
1526 2090 1634 2117 Petrum
1656 2094 1857 2117 transeuntem:

1066 2137 1211 2167 humanum
1227 2137 1325 2171 quippe
1347 2143 1445 2171 corpus
1458 2139 1526 2168 erat,
1541 2140 1568 2162 et
1582 2143 1613 2162 ex
1630 2134 1745 2162 humana
1760 2142 1856 2162 massa.

1066 2183 1169 2217 Corpus
1185 2189 1249 2210 vero
1267 2182 1366 2209 Christi
1383 2181 1526 2208 ltumanttm
1550 2181 1659 2216 quidem
1675 2186 1744 2214 erat,
1757 2181 1792 2208 ob
1811 2189 1857 2209 co-

1066 2229 1218 2264 gnationem
1243 2236 1323 2263 quatit
1347 2228 1484 2255 nobiscum
1507 2227 1606 2260 habet;
1630 2228 1748 2255 divinum
1771 2233 1858 2256 autent

1066 2275 1102 2302 ob
1118 2275 1242 2301 unionem
1256 2274 1352 2304 Verbo,
1369 2277 1395 2300 et
1410 2273 1444 2300 ob
1467 2273 1650 2300 adtttirabilem
1669 2273 1781 2308 Virginis
1797 2281 1858 2308 par-

1067 2326 1122 2347 tum
1133 2322 1180 2355 (ε).
1196 2319 1336 2354 Quomodo
1353 2319 1441 2353 jauuis
1454 2319 1552 2346 clausis
1568 2319 1703 2354 ingressus
1718 2320 1777 2347 est?
1793 2328 1859 2355 quo-

1067 2367 1148 2394 ntodo
1161 2367 1233 2394 caulis
1247 2367 1344 2393 clausis
1354 2365 1494 2393 ascendit?
1507 2365 1529 2393 0
1544 2366 1722 2393 temeritatem
1739 2366 1799 2392 talia
1814 2374 1857 2393 au-

1099 2434 1136 2465 (ιι)
1153 2435 1193 2458 llic
1214 2438 1239 2458 et
1251 2434 1328 2458 tribus
1341 2434 1363 2458 in
1378 2433 1436 2458 locis
1453 2433 1624 2465 sequentibus,
1634 2434 1675 2464 qui
1687 2435 1810 2460 asteriscis
1820 2442 1860 2459 no-

1067 2464 1159 2493 tantur,
1169 2466 1310 2490 testilieatur
1322 2464 1458 2490 Cotclerius
1466 2464 1601 2489 desiderari
1616 2465 1726 2496 quinque
1742 2465 1821 2490 lineas
1831 2466 1859 2491 ad

1068 2496 1199 2562 "natiiis
1206 2526 1417 2562 dispensationem
1429 2527 1514 2562 (Grtec.
1526 2526 1639 2562 obsaeptum)
1654 2525 1778 2562 intelligas
1789 2528 1859 2553 incan-

1069 2559 1192 2583 nationcm
1204 2557 1446 2590 Christuseupotius
1463 2558 1641 2590 wtamrserie-m
1661 2557 1786 2590 natalium,
1805 2566 1860 2590 ονο-

1070 2595 1133 2617 rum,
1147 2593 1172 2613 et
1177 2589 1267 2643 gtortis
1278 2589 1375 2618 Christi,
1388 2595 1444 2620 qua:
1456 2589 1481 2613 in
1504 2589 1698 2619 redentptionem
1711 2588 1807 2613 humani
1820 2588 1859 2621 ge-

1070 2621 1138 2643 neris
1147 2626 1176 2643 ec
1195 2623 1246 2643 unt.

1069 2621 1138 2644 ueris
1147 2621 1246 2644 cedunt.

1101 2651 1136 2680 (c)
1153 2653 1224 2683 Juxta
1242 2650 1306 2683 hunc
1324 2650 1404 2683 locum
1418 2650 1511 2683 corrigi
1529 2649 1602 2674 velim
1621 2651 1751 2683 ttusticum,
1769 2650 1862 2683 quando

1071 2684 1139 2705 notat
1149 2682 1178 2705 ad
1190 2681 1308 2712 synodum
1320 2680 1544 2706 CilalcutitlneilSeﬂl
1557 2687 1563 2705 :
1580 2680 1663 2712 Melior
1671 2680 1869 2712 iuterpreiatiosit

1070 2718 1098 2736 co
1110 2711 1248 2743 thdrlieus
1263 2713 1365 2743 tferhum
1385 2711 1548 2743 incarnatione
1570 2715 1593 2736 et
1610 2711 1780 2737 inlutnwnotus
1796 2712 1862 2743 sitiet

1071 2742 1223 2773 conceptione
1234 2742 1335 2774 tntiverit
1357 2742 1486 2774 templum;
1500 2744 1531 2767 ita
1544 2745 1578 2774 ut,
1592 2743 1720 2772 scribatur,
1734 2742 1861 2768 meliorin-

1072 2773 1212 2804 tet-pretatio
1220 2773 1260 2803 sit,
1269 2779 1296 2798 eo
1303 2773 1366 2802 quod
1379 2777 1444 2798 Deus
1456 2775 1558 2798 Verbum
1569 2773 1708 2798 incarnatus
1719 2777 1743 2798 et
1754 2773 1862 2798 inhuma<

1072 2803 1142 2829 nutus
1159 2804 1201 2833 sit,
1213 2807 1237 2835 et
1252 2810 1284 2829 ex
1302 2805 1454 2835 conceptione
1469 2803 1570 2829 tonuerit
1586 2804 1708 2835 temptant.
1721 2808 1788 2835 “rem.
1803 2805 1862 2828 tre-

1167 2834 1339 2866 pt'atclarwque
1355 2833 1509 2861 collectiouis
1525 2833 1655 2861 Baluziana:
1671 2835 1718 2861 col.
1736 2833 1805 2860 1080.
1823 2840 1862 2860 (⁷ος
