2060 3125
221 113 272 143 ἰ25

219 175 226 207 ζ
241 172 339 199 llaruclt
364 173 391 200 5.
408 171 530 206 52.v35).
556 171 587 198 Et
598 175 657 205 post
670 175 767 207 tantam
780 170 937 204 theologiam
951 169 1003 196 ait:

222 228 230 244 ι
243 218 291 245 Hic
300 222 342 245 est
354 217 423 244 Deus
442 222 543 250 noster,
554 225 604 243 non
617 206 789 243 :estimahitur
801 215 868 242 alius
877 216 910 242 ad
923 224 982 245 eum
995 226 1004 241 ι

219 263 299 299 (Ibid.
311 272 334 290 υ.
351 263 470 298 56.-58).
496 263 683 291 Animadverte
697 261 848 297 diligenter,
863 270 915 297 qtto
926 267 1007 297 pacto

218 309 330 336 alterum
341 309 474 336 excludat.
494 318 503 334 ι
527 308 583 335 Νοιι
599 307 775 336 atstimabitur
796 307 864 334 alius
885 308 917 335 ad
934 316 1004 335 euin.

218 354 321 382 lnveuit
342 361 449 381 omnem
474 353 542 382 viam
569 354 697 386 Scienti-a3,
717 358 743 380 et
765 353 836 380 dedit
852 361 910 380 eam
924 354 1006 393 Jaeob

218 408 300 436 puero
313 408 372 434 suo,
384 404 410 428 et
421 399 503 429 lsrael
521 400 617 427 dilecto
632 408 680 427 suo
690 401 741 436 (a).
755 401 817 428 Post
831 401 887 428 lnec
899 400 923 427 in
936 405 1004 428 terra

217 448 290 473 visus
303 450 363 478 est,
380 450 407 473 ct
425 453 484 473 cum
498 445 648 473 hominibus
670 452 844 474 conversatus
863 451 913 474 cst.
931 456 939 471 ι
959 446 1005 473 llic

217 493 287 520 Deus
300 496 392 519 noster
407 491 440 518 ad
460 499 537 526 quem
552 500 603 518 non
617 493 791 519 mstimabitur
805 493 882 524 alius,
897 493 1003 519 interra

216 538 288 565 visus
301 541 342 565 est
356 541 384 564 et
397 544 456 564 cum
472 537 623 565 hominibus
647 543 819 567 conversatus
840 543 880 565 est
903 543 1003 572 postea.

220 582 297 610 Vides
310 582 448 620 veritatem
462 583 643 609 conﬁrmatam
655 584 666 610 ?
681 583 748 610 Vide
765 588 792 610 ut
804 584 887 611 errori
902 584 1002 610 aditum

217 629 384 662 intercludat,
396 638 429 657 ne
439 629 546 657 Judzeus
555 630 691 657 veritatem
703 630 878 657 calumnietur
885 635 913 658 et
922 630 1002 667 dicat,

218 676 288 703 Deus
312 675 384 703 visus
403 680 444 703 est
468 683 483 702 a
510 675 616 711 Moyse;
643 676 764 711 apparuit
786 676 856 703 enirn
883 676 951 704 Deus
976 675 1003 708 in

216 727 317 749 monte.
334 721 434 749 Praeter
447 730 507 749 etim
523 730 575 749 non
589 727 629 750 est
640 723 707 750 alius
721 731 727 749 :
743 730 791 750 nec
814 723 886 758 ejicit
898 723 1003 753 Patrem

216 775 231 795 ει
243 767 331 795 divina
346 767 484 804 dignitate.
510 769 588 795 Pater
602 769 624 796 si
643 769 715 797 solus
739 770 889 797 nominatus
912 770 1002 806 fuerit,

215 813 435 841 exterminabitne
451 813 546 841 Filitnn
560 821 574 841 a
590 815 724 842 communi
739 815 1002 851 dignitate?Quando

216 859 282 886 dicit
294 860 361 887 Deus
372 880 379 892 ,
395 859 452 886 sive
467 859 562 892 Pater,
578 860 634 888 sive
654 860 736 887 Filius
747 881 754 893 ,
770 868 799 888 se
812 860 897 890 sohun
922 869 1003 891 unum

216 914 287 939 esse,
302 913 353 932 non
366 909 444 940 negat
459 911 560 933 natura:
570 913 624 933 sua‘.
634 907 807 934 consm-tium.
819 906 899 936 Pater
907 907 1002 938 Filium

214 959 268 978 non
281 951 362 985 ejicit,
377 950 460 978 Filius
471 958 522 978 non
538 956 614 986 negat
632 951 754 985 Patrem;
771 952 818 981 sed
834 960 894 982 cum
907 952 1002 983 similia

215 999 349 1032 dicuntur,
364 1002 455 1026 contra
476 999 607 1027 idolorum
621 1007 740 1028 errorem
763 1008 855 1029 sermo
879 1001 1000 1033 habetur.

215 1045 268 1072 Cur
281 1049 373 1076 contra
387 1045 556 1079 Unigenitum
570 1045 761 1081 blasphemiam
777 1048 910 1082 apparas?
923 1047 1002 1077 [dolis

217 1091 285 1117 Deus
299 1098 350 1118 non
366 1091 411 1118 dat
429 1091 540 1126 gloriam
559 1099 650 1124 suam;
670 1100 703 1119 an
717 1100 803 1128 neque
822 1093 846 1120 ei
864 1093 909 1120 dat
923 1101 1001 1128 quem

215 1136 326 1171 genuit?
342 1135 390 1163 Dat
409 1140 482 1164 certe
494 1143 544 1163 non
558 1137 702 1164 secundutn
713 1139 834 1172 gratiam,
846 1138 892 1166 sed
907 1146 1003 1166 secun-

215 1181 278 1210 dum
303 1185 402 1210 natura:
425 1182 598 1208 consortium.
618 1182 693 1209 Unde
718 1191 782 1210 vero
806 1184 1002 1215 demonstratur

215 1226 348 1253 Christum
371 1226 481 1262 glmiant
505 1227 590 1254 Patris
611 1227 751 1262 accipere?
772 1229 815 1256 Ait
830 1229 901 1259 enim
916 1239 922 1257 :
937 1229 1000 1256 Clo-

215 1272 279 1298 riam
293 1280 372 1298 nteant
393 1272 465 1298 alteri
480 1280 529 1299 non
547 1271 610 1299 dabo
624 1273 633 1308 (
645 1272 707 1300 lsai.
721 1274 765 1301 42,
779 1273 824 1309 8).

251 1319 277 1346 τ.
298 1318 365 1345 Audi
385 1317 447 1353 quid
464 1318 523 1353 ipse
542 1318 667 1346 Servator
685 1327 744 1347 cum
767 1321 895 1355 apostolis
911 1321 1000 1351 disse-

217 1372 279 1392 rens
289 1365 359 1392 dicat
372 1376 378 1392 ;
390 1364 451 1392 Cum
464 1367 557 1393 venerit
569 1366 652 1395 Filius
666 1366 773 1394 hominis
786 1369 811 1394 in
824 1368 904 1403 gloria
918 1368 1002 1400 Patris

214 1411 254 1437 sai
267 1410 360 1445 (Mart.
374 1411 400 1438 8.
415 1411 482 1444 58);
499 1415 638 1446 postquam
654 1412 697 1439 ille
712 1412 784 1446 prius
797 1412 923 1446 dixissrt,
936 1413 1000 1441 Elo—

215 1456 280 1482 riam
293 1464 372 1482 meam
389 1455 462 1482 alteri
477 1464 526 1483 non
539 1456 611 1483 dabo.
628 1456 752 1485 Scrutare
765 1457 875 1490 dictum,
890 1463 916 1486 et
929 1459 1002 1487 inve-

215 1502 273 1529 nies
287 1509 405 1530 sensum.
423 1501 537 1528 Gloriam
561 1511 658 1536 meam,
674 1510 726 1529 non
749 1503 831 1537 dixit,
856 1504 924 1532 Filio
942 1512 1002 1532 meo

217 1555 269 1574 non
281 1547 359 1578 dabo,
373 1547 430 1580 sed,
443 1547 521 1574 Alteri
536 1556 585 1575 non
599 1549 673 1575 dabo.
688 1549 806 1576 Alterum
820 1555 907 1579 autem
921 1557 961 1578 est
976 1551 1001 1580 id

216 1593 286 1626 quod
296 1598 337 1619 est
347 1593 461 1620 alienum
476 1600 489 1619 a
503 1594 646 1627 consortio,
662 1598 688 1620 et
700 1602 714 1620 a
728 1599 819 1621 natura
834 1600 1000 1629 separatum;

217 1638 299 1671 Filius
313 1643 402 1668 autem
423 1647 476 1666 non
490 1646 529 1667 est
542 1640 610 1667 alter
626 1649 632 1666 :
648 1640 712 1668 Nam
728 1640 784 1677 Ego
797 1647 820 1668 et
834 1641 912 1669 Pater
924 1651 1002 1670 unum

216 1692 311 1712 ulmus.
328 1684 405 1711 Clare
416 1691 480 1719 ergo
493 1684 702 1713 demonstratum
714 1690 764 1718 est,
780 1686 854 1719 illud,
868 1687 901 1715 Ut
911 1696 1002 1723 cogno-

215 1734 314 1757 scantte
325 1729 407 1757 solum
420 1738 504 1756 verum
515 1730 595 1757 Deum
605 1730 691 1766 (Joan.
706 1732 748 1759 10.
761 1731 817 1767 30),
830 1740 882 1761 non
896 1733 1002 1761 auferre

215 1783 229 1801 a
242 1775 327 1807 Filio,
344 1783 404 1804 esse
418 1783 508 1802 verum
533 1776 625 1803 Deum.
649 1776 686 1804 Ne
710 1777 833 1812 repudies
851 1786 1001 1807 sermonem

215 1827 275 1849 cum
288 1820 430 1853 calumnia,
446 1821 520 1856 quasi
533 1827 628 1849 sensus
641 1827 779 1856 suspectus
791 1823 898 1851 relictus
909 1823 943 1850 sit
957 1833 962 1849 :
976 1824 1002 1856 id

215 1866 285 1902 quod
305 1867 374 1902 passi
397 1872 458 1894 sunt
476 1867 582 1902 quidam
604 1875 619 1895 e
642 1867 766 1897 fratribus
790 1870 859 1897 circa
881 1871 999 1898 calicem.

188 1946 192 1951 _
216 1911 254 1940 Ac
266 1913 288 1942 si
301 1913 371 1940 enim
394 1914 523 1940 sententia
539 1914 696 1941 solutionem
713 1922 765 1942 non
785 1916 948 1949 accepisset,
964 1917 1002 1946 sic

215 1960 410 1990 accusationem
429 1960 585 1987 intulerunt.
603 1960 667 1987 Nam
681 1961 804 1988 dixerunt
818 1971 824 1988 :
839 1962 1001 1998 Suspensam

215 2010 242 2035 et
255 2005 394 2032 sublimem
409 2006 514 2040 reliquit
527 2005 747 2040 disquisitionem.
757 2006 825 2040 Quid
837 2011 937 2040 autem,
952 2008 1003 2034 tra—

219 2055 282 2082 tres,
297 2050 409 2085 atnplius
420 2050 559 2078 dicendum
574 2052 750 2086 suppetebat?
766 2052 827 2086 quid
842 2053 913 2087 prius
926 2053 1003 2079 dictis

215 2095 307 2123 deerat
319 2095 352 2128 ad
365 2096 639 2124 demonstrationem?
662 2097 750 2124 Primo
763 2097 880 2132 quidem,
898 2098 928 2125 Si
943 2106 1002 2133 pos-

216 2142 286 2168 sibile
300 2146 346 2176 est,
360 2147 470 2169 transeat
482 2150 497 2168 a
512 2151 551 2168 mc
564 2142 631 2169 calix
644 2143 690 2169 iste
704 2142 816 2180 (Matth.
829 2144 874 2172 26.
885 2144 940 2180 59)
955 2153 961 2171 :
977 2150 1003 2172 et

216 2187 247 2214 ad
264 2187 288 2214 id
304 2187 372 2222 quod
386 2195 436 2225 per
459 2188 529 2215 illam
552 2188 694 2216 dictionem
717 2189 865 2224 suggeritur
877 2188 888 2226 (
899 2190 1003 2218 videtur

214 2233 285 2263 enim
300 2233 381 2261 dictio
393 2234 585 2268 supplicantem
601 2235 649 2261 sul)
663 2235 738 2261 aliain
754 2240 912 2270 potestatem
929 2237 1002 2263 redi-

214 2279 317 2313 gere),
339 2279 475 2306 attulimus
491 2287 583 2306 vocem
608 2280 679 2307 illam
701 2280 825 2314 Domini,
849 2289 908 2315 qua:
930 2283 1002 2311 omni

214 2330 286 2352 certe
301 2325 387 2351 divina
402 2327 558 2352 auctoritate
574 2326 649 2360 plena
663 2331 718 2358 est,
736 2327 901 2362 dicentisque
914 2328 1000 2363 digni-

215 2376 295 2397 tatenl
317 2371 427 2398 exhibet
450 2380 456 2397 :
479 2371 632 2398 Potestutem
655 2371 733 2398 Imbro
759 2373 868 2406 ponendi
891 2374 1002 2400 anitnam

215 2425 305 2448 meam,
317 2422 339 2443 at
352 2422 496 2452 potestatem
509 2417 586 2444 habeo
597 2418 711 2444 sumendi
724 2426 778 2444 eant
788 2418 819 2454 ,(1
821 2427 879 2445 οαη.
894 2419 1000 2456 l0.18),

215 2462 382 2497 tliximusque
395 2463 459 2490 illud
470 2483 477 2493 ,
495 2463 598 2496 llabco,
614 2463 758 2490 divinitatis
773 2466 908 2499 proprium
922 2473 981 2493 esse
994 2474 1001 2498 ;

215 2508 278 2535 illud
294 2517 358 2536 vero
375 2519 381 2536 :
395 2509 425 2536 Si
446 2510 562 2544 possibile
576 2515 628 2542 est,
644 2516 752 2538 transeat
773 2521 788 2537 α
808 2521 846 2539 me
860 2512 928 2539 calix
946 2513 1000 2546 iste,

216 2554 318 2582 ratione
332 2555 419 2582 carnis
433 2555 532 2582 dictutn
547 2563 606 2583 esse
618 2576 626 2587 ,
648 2564 700 2583 non
723 2557 824 2584 ratione
838 2558 981 2585 divinitatis
992 2579 1001 2592 ,

215 2604 293 2634 atqtte
321 2600 430 2635 insuper
455 2601 559 2628 Domini
588 2602 767 2629 testimonium
792 2603 951 2632 adduximus
976 2605 1001 2632 iu

215 2646 465 2679 Conﬁrmationem;
487 2647 660 2681 quamobrem
681 2648 748 2675 dixit
765 2657 771 2675 :
788 2648 899 2683 Spiritus
915 2658 1002 2685 prom-

246 2703 284 2736 (α)
299 2702 326 2727 in
337 2707 434 2732 συπρα),
450 2710 564 2734 situm-dum.
577 2703 662 2736 Itaque
673 2703 747 2729 electo
764 2705 826 2736 apud
843 2704 1003 2735 Augustinum

215 2734 255 2758 lib.
276 2734 288 2758 1
307 2737 390 2768 contra
399 2737 519 2768 _t~'austum
532 2734 688 2768 atauichzeum
698 2743 769 2768 ⁷ηίξιψ.
779 2734 828 2765 165,
841 2740 867 2761 et
878 2734 901 2760 in
915 2737 1003 2768 Vigilio

215 2765 326 2794 ‘t'apsensi
340 2765 382 2788 lib.
396 2765 407 2789 l
420 2769 502 2789 contra
524 2765 628 2794 Arrium,
641 2765 769 2790 Sabelliutn
790 2770 816 2791 et
834 2765 958 2792 Photinum
977 2776 1001 2792 ιι.

217 2795 254 2828 tit,
267 2798 293 2819 et
310 2795 351 2820 lib.
366 2795 375 2819 l
395 2799 481 2828 contra
500 2795 660 2827 Vartmadum,
674 2804 725 2828 cap.
737 2798 759 2828 2,
773 2798 898 2823 mauil'esta
921 2805 1002 2824 corru-

216 2827 264 2857 ptio
276 2829 323 2851 est.
336 2825 435 2852 ('otricr.

696 112 728 140 IN
747 111 848 140 ILLUD
869 134 875 141 .
892 111 926 139 IN
945 111 1014 151 QUA
1031 111 1246 145 POTESTATE,
1268 113 1344 142 ETC.

1797 123 1849 150 426

1065 173 1120 204 plus
1135 175 1179 203 est,
1194 179 1252 198 cara
1267 178 1350 200 autent
1361 175 1462 208 infirma
1473 175 1577 209 (.‘llattlt.
1593 177 1635 204 ‘26.
1651 179 1695 213 Η)
1710 189 1714 204 :
1730 186 1756 207 ct
1768 189 1849 208 anno-

1064 215 1176 258 tavimqs
1191 224 1248 244 rem
1263 225 1323 246 esse
1335 219 1563 254 absurdissimam,
1578 231 1638 251 cum
1652 223 1708 258 ipse
1722 225 1871 255 Dominus‘

1063 262 1135 289 carni
1150 263 1300 298 adscribat,
1315 273 1364 292 nos
1382 266 1407 293 in
1421 266 1536 295 divinam
1554 269 1717 303 maiestatem
1732 271 1795 299 dit-ti
1812 274 1850 300 vi-

1063 306 1163 336 litatem
1175 308 1316 343 conjicere.
1330 310 1382 343 Sed
1394 316 1422 342 ut
1433 312 1536 340 Domini
1551 321 1660 349 scopum
1671 316 1848 352 declat-emus,

1062 360 1109 380 cur
1131 362 1227 390 nempe
1250 355 1364 390 dixerit,
1385 356 1509 386 Transeat
1522 368 1538 386 a
1553 369 1591 388 me
1609 361 1698 389 calix:
1713 371 1764 390 non
1779 365 1848 401 quod

1062 398 1195 434 refugeret
1216 402 1302 428 crucis
1315 402 1550 437 dispensationem,
1565 410 1676 434 mortem
1692 398 1846 441 recusabat;

1061 445 1108 472 sed
1119 446 1180 479 quia
1193 446 1307 481 imperiti
1318 448 1388 475 circa
1398 449 1622 484 dispensationem
1635 452 1717 486 illam,
1731 454 1756 481 itt
1769 461 1848 483 cruce

1061 490 1212 518 scandalum
1227 493 1329 528 passuri
1344 498 1436 527 erant,
1453 494 1502 522 hac
1515 503 1578 523 usus
1593 502 1632 524 t-st
1647 506 1720 526 voce.
1737 499 1847 527 lterum-

1061 544 1113 571 que
1126 537 1194 565 hanc
1208 539 1366 566 sententiam
1380 545 1519 575 sequutum
1533 547 1574 569 est
1589 542 1638 570 hoc
1649 544 1827 573 testimonium
1839 555 1846 574 :

1062 582 1153 618 Orate,
1169 588 1195 611 ut
1209 592 1259 610 non
1273 584 1369 612 intretis
1383 584 1409 612 in
1424 587 1583 613 tentalianem
1598 587 1701 624 (lbid.).
1716 589 1768 616 Alii
1783 598 1847 618 vero

1060 628 1212 657 calumniati
1225 634 1303 663 sunt,
1317 638 1349 658 ac
1360 631 1382 657 si
1397 631 1555 659 dixissemus
1570 644 1577 661 :
1593 633 1620 661 Si
1642 635 1697 662 licri
1713 641 1802 671 posset
1818 643 1846 667 ut

1059 674 1112 704 alio
1129 676 1221 702 mortis
1235 683 1333 711 genere
1346 677 1520 704 mconomiam
1535 675 1666 713 impleret.
1690 680 1747 709 Hoc
1766 690 1844 716 porro

1059 728 1109 748 nec
1123 721 1221 747 dictum
1235 722 1293 754 iuit,
1310 730 1358 749 nec
1371 722 1474 750 dicetur
1487 731 1621 758 umquam.
1638 725 1696 753 Non
1709 726 1762 757 dixi
1774 748 1780 759 ,
1794 728 1844 756 alia

1058 770 1162 798 morte,
1178 766 1223 793 sed
1238 767 1290 793 alio
1305 767 1384 795 modo
1396 769 1571 795 (Bconontiam
1587 769 1688 804 impleri
1701 780 1708 803 ;
1731 772 1780 800 hoc
1793 779 1845 805 est,

1059 812 1124 838 citra
1144 817 1268 839 mortem.
1283 812 1347 839 Nam
1363 813 1471 841 calicem
1487 814 1674 850 interpretatus
1688 824 1745 844 sum
1759 827 1765 844 :
1782 818 1844 846 illud

1057 861 1146 884 autem
1167 857 1259 888 aliter,
1284 862 1427 893 tamquam,
1449 858 1515 886 citra
1537 865 1660 888 mortem.
1686 863 1772 897 Atque
1795 863 1844 891 hoc

1059 902 1156 930 factum
1172 907 1222 935 est,
1240 911 1292 930 non
1306 904 1375 938 quod
1389 912 1449 932 vere
1464 905 1590 933 Dominus
1603 909 1763 936 recusaverit
1777 911 1844 937 mori

1059 956 1107 982 pro
1121 948 1220 975 mundo
1233 957 1239 981 ;
1256 949 1301 976 sed
1315 949 1384 985 quod
1406 950 1484 978 iidem
1500 951 1586 979 facere
1600 953 1712 980 voluerit
1731 954 1844 984 inﬁrmi«

1058 994 1102 1021 tati
1124 994 1229 1027 carnis,
1254 1000 1333 1030 atqtte
1354 997 1495 1024 ostendere
1510 1005 1616 1025 carnem
1632 1007 1694 1026 vere
1716 1001 1796 1029 luisse
1817 1002 1845 1029 id

1057 1039 1127 1074 quod
1141 1040 1264 1074 timebat,
1280 1045 1306 1068 et
1323 1041 1476 1071 lurbabatur
1492 1053 1498 1070 :
1514 1051 1574 1072 nam
1589 1043 1699 1078 Spit-ilus
1714 1052 1844 1082 promptus

1056 1091 1101 1118 est,
1122 1094 1180 1113 caro
1202 1090 1284 1112 autem
1308 1087 1418 1122 inﬁrma.
1435 1088 1512 1115 Carni
1528 1090 1608 1116 verba
1625 1090 1782 1119 inﬁrtnitatis
1798 1093 1844 1119 atl-

1056 1132 1165 1163 scribit,
1182 1132 1326 1159 divinitatis
1340 1133 1506 1167 maiestatem
1523 1142 1574 1161 non
1592 1134 1668 1161 la-sit.
1685 1135 1738 1162 Cur
1750 1137 1840 1164 crimi-

1057 1176 1128 1204 naris
1142 1184 1199 1211 qum
1220 1185 1271 1203 non
1285 1177 1366 1204 dico?
1385 1185 1433 1204 cur
1452 1179 1620 1206 calumniaris
1635 1188 1693 1214 qua:
1707 1188 1759 1208 non
1773 1190 1841 1216 prw-

1056 1222 1115 1250 dico
1126 1223 1139 1249 ?
1159 1223 1245 1250 Alium
1263 1223 1368 1250 modum
1383 1224 1436 1250 dixi
1450 1232 1457 1256 ;
1480 1232 1532 1250 non
1546 1227 1638 1252 utortis
1649 1246 1657 1259 ,
1672 1226 1718 1253 sed
1733 1234 1842 1254 meoun-

1058 1269 1127 1295 mim.
1139 1269 1229 1304 Neque
1240 1269 1309 1296 cnim
1321 1269 1419 1297 dicttttn
1432 1274 1481 1303 est,
1492 1270 1519 1297 Si
1532 1271 1655 1305 possibile
1667 1277 1717 1304 cst,
1727 1278 1844 1300 tntllclur

1056 1315 1122 1342 calix
1148 1316 1207 1342 istc.
1233 1315 1326 1343 (Tarnis
1349 1321 1390 1343 est
1412 1316 1568 1349 inﬁrmitas,
1593 1317 1781 1346 incarnationis
1803 1325 1844 1346 est

1056 1360 1153 1395 passio.
1169 1360 1272 1388 Profert
1287 1361 1448 1388 infirmitatis
1463 1361 1558 1394 verba,
1574 1367 1602 1388 ut
1614 1363 1735 1392 ostendat
1750 1372 1779 1391 se
1795 1364 1845 1391 hac

1057 1407 1175 1434 indutum
1191 1415 1251 1435 esse
1275 1412 1367 1434 natura
1378 1429 1385 1441 ,
1401 1415 1460 1442 qum
1475 1413 1587 1435 mortem
1612 1408 1743 1436 formidat.
1761 1409 1795 1437 Ut
1811 1419 1843 1438 ne

1057 1459 1145 1480 autem
1168 1461 1272 1483 rursum
1294 1453 1403 1481 dictioni
1428 1453 1546 1488 servias,
1563 1462 1594 1481 ex
1616 1454 1758 1487 abundanti
1781 1456 1842 1483 illud

1056 1504 1161 1536 quoque
1184 1499 1280 1528 adduxi
1303 1510 1309 1528 :
1330 1508 1389 1535 qua:
1411 1505 1452 1528 est
1474 1500 1561 1534 ratio,
1581 1502 1715 1536 apostolos
1739 1502 1842 1530 fortitrr

1057 1551 1168 1573 mortem
1183 1547 1356 1578 conculcare,
1373 1546 1552 1581 apostolorum
1574 1556 1637 1574 vero
1654 1548 1792 1576 Dontinum
1809 1550 1842 1576 ti-

1056 1591 1154 1618 muisse
1167 1594 1193 1618 et
1206 1591 1343 1621 hort-uisse
1364 1592 1455 1618 mortis
1478 1593 1635 1619 accessum?
1658 1593 1719 1622 lla‘c
1733 1599 1759 1621 et
1775 1603 1843 1622 nunc
1888 1609 1896 1612 -

1056 1636 1158 1667 dicam,
1173 1636 1278 1664 fratres.
1299 1637 1395 1664 Paulus
1411 1645 1461 1664 non
1475 1638 1560 1665 solum
1577 1639 1691 1674 alligari,
1704 1639 1750 1666 sed
1764 1638 1844 1667 etiam

1057 1682 1123 1710 mori
1139 1687 1247 1717 propter
1261 1690 1357 1709 nomen
1371 1683 1468 1710 Christi
1485 1689 1605 1718 paratum
1618 1692 1646 1712 se
1661 1691 1769 1713 strenue
1784 1695 1845 1720 pro-

1057 1729 1176 1759 nuntiat,
1194 1729 1267 1756 Pauli
1283 1736 1346 1756 vero
1360 1730 1486 1757 Dominus
1507 1730 1572 1757 mori
1589 1736 1692 1758 recusat
1709 1732 1781 1767 (Act.
1797 1733 1842 1759 ‘11.

1058 1772 1134 1810 15)?
1150 1774 1183 1801 Et
1199 1774 1270 1801 Pauli
1286 1774 1391 1809 quidem
1407 1782 1453 1801 cor
1477 1783 1529 1802 non
1552 1781 1661 1808 moeret,
1678 1777 1764 1804 anima
1782 1786 1847 1805 vero

1056 1819 1154 1846 Christi
1173 1820 1311 1850 turbatur?
1328 1820 1392 1846 Nam
1409 1821 1445 1847 ait
1460 1829 1466 1847 :
1482 1820 1557 1847 Nunc
1571 1822 1656 1848 auium
1672 1831 1725 1849 mea
1745 1823 1846 1850 turbata

1056 1871 1090 1892 est
1102 1866 1189 1901 (latnt.
1204 1866 1246 1893 l2.
1258 1866 1315 1902 2'7).
1333 1866 1395 1893 Hac
1408 1867 1495 1893 omnia
1507 1867 1580 1893 vobis
1596 1868 1706 1895 testibus
1720 1868 1845 1901 loquutus

1057 1907 1125 1939 sum.
1142 1913 1239 1940 Verutn
1256 1913 1296 1939 his
1314 1921 1366 1940 non
1381 1913 1550 1949 obtentpcras
1561 1913 1576 1940 Ϋ
1587 1913 1632 1940 sed
1648 1914 1722 1948 illud,
1739 1914 1769 1942 Si
1784 1923 1843 1948 pos-

1056 1958 1127 1985 sibile
1139 1962 1184 1989 est,
1206 1957 1293 1986 adhuc
1314 1958 1473 1985 oll‘cndiculo
1492 1963 1533 1985 cst
1553 1959 1620 1985 tibi?
1642 1959 1711 1986 Sane
1725 1961 1846 1994 quidem,

1057 2004 1102 2030 ait.
1117 2004 1334 2039 Congrediamur,
1344 2004 1517 2036 ﬁ'atrcs,cum
1527 2005 1702 2037 contentioso,
1714 2006 1845 2041 simulque

1055 2051 1172 2079 nitamur
1191 2050 1215 2077 vi
1240 2050 1359 2077 veritatis
1381 2050 1441 2077 illos
1462 2051 1564 2085 erigere
1585 2051 1630 2086 qui
1653 2051 1844 2079 incredulitatis

1057 2096 1209 2123 inﬁrmitate
1231 2096 1296 2130 lapsi
1317 2100 1388 2125 sunt.
1404 2096 1432 2122 Si
1448 2099 1605 2130 potestatem
1620 2096 1755 2124 habuisset
1769 2097 1846 2124 Clu-i-

1057 2146 1113 2169 stus
1125 2162 1131 2174 ,
1149 2149 1200 2168 non
1221 2142 1348 2174 dixisset,
1364 2141 1394 2168 Si
1408 2141 1526 2176 possibile
1539 2146 1592 2175 est,
1609 2146 1727 2169 transeat.
1743 2143 1846 2170 Accusa

1058 2194 1121 2221 ergo
1134 2186 1213 2213 etiam
1228 2187 1322 2218 Deum,
1336 2187 1381 2221 qui
1395 2186 1420 2213 in
1435 2186 1493 2222 lege
1506 2187 1538 2214 iis
1548 2187 1635 2215 verbis
1647 2195 1709 2214 usus
1720 2193 1771 2221 cst,
1786 2197 1846 2223 qua;

1056 2233 1090 2260 ab
1103 2232 1159 2268 ejus
1171 2237 1302 2267 potestate
1316 2232 1394 2266 longe
1405 2232 1513 2260 distent.
1528 2232 1571 2259 Ait
1584 2233 1655 2259 enim
1668 2232 1750 2268 Moysi
1764 2233 1848 2265 Deus,

1057 2287 1116 2306 cum
1141 2279 1294 2313 loqueretur
1317 2277 1343 2305 in
1360 2283 1450 2305 monte
1473 2278 1535 2305 Sina
1550 2298 1557 2310 ,
1581 2286 1628 2313 per
1642 2286 1765 2313 magnum
1781 2279 1845 2306 illud

1058 2324 1228 2358 lerribileqtte
1238 2327 1370 2350 ostentum
1385 2332 1391 2349 :
1406 2331 1466 2350 cum
1480 2324 1567 2350 omnis
1581 2327 1707 2351 tremeret
1721 2324 1848 2359 populus,

1057 2369 1167 2396 audiens
1182 2376 1274 2396 vocem
1289 2368 1334 2396 Dei
1348 2369 1461 2396 viventis
1476 2377 1482 2395 ε
1497 2370 1542 2404 qui
1555 2369 1671 2395 omnium
1685 2373 1844 2404 potestatem

1058 2415 1154 2447 habet,
1170 2419 1197 2442 et
1210 2414 1299 2445 onmia
1320 2414 1442 2441 omnibus
1456 2414 1607 2449 dispensat,
1624 2414 1661 2441 ait
1679 2415 1762 2450 llloysi
1777 2415 1846 2443 Deus

1057 2461 1175 2487 onmium
1190 2460 1300 2495 largitor
1316 2468 1322 2486 :
1344 2460 1404 2492 Quis
1419 2459 1488 2486 dabit
1499 2467 1552 2487 esse
1564 2468 1608 2487 cor
1620 2468 1705 2487 eorum
1719 2461 1745 2487 in
1758 2461 1803 2494 eis,
1819 2465 1846 2487 nt

1058 2507 1162 2532 timeant
1183 2513 1240 2538 me,
1255 2510 1278 2531 et
1293 2506 1434 2531 custodiant
1448 2506 1561 2532 omnibus
1581 2505 1684 2538 diebus,
1700 2511 1727 2532 ut
1742 2506 1801 2533 bene
1815 2506 1847 2532 sit

1057 2552 1102 2584 eis,
1115 2557 1138 2578 et
1155 2551 1214 2585 ﬁliis
1229 2559 1314 2576 eorum
1329 2550 1415 2585 (Deut.
1429 2551 1454 2578 5.
1468 2550 1537 2586 ’29)?
1553 2551 1619 2577 Dicit
1632 2551 1711 2583 Deus,
1728 2552 1790 2585 Qui:
1801 2552 1847 2578 da-

1059 2597 1092 2624 bit
1106 2597 1199 2632 populo
1213 2596 1271 2622 huic
1285 2597 1350 2622 cor?
1365 2596 1399 2623 Et
1413 2596 1482 2631 quis,
1496 2597 1606 2624 Domine
1616 2618 1623 2629 ,
1639 2601 1664 2623 te
1680 2597 1801 2628 validior,
1819 2601 1847 2623 ut

1056 2643 1122 2671 det?
1137 2651 1225 2670 nonne
1240 2647 1265 2669 tu
1280 2650 1309 2669 es
1329 2642 1374 2676 qui
1394 2647 1487 2669 cuncta
1504 2642 1561 2676 das,
1579 2644 1725 2677 pnesertim
1739 2650 1798 2677 quae
1813 2643 1846 2669 ad

1057 2693 1182 2723 pietatem
1205 2688 1348 2722 spectant?
1372 2687 1426 2714 Nisi
1452 2692 1479 2714 tu
1501 2696 1529 2715 es
1544 2689 1587 2722 qui
1611 2696 1657 2715 cor
1679 2688 1777 2715 bonum
1800 2688 1846 2715 das

1057 2733 1227 2768 diligentibus
1248 2737 1291 2764 te,
1306 2732 1355 2759 nisi
1372 2737 1399 2759 tu
1414 2740 1443 2760 es
1462 2733 1506 2767 qui
1529 2734 1633 2768 largiris
1645 2755 1652 2766 ,
1668 2742 1751 2769 quare
1766 2733 1845 2760 David

1059 2779 1110 2806 hoc
1124 2787 1138 2805 a
1159 2783 1184 2805 te
1198 2778 1265 2813 petit
1275 2799 1282 2810 ,
1298 2777 1347 2804 Cor
1367 2777 1488 2805 mundum
1503 2787 1560 2806 creo
1579 2781 1604 2806 in
1619 2779 1740 2810 me,l)eu:
1752 2778 1763 2814 (
1774 2778 1843 2804 l’sal.

1059 2826 1101 2854 50.
1115 2818 1165 2860 li)
1176 2826 1186 2852 ’ἶ
1201 2825 1252 2852 (ξιτ
1265 2825 1392 2853 mundum
1408 2834 1421 2853 ιι
1436 2830 1460 2853 te
1475 2826 1608 2861 postulant
1623 2826 1768 2862 propheta,
1782 2826 1843 2852 alta-
