2060 3125
246 143 296 174 Δ-ιτ

242 206 295 239 que
309 202 376 231 btina
392 207 513 238 tuitnera,
528 207 606 239 atque
622 205 709 232 cordis
725 205 884 239 puritatem:
901 208 927 231 et
943 204 1037 230 Imma-

245 253 276 277 tta
292 253 368 277 utens
383 258 448 278 voce
467 250 545 283 dicis,
567 250 629 284 Quis
651 250 719 277 dabit
734 250 827 285 populo
842 249 900 276 Iutic
920 245 984 276 cor?
1002 249 1034 276 Et

242 296 303 330 quis
327 296 386 331 plus
411 297 457 324 dat
481 305 559 331 quam
583 297 632 323 tu?
649 296 835 323 Verumtamen
853 295 913 322 licet
936 300 962 322 tu
979 303 1034 329 prro

242 341 361 368 bonitate
381 342 420 370 sic
440 342 564 377 loquutus
579 342 615 368 sis
626 361 633 368 .
650 346 676 368 at
696 341 789 368 beatus
803 341 905 376 Moyses
918 348 971 367 non
987 340 1033 367 ad-

241 385 318 414 bzesit
338 387 455 415 sermoni
471 391 532 419 tuo,
547 386 594 414 Sed
610 381 751 421 publicavit
767 387 931 419 maiestatem
949 391 1031 418 tuam,

241 433 358 460 Usl‘itdit
373 433 558 460 aliclbritalem
569 453 576 465 ,
595 433 717 466 pdtcfceit
733 433 889 467 potentiam.
906 433 973 460 Dicit.
987 440 1032 466 p0-

241 477 284 515 pul
295 488 304 506 ›
322 480 348 506 in
363 476 568 507 Deulcronomio
583 478 676 506 :Dedit
692 477 758 506 vobis
773 478 895 506 Dominus
910 479 977 506 Deus
990 489 1033 507 cor

244 525 279 550 ad
294 525 431 558 sciendum,
446 524 468 552 et
482 525 567 551 oculos
579 523 613 551 ad
631 523 780 557 videndum,
796 525 818 551 et
840 533 913 552 aures
933 526 966 552 ad
986 534 1032 552 utt-

241 570 358 596 tlicmlmn
371 574 448 604 usque
462 571 488 596 in
501 570 566 596 diem
581 573 646 596 hunc
662 568 753 605 (Deut.
768 566 813 596 29.
827 570 843 597 4
853 571 873 605 ).

275 615 301 642 8.
326 614 404 642 Vides
418 611 492 641 illum
508 614 571 642 dare
584 623 631 641 cor
641 635 648 646 ,
668 612 775 646 Oculos,
793 623 869 641 aures
883 615 909 643 el
923 616 1031 643 omnia?

239 660 288 694 Qui
304 668 367 695 ergo
383 661 404 688 is
418 661 461 695 qui
476 661 563 687 omnia
585 660 630 687 dat
643 657 762 693 dicebat,
779 661 840 694 Quis
853 661 921 687 dubii
937 661 1031 696 populo

238 706 296 733 huic
317 715 361 733 cor
382 707 453 734 tale?
468 715 519 741 quo
535 711 611 741 pacto
632 713 732 738 rursus,
750 707 798 733 n‘si
815 707 870 741 ipse
883 709 930 734 eo‘r
943 708 1029 740 daret,

238 753 337 780 dicere!
357 761 403 787 per
416 753 581 780 Ezeclticlctn
601 762 607 779 ι
626 752 658 778 Et
674 752 801 779 t'J‘ll'a/taltt
816 762 847 780 ex
859 753 893 779 eis
908 759 950 779 eor
965 753 1030 787 lapi-

238 800 323 831 deum,
339 802 361 826 et
378 799 442 825 dulro
455 799 491 825 eis
503 807 545 825 cor
557 807 685 829 corneum,
699 803 721 824 et
735 798 841 824 scribunt
857 799 935 833 legem
949 806 1029 825 meum

238 841 265 872 in
280 845 398 873 cordibus
413 848 498 872 eorum
515 844 621 881 (Ezech.
636 845 678 871 ll.
692 844 737 876 19;
750 844 805 871 .Ier.
819 845 862 871 51.
876 845 940 879 55)?
955 845 1030 871 Sicut

232 900 303 927 ergo
315 887 367 919 illic
381 893 438 926 ipse
453 889 532 923 Dens,
543 892 586 926 qni
598 891 663 918 dare
675 896 760 925 potest
774 898 822 918 cor
833 891 941 924 bonum,
954 891 1027 924 dicit,

238 935 302 969 Qui:
314 931 382 964 dabit
394 938 406 964 Z7
419 937 453 964 ita
464 942 491 964 et
501 931 654 971 Unigenilns
667 930 761 967 l‘atris.
776 937 819 971 qui
837 936 966 973 potestate
980 945 1026 964 sua

237 984 325 1018 l'cplrt
346 983 438 1009 orbem
463 987 612 1014 terrartttn,
637 982 752 1017 dicitque
776 990 835 1009 ctnn
850 983 1026 1011 auctoritate:

238 1024 392 1055 l‘oteslutem
406 1029 484 1056 habeo
500 1029 609 1063 ponendi
621 1029 731 1055 mtimam
744 1037 834 1060 nteant,
847 1034 869 1055 et
882 1034 1028 1064 potestatem

236 1071 314 1102 huch
327 1075 600 1110 sumendieatnUoun.
617 1075 660 1102 l0.
674 1076 718 1110 18)
735 1083 742 1105 ;
759 1075 845 1102 adhuc
856 1075 988 1110 responth
1001 1080 1028 1103 ct

237 1129 270 1148 ex
287 1122 400 1148 humana
417 1121 500 1148 forma
515 1126 542 1148 et
555 1121 658 1148 ratione
671 1121 785 1148 Carnutis
801 1121 970 1152 inﬁrmitatis,
985 1121 1026 1149 his

236 1167 326 1194 verbis
343 1174 350 1193 :
367 1163 398 1194 Si
412 1162 529 1202 possibile
541 1171 596 1199 est,
616 1172 724 1193 transeat
739 1176 753 1192 ιι
767 1175 805 1193 me
826 1168 892 1194 ralia:
910 1166 919 1202 (
932 1167 1024 1194 Matt/1.

237 1212 282 1241 96.
297 1208 331 1241 '59
343 1212 364 1248 ).
380 1210 418 1240 Ne
434 1213 511 1248 igitur
533 1211 730 1239 caltnnniemini
746 1212 815 1239 circa
838 1220 868 1239 ea
883 1219 941 1247 qum
957 1212 1025 1240 dicta

237 1263 292 1287 non
308 1258 429 1291 fuerunt,
450 1258 497 1285 sed
512 1254 638 1285 inltmrete
653 1259 683 1285 iis
694 1279 701 1289 ,
717 1267 775 1293 quae
790 1258 929 1292 praedicata
943 1263 1003 1285 sunt
1017 1267 1024 1286 :

236 1314 270 1333 ne
280 1299 458 1333 eritnincntini
469 1305 628 1337 doctrinam,
640 1306 683 1339 qui
696 1308 802 1332 sensum
814 1311 866 1332 nun
879 1306 1023 1340 pe'reipitis.

235 1349 298 1378 Scio
317 1345 387 1378 unde
409 1351 434 1378 in
456 1351 615 1378 calumniam
638 1359 795 1385 prorttmpas
809 1355 815 1378 ι
830 1352 885 1378 scio
900 1351 968 1378 unde
987 1352 1025 1378 sic

234 1398 345 1424 affectus
359 1397 407 1424 sis.
429 1397 564 1424 llumanus
582 1401 624 1424 est
638 1397 764 1429 affectus,
782 1392 886 1424 invidia:
904 1397 1023 1424 morbus.

233 1436 300 1470 Nam
322 1448 351 1470 ut
372 1440 464 1470 oculus
484 1443 504 1470 si
529 1445 610 1477 put-ns
632 1437 675 1474 sit,
699 1444 792 1469 cuncta
816 1446 886 1469 recte
902 1443 972 1470 videt
993 1451 1024 1470 ne.

234 1489 383 1521 discernit;
407 1490 447 1516 sin
473 1484 559 1516 fumus
583 1489 727 1521 invaserit,
751 1489 778 1516 et
801 1489 1023 1525 pulchritudinem

234 1534 308 1562 'visus
327 1534 509 1566 labefactarit,
525 1539 570 1561 aut
592 1535 614 1575 si
637 1534 721 1568 pulvis
744 1534 884 1567 inciderit,
902 1531 1024 1561 obtundit

233 1581 338 1614 visum;
363 1588 448 1615 neque
463 1585 535 1607 recte
551 1579 622 1606 videt
637 1584 665 1606 ιιι
684 1584 746 1606 ante
763 1589 769 1606 ε
786 1579 820 1606 ita
835 1588 905 1606 nunc
918 1587 1024 1614 quoque

234 1626 369 1653 auditores
382 1626 490 1661 singuli,
505 1626 592 1654 donec
607 1634 700 1661 pttrttnt
718 1625 817 1653 habent
830 1625 890 1652 ﬁdei
906 1626 1021 1658 oculum,

232 1675 326 1708 puram
341 1673 461 1699 caritatis
476 1669 638 1707 palpebram.
656 1677 728 1698 recte
743 1679 859 1706 pureque
874 1672 963 1699 vident
976 1681 982 1704 ;
997 1678 1023 1700 at

234 1719 256 1745 si
273 1719 359 1745 ftttnus
373 1716 546 1753 blaspltetuite
559 1718 627 1745 dicta
642 1718 776 1750 invaserit,
791 1719 836 1746 aut
851 1718 954 1746 invidia!
967 1719 1024 1753 pul-

232 1765 272 1791 vis
284 1765 400 1790 animum
417 1758 536 1795 subierit,
556 1760 644 1790 turbat
659 1764 793 1797 intuitum,
810 1765 960 1799 mentisque
974 1773 1023 1798 pn-

232 1811 337 1838 I-itatcm
353 1804 419 1837 tollit
433 1819 442 1842 ;
456 1818 487 1838 ac
504 1813 564 1845 qna:
580 1818 631 1837 non
647 1811 763 1843 audivit,
784 1810 918 1838 audivisse
938 1816 1021 1846 putat,

232 1862 344 1891 qumque
365 1849 481 1886 audivit.
506 1860 559 1883 non
582 1851 664 1890 probe
690 1855 829 1883 intellexit.
855 1857 1023 1891 Quapropter

232 1909 292 1929 cum
308 1902 467 1936 przevitlerct
488 1901 575 1928 divina
596 1901 732 1935 Scriptura
751 1897 908 1929 offendicula
929 1910 1021 1929 eorum

232 1947 277 1980 qui
291 1946 316 1973 in
336 1947 419 1973 sacris
435 1942 517 1974 literis
531 1946 689 1980 cogitatione
702 1948 848 1974 oberraluri
863 1951 949 1980 erant,
965 1948 1023 1983 qui-

233 1991 294 2018 dam
316 1999 348 2019 ex
369 1991 506 2026 prophetis
525 1987 648 2019 clamavit
668 1997 727 2027 post
747 1993 880 2027 impletam
903 1994 1021 2021 divinam

233 2037 449 2071 prmdicatlonem
465 2046 473 2064 :
489 2033 553 2069 Qui:
567 2036 677 2072 sapiens,
691 2043 714 2064 el
728 2035 848 2074 intelliget
862 2040 914 2066 hac
926 2040 937 2066 .9
949 2044 972 2066 et
985 2040 1023 2066 vir

232 2081 342 2117 prudens
353 2103 361 2114 ,
383 2087 406 2108 et
428 2087 558 2117 cognoscet
573 2080 650 2109 haec?
673 2079 738 2115 Quia
754 2084 828 2110 rectae
848 2085 894 2111 tvitc
907 2082 1020 2118 Domini,

231 2121 292 2163 iusti
305 2127 468 2154 ambulabunt
482 2127 508 2154 in
522 2126 640 2162 eis(0see
660 2128 702 2155 16.
719 2129 774 2163 l0).
791 2128 828 2155 Ne
844 2130 948 2164 itaque.
967 2129 1021 2156 l‘ra-

232 2171 287 2204 ter,
309 2172 388 2199 verba
411 2177 553 2200 convertas
574 2173 599 2200 itt
622 2171 789 2200 oﬁ'endicula.
815 2170 906 2201 Nudus
921 2179 1020 2207 sermo,

231 2217 300 2245 liuda
317 2218 424 2244 veritas.
441 2212 498 2245 Non
513 2225 580 2244 unus
591 2238 598 2250 ,
615 2225 667 2244 non
682 2218 752 2250 'dno,
769 2222 820 2245 tt‘on
838 2219 929 2246 decem
940 2240 948 2251 ,
969 2227 1021 2247 non

230 2269 337 2291 centum
353 2263 515 2296 audierunt,
531 2263 671 2290 mttltitndo
686 2264 726 2290 est
747 2264 874 2291 immensa
896 2270 923 2292 et
946 2265 1022 2292 innu-

231 2313 315 2337 inera.
342 2309 454 2344 Pelagus
475 2309 580 2343 pietatis
601 2314 642 2337 est
664 2309 801 2342 Ecclesia,
826 2318 876 2337 non
900 2311 1021 2338 ﬂuetibus

230 2357 368 2392 agitatum,
392 2356 439 2384 Sed
462 2356 513 2383 ﬁde
537 2357 654 2390 plenum.
677 2356 752 2391 Apud
775 2364 824 2383 nos
846 2365 897 2384 nott
923 2358 1022 2392 patitur

231 2401 396 2436 naufragium
416 2401 513 2436 scapha
529 2401 673 2433 doctrinm,
688 2409 739 2428 non
761 2401 878 2436 pellitur,
895 2410 946 2429 non
963 2407 1020 2429 tnr-

231 2442 329 2482 batur,
345 2455 398 2475 non
412 2447 615 2482 tempestatibus
635 2447 766 2483 agitatur;
789 2446 835 2475 sed
855 2452 882 2475 ut
902 2447 934 2475 ad
950 2452 1020 2475 trau-

1003 137 1140 175 meum

1828 157 1880 184 428

1091 208 1202 242 quillu‘m
1217 213 1321 245 portum
1334 211 1360 238 iu
1374 206 1475 239 animas
1488 208 1650 248 diligendum
1665 213 1746 242 Deum
1761 217 1878 252 appellit.

1088 253 1176 288 Alqlie
1204 254 1259 282 lucc
1286 255 1424 284 hactenus.
1452 258 1583 285 Cmternm
1618 259 1682 286 illttd
1709 261 1880 289 considerare

1087 301 1202 334 oportet,
1216 307 1322 329 sanctos
1337 302 1382 330 Dei
1401 303 1426 330 in
1442 304 1588 332 calumnias
1604 306 1731 333 incidere.
1748 307 1815 340 Quid
1831 310 1881 335 ιιιί-

1087 353 1144 372 rmn
1159 346 1180 372 si
1202 354 1251 373 nos
1267 348 1351 380 viles,
1376 348 1499 381 humiles,
1521 351 1564 383 qui
1581 350 1644 378 nihil
1660 359 1751 379 sumus
1764 374 1771 385 ,
1793 358 1822 380 ut
1844 355 1879 381 ita

1085 390 1183 423 dicam,
1200 392 1338 420 calumniis
1355 394 1529 429 impetimur?
1551 397 1646 423 Annon
1660 398 1754 424 audisti
1773 399 1879 427 "avidis

1086 436 1176 467 verba,
1192 437 1269 472 Eripe
1282 447 1320 465 me
1333 443 1348 465 α
1361 440 1494 467 calumniis
1510 441 1639 468 hominum
1655 442 1692 479 (ιι)
1709 443 1799 479 (Psul.
1815 446 1876 472 HR.

1088 481 1138 510 455
1154 483 1186 516 )?
1201 483 1363 512 Calumniam
1388 485 1456 520 paSSI
1479 491 1540 514 sunt
1553 488 1632 518 etiam
1654 491 1736 516 sancti
1751 489 1878 517 Servato-

1085 527 1122 553 ris
1138 529 1266 562 apostoli,
1291 535 1318 556 ut
1339 531 1376 557 ait
1397 536 1424 558 et
1447 533 1538 559 beatus
1555 529 1650 561 cauta.
1671 543 1678 562 :
1700 534 1732 561 Et
1750 544 1798 563 non
1813 537 1877 563 sicut

1085 572 1298 606 bluspltenmnmr,
1313 580 1336 602 el
1348 577 1412 602 sicut
1426 577 1496 603 aiunt
1510 579 1612 612 quidam
1626 588 1671 606 nos
1686 579 1778 612 dicere,
1791 582 1875 616 [utia-

1083 625 1139 644 ntus
1155 619 1231 650 mula,
1247 625 1273 646 ut
1289 621 1387 647 veniant
1402 622 1466 649 bona
1480 624 1488 655 (
1500 621 1563 650 Rom
1589 619 1614 652 5.
1627 625 1643 652 8
1654 627 1673 659 ).
1689 625 1744 652 Non
1762 635 1873 659 nitet-eo,

1083 669 1143 689 cum
1169 665 1266 690 sanctis
1291 666 1422 693 calumnia
1447 668 1576 701 aﬁ'eetas;
1603 671 1651 696 etsi
1678 671 1800 705 indignus
1824 674 1874 699 sim

1083 713 1235 736 sanctorum
1248 713 1393 738 consortio.
1405 713 1512 741 .lndiees
1524 723 1571 741 vos
1583 723 1677 743 omnes
1689 718 1782 749 habeo,
1795 720 1874 753 atque

1082 758 1144 782 ante
1156 759 1203 782 \‘os
1216 764 1309 785 omnes
1322 765 1489 786 communem
1505 761 1609 788 Patrem
1622 767 1752 794 nostrum,
1765 764 1808 798 qni
1821 766 1872 791 non

1082 808 1115 827 ex
1132 801 1300 836 prmjudicata
1315 804 1450 838 opinione,
1467 805 1514 832 sed
1529 814 1557 833 re
1571 807 1675 841 cognita
1691 808 1801 842 jndicat.
1817 804 1872 836 No-

1082 846 1118 872 vit
1130 847 1305 881 cogitatiOoes
1321 855 1425 877 nostras
1435 871 1442 883 ,
1460 853 1596 886 cognoscit
1608 860 1634 880 et
1648 855 1740 886 verba,
1755 857 1824 888 quotl
1838 856 1872 883 ah

1081 891 1139 926 ipso
1155 893 1211 920 lucc
1231 894 1317 922 edocti
1343 896 1481 924 fderimns.
1506 898 1675 926 Postulatnus
1690 908 1704 928 a
1720 901 1793 928 vobis
1807 910 1870 929 num

1080 938 1284 972 reprehenderit
1299 941 1386 975 dicta,
1410 950 1493 977 eaque
1508 945 1655 972 correxerit
1674 955 1680 973 :
1698 954 1787 974 verum
1804 948 1871 976 nihil

1080 986 1229 1020 suspicatus
1244 991 1294 1014 est.
1310 987 1389 1016 Certe
1409 990 1430 1016 si
1453 991 1620 1018 emendasset
1632 1013 1639 1024 ,
1657 1000 1708 1019 non
1725 993 1787 1021 odio
1799 1014 1806 1027 ,
1822 994 1870 1022 sed

1079 1033 1191 1060 caritate
1206 1039 1292 1062 motus
1308 1035 1332 1062 id
1348 1035 1466 1064 fecisset.
1488 1035 1570 1072 Quem
1593 1039 1664 1066 enim
1686 1039 1768 1075 diligit
1783 1045 1868 1075 pater,

1079 1079 1184 1114 arguit;
1200 1089 1278 1116 quem
1295 1089 1358 1108 vero
1373 1088 1424 1109 non
1439 1084 1563 1117 corrigit,
1578 1090 1713 1112 aversatur
1728 1085 1823 1121 (Prov.
1837 1087 1864 1115 5.

1079 1125 1135 1160 19.)-
1149 1125 1329 1154 Admirandus
1342 1132 1429 1155 autem
1446 1128 1488 1155 ltic
1504 1132 1580 1164 pater
1593 1134 1619 1157 et
1632 1135 1704 1158 recte
1716 1132 1783 1159 dicta
1796 1140 1869 1160 com-

1079 1171 1189 1205 probat,
1211 1177 1238 1199 et
1253 1180 1359 1200 errores
1380 1174 1513 1201 emendat.
1533 1175 1587 1202 lloe
1608 1177 1678 1202 enim
1703 1178 1784 1211 patris
1804 1186 1869 1212 pro-

1078 1218 1162 1252 prium
1178 1224 1228 1252 cst,
1244 1225 1315 1246 recte
1326 1219 1394 1247 dicta
1408 1225 1439 1248 ac
1451 1224 1509 1247 Clllll
1527 1222 1576 1249 [ide
1592 1223 1732 1256 prtt'tlieata
1748 1224 1869 1252 laudibus

1077 1264 1223 1299 celebrare.
1240 1265 1342 1292 Sufﬁcit
1366 1274 1430 1300 ergo
1454 1267 1571 1294 omnium
1593 1268 1676 1295 instar
1696 1269 1753 1303 ejus
1773 1270 1869 1297 suifra-

1076 1309 1147 1343 gium
1163 1329 1171 1342 ,
1184 1315 1264 1345 atque
1278 1311 1302 1337 in
1319 1311 1411 1345 primis
1431 1310 1588 1339 sanctissimi
1604 1313 1659 1340 Dei.
1673 1313 1804 1341 (lauet-nm
1818 1315 1868 1350 piat

1077 1353 1262 1382 adlucreamus
1278 1356 1409 1390 religioni,
1425 1359 1562 1384 servemus
1577 1358 1654 1385 fidem
1671 1359 1867 1388 interm-ratam.

1077 1400 1184 1428 Credite
1199 1401 1302 1428 veritati
1316 1422 1324 1434 ,
1347 1409 1379 1429 tte
1393 1402 1567 1430 contradicite
1586 1404 1699 1430 veritati.
1724 1404 1763 1432 Nc
1788 1405 1867 1432 ﬁdem

1076 1445 1209 1473 adulteros
1220 1467 1227 1479 ,
1243 1446 1358 1474 divinant
1372 1453 1492 1475 naturam
1509 1453 1542 1475 tte
1560 1449 1663 1476 curiose
1678 1450 1800 1484 exiliores
1810 1471 1817 1483 ,
1833 1459 1867 1478 ne

1075 1492 1232 1519 mortalibus
1253 1493 1399 1521 ratiociniis
1424 1494 1599 1522 immortalem
1618 1495 1771 1531 dignitatem
1785 1496 1867 1532 subji-

1075 1538 1140 1565 cias.
1156 1537 1307 1566 Periculosa
1320 1544 1361 1566 est
1372 1540 1600 1567 ratiocinationum
1613 1542 1671 1574 via;
1688 1546 1741 1569 tnta
1751 1547 1778 1569 ct
1790 1540 1866 1570 ﬁrma

1075 1584 1247 1620 intelligentia
1276 1585 1450 1614 confessionis
1478 1587 1549 1614 ﬁdei.
1580 1588 1645 1615 Vera
1672 1589 1800 1623 sapientia
1825 1593 1867 1617 εει

1075 1630 1152 1657 ﬁdes.
1169 1631 1236 1658 Audi
1257 1632 1319 1666 quid
1342 1631 1412 1659 dicat
1432 1632 1549 1660 divinant
1566 1634 1701 1661 oraculum
1718 1643 1724 1660 :
1739 1634 1806 1661 Nam
1821 1641 1867 1662 em

1074 1675 1129 1708 quis
1145 1677 1190 1702 erit
1206 1679 1331 1712 perfectus
1345 1677 1410 1704 inter
1429 1678 1497 1711 ﬁlios
1518 1679 1646 1705 hominum
1657 1699 1664 1711 ,
1681 1679 1703 1706 si
1716 1679 1747 1706 ιδ
1760 1676 1806 1706 illo
1820 1679 1866 1707 ab-

1074 1722 1150 1757 fuerit
1165 1730 1195 1749 ea
1209 1731 1265 1758 quae
1279 1731 1295 1749 a
1308 1726 1332 1750 te
1344 1727 1379 1750 est
1393 1724 1526 1758 sapientia,
1542 1725 1577 1751 ad
1591 1725 1696 1752 iii/tilum
1708 1727 1866 1760 reputabitur

1074 1767 1153 1803 (Sap.
1168 1768 1194 1795 9.
1208 1768 1246 1803 6).
1263 1768 1334 1803 Fuge
1348 1770 1519 1803 qumstiones,
1534 1777 1619 1805 neque
1631 1770 1708 1798 verba
1722 1771 1783 1798 ﬁdei
1799 1775 1867 1806 prm-

1074 1813 1154 1840 l'eras.
1172 1814 1281 1841 Paulum
1299 1813 1367 1842 habe
1381 1816 1546 1850 magistrum,
1563 1816 1668 1843 Petrum
1683 1817 1729 1844 tibi
1743 1817 1866 1845 adscr-ibe

1077 1864 1268 1895 praeceptorem
1287 1870 1293 1887 :
1313 1861 1417 1888 illorum
1438 1860 1516 1888 ﬁdem
1540 1866 1651 1889 sectare.
1668 1863 1734 1890 Audi
1756 1863 1864 1891 Petrum

1075 1905 1208 1932 dicentem
1225 1915 1231 1932 :
1247 1905 1286 1933 Tu
1300 1915 1325 1933 es
1338 1906 1463 1939 Christus,
1479 1905 1561 1934 Filius
1577 1904 1624 1935 Dei
1639 1908 1686 1935 vivi
1700 1908 1805 1943 (Matth.
1819 1908 1862 1938 l6.

1074 1951 1119 1985 6).
1135 1951 1252 1985 Seqttere
1267 1948 1376 1978 Paulum
1390 1957 1480 1986 aperte
1497 1947 1591 1979 Filium
1609 1949 1654 1980 Dei
1668 1952 1859 1986 Celebrantetn,

1073 2003 1105 2023 ac
1119 1996 1198 2023 modo
1211 1997 1318 2032 quidem
1339 1997 1470 2025 dicentem
1484 2006 1490 2024 :
1502 1996 1632 2034 Loquulus
1651 2005 1686 2026 est
1708 2000 1779 2028 nobis
1792 2000 1862 2040 Delus

1073 2043 1099 2069 in
1113 2042 1192 2074 Filio,
1208 2051 1252 2078 per
1264 2051 1335 2078 quem
1347 2043 1405 2079 fecit
1415 2049 1439 2070 et
1452 2045 1545 2071 swcula
1557 2053 1566 2071 :
1578 2046 1621 2079 qui
1630 2053 1686 2072 cum
1700 2047 1732 2074 sit
1745 2047 1866 2081 splendor

1073 2089 1162 2123 gloria:
1175 2109 1182 2120 ,
1196 2093 1220 2115 et
1240 2089 1323 2124 ﬁgura
1347 2090 1507 2121 substantiw,
1523 2095 1673 2125 portatusque
1693 2093 1778 2118 omnia
1792 2093 1866 2120 uerbo

1074 2135 1173 2162 virtutis
1187 2142 1240 2161 sua:
1254 2134 1352 2170 (Hebr.
1366 2136 1391 2162 l.
1403 2135 1429 2162 ἓ.
1442 2135 1476 2170 5)
1489 2144 1495 2161 τ
1510 2136 1589 2163 modo
1603 2137 1698 2164 iterum
1716 2138 1865 2173 [medican-

1075 2186 1147 2215 tem,
1164 2176 1208 2208 ubi
1227 2181 1262 2208 de
1280 2181 1379 2209 Jndtcis
1393 2183 1467 2217 agit:
1482 2182 1596 2216 Quorum
1615 2189 1700 2219 patres
1721 2186 1812 2218 nostri,
1834 2192 1866 2213 ex

1073 2226 1162 2262 quibus
1184 2228 1221 2254 est
1243 2224 1359 2255 Christus
1381 2229 1518 2256 secundum
1533 2238 1651 2263 carnem,
1672 2231 1715 2266 qui
1733 2236 1770 2258 est
1790 2240 1866 2267 super

1073 2274 1159 2300 omnia
1181 2271 1249 2300 Deus
1269 2270 1410 2301 benedictus
1431 2275 1457 2302 in
1481 2275 1573 2302 attento
1592 2276 1754 2304 seculorum.
1774 2277 1865 2304 Amen.

1075 2319 1161 2356 (Rom.
1176 2320 1200 2349 9.
1221 2319 1259 2355 5).

1106 2420 1142 2450 (a)
1153 2419 1188 2453 ita
1200 2418 1379 2453 qttoque‘a‘ilus.
1389 2422 1422 2444 De
1433 2419 1537 2446 diversis
1548 2418 1659 2453 malignis
1671 2422 1867 2453 cogitationibus,

1073 2459 1126 2484 cap.
1134 2449 1228 2476 ultimo.
1241 2449 1343 2476 Coteler.
