2047 3122
231 132 278 160 ιῦΙ

231 189 297 221 lapis
320 188 376 215 :sic
386 195 417 215 ea
430 194 512 222 quam
523 187 641 214 Patrihus
654 188 722 214 dicta
737 192 807 220 sunt,
819 189 920 223 exiguis
933 197 1024 216 acces-

231 233 351 260 sionibus
367 234 451 267 majus
468 234 593 261 Ecclesia:
614 233 753 260 :editiciuat
770 236 941 262 constituunt.
961 235 1025 262 Pre-

229 285 277 305 cor
287 283 376 305 autem
392 279 528 305 caritatem
545 284 676 311 vestram,
690 284 719 306 ut
737 279 867 306 dicturum
884 281 1022 307 sententiis

229 324 391 357 attendatis;
405 333 457 351 non
472 333 505 351 an
521 333 594 352 nova:
610 325 671 357 sint,
683 325 727 352 sed
741 333 774 352 an
792 334 870 352 vene.
883 326 939 352 Non
951 327 1021 354 enim

229 370 299 405 quod
314 379 361 397 USll
381 371 470 397 tritum
482 376 532 404 est,
549 378 654 405 semper
666 379 755 398 rtrum
769 380 775 403 ;
792 379 877 406 neque
890 373 959 406 quod
975 381 1022 398 no-

229 423 302 448 vum,
320 416 379 443 ideo
393 416 485 442 falsum
501 423 508 442 :
523 415 570 442 sed
585 423 690 450 semper
704 416 858 450 exploratur
871 425 904 443 an
920 425 949 444 ea
963 426 1021 452 qua:

228 461 354 489 dicuntur
369 469 429 489 vera
443 462 506 495 sint,
522 470 554 488 an
569 462 644 488 falsa.
661 462 733 497 Rogo
753 467 840 489 autem
856 471 887 490 ne
902 464 960 498 quis
971 484 977 496 ,
994 468 1022 490 ut

228 515 330 535 amicus
341 508 373 535 ad
385 509 496 543 gratiam
511 509 569 535 sine
584 509 705 536 examine
721 517 869 536 sermonem
886 511 1002 544 excipiat
1012 531 1018 542 ,

228 562 296 581 neve
306 559 335 581 ut
350 555 471 581 inimicus
485 555 529 581 illa
544 555 618 589 quasi
635 556 770 589 peregrina
786 561 902 590 respirat,
918 556 963 583 sed
981 557 1020 583 vi~

227 600 290 627 deat
304 600 401 635 ubique
417 609 478 627 num
496 601 591 627 veritas
604 601 679 627 dictis
695 603 807 635 palmam
824 603 930 628 tribuat.

263 647 290 673 2.
306 646 409 673 Genesis
425 652 513 673 auctor
525 646 624 681 Moyses
637 653 659 673 cl
673 647 771 681 Spiritu
786 653 872 674 sancto
885 649 1017 674 rere/ante.

228 691 332 727 Duplex
348 692 443 727 Moysis
460 701 560 727 scapus.
573 693 622 719 (fur
639 693 799 719 int'isibilizim
818 694 967 720 creationem
983 699 1020 720 la-

228 739 290 765 cuit.
305 753 339 758 —-
353 737 385 764 In
401 738 532 772 νήια-ἱρὴ),
550 738 631 772 inquit
645 760 651 769 ,
667 739 724 773 [erit
740 738 806 765 Duus
818 738 906 765 mlum
928 743 951 766 et
968 744 1019 765 ter-

228 792 283 810 ram
296 783 370 819 (Gen.
386 784 410 810 l.
424 784 462 814 l).
473 784 533 810 l|:rc
549 783 659 810 historia
672 784 768 818 Moysis
784 785 940 819 legislatoris
952 793 1019 820 opus

227 835 278 862 est,
291 835 317 857 et
332 830 445 864 Spiritus
458 830 541 856 sancti
558 830 692 857 rth-latio.
706 830 829 857 Contiuet
844 836 930 858 autent
946 839 1020 858 crea-

227 876 326 903 tionem
342 876 386 903 Dei
404 876 498 903 virtute
511 876 614 908 iactatu,
628 884 675 910 per
689 877 868 910 propheticum
882 885 943 903 vero
956 885 1018 912 gra-

227 921 290 948 tiam
307 921 387 956 Moysi
413 922 565 948 revelatam.
581 921 637 948 Non
653 923 722 949 enim
739 923 795 949 hme
809 923 912 958 Moyses
932 929 960 950 ut
979 924 1018 950 hi-

226 969 426 1003 steriographus
437 969 513 1000 dixit,
526 969 571 995 sed
590 974 615 995 ut
629 968 766 1003 propheta.
783 970 827 996 llla
841 970 938 1004 quippe
952 971 1017 998 dixit

225 1022 284 1049 qum
302 1022 354 1041 non
373 1014 489 1046 viderat,
505 1019 531 1042 et
553 1015 594 1041 illa
616 1015 730 1042 narravit
751 1023 862 1050 quorum
885 1021 1018 1050 spectator

226 1068 279 1087 ltuit
296 1061 388 1088 fuerat.
403 1061 435 1088 Ut
450 1061 520 1088 etim
536 1061 637 1096 pridetu
662 1062 709 1088 tria
732 1069 791 1089 esse
811 1063 956 1097 prophetia:
970 1071 1017 1098 ge-

227 1116 290 1134 nera
306 1116 365 1135 esse
380 1108 505 1139 diximus,
524 1109 636 1142 primmn
651 1109 733 1135 verbo
746 1130 752 1140 ,
767 1110 912 1136 secundum
925 1117 1015 1145 opere,

226 1153 332 1180 tertium
347 1161 427 1188 opere
441 1158 467 1180 et
486 1161 609 1181 sermone
624 1163 629 1179 :
645 1154 684 1181 sic
697 1159 723 1181 et
739 1159 792 1181 tres
803 1155 857 1189 jam
872 1155 1017 1189 prophetia:

226 1205 316 1234 partes
337 1200 523 1226 CttnSlilllilltllS
544 1208 550 1225 :
573 1199 738 1234 prophetiam
764 1199 797 1227 de
825 1201 1016 1234 prmsentibus,

225 1245 391 1280 prophetiam
405 1246 437 1272 de
458 1245 567 1275 littoris.
583 1250 608 1272 et
629 1245 792 1279 prophetiam
811 1245 845 1272 de
864 1246 1015 1280 praeteritis.

225 1291 345 1325 Exempli
362 1300 441 1319 causa
466 1300 518 1319 non
540 1292 632 1318 aderat
654 1292 734 1318 lsaias
756 1291 884 1326 propheta
907 1291 938 1318 iis
957 1299 1016 1326 quae

224 1337 274 1363 sub
288 1337 377 1370 Moyse
391 1343 463 1371 gesta
477 1343 538 1364 sunt
554 1346 561 1363 ι
576 1337 620 1363 sed
643 1337 703 1371 quia
719 1337 828 1370 SpllllUS
843 1336 941 1372 Mnysis
960 1341 1018 1364 erat

223 1381 250 1408 iu
266 1381 326 1411 illo.
342 1382 385 1416 qui
406 1390 436 1408 ea
459 1383 507 1416 ipsi
524 1382 669 1413 revelarct,
693 1382 717 1407 id
734 1381 870 1416 prophetia
889 1387 955 1408 erat.
971 1382 1017 1409 Est

225 1428 288 1455 item
306 1428 443 1462 prophetia
459 1429 538 1454 etiam
554 1427 587 1454 de
603 1428 797 1462 przrsentibus;
813 1434 840 1455 ut
853 1428 874 1454 si
891 1428 948 1462 quis
968 1436 1015 1455 co-

223 1482 280 1501 ram
298 1473 424 1508 propheta
445 1473 542 1507 aliquid
557 1473 581 1499 in
597 1473 685 1499 animo
699 1481 808 1500 versans
822 1493 828 1502 ,
843 1473 975 1500 occultum
991 1475 1015 1500 ei

223 1529 282 1548 esse
297 1521 367 1552 velit,
385 1525 412 1547 et
427 1520 553 1554 propheta
566 1520 650 1555 ip‘um
666 1525 767 1553 arguat,
784 1525 811 1545 ut
828 1520 938 1546 Eliswus
953 1528 1014 1554 erga

222 1567 294 1594 Girzi
313 1566 384 1597 fecit,
401 1566 486 1592 futura
504 1566 684 1600 pra-nuntians
704 1571 730 1592 et
753 1566 855 1592 occulta
882 1567 1013 1593 revolans.

222 1605 329 1647 Moyses
339 1620 398 1647 qua!
413 1613 546 1646 pra-terita
559 1617 635 1638 erant
649 1611 751 1645 aperuit
765 1620 770 1638 :
788 1612 831 1638 alii
845 1620 903 1646 qiue
917 1611 1012 1638 futura.

222 1658 260 1687 lta
273 1660 351 1694 igitur
363 1665 404 1686 est
418 1659 478 1685 huic
497 1658 615 1685 historia:
630 1657 830 1689 attendendum,
842 1666 898 1686 _non
913 1663 941 1685 ut
953 1667 1015 1685 nar-

222 1706 330 1737 rationi,
342 1706 387 1732 sed
404 1711 433 1732 ut
447 1706 563 1732 historia:
583 1713 661 1735 vene,
678 1713 737 1739 qua:
753 1713 797 1739 per
809 1705 936 1739 Spiritum
951 1713 1014 1732 san—

222 1757 294 1778 ctum
317 1752 418 1786 prolata
438 1752 481 1778 sit.
497 1751 561 1784 Quis
577 1759 655 1785 porro
678 1754 720 1777 est
738 1750 873 1784 prophete
897 1751 1015 1785 seopus?

223 1798 281 1825 Duo
296 1798 400 1833 Moyses
412 1798 437 1824 in
454 1797 588 1831 proposito
604 1796 697 1828 habet,
711 1800 737 1823 et
750 1797 898 1824 doctrinam
918 1797 1012 1830 edere,

221 1843 332 1877 etleges
344 1842 456 1869 sancire.
475 1841 620 1876 Legidator
633 1843 702 1869 enim
717 1850 776 1869 eum
790 1842 824 1869 sit
836 1863 844 1873 ,
858 1850 910 1869 non
926 1847 1013 1870 tamen

222 1897 237 1916 a
252 1889 353 1922 legibus
369 1888 481 1922 incepit.
493 1888 539 1914 Sed
557 1895 570 1914 a
585 1888 729 1915 creatione.
745 1887 797 1915 Cur
822 1893 908 1916 autem
928 1890 1014 1924 primo

222 1934 305 1960 voluit
321 1934 402 1960 Deum
423 1933 564 1960 ostendere
583 1933 735 1961 Creatorem
752 1939 777 1961 et
794 1934 932 1962 Dominum
955 1936 1014 1962 uni-

221 1979 314 2007 versi?
329 1979 361 2007 Ut
379 1979 448 2006 Deus
462 1987 520 2006 esse
535 1979 773 2012 demonstraretur,
785 1980 829 2014 qui
844 1989 895 2007 non
906 1982 1012 2013 alienis,

222 2025 269 2052 sed
289 2025 344 2052 suis
364 2025 448 2058 legem
466 2030 585 2058 poneret.
600 2024 655 2051 Nisi
670 2025 741 2052 enim
763 2025 835 2060 prius
855 2026 1015 2054 ostendisset

222 2079 283 2098 eum
311 2070 401 2098 mundi
426 2070 616 2103 Conditorem,
642 2079 694 2097 non
720 2071 770 2098 [ide
792 2071 887 2106 dignus
909 2072 1013 2100 habitus

222 2117 316 2144 fuisset
339 2116 429 2143 tnundi
452 2116 608 2151 Legislatnr.
629 2116 693 2143 Nam
716 2117 809 2145 alienis
828 2118 911 2152 legem
932 2118 1011 2151 dare,

221 2163 366 2190 violentum
379 2171 385 2195 ;
400 2171 462 2189 suos
476 2168 562 2190 autem
577 2163 725 2195 instituere,
740 2168 947 2191 consentaneum
960 2169 1011 2191 est.

222 2208 450 2242 Quemadmodum
463 2209 580 2236 Joannes
590 2209 750 2243 evangelista
763 2217 814 2236 nou
832 2210 904 2243 prius
915 2210 986 2244 leges
998 2218 1012 2236 a

223 2254 330 2281 Christo
344 2255 410 2281 latas
432 2254 534 2288 posuit,
549 2262 627 2289 quam
647 2254 705 2287 ejus
719 2255 881 2281 dominatum
904 2254 1014 2282 dixisset

223 2301 263 2327 his
277 2301 364 2327 verbis
379 2308 384 2325 :
403 2300 434 2326 In
454 2300 578 2334 principio
591 2305 644 2326 erat
662 2300 775 2328 Verbum.
792 2305 815 2326 et
840 2300 946 2326 Verbum
961 2305 1014 2326 erat

222 2347 292 2380 apud
309 2346 388 2373 Deum
402 2368 408 2378 ,
425 2351 448 2372 et
464 2345 533 2372 Deus
553 2351 606 2372 erat
626 2345 740 2372 Verbum.
767 2345 857 2372 Omnia
873 2355 916 2380 per
933 2346 1014 2380 ipsum

224 2394 290 2428 {uela
314 2398 391 2423 81ml,
407 2398 429 2418 ct
447 2393 500 2419 sine
515 2393 569 2427 ipso
583 2393 676 2425 factum
695 2397 731 2419 est
747 2393 811 2419 nihil
833 2393 899 2427 quod
918 2395 1013 2428 factum

222 2444 267 2465 est.
281 2437 313 2464 In
326 2440 381 2472 ipso
395 2439 444 2465 vim
458 2444 522 2470 erat,
537 2443 559 2465 et
575 2439 624 2465 vita
636 2444 688 2465 erat
701 2439 746 2466 luit:
758 2439 895 2465 hominum.
909 2438 941 2466 In
956 2448 1015 2474 pro-

224 2484 280 2518 pria
296 2485 378 2515 venit,
396 2490 419 2510 et
434 2485 474 2511 sui
489 2493 544 2510 eum
566 2493 616 2510 non
637 2490 782 2518 receperunt
798 2483 886 2517 (Jomi.
904 2485 928 2511 l.
946 2485 970 2511 1.
986 2485 1013 2511 5.

223 2531 250 2556 4.
269 2531 296 2556 ll
310 2531 329 2563 ).
343 2530 408 2556 Cum
431 2530 542 2557 dixisset
565 2538 625 2557 eum
647 2529 773 2563 Opit‘ieem
796 2534 822 2555 et
840 2529 1013 2562 Creatorem,

224 2580 286 2602 tunc
298 2576 399 2602 indui-it
410 2576 481 2602 illum
495 2576 632 2603 doctorem
646 2581 671 2602 et
684 2575 872 2607 [a-gislatorem
885 2575 1015 2602 universi.

228 2623 341 2650 Rursum
358 2622 425 2647 alius
439 2621 535 2656 Moysis
550 2629 656 2655 scopas.
671 2620 725 2647 Cur
737 2621 830 2647 beatus
844 2620 947 2654 Moyses
960 2628 1014 2647 can-

225 2669 278 2695 lum
294 2668 466 2698 menmravit,
485 2673 591 2698 terram,
609 2674 682 2694 mare
693 2687 700 2699 ,
715 2674 796 2701 aquas
812 2672 838 2693 et
855 2675 884 2693 ea
905 2675 964 2701 quae
981 2675 1014 2694 ex

223 2715 277 2742 illis
297 2720 358 2742 sunt
370 2735 376 2746 ,
393 2713 547 2749 angelorum
561 2718 649 2740 autem
661 2734 667 2745 ,
682 2713 900 2747 archangelorum
911 2732 918 2745 ,
937 2712 1016 2739 Sera-

225 2759 298 2794 phim
323 2765 348 2787 et
369 2760 512 2787 Cheruhim
536 2759 635 2786 nullain
662 2759 824 2785 mentionem
850 2758 1015 2792 fecitlQuia

226 2806 351 2832 nimirum
365 2805 557 2840 Iegislationcm
571 2804 603 2831 ad
616 2804 740 2838 temporis
755 2803 825 2830 illius
835 2803 1015 2831 conditionem

955 132 995 160 SFI
1002 133 1139 161 VERIANI
1817 142 1867 169 ‘32

1080 198 1175 224 nempe
1195 191 1239 225 qui
1259 200 1290 219 ex
1311 191 1426 227 (Egypto
1441 194 1539 228 egressi
1563 200 1655 225 erant.
1673 197 1716 230 qui
1730 197 1867 232 (Egyptia-

1076 244 1136 263 cum
1152 245 1281 270 errarent,
1297 239 1379 265 solent
1390 260 1397 270 ,
1414 238 1516 269 lunam.
1533 241 1632 273 stones,
1649 242 1750 275 liuvios,
1768 244 1864 276 limtes,

1076 290 1158 318 aquas
1168 279 1327 311 didicerant.
1344 285 1515 313 lnvisibilium
1531 295 1594 322 ergo
1609 289 1742 316 creatione
1756 291 1865 324 relicta,

1075 328 1108 355 de
1122 329 1267 356 visibilibus
1281 330 1360 357 verba
1375 330 1454 363 facit,
1467 336 1497 358 ut
1510 329 1684 366 persuaderet
1699 335 1738 360 eis
1751 336 1795 369 qui
1811 337 1867 363 lure

1075 375 1239 408 adorabunt,
1253 380 1282 402 ut
1301 385 1333 403 ne
1353 377 1394 404 illa
1408 377 1474 404 deos
1492 386 1551 405 esse
1571 385 1709 413 putarent,
1723 381 1771 407 sed
1785 390 1865 415 opera

1076 420 1133 447 Dei.
1149 421 1204 447 Non
1221 429 1330 449 necesse
1346 430 1457 457 namque
1473 428 1546 455 (.‘I'ul,
1561 429 1589 450 ut
1607 425 1658 452 illis
1672 426 1826 460 angelorum
1839 431 1865 456 et

1074 465 1294 500 archuigelorum
1316 468 1436 495 notitiam
1460 468 1552 500 daret,
1577 477 1609 505 ne
1632 479 1735 498 rursum
1759 472 1864 500 illorum

1074 513 1255 546 :egritudinem
1271 514 1361 541 aleret.
1373 515 1437 541 Nam
1451 516 1481 548 si,
1498 517 1600 543 etiamsi
1613 525 1664 543 non
1677 518 1805 551 viderent,
1818 529 1865 546 an.

1074 557 1148 591 gelos
1162 563 1249 585 tamen
1267 567 1325 586 esse
1339 560 1472 594 dixerunt,
1489 562 1571 588 multo
1586 563 1677 597 magis,
1695 564 1717 590 si
1728 565 1865 592 audissent

1074 605 1184 645 angi-los
1199 610 1243 632 aut
1265 606 1439 641 arehangelos
1452 629 1458 639 ,
1474 613 1609 642 putassent
1630 609 1688 636 illos
1708 618 1766 638 esse
1787 611 1862 638 deos.

1074 649 1126 676 Sed
1151 651 1243 677 ea-lum
1268 658 1412 682 memorat.
1431 659 1526 680 terram
1541 675 1547 684 ,
1563 660 1667 682 montes
1679 676 1685 688 ,
1711 663 1794 690 aquas
1806 678 1812 689 ,
1838 663 1864 684 et

1074 695 1160 720 ontniu
1173 703 1230 730 quae
1244 704 1275 723 ex
1290 696 1341 723 illis
1355 702 1415 724 sunt
1427 706 1434 730 ;
1447 704 1474 724 ut
1491 699 1638 727 visibilibus
1650 701 1806 728 invisibile-ui
1824 703 1864 728 iu-

1074 745 1242 775 n-rpretctur,
1257 748 1283 768 et
1297 751 1329 770 ex
1344 744 1469 778 operibus
1487 746 1615 780 Opilicem
1636 747 1789 780 prodat.Sic
1800 757 1863 784 ergo

1072 791 1151 812 etnon
1167 792 1219 813 tres
1234 789 1306 820 pueri
1323 789 1457 824 Babylone
1481 791 1607 819 fecerunt.
1621 792 1687 826 Quia
1706 794 1776 820 enim
1792 796 1861 828 apud

1072 836 1177 865 gentem
1201 832 1270 859 illam
1296 835 1467 862 venabantur
1487 836 1541 863 Deo
1567 837 1698 865 inimicam
1715 847 1720 865 :
1739 847 1786 866 nec
1805 847 1862 867 (‘III

1073 877 1118 903 Dei
1135 879 1265 912 cognitio,
1282 879 1329 906 sed
1345 880 1412 907 idola
1436 881 1610 915 colebantur,
1628 883 1652 909 in
1675 884 1780 912 la'rnaee
1801 893 1860 913 cum

1071 928 1178 955 essent,
1192 925 1312 952 dicebant
1329 935 1335 951 :
1349 926 1509 959 Benerlicite,
1532 931 1616 956 omnia
1641 940 1717 965 opera
1739 931 1860 966 Domini,

1074 969 1180 997 Domino
1196 971 1308 1007 (Doni),
1320 973 1375 1009 57).
1391 973 1444 1001 Cur
1458 983 1509 1002 non
1524 976 1655 1009 dicebant,
1673 979 1775 1013 Angeli,
1792 979 1860 1010 celi,

1073 1020 1152 1048 terra,
1170 1017 1245 1052 ignis,
1258 1027 1336 1053 aqua,
1353 1020 1444 1055 frigus,
1461 1027 1550 1055 a-stus,
1563 1029 1588 1050 et
1603 1024 1709 1056 similia,
1725 1026 1771 1052 sed
1785 1033 1861 1053 crea-

1071 1061 1169 1088 tionem
1185 1063 1318 1098 sigillatim
1340 1072 1494 1094 enumerant
1509 1068 1519 1094 Ἰ
1534 1068 1566 1096 Ut
1585 1075 1732 1097 creaturam
1754 1079 1859 1098 onmem

1070 1107 1221 1139 abluerent,
1236 1114 1262 1136 et
1277 1114 1359 1137 totum
1371 1113 1503 1146 opificium
1520 1115 1678 1142 mundarent
1690 1137 1697 1147 ,
1711 1117 1861 1152 Indiamque

1069 1153 1250 1188 relinquerent
1279 1157 1421 1192 impietatis
1452 1161 1603 1189 scintillam.
1631 1162 1860 1195 Quemadmodum

1070 1199 1149 1226 etiam
1164 1200 1212 1227 hoc
1231 1201 1290 1229 loco
1304 1203 1407 1238 Moyses
1421 1210 1446 1231 ιιι
1463 1213 1568 1233 onmem
1582 1207 1767 1243 HSt‘yP'iacum
1783 1217 1858 1236 erro-

1070 1251 1125 1270 rem
1142 1253 1156 1271 a
1171 1245 1269 1272 Jodmis
1282 1247 1428 1276 climinaret
1441 1270 1448 1281 ,
1465 1251 1560 1278 ca'lum
1575 1256 1602 1278 et
1616 1257 1712 1279 terram
1729 1259 1755 1280 ut
1770 1260 1859 1282 creata

1069 1297 1195 1318 memorat
1208 1312 1216 1326 ,
1232 1297 1258 1319 ut
1272 1292 1328 1320 hmc
1350 1294 1416 1321 laeta
1430 1303 1489 1323 e~se
1503 1297 1672 1331 ostenderet,
1689 1304 1715 1326 et
1732 1298 1859 1334 Opilicem

1069 1336 1225 1366 declararet.
1240 1339 1272 1365 In
1286 1340 1410 1376 principio
1424 1343 1515 1368 creavit
1535 1343 1602 1370 Dens
1616 1346 1703 1371 calum
1717 1350 1739 1372 et
1755 1351 1858 1374 terram.

1105 1383 1130 1409 '5.
1155 1383 1233 1410 Verba
1255 1385 1370 1420 Mog/sis,
1395 1387 1420 1413 in
1452 1388 1580 1422 principio
1605 1396 1679 1422 erat,
1701 1399 1758 1418 cum
1779 1393 1860 1419 verbis

1068 1428 1215 1458 Joannisjn
1227 1430 1355 1465 principio
1365 1432 1435 1465 fecit,
1447 1438 1632 1468 comparantur.
1642 1435 1749 1463 Ariona;
1759 1441 1782 1464 et
1789 1437 1859 1464 Ano-

1068 1482 1144 1501 moeos
1157 1475 1294 1510 redarguit.
1312 1476 1369 1503 Duo
1381 1477 1538 1505 Testamenta
1548 1487 1599 1505 tuto
1609 1479 1762 1507 l’alreorta.
1773 1497 1796 1502 —
1810 1482 1858 1510 Hic

1069 1519 1134 1546 mihi
1148 1520 1265 1546 animum
1277 1521 1383 1549 adhibe.
1396 1522 1450 1557 Ego
1466 1524 1547 1550 miror
1559 1526 1692 1560 quomodo
1704 1526 1821 1554 Joannes
1831 1532 1858 1555 et

1068 1565 1171 1601 Moyses
1188 1567 1256 1594 idem
1276 1568 1431 1601 principium
1451 1568 1575 1596 habeant.
1590 1571 1653 1597 Nam
1669 1571 1712 1599 hic
1725 1572 1808 1600 dicit:
1828 1573 1859 1600 1η

1069 1612 1193 1647 principio
1206 1614 1297 1640 creavit
1310 1622 1318 1645 ;
1335 1614 1379 1641 ille
1393 1623 1456 1642 vero
1470 1616 1506 1643 ait
1518 1625 1525 1643 :
1541 1615 1573 1643 In
1589 1617 1711 1652 principio
1726 1623 1789 1647 erat.
1803 1619 1857 1646 Ve-

1068 1665 1126 1684 rum
1141 1662 1167 1685 et
1183 1657 1226 1685 ille
1240 1659 1348 1692 utiliter,
1363 1665 1389 1687 et
1404 1659 1447 1687 hic
1459 1662 1574 1695 proprie.
1591 1662 1638 1689 Ubi
1653 1671 1766 1698 namque
1780 1672 1857 1692 crea-

1069 1704 1104 1730 tio
1116 1709 1182 1736 erat,
1197 1704 1262 1731 dixit
1275 1705 1388 1740 Moyses,
1403 1705 1491 1737 Fecit;
1506 1707 1548 1733 ubi
1562 1715 1624 1734 vero
1636 1708 1754 1740 Creator,
1770 1711 1858 1743 posuit

1067 1749 1246 1783 evangelista,
1264 1749 1336 1776 Erat.
1353 1750 1463 1777 Multqu
1486 1756 1573 1778 autem
1593 1757 1634 1778 est
1655 1752 1816 1781 discriminis
1831 1761 1858 1782 et

1068 1793 1198 1821 intervalli
1211 1795 1278 1822 inter
1291 1795 1364 1828 illud,
1378 1795 1467 1827 Fecit;
1481 1801 1507 1823 et
1521 1796 1595 1828 illud,
1608 1796 1672 1823 Erat
1686 1806 1695 1824 :
1709 1799 1771 1826 illud
1785 1800 1856 1827 enim

1067 1848 1127 1867 cum
1150 1846 1212 1868 ante
1235 1849 1287 1868 non
1311 1847 1398 1875 esset,
1420 1841 1516 1869 factum
1539 1847 1578 1869 est
1595 1843 1659 1870 :hic
1673 1852 1736 1871 vero
1751 1853 1857 1880 semper

1067 1892 1133 1915 erat.
1149 1887 1183 1914 In
1199 1888 1322 1922 principio
1336 1888 1410 1922 fecit,
1429 1893 1454 1915 et
1465 1909 1471 1920 ,
1489 1888 1521 1915 In
1541 1890 1664 1925 principio
1677 1897 1738 1917 erat.
1757 1891 1802 1919 Dei
1816 1897 1857 1919 est

1067 1941 1141 1966 esse,
1156 1938 1304 1960 creaturam
1320 1942 1383 1961 vero
1402 1934 1472 1966 ﬁeri,
1489 1939 1517 1961 ut
1529 1940 1556 1962 et
1575 1937 1735 1970 evangelista
1759 1937 1856 1964 distiu-

1067 1980 1131 2014 guit.
1148 1979 1213 2006 Nam
1229 1979 1262 2006 de
1272 1979 1411 2007 Sen-atere
1422 1980 1459 2007 ait
1474 1989 1481 2006 :
1498 1980 1530 2006 Ιιι
1542 1981 1728 2016 principioerat
1740 1980 1858 2014 Verbum,

1067 2030 1089 2052 et
1105 2023 1210 2051 Verbum
1224 2029 1276 2051 erat
1290 2025 1359 2060 apud
1372 2025 1463 2058 Deum,
1475 2031 1498 2052 et
1514 2025 1581 2052 Deus
1595 2031 1648 2052 erat
1669 2026 1785 2053 Verbum.
1801 2025 1857 2054 IIOI:

1067 2077 1118 2097 erat
1133 2071 1159 2097 in
1173 2071 1307 2105 principio.
1320 2069 1354 2097 1n
1371 2071 1427 2104 ipso
1441 2071 1490 2097 vita
1505 2076 1568 2104 erat,
1583 2076 1606 2098 et
1621 2072 1670 2098 vita
1685 2077 1738 2098 erat
1752 2071 1796 2099 lux
1808 2075 1855 2099 lia-

1067 2117 1172 2143 minum.
1182 2117 1273 2144 Sexies
1286 2117 1361 2148 dixit,
1373 2116 1445 2150 liii-al,
1457 2121 1486 2143 ut
1499 2117 1641 2151 explicaret
1657 2116 1714 2152 ejus
1727 2118 1857 2145 etsisten—

1068 2162 1141 2188 tiam.
1154 2161 1191 2188 De
1214 2162 1311 2188 tamqu
1331 2167 1419 2188 autem
1433 2182 1440 2193 ,
1457 2167 1594 2196 postquam
1620 2162 1774 2197 prardicavit
1794 2171 1854 2190 eum

1067 2208 1111 2243 qui
1127 2213 1193 2240 erat,
1213 2212 1240 2234 et
1255 2209 1325 2235 venit
1337 2208 1369 2234 ad
1383 2215 1488 2235 servum
1502 2208 1640 2239 Joannem,
1657 2208 1723 2235 dixit
1739 2217 1745 2235 ε
1761 2208 1856 2235 Factus

1067 2259 1103 2280 est
1118 2254 1201 2280 homo.
1220 2253 1288 2280 Deus
1303 2258 1369 2285 erat,
1385 2253 1465 2280 homo
1478 2257 1565 2280 autem
1580 2254 1664 2280 factus
1678 2258 1728 2280 est.
1743 2254 1819 2287 Quod
1833 2255 1855 2281 si

1067 2301 1100 2327 de
1120 2300 1262 2327 Servatore
1286 2299 1374 2327 dicere
1387 2300 1500 2327 audeant
1516 2308 1522 2326 :
1537 2300 1661 2328 Serrator
1674 2301 1752 2327 etiam
1771 2301 1857 2328 factus

1068 2351 1118 2375 est.
1134 2345 1197 2372 nihil
1215 2344 1333 2372 dill‘erret
1345 2353 1358 2372 a
1375 2350 1455 2372 terra.
1474 2346 1597 2372 Animum
1610 2344 1706 2373 adhibe
1718 2366 1725 2378 ,
1741 2353 1832 2380 qua-so
1847 2355 1855 2372 :

1068 2393 1089 2419 si
1105 2392 1175 2418 dicat
1188 2391 1326 2418 lnercticus
1343 2400 1349 2417 ε
1362 2390 1482 2417 Christus
1496 2390 1579 2418 lactus
1592 2395 1658 2424 erat,
1671 2399 1723 2418 non
1739 2395 1798 2418 erat
1810 2399 1857 2417 an-

1069 2442 1173 2472 tequam
1190 2437 1280 2468 licret,
1295 2436 1356 2471 quid
1372 2445 1436 2471 ergo
1451 2437 1509 2471 plus
1530 2436 1650 2468 habebit,
1667 2445 1745 2471 quam
1763 2438 1857 2463 terra?

1069 2483 1133 2510 Nam
1147 2483 1180 2510 de
1194 2488 1263 2509 terra
1286 2490 1390 2517 quoque
1403 2483 1440 2509 ait
1459 2482 1562 2518 Moyses
1579 2491 1585 2508 :
1601 2481 1681 2508 Terra
1693 2486 1778 2508 autem
1792 2486 1856 2508 erat.

1068 2529 1095 2556 Si
1111 2529 1189 2563 igitur
1201 2528 1264 2555 illud
1280 2537 1287 2555 ε
1302 2527 1335 2555 In
1350 2528 1476 2562 principio
1488 2533 1550 2560 erat,
1563 2527 1597 2554 de
1610 2527 1745 2554 creatione
1759 2527 1856 2554 intelli-

1068 2580 1143 2609 gunt,
1160 2583 1213 2601 non
1229 2574 1261 2602 de
1273 2579 1373 2601 mterna
1388 2578 1482 2600 natura
1498 2582 1505 2606 ;
1520 2574 1585 2600 nihil
1601 2574 1660 2608 plus
1674 2573 1762 2604 habet,
1778 2580 1856 2607 quant

1070 2625 1150 2648 terra.
1165 2620 1198 2647 Et
1212 2620 1281 2647 Deus
1294 2619 1410 2646 Verbum
1425 2625 1482 2647 erat
1492 2640 1499 2651 ,
1514 2623 1541 2646 et
1565 2622 1635 2646 terra
1656 2623 1715 2645 erat
1729 2626 1736 2644 :
1752 2618 1800 2645 sed
1814 2618 1857 2645 ille

1069 2666 1173 2701 quidem
1185 2667 1210 2692 in
1223 2665 1350 2701 principio
1360 2671 1426 2695 erat.
1440 2674 1490 2691 non
1500 2666 1582 2692 factus
1593 2671 1700 2698 seraper
1707 2665 1856 2691 exsistens:

1070 2717 1142 2739 terra
1165 2718 1228 2738 vero
1247 2711 1315 2737 facta
1333 2715 1400 2737 erat.
1417 2709 1474 2735 Non
1492 2710 1564 2735 enim
1583 2709 1656 2744 prius
1671 2709 1736 2736 dixit
1750 2709 1857 2742 legisla-

1070 2761 1121 2790 tor,
1133 2756 1213 2784 Terra
1232 2760 1294 2788 erat,
1306 2755 1392 2782 donec
1405 2755 1523 2781 diceret:
1539 2753 1572 2781 In
1585 2755 1710 2789 principio
1720 2756 1779 2790 fecit
1791 2754 1857 2780 Deus

1070 2803 1159 2830 mlunt
1178 2807 1201 2830 et
1221 2807 1313 2829 terram
1320 2808 1331 2832 ,-
1346 2801 1457 2836 primum
1470 2799 1554 2832 dixit,
1569 2799 1651 2833 Fecit,
1666 2804 1756 2835 postea
1773 2806 1837 2826 vero
1848 2819 1856 2830 .

225 2851 340 2886 aptabat.
353 2851 467 2880 Noverat
477 2851 548 2880 enim
562 2850 717 2887 quibuscum
733 2849 896 2884 loqueretur,
911 2857 971 2878 cum
983 2850 1015 2878 iis
1037 2859 1056 2873 ι
1073 2848 1146 2877 Erat.
1159 2847 1263 2877 Scimus
1275 2851 1348 2876 certe
1361 2867 1368 2882 ,
1382 2843 1477 2873 fratres
1487 2867 1495 2880 ,
1508 2846 1555 2874 has
1571 2846 1681 2875 subtiles
1696 2846 1857 2881 quaestiones
