2062 3128
221 163 273 190 433

220 221 364 249 multorum
381 219 477 246 animis
499 219 624 246 molestas
643 218 735 246 videri.
752 218 847 246 Verum
863 223 967 253 oportet
983 219 1008 244 in

221 267 263 295 die
275 266 380 302 jejunii,
396 273 455 292 cum
471 265 651 300 vigilantiores
666 264 761 291 anima:
776 268 848 295 sunt,
864 263 897 290 de
910 264 1011 290 altiori—

221 314 269 340 l-us
282 313 361 340 verba
377 312 475 339 facere.
496 311 531 339 In
546 312 670 346 principio
691 316 760 344 erat,
777 316 820 344 et,
839 309 870 337 In
889 310 1011 346 principio

221 360 297 393 (erit;
317 359 378 385 ideo
399 357 537 385 exordium
553 365 601 392 par
615 364 674 384 esse
696 356 761 389 dixi,
778 355 809 382 In
824 355 957 390 principio,
973 360 1009 387 et,

221 404 253 432 In
278 404 425 440 principio,-
444 407 472 430 ut
490 403 704 434 demonstretur,
726 410 804 429 unam
826 409 886 429 esse
907 401 1011 436 pietatis

219 450 348 482 radicem,
359 457 418 485 qua:
433 454 459 476 et
475 449 558 482 illum,
575 456 671 483 nempe
687 449 874 483 legislaturem,
888 448 1010 480 instituit,

220 502 247 524 et
270 497 355 530 hunc,
381 496 532 531 theologum
552 495 669 528 scilicet,
699 495 864 522 illuminavit.
881 495 1011 522 Germana

217 544 318 577 quippe
332 546 393 569 sunt
403 541 457 568 duo
471 542 651 572 Testamenta,
667 548 720 567 uno
730 541 809 568 Patre
821 545 879 568 orta
891 549 897 567 :
913 540 972 568 ideo
986 541 1011 567 in

220 595 344 615 sermone
365 587 554 614 consentiunt:
572 586 627 613 fere
650 587 721 613 enim
741 586 832 613 eadem
848 586 949 621 imago,
964 593 1012 612 ea-

218 633 281 660 dem
299 633 443 660 similitudo
456 636 505 659 est.
522 633 560 658 Ac
574 631 797 665 quemadmodum
821 631 846 658 in
867 631 1010 666 germanis,

221 688 274 706 uno
289 684 362 713 patre
375 679 439 706 ortis
451 699 458 711 ,
478 679 579 706 sitnilcs
601 682 662 705 sunt
675 680 852 714 proprietates
868 688 874 706 :
890 678 929 705 sic
950 678 1012 713 quia

220 726 274 753 duo
289 727 456 753 Testamenta
473 732 525 751 uno
539 725 615 752 Patre
628 730 686 752 orta
702 729 773 758 sunt,
791 725 898 751 multam
913 724 1012 752 habent

219 771 430 799 similitudinem.
446 769 517 798 Sane
533 775 561 797 et
583 770 609 797 in
625 770 712 797 Veteri
728 770 898 798 Testamento
912 776 1012 804 prtecc-

218 816 260 843 dit
271 816 320 849 lex,
331 820 359 843 et
370 820 517 849 sequuntur
529 815 675 850 prophetae,
685 820 712 842 et
725 815 750 842 in
766 822 835 842 nova
849 815 930 849 gratia
945 821 1012 849 pra:-

219 860 486 895 eeditEvangeliutn,
497 866 523 888 et
541 866 687 896 sequuntur
701 861 824 896 apostoli.
842 860 897 887 lllic
910 859 1011 887 duode-

222 907 274 934 cim
290 907 425 942 propheta:
438 927 445 939 ,
457 911 484 934 et
502 907 597 941 singuli
616 911 722 934 suntex
736 914 847 933 numero
868 905 1009 932 duodeuo;

222 953 362 980 duodecim
376 958 437 979 sunt
449 952 517 980 Osee
531 957 558 980 et
574 953 668 988 reliqui
687 962 694 980 ε
709 957 838 987 quatuor,
854 951 933 979 lsaias
945 972 952 983 ,
968 951 1012 979 Je-

220 999 335 1031 remias,
352 998 473 1025 Ezechiel
485 1019 492 1030 ,
507 998 607 1025 Daniel.
623 999 649 1025 In
671 998 745 1025 Novo
761 997 930 1024 Testamento
944 997 1012 1025 duo-

221 1043 307 1070 decim
328 1043 459 1077 apostoli,
475 1048 502 1070 ct
523 1049 635 1078 quatuor
656 1044 835 1078 evangelista.
851 1043 906 1070 illic
921 1051 1012 1071 rursus

223 1089 307 1123 prima
328 1089 431 1116 vocatio
454 1089 499 1116 Dei
513 1097 527 1116 a
549 1089 674 1117 fratribus
695 1090 776 1125 coepit
790 1098 806 1119 .:
828 1090 929 1125 accepit
942 1090 1011 1117 enim

222 1134 341 1170 Moysem
355 1139 382 1162 et
395 1136 526 1162 Aaronem
549 1135 649 1170 pri.uos
662 1142 797 1169 prwcoues
817 1136 860 1162 :in
868 1135 1012 1170 Evangelia

222 1187 327 1214 quoque
342 1180 451 1214 primam
464 1181 627 1208 vocationem
642 1180 704 1207 facit
717 1180 786 1207 Petri
799 1185 825 1208 et
840 1181 962 1208 Andreae.
980 1181 1012 1208 Et

223 1225 276 1253 illic
289 1226 395 1262 quidem
412 1226 523 1261 simplex
538 1226 632 1262 gratia,
644 1226 686 1253 hic
700 1231 788 1253 autem
802 1226 883 1261 duplo
897 1227 1010 1254 auctior.

223 1271 278 1298 illic
292 1272 361 1298 enitn
373 1272 426 1299 duo
441 1272 535 1299 fratres
549 1272 632 1299 vocali
647 1276 717 1305 sunt,
733 1272 837 1308 Moyses
853 1276 880 1299 ct
900 1273 987 1299 Aaron
1002 1279 1010 1304 ;

223 1317 266 1345 hic
280 1323 370 1346 autem
386 1318 426 1346 bis
443 1318 495 1345 duo
511 1318 616 1349 fratres,
632 1318 726 1346 Petrus
738 1323 766 1346 et
788 1318 917 1351 Andreas,
933 1318 1012 1346 Jaco-

222 1362 271 1390 bus
283 1367 310 1390 et
320 1363 446 1391 Joannes.
463 1364 527 1397 Quia
543 1364 626 1391 voluit
637 1364 765 1392 Servatur
777 1372 836 1391 eam
847 1372 905 1399 qua:
917 1372 1012 1392 secun-

222 1409 283 1436 dum
296 1409 422 1444 Spiritum
434 1414 552 1437 sanctum
567 1413 610 1438 est
622 1410 758 1437 caritatem
773 1410 848 1437 nobis
863 1410 1008 1443 insinuare,

221 1459 249 1481 et
262 1454 355 1482 fratres
369 1455 465 1482 allectu
477 1455 554 1482 simul
577 1459 604 1483 et
628 1455 722 1490 spiritu
741 1455 839 1488 facere,
854 1455 1011 1483 fundamen-

222 1504 276 1527 tum
290 1501 402 1535 sumpsit
423 1505 553 1534 naturam,
567 1501 729 1536 inseruitque
743 1507 844 1528 naturae
858 1501 971 1534 viscera,
985 1505 1012 1528 et

221 1545 248 1572 in
273 1545 317 1572 illa
343 1545 563 1586 supermdifieavit
583 1545 782 1574 fundamentum
804 1546 938 1574 Ecclesiae.
952 1546 1011 1573 Pri-

220 1599 294 1618 mum
319 1592 423 1627 signum
447 1593 474 1619 in
491 1586 580 1620 Veteri
603 1593 651 1620 fuit
664 1597 780 1620 mutatus
805 1594 830 1620 in
855 1594 1010 1628 sanguinem

221 1637 333 1670 ﬂuvius;
350 1638 465 1673 primum
487 1639 590 1673 signum
611 1639 637 1666 in
659 1639 733 1666 Novo
748 1639 798 1666 fuit
813 1639 922 1666 mutatio
937 1647 1011 1673 aqua:

221 1684 248 1710 in
264 1683 364 1710 viuum.
381 1683 476 1711 Verum
493 1692 544 1711 non
567 1689 608 1712 est
626 1685 766 1719 prtesenlis
787 1685 913 1719 temporis
927 1689 1010 1711 totam

221 1729 419 1757 similitudinem
433 1730 559 1765 deinceps
579 1731 702 1766 persequi
719 1741 725 1758 :
742 1730 789 1758 sed
809 1730 842 1758 ad
862 1731 1011 1758 institutum

219 1780 394 1802 reret-tamur.
410 1774 443 1802 In
457 1776 580 1810 principio
601 1776 659 1810 fecit
677 1775 745 1803 Deus
763 1776 851 1803 aulum
866 1781 889 1803 et
908 1781 1010 1803 terram.

220 1819 272 1847 Sex
288 1820 389 1848 dierum
404 1821 489 1856 spatio
503 1821 564 1848 fecit
587 1821 657 1849 Deus
673 1821 772 1848 omnia.
787 1822 838 1849 Sed
853 1821 937 1856 prima
952 1821 1009 1849 dies

220 1866 310 1893 differt
330 1873 344 1892 a
361 1866 543 1900 sequentibus.
559 1867 623 1894 Nam
647 1867 730 1901 prima
755 1866 798 1894 die
820 1867 881 1894 fecit
895 1867 964 1894 Deus
978 1874 1010 1894 ex

220 1919 273 1938 non
289 1911 454 1939 exstantibus
475 1920 482 1938 :
507 1920 522 1939 a
544 1912 662 1939 secundo
681 1916 769 1939 autent
794 1911 836 1939 die
859 1912 923 1939 nihil
948 1912 1011 1940 fecit

219 1957 291 1985 Deus
304 1966 336 1985 ex
355 1965 407 1985 non
421 1959 603 1990 exstantibus;
619 1958 666 1986 sed
688 1966 719 1985 ex
744 1959 775 1985 iis
795 1966 854 1993 qum
868 1958 952 1993 prima
968 1959 1011 1986 die

219 2003 320 2030 fecerat
335 2004 446 2031 mutavit
461 2009 488 2031 ut
503 2005 594 2031 voluit.
606 2004 646 2031 Tu
668 2011 731 2031 vero
746 2004 786 2030 his
799 2004 972 2032 consideratis
984 2009 1011 2032 et

219 2049 374 2082 exploratis,
390 2049 412 2076 si
428 2049 565 2076 veritatem
579 2049 773 2084 deprehendis,
787 2057 925 2077 assensum
940 2057 1010 2084 prte-

220 2093 274 2127 be;
290 2094 331 2121 sin
351 2102 403 2122 non
425 2094 619 2129 deprehendis,
644 2095 752 2128 incusa,
774 2099 801 2122 et
815 2097 1009 2123 accusationem

217 2139 330 2167 admitto
346 2149 353 2168 :
368 2140 394 2167 id
420 2140 490 2168 enim
513 2141 622 2168 multam
643 2140 806 2169 defensionis
829 2149 920 2169 ausam
945 2141 1010 2169 mihi

222 2185 332 2220 prtebet.

255 2233 282 2260 4.
292 2232 416 2261 (Italorum
425 2235 543 2269 formatio
551 2234 727 2270 (a).—Primo
736 2235 824 2270 itaque
831 2235 873 2264 die
879 2241 1011 2264 creatura-

218 2286 279 2306 rum
290 2280 429 2306 materiam
438 2279 500 2307 fecit
509 2280 589 2312 Deus;
602 2280 710 2316 reliquis
719 2288 782 2308 vero
790 2281 884 2309 diebus
899 2283 1010 2309 formam

217 2329 374 2353 etornatum
383 2331 575 2354 creaturarum.
585 2327 707 2362 Exempli
715 2334 794 2354 causa
806 2348 814 2360 ,
828 2327 890 2355 fecit
903 2328 1008 2361 crelum,

215 2370 287 2405 quod
294 2376 354 2399 ante
363 2379 414 2399 non
422 2377 494 2405 erat;
502 2380 554 2399 non
565 2371 617 2399 hoc
628 2372 732 2405 caelum,
745 2372 791 2399 sed
804 2372 875 2408 quod
889 2373 1010 2407 superius

219 2421 279 2444 est:
297 2417 347 2445 hoc
359 2418 457 2453 quippe
469 2418 564 2446 caelum
577 2418 694 2446 secundo
706 2418 750 2446 die
763 2419 861 2446 factum
874 2423 924 2446 est.
936 2419 1011 2446 Fecit

219 2462 288 2490 Deus
295 2464 389 2491 caelum
401 2465 533 2499 superius,
542 2464 575 2491 de
584 2472 636 2499 quo
648 2464 732 2491 David
742 2474 748 2492 :
759 2464 854 2492 Cretum
861 2465 915 2491 cwli
924 2464 1012 2491 Domi-

218 2516 250 2535 tio
261 2508 346 2545 (Psat.
357 2510 418 2537 ΗΞ.
433 2509 489 2546 16).
502 2510 567 2537 lllud
581 2517 645 2537 vero
659 2510 734 2544 quasi
744 2517 897 2544 supremum
910 2510 1010 2537 tabula-

218 2559 273 2583 tum
282 2559 332 2583 est.
343 2556 382 2583 Ae
394 2555 615 2591 quemadmodum
629 2555 656 2582 in
665 2554 862 2583 domoduarum
869 2556 1009 2590 contigna-

217 2601 320 2628 tionum
334 2601 474 2629 intercedit
483 2601 628 2629 tabulatum
642 2600 757 2628 medium
769 2609 775 2627 :
791 2600 831 2629 sic
843 2606 869 2628 et
880 2600 1008 2628 Dominus

217 2647 343 2674 mundum
349 2655 444 2675 ereans
454 2655 502 2675 ceu
511 2647 629 2681 domum,
643 2647 758 2676 medium
766 2646 909 2674 tabulatum
920 2647 1009 2681 posuit

217 2691 269 2720 hoc
279 2694 372 2721 caelum
382 2697 424 2727 ,et
433 2700 512 2728 supra
527 2694 600 2720 illum
611 2700 702 2728 aquas.
711 2691 774 2720 Ideo
786 2692 825 2720 ait
839 2692 940 2720 David:
959 2692 1009 2726 Qui

216 2743 278 2774 tegis
287 2740 358 2774 aquis
365 2740 495 2775 superiora
501 2740 556 2772 eius
563 2739 647 2776 (Psal.
659 2739 720 2767 105.
729 2739 767 2775 5).
779 2738 854 2767 Fecit
868 2739 946 2774 igitur
955 2746 1008 2766 cte-

217 2785 269 2813 lum
280 2785 351 2820 quod
356 2790 419 2814 ante
426 2793 478 2813 non
487 2790 552 2818 erat,
561 2790 657 2814 terram
666 2793 725 2821 qua:
731 2790 791 2813 aute
798 2793 849 2813 non
859 2789 924 2819 erat,
936 2787 1011 2821 abys-

241 2849 284 2885 .(a)
299 2854 355 2880 oue
374 2852 600 2885 sequunturiaifert
619 2852 715 2878 Cosmus
734 2852 860 2884 Egyptius
883 2853 908 2878 in
929 2852 1010 2878 Colle-

216 2883 296 2906 etinue
307 2887 389 2912 nostra
400 2883 426 2908 'l".
439 2883 462 2914 2,
475 2890 499 2915 ιι.
513 2883 567 2908 520.

754 161 798 188 DE
818 160 927 188 MUNDI’
944 159 1139 188 CREATIUNE
1159 160 1284 190 ORATIO
1305 163 1324 190 Ι.

1803 169 1855 196 [εἶτἳὸ

1065 226 1108 246 sos
1117 228 1175 254 quur
1184 225 1245 248 ante
1253 230 1304 249 non
1313 226 1400 255 erant,
1411 227 1514 255 ventos,
1527 231 1627 256 aerem,
1639 224 1737 259 ignem,
1747 233 1852 261 aquam.

1064 265 1186 293 Omnium
1196 275 1254 302 qtae
1268 267 1334 294 facta
1346 269 1554 296 sunttnateriam
1565 270 1647 304 prima
1659 270 1701 298 die
1717 270 1786 299 fecit.
1801 273 1853 300 Sed

1065 311 1133 338 haud
1145 312 1223 339 dubie
1238 313 1305 340 dicet
1322 314 1434 348 aliquis:
1450 314 1583 349 Scriptum
1599 320 1639 342 est
1653 316 1739 350 ipsmn
1756 316 1853 344 fecis<e

1064 357 1161 384 ca-lnm
1178 363 1204 384 et
1226 363 1321 385 terram
1333 380 1340 392 ,
1362 359 1395 386 de
1409 366 1494 394 aqua,
1518 360 1578 395 igne
1596 365 1623 388 et
1644 369 1706 388 aere
1720 369 1772 389 non
1787 363 1853 389 scri—

1064 408 1138 437 ptum
1151 408 1202 431 est.
1218 404 1307 431 Primo
1321 405 1424 439 itaque,
1437 405 1531 432 fratres
1543 426 1549 437 ,
1565 414 1596 432 ex
1613 415 1664 441 quo
1680 407 1746 434 dixit
1760 409 1853 435 cn-lunt

1065 453 1091 475 et
1108 454 1204 476 terram
1224 449 1292 477 facta
1306 457 1365 477 esse
1379 471 1387 483 ,
1403 458 1436 477 ex
1458 451 1490 478 iis
1512 459 1570 486 quae
1590 453 1725 479 continent
1744 460 1775 480 ea
1796 462 1854 488 qua:

1064 494 1235 522 continentur
1258 495 1392 522 indicavit.
1413 496 1486 523 Sicut
1509 497 1578 523 enim
1593 505 1652 524 cum
1673 497 1763 532 dixit,
1783 498 1855 526 Fecit

1065 539 1132 567 Deus
1145 541 1269 567 hominem
1282 541 1406 576 pulverem
1417 542 1540 576 accipiens
1553 543 1584 570 de
1596 549 1663 570 terra
1677 545 1750 579 (Gen.
1769 546 1795 573 2.
1815 546 1854 581 7),

1064 587 1198 622 opificium
1213 587 1298 621 dixit,
1315 596 1366 616 non
1381 589 1499 616 membra
1512 591 1678 618 enumerarit
1693 599 1699 617 :
1715 599 1801 625 neque
1811 592 1854 619 di-

1064 633 1121 660 xit:
1137 631 1211 661 Fecit
1227 633 1296 661 Deus
1309 634 1411 668 oculos,
1427 639 1551 667 ctaures,
1568 640 1594 663 et
1606 644 1694 669 nares,
1709 637 1754 664 sed
1767 637 1854 664 homi-

1065 686 1125 705 nem
1140 677 1241 711 dicens,
1256 679 1343 706 omnia
1355 679 1433 707 simul
1448 681 1565 708 membra
1580 682 1780 716 comprehcndit
1793 691 1800 709 :
1815 683 1853 711 sic

1064 731 1123 751 cum
1140 724 1203 752 dicit
1219 745 1226 756 ,
1241 725 1323 752 Deum
1347 724 1441 753 fecisse
1459 726 1553 753 caelum
1577 732 1602 754 et
1625 731 1721 755 terram
1736 749 1743 761 ,
1758 734 1854 756 cuncta

1064 769 1219 804 complexus
1233 774 1284 803 est,
1301 774 1327 797 et
1340 778 1391 797 una
1407 772 1531 798 tenebras
1543 776 1571 799 et
1592 772 1703 808 altyssos
1716 773 1799 801 factas
1812 774 1853 801 in-

1064 815 1136 842 duxit
1150 825 1156 843 :
1172 824 1231 842 nam
1243 815 1371 850 Tenebrar,
1385 817 1479 852 inquit,
1496 823 1567 845 erant
1578 827 1654 853 super
1667 820 1756 854 facient
1771 819 1853 855 abyssi

1064 861 1073 896 (
1085 860 1148 887 Gen.
1165 861 1191 889 1.
1207 861 1253 897 2).
1268 862 1388 898 Abyssus
1402 870 1465 890 vero
1479 868 1590 890 vocatur
1603 871 1730 898 aquarum
1744 872 1851 900 gurges.

1064 906 1139 941 Quod
1152 911 1239 934 autem
1250 908 1329 935 etiam
1346 907 1434 944 abyssi
1448 907 1524 936 facta:
1535 909 1596 942 sint,
1611 909 1766 937 testificatur
1779 910 1852 938 Scri-

1064 956 1140 987 ptura
1161 952 1253 980 dicens
1273 963 1279 980 :
1304 952 1443 988 Antequam
1460 954 1564 988 abysso:
1586 955 1758 986 constitueret,
1783 961 1853 983 ante-

1063 1004 1139 1033 quam
1157 1002 1249 1024 terram
1266 1003 1360 1025 crearet
1375 998 1385 1034 (
1401 998 1478 1025 Prov.
1490 999 1517 1027 8.
1530 999 1575 1026 24.
1590 999 1624 1026 26
1636 999 1657 1035 ).
1671 999 1760 1035 Itaque
1777 1000 1853 1027 facta:

1063 1048 1140 1070 erant
1160 1044 1259 1079 abyssi.
1274 1043 1374 1071 Deinde
1389 1052 1435 1071 aer
1453 1052 1559 1079 quoque
1579 1045 1748 1080 quandonam
1768 1046 1852 1073 factus

1064 1089 1098 1116 sit
1108 1089 1169 1115 audi
1181 1099 1187 1115 :
1201 1088 1233 1115 Et
1243 1089 1346 1123 spiritus
1361 1089 1407 1116 Dei
1423 1089 1548 1124 ferebatur
1560 1098 1636 1124 super
1646 1099 1723 1125 aquas
1738 1090 1811 1126 (Gen.
1825 1091 1851 1118 1.

1062 1133 1103 1167 2).
1118 1133 1167 1161 llic
1181 1141 1233 1160 non
1248 1133 1376 1168 Spiritum
1398 1139 1518 1161 sanetum
1540 1135 1620 1168 dicit;
1637 1143 1690 1162 nun
1705 1136 1776 1162 enim
1791 1143 1852 1164 cum

1063 1180 1193 1206 creaturis
1214 1184 1404 1207 annumeratur
1425 1179 1451 1207 id
1466 1180 1535 1215 quod
1556 1181 1705 1208 increatum
1720 1186 1761 1208 est
1781 1191 1787 1208 :
1805 1182 1852 1209 sed

1064 1225 1185 1259 spiritum
1206 1229 1284 1253 vocat
1302 1226 1371 1253 aeris
1393 1229 1503 1253 motum.
1524 1227 1563 1254 Ac
1580 1226 1803 1261 quemadtnodum
1825 1228 1851 1255 in

1064 1270 1120 1298 Elia
1135 1270 1263 1306 propheta
1284 1271 1411 1306 scriptum
1425 1277 1466 1299 est
1483 1281 1489 1299 :
1506 1271 1540 1298 Et
1559 1273 1648 1299 emtum
1670 1274 1853 1301 contenebravit

1063 1318 1088 1344 in
1099 1318 1163 1345 nube
1177 1322 1199 1345 et
1212 1319 1303 1353 spiritu
1313 1319 1352 1354 (5.
1368 1317 1431 1354 Reg.
1444 1317 1486 1346 18.
1501 1319 1557 1354 45)ε
1573 1320 1611 1346 sic
1626 1324 1649 1346 et
1665 1319 1715 1347 hoc
1730 1319 1788 1347 loco
1799 1321 1853 1355 spi-

1064 1363 1143 1390 ritum
1164 1370 1242 1391 vocat
1263 1365 1332 1392 acris
1354 1370 1486 1392 naturam.
1503 1365 1613 1392 Demum
1629 1369 1751 1400 superest
1765 1370 1792 1392 ut
1807 1373 1853 1392 os-

1064 1409 1211 1441 tendamus,
1221 1410 1328 1437 ubinam
1338 1410 1404 1445 ignis
1413 1409 1497 1437 factus
1509 1410 1552 1436 sit.
1565 1409 1636 1437 Dixit
1645 1409 1723 1443 Deus,
1736 1410 1794 1436 Fiat
1808 1411 1852 1437 tua:

1065 1454 1139 1490 (Gen.
1154 1455 1180 1482 1.
1193 1454 1234 1490 2),
1246 1459 1274 1483 et
1283 1455 1351 1483 facta
1362 1460 1402 1483 est
1414 1455 1482 1490 ignis
1492 1459 1605 1483 natura:
1622 1463 1674 1482 non
1685 1455 1770 1482 solum
1781 1456 1851 1483 enim

1063 1501 1106 1527 hic
1122 1501 1188 1536 ignis
1201 1501 1316 1534 exsistit,
1332 1501 1378 1528 sed
1392 1502 1471 1528 ctiam
1486 1508 1610 1535 supernae
1623 1505 1769 1535 potestates
1783 1501 1852 1536 ignis

1063 1551 1145 1580 Sunt,
1159 1546 1300 1581 uffinisque
1313 1551 1355 1574 est
1367 1554 1500 1581 supernus
1515 1546 1559 1574 ille
1575 1567 1581 1579 ,
1603 1546 1664 1573 huic
1678 1551 1771 1574 nostro
1786 1547 1849 1581 igni.

1063 1593 1195 1627 Qmuritur
1207 1597 1305 1625 autem,
1317 1600 1363 1619 cur
1373 1593 1415 1620 hic
1427 1592 1618 1627 exstinguatur,
1630 1592 1673 1619 ille
1685 1598 1749 1619 vero
1762 1599 1850 1621 secus.

1063 1640 1127 1673 Quia
1140 1639 1248 1674 angelos
1268 1639 1329 1666 fecit
1344 1639 1412 1666 Deus
1424 1638 1533 1673 spiritus
1547 1659 1555 1671 ,
1571 1639 1725 1673 anitnasque
1746 1642 1851 1666 nostras

1064 1685 1125 1712 item
1137 1685 1255 1719 spiritus,
1267 1683 1313 1711 sed
1330 1684 1433 1711 animas
1444 1687 1550 1711 nostras
1563 1683 1589 1710 in
1601 1689 1730 1718 corpore,
1743 1683 1852 1717 angelos

1062 1734 1151 1757 autem
1165 1735 1240 1757 extra
1253 1737 1376 1765 corpora.
1403 1728 1634 1764 Quemadmodum
1654 1729 1733 1765 igitur
1754 1729 1780 1756 in
1795 1730 1853 1756 ani-

1063 1776 1155 1803 mabus
1169 1780 1195 1802 et
1208 1775 1233 1803 in
1246 1776 1357 1810 angelis,
1374 1776 1412 1803 sic
1426 1779 1454 1803 et
1466 1775 1491 1802 in
1504 1776 1563 1810 igne
1575 1781 1630 1803 rem
1643 1781 1673 1802 se
1687 1774 1785 1803 habere
1794 1781 1853 1803 eer-

1063 1821 1144 1848 nitur.
1166 1820 1235 1856 ignis
1255 1828 1386 1856 supernus
1404 1821 1462 1848 sine
1483 1822 1594 1848 materia
1611 1841 1619 1854 ,
1643 1821 1711 1856 ignis
1733 1820 1852 1848 infernus

1063 1874 1122 1895 cum
1135 1867 1260 1895 materia:
1273 1866 1390 1894 caelestis
1401 1867 1472 1894 enim
1487 1867 1555 1901 ignis
1569 1867 1610 1893 his
1621 1870 1662 1894 est
1672 1865 1771 1898 affinis,
1784 1866 1853 1893 sicut

1062 1917 1090 1941 et
1110 1913 1197 1940 anima
1218 1917 1309 1940 nostra
1332 1912 1418 1940 affinis
1435 1916 1477 1940 est
1499 1912 1619 1947 angelis:
1638 1916 1668 1939 ut
1686 1912 1723 1939 illi
1743 1911 1853 1947 spiritus

1063 1963 1141 1992 sunt,
1158 1959 1196 1986 sic
1211 1964 1237 1986 et
1251 1959 1292 1986 ha:
1306 1962 1368 1986 sunt
1380 1958 1489 1993 spiritus
1499 1978 1507 1991 ,
1519 1958 1637 1985 utetiam
1653 1962 1708 1985 tres
1722 1957 1797 1992 pueri
1809 1956 1852 1984 di-

1063 2011 1126 2033 cunt
1138 2015 1145 2033 :
1158 2004 1419 2040 Benedicite,spiritus
1436 2008 1460 2031 et
1477 2004 1568 2030 animae
1577 2004 1704 2039 furtorum
1720 2003 1730 2039 (
1744 2003 1810 2029 Dan.
1823 2003 1850 2030 '5.

1063 2051 1108 2085 86)
1121 2059 1128 2083 ;
1144 2058 1175 2078 ac
1188 2058 1303 2083 rursum,
1317 2049 1367 2083 Qui
1382 2050 1442 2084 facit
1453 2049 1558 2084 angelos
1571 2056 1631 2076 suos
1642 2048 1747 2082 qu'ritus
1763 2047 1850 2083 (Psaf.

1063 2096 1125 2124 105.
1142 2097 1159 2123 4
1171 2095 1191 2132 ).
1207 2095 1297 2130 Neque
1312 2095 1390 2129 igitur
1404 2094 1491 2121 anima
1513 2093 1570 2121 sine
1584 2099 1698 2128 corpore
1717 2096 1828 2127 apparet
1842 2112 1850 2125 ,

1064 2150 1149 2177 neque
1162 2143 1249 2177 ignem
1261 2142 1318 2169 sine
1331 2146 1436 2175 stuppa,
1449 2140 1491 2167 vel
1505 2144 1642 2168 sarmento
1651 2161 1659 2173 ,
1670 2139 1712 2167 vel
1723 2140 1775 2166 alia
1789 2146 1847 2166 ma-

1064 2188 1129 2216 teria
1151 2187 1242 2215 videre
1261 2191 1311 2214 est.
1334 2185 1371 2214 Ut
1386 2190 1473 2225 autem
1496 2185 1651 2213 ostendatur
1673 2184 1744 2212 hunc
1763 2184 1851 2219 ignem

1063 2241 1116 2262 non
1130 2239 1190 2262 esse
1204 2233 1338 2266 alienum,
1361 2231 1386 2259 id
1402 2231 1481 2259 doeet
1495 2231 1552 2267 ipsa
1567 2235 1671 2259 natura.
1683 2229 1757 2258 Multi
1772 2236 1851 2257 nam-

1063 2287 1115 2315 que
1127 2286 1198 2314 smpe
1212 2286 1245 2306 ex
1256 2278 1313 2306 sole
1329 2278 1416 2313 ignem
1431 2281 1594 2310 mutuantur,
1606 2280 1634 2304 et
1643 2275 1792 2304 accendunt
1804 2284 1812 2302 :
1829 2275 1852 2302 si

1063 2330 1151 2353 autem
1165 2325 1268 2352 alienus
1282 2328 1364 2357 esset,
1378 2322 1515 2358 quomodo
1529 2322 1644 2349 alienum
1659 2328 1693 2349 ex
1704 2322 1762 2357 ipso
1779 2321 1852 2349 acci-

1064 2370 1192 2406 peretur?
1206 2370 1330 2406 Alioquin
1346 2375 1398 2396 tam
1413 2370 1505 2404 ingens
1525 2369 1552 2396 in
1577 2367 1644 2396 casio
1658 2368 1726 2403 ignis
1740 2371 1783 2395 est
1794 2368 1853 2396 sine

1063 2416 1184 2448 materia,
1195 2419 1225 2443 ut
1239 2416 1264 2443 in
1279 2419 1369 2442 monte
1382 2414 1445 2443 Sina
1458 2414 1525 2450 ignis
1538 2417 1687 2448 appareret,
1697 2421 1776 2449 quem
1791 2413 1854 2441 abs-

1063 2471 1115 2499 que
1133 2462 1210 2497 lignis
1237 2461 1364 2496 subjectis
1380 2481 1387 2493 ,
1400 2460 1447 2488 sed
1471 2467 1503 2488 ex
1525 2460 1584 2495 ipso
1600 2460 1719 2487 materia:
1741 2463 1853 2495 experte

1063 2509 1124 2544 igne
1134 2508 1168 2536 ad
1179 2507 1356 2543 spectaculum
1371 2506 1464 2534 eduxit
1478 2506 1561 2539 Deus,
1571 2510 1601 2533 ut
1610 2505 1741 2541 quispiam
1754 2505 1853 2534 dixerit

1063 2560 1173 2589 parvum
1188 2560 1248 2581 esse
1271 2553 1342 2580 hunc
1361 2552 1451 2587 ignem
1466 2559 1526 2579 cum
1539 2551 1586 2579 illo
1601 2551 1700 2586 ingenti
1713 2558 1853 2586 compara-

1064 2606 1130 2628 tum.
1153 2600 1199 2629 Sic
1217 2600 1306 2635 itaque
1327 2599 1364 2626 ait
1384 2598 1507 2634 Moyses:
1522 2597 1562 2625 De
1581 2598 1643 2625 caelo
1661 2598 1774 2624 auditam
1795 2597 1853 2632 fecit

1063 2647 1189 2675 Dominus
1210 2654 1293 2674 uocem
1314 2653 1387 2673 suam
1403 2666 1411 2677 ,
1429 2649 1453 2672 et
1468 2644 1575 2672 attendit
1594 2643 1663 2671 Deus
1682 2644 1764 2679 ignem
1778 2651 1851 2671 suum

1063 2693 1204 2730 magnum(
1218 2693 1294 2720 Deut.
1309 2693 1336 2721 4.
1349 2692 1386 2720 56
1401 2690 1428 2728 );
1443 2696 1471 2718 ut
1490 2691 1687 2719 demonstraret
1705 2690 1775 2717 hunc
1792 2695 1852 2716 esse

1064 2749 1184 2776 parvum.
1198 2739 1292 2767 Omnia
1305 2739 1393 2774 itaque
1405 2738 1473 2773 ignis
1482 2741 1553 2771 sunt,
1569 2741 1596 2764 et
1608 2736 1705 2771 fulgur,
1716 2740 1743 2763 et
1755 2734 1850 2766 stclhe,

1063 2791 1091 2815 et
1105 2787 1181 2814 solet
1193 2786 1265 2817 luna,
1280 2784 1387 2819 illisque
1400 2788 1494 2811 noster
1502 2783 1570 2819 ignis
1583 2782 1672 2809 afﬁnis
1684 2785 1733 2808 est.
1743 2780 1776 2807 Et
1790 2779 1851 2806 vide

1064 2840 1144 2867 quam
1164 2831 1320 2858 affinitatem
1340 2829 1456 2857 habeant
1469 2830 1583 2864 ἀστραπὴ
1595 2831 1623 2855 et
1638 2828 1747 2861 ἅστὶρις,
1763 2823 1851 2859 fulgur

1065 2882 1091 2906 et
1104 2878 1198 2911 stellae,
1212 2877 1254 2904 vel
1267 2884 1298 2904 ex
1313 2877 1369 2912 ipso
1382 2875 1508 2909 nomine;
1523 2875 1636 2909 ἀστραπὴ
1650 2875 1677 2900 et
1688 2874 1784 2908 ἄστρα,
1796 2868 1849 2897 ful-
