2062 3128
223 147 274 176 435

221 213 270 239 ειη·
283 209 309 233 et
321 205 412 234 stcllm.
430 205 555 233 Servator
568 211 666 238 autem,
684 212 708 233 ut
724 206 874 233 ostenderet
887 207 972 241 ignem
983 212 1010 234 et

222 252 309 287 fulgur
322 252 417 280 similia
432 260 491 280 esse
504 274 510 285 ,
523 254 558 281 ait
575 253 599 280 in
615 251 775 286 Evangelia:
790 252 903 279 Lucerna
918 262 1009 285 corpo-

220 298 256 323 ris
266 303 302 324 est
312 298 409 324 oculus.
424 297 454 325 Si
465 299 551 325 oculus
562 305 617 324 tuus
627 299 702 331 fuerit
713 297 820 330 lucidus,
830 303 908 325 totum
919 306 1011 332 corpus

222 348 291 368 tuum
303 342 413 369 lucidum
427 343 471 369 erit
483 343 589 378 (Matth.
603 343 629 370 6.
641 343 698 376 22).
712 343 773 372 llzec
784 345 918 370 Servatur.
933 344 1010 372 Dein-

220 389 254 414 de
264 388 414 423 subjttngit:
428 388 460 415 Ut
475 397 531 414 cum
543 388 644 414 lucerna
654 389 753 423 fulgure
764 389 889 417 illunn'nat
900 394 922 416 te
933 389 1009 427 (Luc.

223 434 264 460 ll.
283 434 346 469 '56);
362 434 476 461 lucerna:
489 434 575 469 fulgur
587 442 686 461 Vocans
701 435 816 462 lucerna:
831 435 971 471 fulgorem.

256 479 282 506 5.
297 478 389 505 Omnia
402 479 480 513 igitur
494 478 562 506 facta
576 485 638 506 sunt
654 489 660 507 :
677 480 745 515 ignis
759 480 843 508 faettts
857 485 907 514 est,
919 481 1009 516 abyssi

221 524 296 552 facte
310 529 371 552 sunt
383 547 390 556 ,
408 525 497 558 venti,
521 531 634 560 quatuor
648 527 778 554 elementa
794 548 801 560 ,
819 533 886 554 terra
899 549 905 559 ,
921 529 987 562 ignis
1000 549 1007 562 ,

222 579 298 604 aqua,
313 579 368 597 aer.
385 570 449 598 Nant
464 579 523 607 qua:
535 573 744 607 ontiseratqttasi
758 573 801 600 hic
813 575 921 600 resumit
935 574 1010 610 Moy-

220 623 262 643 ses
273 617 378 644 dicens:
397 617 449 644 Sea:
462 618 546 644 diebus
559 618 617 654 fecit
632 618 699 646 Deus
712 621 800 646 ctutum
815 625 837 646 et
849 626 942 647 trrraut
957 642 963 652 ,
985 627 1008 648 et

220 663 305 688 omnia
317 669 374 696 qua:
384 662 409 688 in
421 663 455 688 eis
470 668 528 689 sunt
542 663 637 698 (Exod.
652 664 696 692 20.
709 664 764 700 Η),
779 665 1007 698 Quemadmodum

219 712 307 734 autem
321 708 441 742 corporis
456 717 508 736 non
523 710 612 738 omnia
627 711 744 739 ntembra
760 711 836 743 dixit.
853 712 891 739 sic
907 720 936 739 ea
949 721 1007 746 qua:

219 753 252 779 ad
267 754 428 781 creationem
444 760 565 789 spectant
576 764 628 784 non
643 751 818 789 enttntera‘vit,
836 757 939 785 etiamsi
950 766 1009 784 om-

220 799 262 826 nia
273 807 332 826 eum
344 800 443 828 mttndo
457 801 509 828 sitit
521 801 636 828 condita.
653 801 680 829 Si
701 811 780 837 porro
794 811 845 831 non
856 809 928 831 esset
941 805 1008 839 ignis

219 844 245 871 in
261 850 340 876 terra,
353 854 405 872 non
422 845 500 873 hodie
514 847 599 882 ignem
610 856 640 875 ex
656 853 728 883 petra
742 849 896 884 educerent,
913 858 964 877 non
975 859 1008 880 ex

220 890 311 925 ligno;
327 892 446 919 collisum
466 894 563 928 quippe
586 894 684 928 lignum
711 896 797 930 ignem
821 897 926 924 emittit.
941 898 1007 927 Ani-

220 945 290 963 tmttn
310 946 373 973 ergo
387 939 527 973 diligenter
541 941 647 968 adhibe.
666 942 783 970 Tenebrw
796 965 803 976 ,
819 944 922 978 inquit,
935 950 1008 971 erant

218 991 293 1017 super
307 984 396 1018 furiem
412 985 496 1020 abyssi
518 985 604 1021 (Gen.
622 987 632 1014 1
662 988 678 1017 ’2
692 990 709 1020 l.
735 989 840 1023 Ergone
854 1010 860 1019 .
883 990 984 1026 inquies
998 1010 1006 1023 ,

221 1028 291 1054 Deus
307 1030 428 1056 tenebras
444 1031 526 1058 fecit?
539 1032 643 1059 Scimus
658 1034 736 1062 altam
753 1042 812 1061 esse
826 1036 984 1062 sententiam
998 1045 1005 1062 :

219 1074 264 1100 sed
281 1075 340 1109 quia
353 1075 377 1102 itt
394 1081 463 1105 casto
485 1085 557 1112 smpe
574 1086 665 1105 smnus
686 1087 779 1107 eoruut
795 1101 802 1113 ,
817 1088 929 1115 quorum
946 1089 1007 1116 pars

219 1119 304 1146 amico
318 1121 427 1148 audiunt
443 1123 532 1149 animo
542 1144 549 1155 ,
568 1131 629 1158 pars
642 1133 704 1152 vero
718 1125 913 1160 reprehendere
935 1132 1006 1154 sata-

219 1171 285 1198 gunt
301 1174 308 1198 ;
332 1173 443 1194 necesse
465 1173 506 1195 est
526 1170 635 1197 verbum
653 1179 704 1197 non
721 1172 778 1198 sine
791 1173 912 1200 examine
925 1173 1006 1202 relin-

220 1218 315 1243 quere,
329 1220 362 1239 ne
376 1217 434 1246 post
449 1221 541 1248 magna
557 1216 685 1249 promissa
703 1238 709 1249 ,
726 1218 820 1253 exigua
837 1224 1004 1253 prmstettttts.

220 1255 358 1284 lindcuatn
373 1266 436 1293 ergo
450 1261 568 1287 tenebra:
582 1261 592 1287 ?
607 1262 672 1289 Nam
688 1263 756 1289 Deus
773 1285 780 1296 ,
802 1265 945 1299 inquiunt,
959 1266 1006 1293 has

219 1310 271 1328 non
286 1303 362 1330 fecit:
379 1305 447 1333 Deus
458 1307 528 1333 enini
545 1328 552 1339 ,
567 1308 639 1336 aiunt
654 1330 661 1341 ,
677 1317 762 1344 neque
776 1311 942 1339 tenebrarum
955 1321 1007 1342 ne—

219 1355 270 1381 que
292 1349 413 1384 caliginis
436 1351 523 1385 Opifex
539 1359 588 1379 est.
606 1355 673 1390 Quid
689 1356 766 1389 igitur
787 1361 848 1385 sunt
862 1358 978 1388 tenebras
994 1360 1005 1385 ?

218 1392 289 1419 Multi
304 1393 428 1422 dixerunt
440 1404 499 1423 esse
512 1398 568 1424 ca-li
591 1400 722 1428 tunbratn.
742 1401 806 1428 Nam
820 1423 826 1433 ,
838 1403 930 1434 aiunt,
944 1411 1004 1432 eum

217 1438 310 1465 cadum
324 1441 445 1474 superius
457 1442 592 1470 conditum
616 1449 672 1478 est,
686 1453 746 1472 cum
771 1454 885 1484 superna
905 1449 1003 1475 lumina

218 1487 334 1514 nondum
354 1493 458 1520 essent,
475 1490 571 1517 nudata
587 1497 642 1519 erat
657 1497 725 1519 terra
738 1514 745 1526 ,
760 1499 786 1521 et
800 1495 876 1522 factm
892 1501 953 1522 sunt
964 1501 1004 1523 te-

218 1533 316 1559 nebrae.
338 1526 373 1562 λι
388 1535 481 1562 caelum
496 1543 638 1571 Superntnn
656 1539 771 1566 luridum
787 1545 827 1567 est
842 1561 848 1572 ,
866 1549 917 1568 non
932 1546 1004 1569 tene-

217 1579 325 1605 brosttm
337 1588 344 1611 ;
358 1585 437 1615 atque
451 1583 554 1608 etiautsi
568 1591 620 1610 non
635 1584 744 1612 haberet
756 1587 838 1613 solent
853 1608 859 1619 ,
878 1589 965 1615 lunam
977 1593 1004 1616 et

217 1624 310 1651 stellas
326 1646 333 1657 ,
351 1626 434 1660 ipsatn
449 1632 568 1654 naturam
584 1637 630 1663 per
641 1637 670 1656 se
681 1631 863 1664 splendentem
884 1634 1002 1661 haberet.

216 1670 241 1696 Si
255 1679 318 1705 ergo
327 1673 420 1699 castum
436 1675 602 1708 imminebat,
616 1681 738 1711 terraque
749 1686 864 1712 expansa
881 1685 953 1713 erat,
972 1681 1003 1707 il-

217 1716 314 1750 ludque
333 1725 447 1752 superne
472 1720 596 1754 lucebat,
611 1726 637 1748 ct.
655 1722 710 1749 inec
727 1724 812 1753 lucem
833 1726 981 1759 excipiebat
995 1746 1002 1757 ,

215 1761 347 1790 ttndcnam
364 1764 479 1792 tenebrae
492 1766 503 1791 ζ’
515 1765 577 1793 Mitti
592 1772 663 1794 certe
676 1768 789 1800 videtur.
802 1770 926 1805 quoniam
935 1779 1002 1805 aqua

215 1814 293 1835 teme
308 1810 475 1843 superficiem
489 1813 613 1847 tegebat,
628 1815 777 1850 nebulaque
798 1820 824 1842 et
837 1818 922 1851 caligo
932 1819 1002 1844 circa

215 1861 297 1888 aquas
308 1855 471 1882 consistebat
485 1877 493 1889 ,
509 1858 579 1892 quod
594 1860 673 1885 etiam
691 1868 761 1887 nune
774 1862 880 1888 evenire
892 1863 960 1890 solet
976 1864 1001 1890 in

215 1900 367 1927 fluminibus
385 1923 391 1933 ,
411 1903 599 1931 obscuritatem
612 1906 684 1932 illam
697 1907 837 1941 caliginem
852 1909 1000 1938 excitasse:

215 1946 351 1980 nubesque
373 1947 468 1976 fecisse
485 1970 492 1981 ,
507 1957 539 1977 ac
564 1951 647 1978 nttbes
668 1952 856 1981 obttmbraates
879 1956 1002 1984 tenebras

215 1992 360 2020 induxisse.
373 1994 447 2027 Quod
463 2001 550 2022 autent
564 2001 647 2023 nubes
665 1999 786 2026 tenebras
800 2001 908 2033 excitet,
925 2002 948 2028 id
962 2002 1002 2029 dii

213 2038 248 2063 cit
261 2038 413 2073 Scriptura:
431 2040 461 2066 Et
482 2042 570 2068 cwlum
584 2043 768 2071 obtenebrutum
789 2052 824 2072 est
846 2047 872 2072 in
896 2048 1000 2075 nubibus

214 2084 258 2114 (3.
275 2083 339 2119 lirg.
358 2085 470 2121 18.43).
489 2087 679 2115 lla'reticm'unt
695 2097 785 2118 autent
799 2093 933 2127 allegoria:
947 2103 1000 2122 non

213 2130 365 2163 ignoranda:
385 2136 457 2158 sunt.
474 2133 584 2166 Quidam
599 2134 714 2162 lt;t-relici
732 2136 822 2164 dicere
844 2139 899 2165 ausi
914 2145 974 2166 sunt
991 2161 998 2172 ,

213 2176 338 2203 tenebras
351 2184 410 2204 esse
425 2178 558 2205 diabolutn
571 2180 621 2215 (α),
636 2181 760 2216 abyssum
775 2191 838 2209 vero
853 2183 998 2211 da-mouas:

211 2221 317 2256 quando
337 2227 425 2249 antettt
444 2223 510 2250 dixit
532 2225 600 2252 Deus
618 2234 624 2252 :
643 2225 701 2253 Fiat
722 2227 785 2259 lux;
800 2228 825 2255 id
841 2233 879 2255 est
906 2229 998 2263 Filius,

210 2267 284 2294 aiunt
297 2277 302 2293 :
316 2268 372 2295 Non
386 2269 466 2296 modo
479 2277 542 2304 ergo
554 2272 561 2286 ¹
577 2271 615 2299 illi
629 2271 728 2300 honore
740 2281 787 2307 par
802 2279 841 2301 est
857 2275 976 2303 diabolus
989 2297 997 2309 ,

210 2314 256 2340 sed
282 2315 360 2341 etiam
387 2316 432 2342 illo
451 2318 549 2344 senior.
569 2318 663 2345 Verum
690 2319 758 2347 hanc
778 2320 939 2355 impietatem
965 2331 998 2350 ne

209 2367 419 2389 conuuemorare
433 2363 537 2393 quidem
553 2371 600 2398 par
611 2370 651 2392 est
662 2373 671 2394 :
681 2366 727 2392 sed
743 2366 802 2393 ideo
815 2369 972 2401 protulimus
987 2389 996 2403 ν

210 2413 243 2430 ne
256 2413 286 2431 ea
301 2415 360 2440 qua:
374 2408 442 2434 dicta
457 2414 518 2435 sunt
530 2410 696 2444 ignoraretis.
714 2411 842 2440 Tencbra:
854 2421 918 2449 ergo
932 2421 995 2442 tmte

209 2450 260 2476 iltat
273 2459 305 2477 cx
322 2453 434 2480 nubibus
454 2460 538 2481 erant.
563 2455 607 2482 Sic
627 2457 698 2483 enim
721 2458 746 2484 itt
762 2457 878 2494 Egypto
891 2468 996 2495 qttoqtte

210 2496 325 2523 tenebra:
337 2503 413 2525 erattt
424 2519 431 2530 .
448 2508 498 2526 tton
513 2501 582 2535 quod
599 2510 649 2529 nox
663 2509 753 2536 esset,
769 2505 815 2532 sed
827 2506 896 2539 quod
911 2507 996 2542 caligo

207 2547 279 2567 esset
295 2542 399 2569 inducta
423 2543 432 2579 (
449 2544 530 2572 Exod.
549 2546 591 2573 t0.
606 2547 641 2574 2‘2
655 2557 707 2583 sqq.
726 2548 736 2584 )
760 2549 804 2577 Sic
817 2555 844 2577 et
863 2551 888 2577 in
906 2558 995 2579 ntoute

207 2587 269 2613 Sina
283 2587 381 2615 factum
396 2596 455 2623 est;
473 2592 588 2619 tenebrat
606 2600 682 2622 erant
703 2604 755 2622 non
779 2605 812 2624 ex
836 2603 913 2625 nocte
925 2619 931 2631 ,
947 2599 994 2627 sed

239 2663 320 2699 "HEC
342 2662 365 2686 itt
385 2662 469 2699 Savtlio
481 2664 643 2699 additamento
661 2672 729 2693 aucta
753 2669 867 2699 leguntur
885 2671 908 2694 in
931 2672 994 2697 hunc

205 2691 585 2735 mugiuit.:Igtputdomttem‘dia-it
600 2702 661 2735 nens
673 2691 685 2722 :7
697 2691 862 2735 finiri
873 2701 906 2735 sic

205 2722 267 2757 t‘ttt'il
279 2726 305 2747 ut
313 2723 386 2759 Filius
397 2724 482 2759 fieret;
493 2729 515 2750 rt
521 2734 572 2759 non
579 2722 854 2756 erubescuntdialioluin
863 2722 991 2759 diceie'lsii;

207 2753 379 2791 piorcntt‘ilio.
393 2756 417 2780 εἰ
434 2753 497 2781 enim
509 2757 602 2791 dmuon
614 2759 642 2783 sit
655 2753 992 2791 ubysstisIettverie-

203 2783 262 2822 bru',
282 2788 305 2818 et
322 2785 343 2810 si
359 2793 418 2822 quin
428 2794 477 2815 ram
496 2789 635 2822 abyssus‘et
650 2783 914 2822 iteii'ebr‘m'cisisiler‘eiit:

203 2813 311 2857 ditarit“:
324 2825 334 2838 κ
345 2821 357 2841 ιι
365 2817 398 2842 tut
410 2813 461 2857 hic,
468 2827 483 2857 I»
495 2823 517 2843 et
527 2813 573 2854 lum
582 2813 703 2847 toi-atii;
709 2813 859 2854 ξίὶῖλιὶῖἧῖλᾶᾘ
865 2813 989 2857 Eii-13.31:

233 2846 275 2874 ta).
288 2850 334 2872 ttoc
344 2846 506 2874 conmitti-bat
517 2851 643 2882 Origenes.
692 2846 695 2847 ν
709 2846 716 2854 ’
787 2846 790 2876 ξ

947 149 1132 178 SEVERVle

1802 159 1855 193 ‘56

1070 207 1140 234 tribe
1151 208 1327 237 obumbrante
1344 210 1353 247 (
1369 210 1443 238 Deut.
1460 212 1487 239 6.
1502 213 1531 242 Η
1548 212 1570 248 ).
1582 213 1626 242 Sic
1641 214 1721 242 etiam
1736 215 1760 243 in
1775 224 1855 246 cruce

1064 254 1162 280 Ct~risti
1178 255 1294 282 tenebrat
1309 256 1384 282 facta:
1397 262 1459 284 sunt
1472 278 1479 289 ,
1502 266 1554 286 non
1578 259 1737 289 adveniente
1753 268 1831 289 nocte
1845 284 1853 295 ,

1063 301 1110 327 sed
1124 301 1216 328 umbra
1227 306 1254 329 et
1267 303 1448 330 obstruclione
1463 304 1541 332 facta.
1554 305 1590 332 Ita
1604 314 1655 333 non
1669 312 1773 341 oportet
1788 308 1857 336 divi-

1064 354 1096 372 na
1108 346 1213 381 eloquia
1241 351 1342 375 temere
1355 349 1472 383 aggredi.
1490 349 1523 377 Et
1536 351 1640 386 spiritus
1654 352 1702 379 Dei
1714 354 1856 388 superfera-

1063 391 1136 419 batur
1148 400 1224 426 super
1236 393 1348 430 aquam(
1363 393 1426 421 Gen.
1445 395 1469 424 Ι.
1486 396 1503 422 2
1519 396 1537 429 ),
1552 396 1678 430 Spiritum
1697 404 1774 425 vocat
1788 407 1854 426 ven-
1867 406 1871 413 '

1064 441 1130 468 tum,
1147 442 1174 464 ut
1184 437 1246 464 alibi
1258 438 1320 465 dicit
1336 447 1342 465 :
1362 439 1394 466 lu
1408 441 1497 475 spiritu
1507 442 1642 470 vehi-menti
1653 449 1765 471 conteres
1776 453 1852 476 naue.

1064 482 1168 510 Tlmrsis
1185 484 1268 519 (Psal.
1285 485 1328 512 47.
1344 486 1388 520 8):
1406 487 1527 521 spiritum
1544 496 1644 515 vocans
1658 491 1726 517 aeris
1739 497 1852 524 motum,

1061 527 1100 555 Ne
1118 533 1194 563 putes
1209 530 1280 558 enim
1300 531 1370 558 aliud
1393 540 1452 560 esse
1471 541 1559 561 aerem
1575 556 1581 568 ,
1597 540 1624 562 et
1637 536 1707 565 aliud
1721 542 1827 564 ventum
1846 546 1852 565 :

1043 604 1048 607 _
1063 574 1120 608 ipse
1135 575 1232 611 quippe
1245 584 1291 603 aer
1309 577 1456 605 concitatus
1477 585 1584 606 ventum
1603 579 1663 610 facit
1677 602 1684 614 ,
1707 587 1734 609 ut
1747 584 1856 616 experi-

1063 625 1153 646 mento
1164 622 1362 655 comprobatur.
1381 623 1457 662 Smpe
1473 625 1552 659 igitur
1563 626 1668 654 ﬂabello
1682 633 1727 655 aut
1739 629 1853 658 sindone

1061 666 1230 700 tranquillum
1245 675 1333 694 aerem
1347 676 1549 699 eoutntovemus
1562 692 1569 703 ,
1595 676 1621 698 et
1640 680 1672 701 ex
1693 674 1762 700 aeris
1777 680 1852 705 motu

1062 716 1171 738 ventum
1183 711 1302 740 facimus.
1319 714 1352 741 Ut
1361 723 1425 750 ergo
1439 723 1472 743 ex
1485 717 1541 751 ipso
1552 718 1644 752 spiritu
1656 719 1856 749 demonstrare.

1061 761 1104 784 tur
1119 763 1224 784 ventum
1247 767 1307 787 esse
1328 760 1396 787 aeris
1419 767 1520 788 motum
1532 783 1540 795 ,
1561 762 1610 790 hac
1623 763 1657 791 de
1671 772 1749 791 causa
1765 766 1851 800 dixit,

1061 801 1283 837 Superferebalur.
1301 804 1440 840 Proprium
1453 807 1523 834 ettim
1542 813 1620 836 vento
1633 814 1675 836 est
1688 814 1716 837 ut
1731 811 1854 846 superfe-

1060 853 1134 876 ralur
1147 851 1284 877 creationi.
1308 851 1381 879 Dixit
1399 852 1467 880 Deus
1482 874 1488 885 ,
1512 853 1571 881 Fiat
1584 855 1638 882 lucc.
1652 856 1705 883 Cur
1718 865 1770 884 non
1786 858 1854 885 dixit

1060 894 1174 930 Moyses,
1193 896 1263 923 Dixit
1278 896 1347 924 Deus
1360 919 1368 929 ,
1385 897 1443 925 Fiat
1458 899 1551 925 emtum
1563 920 1570 930 .
1586 899 1628 926 liat
1644 909 1737 934 mare,
1753 903 1799 929 sed
1817 903 1852 931 ibi

1060 939 1165 974 quidem
1178 961 1184 973 ,
1199 940 1270 967 Fecit
1283 962 1289 973 ,
1305 941 1349 969 hic
1359 943 1524 975 vero,’Di.rit
1534 965 1541 977 ,
1555 946 1767 981 quandoquidem
1781 948 1853 983 apud

1060 992 1110 1012 nos
1123 993 1211 1013 sermo
1224 987 1351 1023 prtecetlit
1365 996 1431 1023 opus
1444 998 1450 1015 ε
1463 998 1522 1016 ttam
1538 991 1622 1024 primo
1634 992 1747 1020 dicimus
1758 1015 1765 1025 ,
1777 994 1853 1021 dvin-

1059 1029 1092 1056 de
1113 1029 1245 1058 facimus?
1259 1032 1406 1061 Ostendi-ro
1420 1035 1512 1062 volens
1527 1036 1608 1065 Deum
1635 1038 1720 1071 primo
1740 1037 1828 1067 facere
1841 1048 1848 1073 ;

1059 1080 1088 1102 ut
1099 1077 1169 1103 omtti
1183 1085 1307 1105 sermone
1317 1079 1477 1107 velociorem
1491 1083 1653 1109 creationem
1667 1091 1726 1110 es~e
1741 1084 1852 1112 demon-

1059 1127 1142 1153 stret;
1159 1123 1265 1157 quando
1277 1126 1413 1152 materiam
1428 1127 1525 1154 virtute
1540 1136 1585 1155 sua
1599 1134 1681 1159 creat.
1697 1130 1759 1157 dicit
1773 1131 1849 1166 illud,

1058 1167 1132 1194 Fecit
1145 1177 1153 1201 ;
1165 1169 1270 1203 quando
1283 1175 1371 1198 autem
1383 1173 1470 1203 omnia
1486 1174 1553 1200 Deus
1563 1179 1711 1204 ’ornaturus
1725 1182 1792 1209 erat,
1804 1186 1851 1204 or-

1058 1220 1137 1242 natus
1151 1221 1239 1242 autem
1252 1217 1402 1252 hujnsntodi
1419 1220 1577 1254 principium
1589 1221 1632 1248 lux
1647 1227 1714 1255 erat,
1732 1228 1794 1250 tunc
1807 1225 1850 1250 in-,

1058 1260 1130 1288 ducit
1145 1262 1304 1290 concinnum
1320 1270 1481 1292 sermonem.
1499 1265 1530 1296 Et
1544 1267 1605 1301 quia
1618 1275 1722 1294 rursum
1733 1269 1847 1302 primum

1059 1305 1105 1333 Dei
1128 1314 1194 1341 opus
1214 1307 1258 1336 lux
1275 1328 1281 1338 .
1305 1314 1469 1342 postremum
1494 1319 1556 1338 vero
1580 1312 1662 1339 homo
1684 1313 1748 1340 fuit:
1763 1315 1850 1349 primo

1058 1351 1128 1378 Deus
1137 1352 1220 1379 lucent
1228 1358 1353 1387 operatur
1361 1357 1453 1388 verbo,
1465 1360 1598 1390 postremo
1608 1357 1742 1389 hominem
1753 1367 1846 1396 opere,

1060 1406 1073 1423 a
1092 1397 1150 1425 luce
1162 1399 1187 1425 in
1202 1399 1286 1426 lucettt
1299 1400 1436 1428 desinens.

1093 1442 1117 1469 6.
1136 1442 1218 1470 llonto
1234 1445 1358 1477 quomodo
1377 1446 1430 1472 lux.
1449 1461 1481 1466 —
1494 1447 1633 1480 Quomodo
1648 1453 1736 1477 autem
1761 1450 1843 1478 homo

1057 1487 1101 1513 lux
1115 1489 1157 1520 sit,
1176 1489 1247 1515 audi.
1261 1489 1317 1517 Lux
1333 1498 1374 1518 res
1388 1492 1525 1519 ostendit:
1541 1493 1583 1520 luv
1596 1495 1686 1522 mundi
1700 1496 1778 1523 homo
1788 1501 1846 1524 est:

1057 1532 1194 1566 ingressus
1213 1535 1400 1576 ostrmlitﬁibi
1417 1537 1502 1564 lucem
1519 1539 1594 1572 artis,
1613 1540 1697 1568 lucem
1714 1542 1844 1573 scientiar,

1057 1578 1112 1605 Lux
1138 1580 1257 1608 ostendit
1280 1581 1454 1617 frumentum,
1469 1582 1642 1620 intéﬂigcntia
1658 1596 1751 1622 panem
1768 1590 1845 1623 feeit;

1058 1625 1101 1652 lux
1117 1626 1235 1653 ostendit
1249 1627 1334 1654 vinea!
1350 1637 1446 1661 uvam;
1460 1630 1503 1657 lux
1520 1631 1702 1667 intelligentia:
1725 1635 1847 1667 exhibuit

1057 1672 1148 1699 vinum
1160 1694 1166 1705 ,
1187 1674 1256 1712 quod
1273 1675 1298 1700 itt
1313 1683 1364 1702 uva
1387 1677 1556 1710 continetur,
1572 1678 1615 1709 lux
1630 1682 1788 1708 monstravit
1813 1682 1848 1708 la-

1059 1726 1138 1749 nam.
1168 1720 1211 1746 lux
1229 1719 1344 1748 hominis
1367 1721 1489 1749 exhibuit
1510 1724 1615 1754 'veslem
1638 1726 1702 1752 :lttx
1730 1727 1847 1754 ostendit

1058 1769 1187 1797 montem,
1205 1765 1248 1792 lux
1267 1767 1450 1802 intelligentiae
1461 1769 1770 1805 exhibuitlapicidinant.
1784 1773 1846 1801 Ideo

1055 1809 1181 1837 Servatur
1195 1811 1282 1838 lucem
1296 1818 1373 1840 vocat
1394 1816 1531 1848 apostolos
1546 1816 1587 1843 Itis
1598 1817 1686 1844 verbis
1699 1827 1704 1844 :
1726 1817 1774 1845 Vos
1786 1820 1846 1849 estis

1057 1854 1101 1881 lux
1114 1857 1200 1882 mutuli
1212 1857 1317 1891 (iilalth.
1331 1859 1357 1886 5.
1370 1859 1425 1894 Η).
1443 1859 1496 1887 Cur
1511 1862 1569 1888 illos
1579 1862 1665 1890 lucem
1681 1869 1758 1891 vocat
1768 1866 1779 1890 '!
1789 1865 1844 1897 Non

1056 1904 1084 1926 ut
1099 1900 1158 1928 illos
1171 1902 1270 1929 officiat
1289 1903 1391 1931 honore
1408 1910 1528 1936 tantum.
1551 1908 1597 1935 sed
1620 1910 1700 1938 elimn
1718 1915 1745 1935 ut
1769 1918 1844 1945 spem

1055 1947 1260 1973 resurrectionis
1273 1948 1406 1976 ostendat.
1423 1950 1651 1984 Quemadmodum
1664 1954 1733 1981 enim
1744 1956 1786 1981 lux
1801 1964 1845 1982 ve-

1055 1997 1132 2024 spere
1143 1992 1267 2019 occidens
1282 2001 1334 2020 non
1356 1995 1442 2028 perit,
1464 1997 1509 2023 sed
1526 1998 1706 2031 absconditur,
1731 2005 1757 2027 et
1773 2006 1845 2034 poste

1054 2042 1132 2068 quant
1146 2036 1249 2063 occulta
1260 2036 1320 2070 fuit,
1339 2047 1442 2066 rursum
1457 2047 1568 2075 apparet
1583 2052 1588 2068 :
1605 2044 1645 2070 sic
1665 2049 1691 2071 et
1707 2045 1786 2071 homo
1797 2054 1843 2072 ve-

1054 2079 1093 2106 lttt
1111 2081 1136 2106 itt
1154 2088 1277 2108 occasum
1306 2084 1448 2118 quetndam
1469 2086 1494 2112 in
1516 2088 1667 2121 sepulcrum
1689 2090 1820 2117 demissus
1834 2112 1841 2124 ,

1054 2128 1259 2154 resurrectionis
1276 2137 1380 2156 rursum
1395 2132 1463 2158 orttti
1477 2139 1607 2160 servatur.
1632 2134 1692 2161 Fiat
1705 2136 1756 2162 lux.
1773 2137 1842 2168 Dixit

1055 2171 1153 2198 factam
1171 2181 1250 2206 esse;
1267 2183 1319 2209 quo
1337 2182 1426 2203 autem
1441 2179 1531 2210 modo,
1545 2188 1597 2206 non
1617 2181 1771 2214 declaravit.
1797 2193 1844 2210 ne-

1054 2224 1105 2250 que
1119 2217 1197 2243 etiam
1207 2217 1306 2245 didicit.
1319 2220 1511 2256 Namquodlnx
1527 2223 1592 2251 facta
1606 2226 1650 2257 sit,
1663 2227 1756 2261 inquit,
1771 2228 1839 2256 bene

1053 2263 1113 2288 novi
1130 2272 1136 2290 :
1153 2264 1288 2297 quomodo
1299 2271 1387 2293 autem
1400 2267 1467 2295 facta
1482 2270 1517 2296 sit
1531 2278 1582 2297 non
1598 2273 1684 2306 capio.
1700 2273 1762 2300 Ideo
1775 2274 1840 2306 Ser-

1053 2313 1130 2335 vatot'
1141 2311 1268 2344 apostolis
1284 2311 1390 2339 dicebat
1407 2323 1412 2339 :
1431 2314 1490 2341 Non
1505 2322 1613 2344 rastrum
1638 2324 1674 2345 est
1688 2328 1760 2346 nosse
1773 2326 1838 2348 teme

1051 2361 1113 2387 pora
1126 2355 1163 2381 vel
1185 2363 1310 2384 momenta
1322 2379 1328 2391 ,
1344 2367 1401 2393 qum
1414 2359 1495 2388 Pater
1507 2364 1589 2399 posuit
1604 2365 1629 2390 in
1643 2373 1689 2391 sua
1708 2371 1839 2401 potestate

1050 2399 1206 2435 (Αει.1.7),
1232 2402 1310 2437 Atqui
1338 2410 1448 2433 nonest
1469 2414 1588 2436 nostrum
1614 2399 1837 2447 nosse-tempora

1049 2445 1089 2471 vel
1104 2452 1238 2473 momenta
1251 2469 1258 2479 ,
1277 2453 1303 2475 ct
1326 2450 1466 2479 Dominum
1490 2457 1640 2487 temporum
1656 2455 1838 2493 Opificemquo

1048 2491 1210 2518 surculorum
1226 2498 1351 2526 poterunt
1368 2495 1481 2524 humana
1499 2500 1639 2527 ratiocinia
1657 2504 1837 2537 comprehen-

1047 2535 1130 2563 dere?
1143 2536 1213 2562 Dixit
1227 2537 1307 2570 Deus.
1326 2539 1384 2567 Fiat
1399 2541 1444 2568 lux
1459 2550 1468 2569 :
1483 2548 1505 2569 et
1520 2544 1587 2578 facta
1598 2550 1634 2572 est
1647 2546 1692 2573 lux
1719 2535 1795 2582 (Gen.
1810 2550 1836 2576 1.

1047 2581 1085 2616 ὅ).
1108 2582 1130 2609 Ο
1157 2589 1275 2611 sanctam
1295 2586 1368 2612 illaut
1385 2595 1561 2624 magnamque
1581 2581 1745 2626 potentiam!
1761 2602 1777 2621 ο
1793 2594 1838 2621 lu.-

1046 2629 1134 2661 gentia
1150 2630 1277 2656 miracula
1291 2633 1296 2658 !
1311 2631 1392 2659 Facta
1407 2639 1443 2660 est
1455 2634 1501 2662 lux
1514 2643 1523 2662 .'
1543 2642 1566 2662 et
1577 2642 1653 2664 vocat
1667 2638 1734 2666 Deus
1755 2640 1835 2667 lucem

1046 2673 1123 2706 diem,
1139 2679 1160 2700 et
1171 2676 1284 2703 tenebras
1299 2682 1396 2704 noctem
1411 2679 1487 2713 (Gen.
1508 2681 1532 2708 Ι.
1549 2682 1588 2715 5).
1603 2682 1657 2711 Cur
1668 2692 1748 2718 porro
1763 2685 1840 2714 diem

1046 2724 1134 2755 ἡμέραν
1156 2722 1253 2748 vocat?
1282 2724 1413 2756 Quoniam
1438 2727 1566 2762 quidquid
1583 2729 1671 2756 ltetum
1686 2737 1712 2758 et
1726 2732 1809 2759 hilare
1825 2754 1832 2766 ,

1046 2770 1130 2801 ἥμερον
1155 2767 1212 2795 sive
1231 2768 1308 2796 dulce
1322 2770 1429 2798 dicitur.
1452 2773 1514 2800 Ideo
1536 2775 1615 2802 etiam
1641 2777 1833 2812 benignitatem

1047 2816 1182 2848 ἡμερότητα
1203 2822 1329 2846 vocamus
1340 2837 1346 2848 ,
1364 2822 1391 2844 et
1401 2817 1505 2846 cicures
1517 2820 1667 2849 animantes
1680 2827 1778 2859 ἡμέροις
1792 2825 1834 2851 di-

1044 2858 1137 2887 cimus.
1153 2858 1184 2889 Ει
1199 2861 1293 2890 vacarit
1310 2861 1376 2893 Deut
1385 2863 1465 2891 lucem
1477 2864 1542 2895 dicm
1553 2886 1562 2901 ,
1575 2870 1598 2893 et
1609 2858 1832 2902 tenebrosis-aravit
