2062 3128
203 138 255 166 137

203 203 313 225 nectent.
329 197 439 225 Noctem
450 204 533 232 quare
546 197 557 224 ?
577 197 643 231 Quia
656 201 737 225 noctu
749 197 925 225 dormientem
945 197 992 224 lto-

204 245 303 271 minem
317 244 344 270 in
359 244 453 270 mortis
480 245 636 271 memoriam
663 248 771 271 revocat
796 243 990 278 propemodum

203 290 314 317 dicens:
332 290 424 322 Disce,
453 290 544 322 homo,
566 290 627 325 quid
650 290 696 317 sis.
713 290 834 317 Mortalis
848 297 888 323 es,
903 290 990 317 somni

203 336 293 362 virtuti
307 335 432 363 addictus
448 345 454 363 :
468 343 516 363 cur
537 343 569 364 ea
579 344 638 371 qua:
652 343 730 370 supra
745 341 770 363 te
783 340 845 363 sunt
863 335 991 370 imagina-

202 382 262 410 ris?
277 381 334 409 Nox
349 382 422 409 enim
437 382 608 416 compunctio
622 386 663 409 est
679 391 685 409 :
700 381 872 416 quamobrem
885 382 922 408 ait
938 381 991 408 Da-

202 428 245 455 vid
262 437 269 454 :
284 428 348 461 Quw
360 428 442 454 dicitis
453 428 479 454 in
488 427 604 454 cordibus
617 428 713 460 vestris,
728 427 754 454 in
768 427 890 455 cubilibus
905 428 992 455 vestris

201 473 400 508 compungimini
423 472 505 508 (Psal.
529 473 556 500 4.
570 473 609 507 5).
626 473 692 500 Vere
705 475 777 508 jacet.
805 473 884 500 homo
899 479 989 507 noctu,

202 524 288 550 neque
303 520 434 548 mortuus,
459 523 545 550 tthue
559 516 644 543 vivus.
660 516 798 551 interroga
816 516 968 544 hcercticum
982 525 988 543 :

201 561 270 595 Quid
286 562 345 589 est?
373 561 483 589 vivusne
501 569 535 588 an
562 562 702 588 mortuus?
716 562 743 589 Si
759 562 866 593 dixerit.
886 562 966 589 Vivus
982 583 989 595 ,

202 615 302 642 repone
316 607 354 634 illi
367 616 374 633 :
388 607 440 634 Cur
456 615 519 642 ergo
535 615 584 635 nec
605 607 746 642 loquentes
759 615 809 635 nec
823 608 990 635 ambulantes

202 653 302 681 sentit?
317 653 344 680 Si
359 653 466 684 dixerit,
482 653 611 685 Mortuus,
629 658 654 680 tu
667 653 767 680 dicito:
780 653 918 687 Quomodo
927 661 990 688 ergo

202 699 337 733 respirat?
363 698 434 734 quod
459 698 530 725 enim
549 699 680 734 respirat,
706 707 759 726 non
783 703 824 726 est
838 703 988 727 mortuum;

203 747 273 782 quod
288 754 340 773 non
358 746 451 779 sentit,
466 754 518 773 non
532 751 573 773 est
585 746 672 773 vivum
685 754 692 772 :
707 746 821 780 tcipsum
834 753 886 772 non
903 745 988 778 vides,

202 793 249 820 sed
263 800 320 827 qua:
332 799 412 826 supra
429 797 452 818 te
465 796 527 818 sunt
547 791 710 826 imaginaris.
727 791 825 818 Verum
839 790 896 818 haec
924 791 989 817 satis

202 839 273 865 circa
288 838 400 872 primam
413 837 485 864 diem
505 837 575 864 dicta
587 837 649 864 sint.
665 836 743 864 Venit
758 837 854 872 quippe
865 835 988 871 vespera,

203 889 231 911 ut
243 885 322 911 etiam
336 884 389 910 illic
401 891 459 918 quae
472 883 503 910 ad
513 883 625 918 primam
638 883 708 910 diem
718 887 840 917 spectant
851 883 986 916 desinunt,

202 936 228 958 et
243 938 289 964 pro
303 929 438 962 facultate,
453 930 503 956 etsi
522 928 666 964 profundos
677 936 781 962 sensus,
799 929 989 963 explicavimus

203 981 300 1003 tamen.
318 976 401 1003 Porro
415 975 533 1003 ﬁdelium
549 979 591 1002 est
606 974 677 1002 dicta
690 975 841 1010 explorare,
857 980 884 1003 et
900 976 987 1005 histo-

202 1023 266 1049 riam
276 1022 431 1056 disquirere.

238 1068 263 1094 7.
288 1067 419 1102 Jejuuium
445 1069 569 1102 quomodo
592 1070 795 1104 sanctiﬁcatum,-
820 1071 990 1105 jejunandum

203 1114 310 1140 maxime
323 1122 337 1140 a
349 1114 466 1148 peccatis.
480 1129 515 1134 -—
525 1114 580 1142 Nos
589 1120 676 1141 autem
693 1116 760 1142 sacri
770 1115 863 1150 jejunii
878 1116 987 1149 alumnt,

202 1165 228 1187 et
244 1161 268 1186 in
281 1161 440 1187 abstinentia
449 1168 576 1195 corporea
589 1161 690 1189 deliciis
700 1161 816 1189 fruentes
826 1162 986 1195 caelestibus,

201 1210 320 1233 sanctum
340 1206 469 1241 jejunium
492 1214 601 1234 servare
619 1215 747 1234 conamur
770 1215 777 1234 :
803 1207 984 1242 Sancti/irate,

202 1251 285 1286 inquit
296 1271 303 1283 ,
313 1251 442 1286 jejunium
457 1251 533 1286 (Joel.
548 1252 574 1279 1.
591 1252 645 1286 14).
662 1252 749 1289 Nosne
763 1253 826 1280 illud
839 1253 989 1281 sanctifica-

202 1305 278 1330 mus,
292 1305 325 1324 an
335 1297 370 1324 ab
391 1298 437 1324 illo
451 1297 665 1324 sanctiﬁcamur?
683 1298 778 1325 \‘erum
802 1298 827 1325 id
841 1299 905 1326 dicit
928 1307 989 1334 pro-

204 1343 291 1378 pheta,
303 1347 332 1370 ut
343 1343 406 1370 illud
418 1348 538 1370 sanctum
553 1343 742 1371 custodiamus.
758 1343 987 1376 Quemadmodum

203 1389 272 1415 enim
295 1396 354 1416 cum
378 1389 511 1423 precando
542 1389 673 1422 dicimus,
697 1390 876 1424 Sancti/icetur
899 1398 989 1417 nomen

202 1439 270 1461 tuum
284 1434 387 1470 (Matth.
403 1435 429 1461 6.
441 1435 467 1462 9.
477 1435 592 1469 M),uon
604 1443 653 1471 pro
664 1436 770 1463 nomine
777 1435 834 1470 ejus
849 1443 990 1470 precamur

203 1480 309 1514 (nomen
323 1480 420 1515 quippe
433 1481 490 1515 ejus
505 1481 593 1508 omnia
614 1481 785 1517 sanctificat),
807 1482 854 1510 sed
868 1483 930 1518 quia
945 1491 989 1510 no-

202 1533 263 1552 men
279 1526 336 1560 ejus
350 1526 498 1554 invocatum
512 1531 553 1555 est
568 1535 648 1562 super
660 1535 709 1555 nos
720 1527 875 1563 (Christiani
889 1529 959 1556 enim
973 1537 988 1556 a

201 1572 307 1600 Christo
320 1572 452 1608 dicimur),
466 1573 502 1600 ait
512 1593 519 1606 ,
536 1573 637 1601 Nomen
651 1578 725 1601 tuum
740 1575 766 1602 in
780 1574 857 1602 nobis
873 1575 987 1602 sanctifi-

202 1623 286 1645 cetur.
303 1618 380 1652 Apud
395 1623 515 1646 sanctum
541 1619 611 1646 enim
632 1620 720 1647 omnia
744 1624 835 1647 sancta
849 1624 932 1648 sunt:
954 1620 989 1647 ad

202 1664 285 1691 Dcutn
308 1665 405 1699 quippe
423 1664 489 1691 nihil
511 1672 563 1692 non
589 1670 709 1693 sanctum
731 1666 833 1694 accedit
853 1674 860 1693 :
881 1671 989 1694 sanctus

205 1712 273 1738 enim
295 1711 365 1738 Deus
388 1715 447 1744 est,
468 1711 495 1738 in
517 1711 617 1739 sanctis
642 1712 792 1746 quiescens.
813 1713 883 1746 Quin
908 1713 988 1740 etiam

202 1756 295 1783 caelum
314 1756 373 1791 ejus
393 1761 514 1784 sanctum
529 1761 571 1784 cst
591 1766 597 1783 :
622 1765 683 1784 nam
709 1757 836 1785 Exaudiet
859 1759 932 1786 illuni
959 1759 990 1786 de

202 1802 263 1828 aeto
271 1806 356 1839 sancto
364 1810 409 1829 suo
417 1801 499 1838 (Paul.
510 1802 594 1837 19.7).
609 1803 811 1839 Angeliquoque
817 1805 915 1831 sancti:
926 1804 989 1832 Cum

203 1847 293 1874 verterit
306 1846 391 1874 Filius
401 1847 509 1875 hominis
521 1848 548 1875 in
559 1848 641 1884 gloria
655 1856 701 1875 sua
713 1857 769 1876 cum
781 1849 876 1877 sanctis
893 1850 990 1885 angelis

201 1893 254 1919 suis
267 1893 360 1928 (Marc.
376 1894 402 1921 8.
417 1893 475 1929 58).
489 1893 574 1921 Terra
587 1895 613 1922 in
627 1903 679 1930 qua
694 1895 740 1923 Dei
764 1895 852 1924 cultus
873 1902 964 1924 sancta
983 1907 988 1924 :

204 1938 235 1964 tit
249 1939 330 1972 volet,
355 1939 456 1974 inquit,
478 1946 586 1968 euertere
605 1945 778 1968 testamentum
802 1950 878 1977 super
897 1947 991 1970 (errant

201 1991 314 2012 sanctam
328 1987 391 2021 ejus.
403 1986 437 2013 Et
449 1986 541 2014 Davidi
555 1987 616 2014 aula
626 1992 716 2014 sancta
732 1992 773 2015 est
787 1997 794 2015 :
809 1988 922 2015 Δάοι-σεε
932 1987 990 2016 Do-

202 2031 296 2057 minum
309 2031 336 2058 in
350 2030 411 2058 aula
420 2036 507 2059 sancta
515 2032 570 2067 ejus
584 2032 669 2068 (Psal.
681 2033 726 2061 93.
738 2033 776 2069 9).
794 2034 869 2062 Idem
886 2041 991 2070 quoque

201 2076 323 2109 templum
338 2081 453 2104 sanctum
475 2077 560 2104 dicit:
580 2085 642 2106 nam
662 2077 788 2106 Sanctum
810 2084 846 2107 est
870 2081 991 2115 templum

202 2127 283 2154 tttttnt,
293 2121 407 2149 mirabile
418 2123 445 2149 in
458 2123 574 2158 azquitate
586 2123 643 2159 (Ps.
659 2124 704 2151 61.
716 2124 742 2152 5.
755 2125 796 2160 6).
806 2124 874 2153 Oves
884 2133 991 2161 quoque

203 2167 315 2194 rationis
330 2171 453 2202 expertes
464 2188 471 2201 ,
495 2176 554 2203 quae
570 2173 632 2196 tunc
648 2169 864 2202 immolabantur,
891 2176 991 2198 sanctas

202 2218 279 2240 erant
293 2222 299 2238 :
319 2213 352 2240 Ut
367 2222 439 2246 ores,
457 2214 560 2249 inquit,
575 2220 669 2242 sanch
680 2215 706 2242 in
722 2215 863 2244 Jerusalem
882 2217 990 2252 (Ezech.

203 2259 246 2285 56.
261 2258 315 2294 58).
335 2259 535 2287 Testamentum
555 2267 662 2295 quoque
679 2265 819 2289 sanctum:
843 2261 876 2289 Et
895 2263 990 2297 conﬁr-

201 2304 279 2331 mabit
291 2313 348 2332 cum
369 2306 454 2333 multis
467 2311 639 2334 testamentum
652 2312 766 2334 sanctum
781 2316 853 2335 suum
868 2308 950 2342 (Dan.
962 2309 988 2337 9.

208 2353 258 2388 t7).
277 2352 345 2380 Urbs
356 2353 411 2388 ipsa
424 2361 528 2388 quoque
543 2358 634 2381 sancta
647 2353 784 2382 dicebatur
797 2363 804 2382 :
818 2354 853 2382 Et
864 2364 940 2390 super
953 2356 990 2382 ci-

201 2399 303 2426 vitatem
313 2405 426 2426 sanctam
446 2405 548 2434 patrum
559 2405 702 2428 nostrarum
714 2400 855 2428 Jerusalem
869 2401 950 2437 (Ibid.
965 2411 990 2430 υ.

203 2445 259 2478 ιη).
271 2444 340 2471 Nihil
353 2445 450 2480 quippe
463 2453 516 2472 non
527 2450 646 2473 sanctum
657 2446 759 2474 accedit
773 2446 807 2474 ad
822 2447 915 2474 Deum.
929 2447 992 2475 Ideo

203 2490 241 2516 ait
253 2490 352 2517 Paulus
366 2499 372 2517 :
387 2490 421 2517 Et
441 2491 648 2523 sanctimoniam,
664 2492 717 2519 sine
735 2500 786 2526 qua
807 2500 878 2519 nemo
900 2492 990 2519 videbit

204 2535 384 2570 Deum(llebr.
399 2535 442 2563 12.
454 2537 510 2572 14).
525 2537 707 2572 chnnavimus
720 2546 734 2565 a
747 2538 992 2574 pane;jejunemus

203 2586 230 2608 et
244 2582 278 2609 ab
297 2583 447 2618 iniquitate.
470 2583 528 2611 Non
541 2583 658 2611 comedis
681 2584 847 2619 pauentiNe
867 2584 992 2612 comedas

204 2635 299 2655 carnes
313 2637 473 2664 pauperum,
489 2637 523 2657 ne
535 2630 568 2658 de
584 2635 608 2658 te
621 2638 727 2666 quoque
747 2631 818 2658 dicat
831 2631 901 2658 Deus
918 2641 924 2659 :
943 2632 992 2665 Qui

203 2675 321 2703 deuorant
332 2676 427 2712 plebem
441 2685 522 2704 meam
535 2678 561 2704 in
573 2678 627 2704 cibo
640 2678 713 2713 panis
728 2677 811 2713 (Psal.
828 2678 870 2705 13.
882 2677 920 2713 4).
934 2678 991 2705 Non

204 2722 273 2750 bibis
285 2723 394 2751 vinum?
407 2724 445 2751 Ne
459 2723 533 2752 furor
549 2724 662 2752 inebriet
675 2729 715 2755 te,
733 2732 765 2751 ne
780 2723 872 2751 audias
882 2731 897 2751 a
912 2724 992 2759 legis-

205 2767 288 2796 latore
303 2778 310 2796 :
335 2769 417 2797 Furor
433 2769 484 2797 illis
503 2770 640 2797 secundum
658 2770 847 2803 similitudinem
869 2771 992 2805 serpentis

206 2812 290 2849 (Psal.
304 2815 347 2842 57.
369 2816 415 2851 5);
438 2823 470 2844 ac
484 2823 609 2847 rursum,
636 2815 721 2843 Furor
744 2816 882 2842 draconum
907 2816 992 2843 cimini

205 2867 290 2887 eorum
302 2861 390 2899 (Deut.
404 2862 448 2890 52.
471 2862 604 2898 55).Cum
623 2863 693 2891 enim
711 2861 991 2898 paupercmaftlixcris

733 138 775 166 DIC
794 139 901 167 ML'NDI
920 138 1114 166 CREATIONE
1134 138 1260 167 ORATIO
1277 139 1306 166 ll.

1785 143 1836 170 47:8

1048 197 1081 224 ita
1097 202 1124 224 ut
1143 198 1315 232 ingemiscat,
1333 198 1354 225 is
1366 198 1435 232 apud
1459 198 1540 226 Deutn
1557 199 1679 227 inventus
1694 204 1734 227 cst
1746 207 1836 228 come-

1046 243 1112 273 dens
1127 252 1221 277 panem
1236 244 1424 279 lacrymarum.
1442 243 1556 279 Ideoque
1567 245 1604 272 ait
1617 245 1686 272 Deus
1704 254 1710 272 :
1730 245 1836 280 Opem-

1046 289 1108 315 butis
1127 289 1243 324 lat'rymt's
1262 290 1343 316 altare
1364 298 1445 316 meum
1461 289 1586 324 (.llalac/t.
1612 291 1639 317 ‘2.
1659 290 1713 326 15).
1735 290 1836 325 chre-
1851 322 1866 331 χ

1046 335 1173 362 henditne
1186 343 1249 370 ergo
1270 335 1339 363 Deus
1353 343 1400 362 eos
1414 336 1457 371 qui
1474 336 1608 370 plorarent
1628 336 1660 363 ad
1674 336 1776 369 altare,
1790 337 1835 370 qni

1045 380 1122 413 dicit,
1145 381 1311 413 Sacerdotes,
1335 382 1444 415 intrate,
1460 387 1482 408 et
1507 382 1605 417 plorate
1622 382 1701 417 (Joel.
1722 383 1748 409 1.
1771 383 1834 418 15)?

1045 427 1143 454 Verum
1157 427 1328 462 reprehendit
1340 436 1400 460 eos,
1416 436 1468 456 non
1484 429 1552 463 quod
1570 429 1680 462 ﬁerent,
1701 429 1748 457 sed
1764 430 1833 464 quod

1044 473 1061 499 ii
1077 473 1121 507 qni
1137 473 1259 507 iujuriam
1272 474 1339 508 passi
1355 478 1444 500 essent
1454 495 1461 506 ,
1474 474 1563 508 pupilli
1576 479 1603 501 et
1613 474 1700 501 vidua:
1710 495 1718 507 ,
1735 474 1787 502 illic
1800 475 1833 501 ad

1044 518 1129 545 altare
1142 518 1333 552 supplicarent.
1349 519 1435 554 thue
1448 519 1569 546 ostendat
1581 527 1608 546 se
1621 519 1654 546 de
1666 519 1716 547 illis
1729 527 1834 548 sermo-

1044 571 1104 590 nem
1120 563 1218 590 habere
1228 584 1235 596 ,
1250 563 1384 598 subjunxit
1395 573 1402 590 :
1415 563 1447 591 In
1459 565 1535 599 ﬂetu,
1559 569 1583 591 et
1607 564 1725 599 planctu,
1752 571 1776 591 et
1788 564 1834 591 do-

1043 609 1096 635 lore
1112 609 1190 644 (.Ioel.
1201 609 1228 636 2.
1245 609 1278 636 12
1292 609 1312 645 ).
1338 610 1449 645 Insuper
1471 618 1576 644 mquum
1591 615 1632 637 est
1645 616 1673 637 ut
1686 611 1718 638 ad
1732 611 1832 638 hostias

1043 659 1147 681 nostras
1160 655 1277 682 animum
1291 655 1475 682 adhibeamus.
1492 656 1652 690 Proponitur
1663 664 1727 691 ergo
1742 664 1832 683 mensa

1042 700 1137 726 animm
1147 719 1154 731 ,
1170 707 1266 734 nempe
1281 700 1326 726 Dei
1340 700 1461 727 verbum.
1483 699 1585 735 Corpus
1597 700 1700 734 jejunio
1715 701 1833 728 sanctiﬁ-

1041 750 1127 778 catur,
1139 745 1226 772 anima
1235 746 1294 772 cibo
1305 753 1400 780 expers
1410 747 1599 780 corrumpitur.
1617 746 1721 774 Utinam
1736 754 1832 781 corpus

1039 791 1143 826 jejunct
1157 799 1170 818 a
1187 792 1302 826 peccatis
1312 812 1320 826 ,
1333 792 1419 818 anima
1433 800 1496 819 vero
1509 792 1535 818 in
1546 791 1642 819 divinis
1660 792 1828 819 documentis

1042 837 1210 865 convivetur!
1227 837 1285 865 Non
1306 843 1382 873 potes
1395 838 1536 866 comedere
1547 847 1641 874 panem
1662 839 1779 872 Christi,
1804 844 1832 866 et

1043 891 1136 918 pauent
1151 884 1218 920 lacr)
1226 892 1327 911 marum
1340 905 1348 916 ,
1361 889 1388 911 ut
1403 885 1438 911 ait
1453 884 1548 912 Paulus
1564 893 1569 910 :
1587 884 1646 912 Non
1658 885 1759 919 potestis
1772 893 1831 920 par-

1042 929 1127 964 ticipes
1143 937 1196 957 esse
1217 938 1309 957 mensa:
1323 929 1416 957 Clu-isti
1427 951 1433 963 ,
1445 934 1466 957 et
1480 938 1571 957 menses
1592 930 1771 958 dwmoniorunt
1791 930 1813 963 (1.
1822 951 1828 956 .

1041 975 1099 1002 Cor.
1113 975 1154 1003 10.
1165 975 1222 1011 2|).
1234 976 1315 1004 Debet
1328 984 1390 1011 ergo
1398 977 1420 1004 is
1429 977 1471 1011 qui
1483 977 1584 1012 jejunat
1592 977 1724 1004 abstinere
1735 984 1749 1003 a
1758 977 1829 1010 cibo,

1041 1021 1087 1048 sed
1106 1023 1262 1056 priceipuea
1281 1024 1405 1057 peccatis.
1423 1023 1527 1049 Etenim
1541 1023 1627 1056 angeli
1651 1023 1767 1057 quotidie
1783 1030 1829 1049 nu-

1042 1072 1115 1099 tant,
1137 1068 1195 1102 quis
1211 1068 1377 1102 proposuerit
1399 1068 1533 1095 abstinere
1553 1068 1586 1096 ab
1607 1068 1731 1100 avaritia,
1755 1073 1798 1094 aut
1813 1076 1828 1094 a

1040 1111 1224 1144 fornicatione,
1243 1118 1289 1140 aut
1300 1113 1332 1140 ab
1348 1113 1494 1147 iniquitate.
1510 1113 1572 1140 iltec
1580 1112 1677 1147 quippe
1689 1113 1789 1148 jejunia
1803 1118 1829 1139 ct

1039 1158 1126 1192 angeli
1152 1158 1337 1192 perscribunt.
1362 1162 1389 1186 et
1409 1158 1477 1185 Deus
1500 1158 1525 1185 in
1548 1158 1673 1185 thesauro
1698 1157 1827 1185 recondit.

1040 1204 1268 1237 Quemadmodum
1281 1204 1367 1236 enim,
1380 1203 1475 1231 fratres
1485 1224 1492 1236 ,
1504 1203 1542 1230 illi
1558 1203 1605 1231 viri
1621 1203 1738 1238 primarii
1754 1203 1798 1238 qui
1813 1212 1828 1229 a

1040 1251 1137 1278 libellis
1151 1250 1313 1285 supplicibus
1324 1247 1385 1277 sunt
1395 1250 1550 1285 Imperatori
1563 1255 1658 1277 cuncta
1674 1250 1808 1277 declarant
1821 1259 1827 1275 :

1039 1297 1078 1324 sic
1091 1302 1117 1324 et
1132 1296 1218 1332 angeli
1232 1304 1262 1324 ea
1275 1304 1334 1331 qua:
1349 1296 1414 1324 ﬁunt
1428 1297 1515 1324 omnia
1531 1296 1585 1323 Deo
1596 1295 1757 1331 signiﬁcant,
1776 1303 1828 1322 non

1041 1343 1206 1378 ignorantem
1220 1342 1349 1370 docentes
1361 1363 1368 1375 ,
1380 1343 1427 1370 sed
1442 1342 1609 1370 ministrandi
1624 1342 1744 1370 ordinem
1760 1350 1830 1370 crea-

1041 1395 1107 1418 tura:
1121 1390 1273 1426 implentes.
1290 1391 1345 1426 Ego
1367 1390 1519 1417 sexcenties
1541 1390 1686 1417 beatiorem
1703 1389 1830 1424 prindica-

1040 1436 1124 1463 verim
1153 1435 1356 1470 comedentem,
1381 1443 1459 1470 quam
1487 1435 1652 1470 jejunantem
1686 1439 1713 1462 et
1740 1435 1830 1469 inique

1040 1487 1173 1518 agentem.
1188 1482 1251 1510 Βίης
1264 1482 1325 1510 dico
1335 1503 1342 1515 ,
1368 1489 1420 1509 non
1432 1474 1561 1516 jejunium
1574 1481 1695 1513 solvens,
1711 1480 1758 1508 scd
1772 1480 1829 1515 pic-

1041 1533 1122 1556 tatem
1136 1527 1292 1563 praedicans.
1317 1527 1374 1554 Non
1395 1527 1465 1554 enim
1486 1526 1627 1554 comedere
1648 1527 1761 1558 malum,
1782 1525 1828 1553 sed

1041 1582 1152 1609 peccare
1174 1582 1284 1610 pravum
1299 1578 1353 1607 est,
1376 1573 1598 1609 quemadmodum
1620 1573 1684 1600 dicit
1707 1573 1776 1600 Dens
1796 1572 1830 1599 de

1038 1619 1110 1654 justo
1123 1619 1238 1654 quodam
1252 1627 1259 1646 :
1274 1618 1352 1645 Pater
1362 1623 1419 1646 tuus
1434 1626 1516 1645 nonne
1529 1618 1655 1652 comedit,
1671 1622 1694 1645 et
1713 1617 1829 1644 volunta-

1042 1671 1090 1693 tem
1101 1674 1181 1693 meam
1196 1666 1254 1702 fecit
1269 1665 1359 1702 (Zaclt.
1377 1665 1404 1692 8.
1430 1665 1497 1700 l9)?
1512 1664 1556 1692 Sic
1566 1670 1592 1692 et
1605 1664 1666 1692 alibi
1680 1673 1687 1691 :
1701 1663 1831 1699 Jejunium

1041 1718 1157 1748 quartum
1168 1733 1176 1746 ,
1189 1717 1211 1739 et
1220 1712 1348 1747 jejunium
1361 1712 1495 1746 quintum,
1510 1716 1533 1738 et
1541 1711 1671 1746 jejunium
1686 1710 1808 1737 decimum
1820 1731 1828 1742 ,

1042 1758 1087 1785 erit
1099 1758 1167 1784 vobis
1187 1758 1214 1784 in
1228 1757 1349 1792 gaudium
1369 1761 1393 1783 et
1405 1756 1431 1783 in
1452 1757 1564 1783 ltetitiam
1579 1761 1602 1782 et
1622 1755 1649 1782 in
1663 1755 1831 1782 solemnitate:

1043 1804 1130 1836 bonas,
1145 1807 1167 1830 et
1180 1802 1307 1829 ueritate»:
1321 1801 1427 1838 diligite.
1441 1801 1494 1829 Sed
1507 1801 1593 1828 illuxit
1606 1800 1650 1828 lux
1663 1800 1787 1833 sensilis,
1803 1805 1831 1827 ut

1042 1848 1108 1876 lucis
1123 1847 1217 1883 Opifex
1236 1847 1435 1882 przedicaretur.
1450 1845 1564 1873 Advenit
1574 1852 1685 1880 vespera
1701 1845 1754 1873 diei
1771 1852 1832 1872 cur~

1042 1902 1102 1922 sum
1117 1894 1270 1929 obsignans.
1281 1893 1384 1920 Bonum
1400 1891 1569 1927 principium,
1588 1891 1648 1918 ﬁnis
1658 1891 1780 1918 addatur.
1794 1890 1832 1918 Ne

1043 1939 1112 1967 male
1126 1940 1254 1975 repellas,
1273 1938 1320 1966 sed
1337 1938 1398 1966 audi
1410 1937 1535 1965 Davidem
1552 1946 1558 1964 :
1574 1936 1608 1964 1n
1625 1937 1717 1972 ﬁnem,
1732 1945 1763 1964 ue
1777 1945 1847 1969 εον-ε

1043 1996 1147 2024 rumpas
1157 1987 1240 2023 (Psal.
1258 1987 1301 2015 7L.
1314 1985 1500 2022 titulus).Deus
1516 1990 1605 2012 autem
1616 1985 1683 2012 lucis
1696 1984 1774 2019 hujus
1786 1992 1833 2010 vos

1043 2042 1136 2062 omnes
1150 2033 1291 2066 illuminct,
1306 2032 1387 2060 verbo
1397 2053 1403 2065 ,
1413 2031 1471 2067 lege
1480 2051 1488 2062 .
1502 2029 1565 2062 ﬁde,
1579 2029 1689 2066 justitia,
1697 2030 1831 2061 castitate,

1043 2082 1069 2109 in
1084 2079 1190 2109 Christo
1209 2079 1271 2107 Jesu
1286 2078 1398 2106 Domino
1412 2081 1521 2110 nostro,
1539 2084 1585 2111 per
1599 2083 1677 2111 quem
1687 2079 1716 2103 et
1725 2075 1832 2110 quicum

1043 2127 1115 2155 Patri
1134 2127 1234 2162 gloria,
1250 2125 1329 2152 simul
1351 2131 1411 2152 cum
1431 2122 1532 2159 Spiritu
1552 2126 1662 2156 Sancto,
1685 2121 1712 2149 in
1735 2121 1832 2149 saecula

1043 2174 1211 2201 saeculorum.
1225 2173 1320 2200 Amen.

1044 2219 1166 2255 Ejusdem
1179 2219 1206 2245 in
1218 2217 1355 2245 secundum
1369 2217 1435 2244 diem
1447 2216 1580 2244 creationis
1590 2236 1597 2249 ,
1610 2219 1633 2243 et
1644 2214 1763 2242 adversus
1776 2221 1832 2240 eum

1078 2265 1121 2300 qui
1146 2264 1192 2291 sibi
1214 2264 1330 2296 dixerat,
1354 2271 1404 2290 non
1416 2267 1529 2298 oportere
1552 2270 1597 2288 nos
1623 2259 1779 2288 Christianos
1805 2260 1832 2286 in

1079 2309 1277 2344 sanctiﬁcatione
1291 2308 1388 2340 dicere,
1402 2308 1471 2335 Deus
1489 2306 1616 2335 Sabaoth.

1080 2357 1105 2384 1.
1123 2355 1240 2391 Eﬂicacia
1250 2355 1317 2382 verbi
1333 2354 1420 2381 divini.
1434 2353 1590 2381 Abstinentia
1601 2357 1681 2380 mater
1697 2352 1746 2387 pia:
1760 2359 1832 2378 mru-

1045 2402 1085 2429 tis.
1100 2416 1136 2422 ——-
1150 2401 1238 2428 Animi
1252 2399 1416 2428 desiderium
1436 2400 1534 2427 excitat
1560 2398 1666 2426 divinus
1687 2405 1791 2430 sermo,
1806 2402 1833 2424 et

1044 2447 1120 2484 quasi
1130 2447 1266 2474 lucernam
1279 2446 1422 2481 quamdam
1439 2445 1488 2480 ipsi
1503 2444 1627 2479 gaudium
1640 2443 1814 2477 circumponi‘.
1825 2464 1832 2473 ,

1045 2499 1073 2522 ut
1095 2498 1123 2521 et
1136 2492 1274 2520 ratiocinia
1290 2492 1420 2524 illustret,
1436 2496 1464 2519 et
1486 2495 1604 2518 mentem
1629 2490 1760 2517 exhilaret
1772 2510 1778 2522 ,
1806 2495 1834 2516 et

1046 2544 1155 2574 peccata
1180 2539 1331 2573 abstergat,
1353 2542 1380 2565 ct
1407 2544 1485 2565 sensa
1508 2536 1649 2563 illuminet.
1677 2535 1832 2570 Hnjusmodi

1044 2591 1087 2614 est
1110 2586 1156 2613 Dei
1173 2592 1272 2612 sermo.
1289 2584 1355 2612 Nam
1378 2583 1449 2619 quod
1461 2591 1507 2611 cos
1521 2582 1607 2615 ferro,
1635 2581 1661 2609 id
1676 2582 1772 2609 anima:
1786 2581 1833 2608 Dei

1045 2639 1143 2660 sermo.
1155 2631 1209 2658 Cos
1222 2638 1275 2658 non
1289 2638 1369 2658 unam
1380 2629 1466 2657 solum
1480 2637 1536 2656 rem
1548 2629 1620 2656 ferro
1634 2627 1736 2655 confert
1751 2635 1758 2654 ε
1773 2635 1833 2654 nam

1045 2679 1132 2713 primo
1143 2678 1228 2713 ipsum
1242 2680 1384 2712 praeparat,
1400 2676 1585 2710 ntrubiginem
1600 2679 1723 2710 reSpuat:
1738 2673 1835 2702 deinde

1046 2732 1165 2752 crassum
1180 2728 1322 2755 extenuat,
1338 2723 1460 2750 obtusum
1476 2722 1564 2754 acuit,
1585 2721 1727 2749 obscurum
1749 2719 1834 2747 reddit

1045 2770 1179 2802 lucidum,
1194 2769 1343 2797 abstersum
1354 2789 1361 2801 ,
1375 2768 1503 2800 nitidum,
1518 2772 1635 2795 acutum.
1650 2767 1695 2795 Sic
1706 2773 1736 2794 se
1754 2765 1833 2793 habet

1047 2815 1094 2842 Dei
1113 2822 1201 2842 sermo
1215 2824 1220 2841 :
1236 2814 1315 2841 efﬁcit
1331 2818 1359 2840 ut
1382 2813 1470 2840 anima
1495 2813 1642 2848 rubiginem
1667 2811 1765 2847 peccati
1787 2819 1831 2837 re—

1048 2866 1137 2898 spuat,
1157 2861 1277 2889 obtusum
1291 2860 1363 2889 illam
1374 2860 1453 2895 acuit,
1469 2866 1586 2888 craSsant
1601 2859 1722 2887 subtilem
1734 2855 1832 2888 reddit,
