2062 3128
242 118 289 145 Hi
757 113 800 141 DE
820 111 924 141 MUNDI
944 110 1140 140 CREATIONE
1161 111 1288 140 ORATIO
1307 111 1339 139 ll.

242 183 274 202 eo
289 173 334 210 qui
355 178 413 202 erat
437 177 570 209 quierunt,
592 171 725 208 quomodo
737 171 842 206 genitus
868 170 912 198 sil.
926 170 953 197 Si
978 176 1029 196 non

242 219 376 253 erantjlla
393 227 444 247 non
460 219 590 246 exstantia
602 240 608 252 ,
624 218 721 250 dicant,
739 217 871 252 quomodo
886 216 952 243 facta
965 216 1029 242 sint.

241 265 317 300 Quod
333 273 385 292 non
399 269 449 298 est,
467 272 518 292 non
533 264 648 292 efﬁcitur
669 263 815 290 secundum
830 262 975 289 humanum
990 269 1031 288 ra-

242 311 389 343 tiocinium,
401 318 452 337 non
465 309 527 337 item
543 309 687 337 secundum
698 308 812 335 divinam
825 308 960 335 virtutem.
976 307 1031 334 Ali-

241 355 346 389 quando
357 355 421 382 dicit
432 354 592 387 hmreticus;
608 354 678 381 Dixit
691 354 800 386 Deus,et
814 352 880 379 facta
892 357 962 380 sunt.
978 352 1029 379 Sed

241 408 311 428 nunc
326 408 383 428 rcm
396 399 496 432 dixisti,
511 407 562 426 non
578 399 696 426 modum.
713 398 783 425 Dixit
799 398 876 431 Deus,
893 397 952 424 Fiat
965 397 1030 424 lux:

243 446 345 474 factum
362 450 404 474 est
422 445 446 473 id
460 445 530 480 quod
545 453 597 472 non
609 449 676 472 erat.
693 445 788 472 Sermo
805 444 830 471 in
844 451 900 471 rem
914 448 1031 470 mutatus

241 497 299 524 est;
311 495 383 527 puta,
397 492 452 526 ipsa
462 498 512 518 vox
527 498 633 525 egressa
646 489 713 518 facta
726 494 767 518 est
779 490 834 517 lux.
844 489 913 525 Ergo
929 496 979 516 non
991 493 1032 516 est

240 544 273 564 ex
287 544 339 565 non
350 536 526 570 exstantibus,
536 536 583 564 sed
596 544 629 563 ex
642 536 782 564 existente.
799 535 863 570 Quis
878 536 949 562 enim
963 535 1031 562 ausit

240 583 330 611 dicere
345 583 461 611 Verbum
477 591 529 610 non
544 582 669 610 exstare?
684 582 753 617 Ergo
769 582 834 609 nihil
846 582 908 610 fecit
921 588 953 609 ex
978 589 1030 608 non

239 630 414 662 exstantibus,
430 629 477 657 sed
490 637 525 658 ex
541 629 586 657 illo
598 638 604 656 :
620 629 710 663 sicque
724 628 892 663 reperiuntur
903 632 1030 655 creaturae

241 676 290 710 ipsi
297 675 545 708 consubstantiales,
555 675 657 710 etquod
667 675 701 702 de
711 674 780 702 Filio
787 675 875 702 dicere
886 674 1029 709 refugiunt,

241 722 267 749 id
280 722 408 749 creaturis
418 721 580 749 adscribunt.
593 721 689 749 Verum
705 728 798 748 rursus
808 721 901 748 arctati
914 720 1006 748 dicunt
1017 729 1025 748 :

243 769 371 796 Voluntas
385 768 431 795 Dei
445 775 475 794 ea
488 776 547 803 qua:
562 775 614 794 non
630 771 706 795 erant
720 767 809 795 ell'ecit
823 775 830 800 ;
845 767 917 802 atqui
932 767 1028 794 volun-

240 818 281 841 tas
293 814 317 841 id
332 813 401 849 quod
417 821 469 841 non
484 817 540 841 erat
556 813 691 848 producit;
706 818 798 840 natura
813 817 902 840 autem
918 813 944 840 id
959 813 1029 848 quod

240 865 304 888 erat‘
316 867 369 887 non
388 860 482 896 gignit.
511 861 550 887 Ac
573 859 695 887 mirabile
723 859 813 894 utique
835 863 885 886 est.
908 859 1028 893 Exempli

239 913 318 933 causa
334 906 429 940 loquor
446 913 584 940 :suppone
597 905 660 932 mihi
677 904 776 932 fontem
787 910 813 931 et
828 908 930 940 petram
945 913 950 930 :
964 904 1026 939 quid

241 952 342 979 facilius
363 959 459 986 aquam
482 951 590 986 gignere
610 955 707 986 potest,
729 959 762 977 an
784 950 853 982 fons,
878 958 911 978 an
933 950 1029 985 petra?

240 997 310 1024 Fons
321 997 343 1024 si
356 996 488 1032 genuerit,
502 1004 536 1023 ex
550 996 581 1023 iis
593 1004 651 1031 qum
664 996 754 1029 habet,
770 996 880 1032 profert,
896 1001 968 1032 petra
980 1004 1028 1024 ve-

239 1051 270 1070 ro
282 1050 314 1070 ex
326 1043 358 1069 iis
372 1050 432 1077 quae
445 1049 497 1069 non
511 1042 602 1069 habet.
615 1042 686 1077 Ergo
700 1042 724 1069 id
736 1042 807 1077 quod
820 1049 872 1069 non
884 1046 940 1069 erat
956 1046 1029 1076 petra

239 1089 328 1124 genuit
342 1096 375 1116 ex
388 1089 420 1116 iis
436 1096 496 1123 qua:
515 1096 568 1116 non
587 1088 701 1116 habebat
716 1097 722 1115 :
737 1093 764 1117 et
791 1088 849 1116 fons
862 1097 939 1124 quem
953 1089 979 1116 in
999 1097 1029 1117 sc

239 1135 338 1161 fontem
363 1133 475 1161 habebat
496 1141 548 1160 non
567 1134 668 1169 genuit.
686 1134 718 1161 Et
740 1134 874 1169 quomodo
888 1134 954 1161 facta
968 1139 1029 1161 sunt

239 1187 297 1213 quzc
312 1187 365 1206 non
381 1179 477 1206 erant?
500 1187 563 1206 num
588 1178 613 1206 id
629 1186 691 1206 casn
714 1184 740 1207 et
756 1187 802 1214 per
816 1187 844 1207 se
871 1180 987 1207 accidit?
1003 1180 1028 1207 id

239 1225 308 1258 quod
321 1232 373 1251 non
385 1229 450 1257 erat,
467 1232 564 1252 nomen
580 1229 630 1256 est,
642 1224 761 1259 nihilque
774 1225 865 1251 aliud?
878 1225 943 1258 Quia
956 1225 1027 1259 dico,

239 1272 278 1298 Ex
296 1279 348 1298 non
372 1271 548 1304 exstantibus,
565 1279 599 1298 ne
618 1271 678 1298 ideo
692 1271 829 1298 existimes
844 1271 869 1298 id
892 1272 961 1306 quod
976 1280 1029 1299 non

240 1320 326 1344 exstat
339 1316 437 1351 aliquid
449 1323 516 1344 esse.
532 1316 601 1351 Ergo
614 1323 673 1343 cum
693 1324 745 1343 non
762 1316 847 1351 possis
859 1317 948 1344 dicere
963 1326 1029 1351 quo-

239 1361 319 1389 modo
332 1361 358 1388 id
369 1361 438 1396 quod
452 1368 504 1388 non
519 1365 586 1394 erat,
601 1369 633 1388 ex
647 1369 700 1388 non
712 1366 833 1389 exstante
844 1370 891 1389 seu
903 1370 935 1389 ex
948 1362 1029 1390 nihilo

239 1407 335 1433 factum
348 1407 391 1439 sit,
404 1406 547 1433 audebisne
561 1406 834 1441 curiosiusinquirere
849 1407 982 1442 quomodo
1007 1409 1029 1436 is

238 1452 282 1487 qui
304 1456 362 1479 erat
375 1459 406 1479 ex
420 1459 452 1479 eo
466 1451 511 1486 qui
525 1456 582 1478 erat
597 1452 701 1487 genitus
720 1453 773 1479 sit?
784 1451 883 1480 Omnes
899 1457 1028 1481 creatura:

239 1506 291 1526 non
303 1503 378 1526 erant
387 1498 421 1525 ab
430 1498 513 1531 initio,
525 1503 552 1525 et
565 1497 641 1525 factm
654 1501 728 1525 sunt:
740 1498 903 1534 unigenitum
913 1499 1028 1527 Verbum

238 1550 266 1572 et
275 1545 384 1572 Creator
395 1544 542 1571 mundinon
553 1543 635 1571 factus
647 1549 687 1572 est
697 1545 730 1572 ab
740 1545 824 1577 initio,
834 1545 880 1572 sed
889 1550 954 1573 erat.
967 1546 1030 1574 Haec

240 1597 292 1616 non
303 1593 414 1617 erantet
427 1589 493 1616 facta
506 1593 566 1616 sunt
583 1598 589 1616 :
605 1589 648 1616 hic
661 1594 718 1617 erat
733 1590 759 1616 in
773 1591 902 1625 principio
913 1599 966 1618 non
983 1591 1026 1618 fa-

227 1639 308 1670 _ctus,
320 1635 360 1661 lue
373 1642 437 1662 vero
451 1634 526 1662 facta:
539 1639 599 1661 sunt
612 1635 637 1661 in
648 1635 787 1670 principio,
801 1643 860 1663 cum
869 1644 920 1664 non
928 1641 1027 1664 essent.

275 1682 301 1709 5.
318 1681 398 1709 Terra
408 1683 531 1717 quomoda
546 1684 676 1711 invisibilis
690 1689 745 1711 erat
766 1685 791 1711 iu
804 1685 947 1720 principio;
967 1685 1028 1712 Fir-

240 1729 358 1755 mamenti
373 1733 395 1755 et
415 1730 471 1756 caeli
489 1730 553 1756 ratio
565 1731 702 1757 secundum
716 1731 846 1758 Seueriani
859 1737 974 1758 mentem.
993 1747 1029 1752 —

243 1774 321 1802 Terra
335 1780 430 1808 autem,
447 1776 540 1811 inquit,
550 1782 602 1803 erat
613 1777 752 1804 invisibilis.
766 1778 834 1811 Quid
847 1783 898 1810 est,
911 1778 1029 1806 Invisibi-

242 1821 296 1847 lis?
312 1821 376 1848 Novi
400 1822 498 1849 multos
511 1828 663 1850 sanctorum
679 1825 786 1852 Patrum
799 1825 915 1853 dixisse:
935 1825 1028 1852 Invisi-

242 1867 302 1893 bilis
316 1871 373 1894 erat
386 1873 455 1895 terra
471 1889 478 1901 ,
491 1869 617 1903 quoniam
631 1876 699 1904 aqua
713 1870 895 1897 occultabatur
910 1870 985 1906 (Gen.
1003 1871 1026 1898 1.

240 1911 279 1946 ἓ).
294 1913 381 1940 Multa:
395 1917 458 1940 sunt
470 1914 610 1941 sementim
625 1915 674 1949 pire
689 1915 806 1950 quidem,
823 1916 869 1943 sed
884 1924 937 1943 non
948 1924 1027 1944 vera).

242 1957 361 1993 Exempli
371 1966 461 1992 causa,
476 1962 530 1987 tres
543 1959 621 1987 amici
635 1959 705 1993 Jobi,
718 1968 778 1987 cum
795 1961 867 1988 illum
893 1961 919 1988 in
933 1969 1028 1989 :rrum-

240 2004 283 2029 nis
296 2003 431 2036 viderent,
455 2008 575 2031 sanctum
588 2005 673 2032 virum
688 2005 856 2038 damnarunt,
873 2007 947 2041 quasi
957 2007 1028 2042 justa

241 2049 397 2082 patientem,
410 2049 588 2084 dicebantque
604 2059 610 2077 :
624 2050 678 2077 Nisi
692 2051 784 2078 viduas
805 2051 955 2086 amisisses,
977 2053 1028 2081 nisi

242 2095 354 2130 pupillos
367 2095 555 2129 oppressisscs,
573 2104 715 2130 numquam
730 2097 776 2123 tibi
801 2097 870 2124 Deus
882 2097 940 2126 litec
955 2098 1026 2126 inﬁi<

241 2142 332 2168 sisset.
359 2141 392 2168 Et
414 2145 501 2168 tamen
525 2141 585 2176 quia
605 2141 651 2168 Dei
669 2142 832 2176 propositum
857 2143 1026 2178 ignorabant,

241 2186 392 2213 maluerunt
419 2186 489 2214 hunc
512 2186 639 2214 damnare
662 2187 736 2222 quasi
761 2187 832 2222 jnsta
866 2190 1027 2224 patientem,

240 2240 318 2267 quam
335 2232 428 2265 Deum,
443 2236 473 2259 ut
487 2232 583 2267 injuste
597 2233 665 2259 mala
679 2233 848 2261 inferentem.
864 2234 910 2262 Dei
922 2243 1028 2263 causam

240 2278 363 2313 agebant,
383 2283 411 2305 et
437 2283 524 2305 tamen
546 2279 614 2305 Deus
630 2279 688 2305 illos
713 2280 832 2313 coarguit
849 2289 855 2306 :
873 2280 957 2313 Quare
978 2290 1028 2308 non

241 2324 337 2358 lofuuti
361 2323 419 2351 estis
432 2329 500 2350 recta
514 2323 632 2350 adversus
647 2331 744 2350 servum
760 2332 840 2351 meum
855 2324 914 2361 (Job
927 2326 971 2353 42.
989 2326 1026 2362 7).

241 2371 288 2398 Est
309 2371 388 2405 igitur
399 2371 530 2398 sententia
545 2371 587 2405 pia
602 2370 720 2406 quidem,
738 2371 783 2397 sed
806 2378 858 2398 non
873 2379 944 2398 vera.
959 2373 1028 2405 Quid

239 2421 280 2445 cst
293 2417 381 2451 igitur,
397 2416 475 2444 Terra
493 2421 576 2453 autem
588 2421 641 2443 erat
653 2417 782 2443 invisibilis
796 2422 819 2443 et
841 2417 1028 2453 incomposita?

240 2463 401 2498 lnterpretes
422 2462 493 2489 clare
514 2467 704 2497 exposuerunt.
731 2463 774 2489 Ait
799 2464 869 2490 enim
896 2464 989 2499 Aquila
1019 2473 1025 2490 :

241 2507 317 2535 Terra
331 2513 414 2535 autent
429 2513 482 2536 erat
510 2509 620 2535 inanitas
643 2513 665 2535 et
689 2509 762 2541 nihil.
786 2509 924 2538 Invisibilis
938 2516 1025 2537 autem

239 2553 345 2586 dicitur,
364 2561 415 2580 non
427 2553 558 2588 quodnon
574 2558 724 2588 appareret,
742 2553 832 2588 sed,ut
845 2556 905 2589 quis
916 2555 1024 2588 dixerit,

239 2600 370 2628 inornata.
381 2600 502 2628 Nondum
517 2606 573 2629 erat
583 2601 641 2628 lauta
652 2601 755 2636 plantis,
767 2601 883 2628 nondum
898 2601 1026 2629 fructibus

192 2648 196 2654 '
238 2651 374 2681 coronata,
390 2647 506 2674 nondum
520 2646 606 2674 ﬁuviis
627 2653 654 2675 et
668 2647 783 2674 fontibus
793 2647 890 2679 cincta,
906 2647 1024 2675 nondum

237 2693 295 2719 aliis
320 2693 452 2728 variisque
478 2693 640 2720 ornamentis
658 2692 765 2725 decora,
781 2698 890 2728 eratque
905 2694 1025 2720 invisibi-

237 2738 269 2765 lis
278 2738 394 2766 nondum
405 2740 531 2766 instructa
545 2739 668 2774 gignendi
684 2739 817 2766 facultate.
832 2740 875 2766 Ait
888 2739 1024 2774 Scriptura

238 2783 271 2810 de
286 2784 400 2818 quodam
422 2785 480 2811 viro
495 2784 553 2812 forti
572 2790 598 2812 et
613 2784 747 2812 formoso:
763 2783 855 2811 Nonne
873 2785 913 2810 hic
923 2793 1024 2819 percus-

235 2830 268 2856 sit
281 2831 360 2857 cirum
375 2830 528 2866 Afgyptium
544 2831 662 2859 visibilem
677 2831 705 2866 (ὲ
732 2831 795 2866 Reg.
809 2831 853 2859 ‘25.
868 2831 899 2859 21
910 2832 941 2868 )?
957 2831 1024 2859 Num

1823 115 1874 142 M’!

1085 173 1126 196 est
1140 177 1203 203 ergo
1219 169 1258 196 vir
1275 169 1435 196 invisibilis?
1458 169 1510 197 Sed
1526 169 1621 204 dignus
1637 173 1693 200 est,
1709 169 1792 205 inquit
1806 191 1813 203 ,
1828 173 1873 205 qui

1084 215 1252 250 suspiciatur.
1273 214 1500 249 Quemadmodum
1525 215 1604 250 igitur
1628 215 1780 251 Egyptinm
1807 216 1873 243 dixit

1084 263 1169 289 virum
1195 262 1336 294 visibilem,
1360 269 1408 289 ceu
1430 261 1536 296 dignum
1562 262 1714 296 spectaculo
1740 270 1747 288 :
1767 263 1805 289 sie
1823 266 1875 288 ter-

1085 315 1141 334 ram
1169 307 1308 335 informem
1329 307 1486 334 invisibilem
1510 307 1585 334 dixit.
1600 306 1723 334 Secundo
1742 307 1785 334 die
1807 306 1874 334 dixit

1086 353 1154 380 Deus
1183 361 1189 380 :
1221 352 1279 379 Fiat
1307 353 1492 387 [irnunnentum
1516 352 1541 378 in
1566 352 1648 379 medio
1668 360 1740 386 aqua:
1755 372 1762 384 ,
1786 356 1809 378 et
1839 352 1872 379 sit

1084 397 1196 425 dividens
1205 398 1268 425 inter
1281 406 1372 433 aquam
1385 403 1408 425 et
1418 406 1509 432 aquam
1521 397 1597 433 (Gen.
1611 398 1636 425 ‘l.
1649 397 1688 433 6).
1706 397 1779 425 Fecit
1792 398 1872 432 igitur

1085 443 1135 470 hoc
1147 443 1252 476 cadum,
1268 450 1319 469 non
1335 450 1398 470 vero
1409 444 1501 470 caelum
1514 443 1646 478 superius,
1664 443 1711 470 sed
1723 443 1787 470 illud
1802 443 1872 478 quod

1084 488 1205 522 videtur,
1229 496 1264 516 ex
1289 489 1364 523 aquis
1378 496 1472 524 nempe
1487 490 1604 524 crystalli
1626 490 1708 517 instar
1730 490 1872 518 cerneretis.

1086 535 1169 563 Velim
1184 543 1240 563 rem
1257 535 1303 562 tibi
1320 535 1345 563 in
1358 540 1529 570 conspectum
1543 536 1607 564 dare
1627 545 1633 563 :
1650 537 1733 564 multa
1749 537 1819 564 enim
1840 544 1874 564 ex

1083 583 1140 610 visu
1156 587 1249 610 nostro
1262 582 1355 610 melius
1365 590 1444 617 quam
1458 582 1540 610 verbo
1562 583 1712 610 traduntur.
1731 583 1792 610 llrcc
1805 591 1873 618 aqua

1083 636 1162 663 supra
1175 632 1273 655 terram
1287 628 1432 660 eminebat,
1446 628 1519 656 verbi
1533 636 1625 662 causa,
1640 628 1736 656 cubitis
1753 629 1870 664 triginta.

1083 673 1157 701 Tunc
1169 673 1237 700 dixit
1250 674 1318 700 Deus
1334 682 1341 700 :
1360 673 1418 700 Fiat
1432 674 1619 708 ﬁrmamentum
1636 674 1662 701 in
1683 675 1766 701 medio
1779 682 1847 710 aqua.
1865 682 1874 702 :
1893 707 1895 710 ⁴

1083 719 1244 755 demumque
1267 720 1293 747 in
1318 719 1406 747 medio
1420 727 1549 755 aquarum
1563 720 1699 748 cencretio
1713 721 1738 748 in
1753 722 1874 757 crystalli

1083 773 1183 792 morem
1193 765 1253 798 fuit,
1266 765 1414 800 levavitque
1426 765 1540 793 mediam
1554 771 1656 801 partem
1671 774 1737 801 aqua
1754 774 1870 800 sursum,

1083 811 1197 838 mediam
1215 818 1279 838 vero
1301 810 1412 838 inferius
1433 811 1550 845 reliquit,
1574 811 1641 839 sicut
1654 812 1781 847 scriptum
1799 817 1839 839 est
1863 822 1869 840 :

1084 857 1142 884 Fiat
1153 857 1339 891 ﬁrmamentum
1350 858 1375 884 in
1388 857 1468 884 medio
1481 866 1562 893 aqum,
1576 862 1599 885 et
1610 858 1656 885 erit
1677 858 1791 885 dividens
1804 858 1870 885 inter

1082 911 1174 938 aquam
1184 908 1206 930 et
1218 912 1320 939 aquam.
1331 904 1384 931 Cur
1397 908 1485 931 autem
1497 903 1559 931 illud
1572 905 1767 931 ﬁrmamentum
1776 905 1873 931 vocat?

1081 948 1146 982 Quia
1162 948 1285 976 nimirum
1300 956 1333 976 ex
1348 949 1449 976 rariore
1471 954 1499 976 et
1519 949 1646 976 dissoluta
1667 957 1794 984 aquarum
1809 949 1873 977 sub-

1081 995 1176 1022 stantia
1190 995 1253 1022 illud
1267 995 1390 1022 ﬁrmavit.
1402 995 1463 1023 ldeo
1475 995 1556 1022 David
1569 1003 1675 1030 quoque
1687 996 1722 1022 ait
1738 1005 1743 1022 :
1756 995 1872 1022 Laudate

1081 1048 1137 1068 eum
1154 1040 1181 1067 in
1193 1041 1351 1075 ﬁrmamento
1367 1041 1467 1068 virtutis
1482 1042 1535 1077 ejus
1550 1040 1635 1076 (Psal.
1652 1041 1715 1069 150.
1729 1042 1740 1069 1
1753 1042 1773 1077 ).
1799 1041 1833 1069 Ει
1844 1046 1872 1068 ιιι

1081 1087 1134 1114 alio
1155 1091 1214 1114 utar
1235 1087 1358 1121 exemplo
1374 1096 1380 1114 :
1395 1087 1617 1121 quemadmodum
1641 1088 1746 1119 fumus,
1762 1095 1822 1114 cum
1836 1095 1869 1114 ex

1081 1132 1159 1167 lignis
1174 1136 1201 1159 et
1218 1131 1277 1166 igne
1300 1132 1456 1163 emerserit,
1471 1132 1556 1158 rarior
1576 1135 1618 1158 est
1641 1136 1721 1166 atque
1745 1132 1870 1164 mollior;

1080 1185 1140 1205 cum
1152 1182 1240 1205 autem
1249 1178 1276 1204 in
1289 1177 1402 1205 sublime
1413 1177 1574 1208 ascenderit,
1590 1177 1615 1204 in
1627 1177 1704 1204 nubis
1712 1177 1870 1205 densitatem

1081 1227 1217 1250 mutatur:
1233 1223 1272 1250 sic
1287 1230 1414 1258 aquarum
1428 1223 1531 1249 illarum
1554 1223 1685 1249 rariorum
1707 1227 1828 1250 naturam
1845 1223 1870 1250 in

1081 1269 1194 1296 sublime
1204 1268 1311 1299 ductam
1321 1268 1389 1296 Deus
1400 1268 1457 1295 ﬁxit
1471 1272 1497 1295 et
1505 1268 1691 1295 consolidavit.
1706 1268 1773 1295 Rem
1783 1273 1870 1296 autem

1080 1322 1139 1342 esse
1152 1321 1242 1341 veram
1259 1314 1414 1341 testiﬁcatur
1435 1313 1518 1340 Isaias
1540 1314 1631 1341 dicens
1645 1322 1652 1341 :
1667 1313 1763 1341 (leum
1787 1319 1813 1340 ut
1827 1317 1870 1350 fu-

1081 1369 1136 1388 mus
1151 1361 1268 1395 ﬁrmatus
1287 1365 1323 1387 est
1340 1360 1417 1395 (Isai.
1430 1361 1473 1388 51.
1489 1360 1538 1396 6).
1555 1360 1654 1388 Czelum
1668 1361 1757 1396 itaque
1772 1361 1796 1388 in
1813 1369 1869 1388 me-

1081 1406 1126 1434 dio
1138 1414 1266 1441 aquarum
1281 1411 1434 1434 concretum
1451 1427 1458 1440 ,
1472 1406 1608 1434 dimidiam
1623 1414 1751 1441 aquarum
1770 1411 1870 1442 partetn

1081 1453 1107 1481 in
1122 1453 1237 1481 sublime
1252 1454 1358 1481 levavit.
1384 1452 1438 1480 Cur
1452 1457 1540 1480 autem
1557 1460 1633 1487 aqua:
1653 1453 1705 1480 illa:
1726 1461 1848 1488 superna:
1862 1473 1870 1485 ,

1080 1505 1107 1528 et
1120 1500 1163 1528 cui
1174 1500 1250 1528 usui?
1262 1508 1295 1527 an
1307 1505 1335 1527 ut
1347 1500 1407 1535 quis
1418 1500 1501 1533 bibat,
1516 1507 1549 1526 an
1562 1504 1590 1526 ut
1602 1499 1661 1535 quis
1671 1500 1794 1534 naviget?
1805 1499 1869 1526 Nam

1081 1553 1163 1581 aquas
1175 1553 1290 1580 superne
1304 1546 1405 1580 positas
1420 1552 1479 1573 esse
1494 1545 1648 1572 testiﬁcatur
1661 1544 1741 1572 David
1756 1545 1848 1572 dicens
1862 1553 1868 1571 :

1081 1592 1115 1619 Et
1129 1601 1196 1627 aqua
1210 1600 1266 1627 qua:
1279 1600 1353 1627 super
1368 1592 1442 1619 cwlos
1455 1597 1490 1618 est
1502 1591 1587 1625 (Psal.
1605 1592 1666 1619 148.
1680 1591 1727 1627 4).
1742 1591 1870 1619 Animad-

1081 1643 1154 1666 verte
1173 1639 1230 1674 jam
1253 1638 1389 1666 Creatoris
1413 1638 1580 1673 sapientiam.
1603 1637 1792 1674 Crystallinum
1814 1642 1872 1665 erat

1081 1686 1215 1714 czclnmcx
1229 1686 1304 1720 aquis
1318 1689 1472 1712 concrettnn
1484 1694 1490 1711 :
1504 1685 1566 1720 quia
1577 1685 1647 1712 enim
1661 1685 1725 1712 solis
1738 1684 1870 1711 ﬂammam

1081 1736 1266 1766 suscepturum
1280 1735 1338 1758 erat
1350 1735 1431 1765 atque
1445 1730 1524 1763 lunm,
1542 1738 1645 1757 necnon
1667 1730 1795 1757 inﬁnitam
1806 1730 1871 1756 stel-

1081 1777 1166 1804 larum
1182 1775 1391 1809 multitudinem,
1412 1776 1583 1810 futurumque
1596 1779 1653 1802 erat
1668 1780 1696 1802 ut
1711 1780 1795 1802 totum
1809 1775 1871 1810 igne

1081 1823 1240 1858 rcpleretur,
1258 1830 1291 1850 ne
1304 1830 1336 1850 ex
1357 1822 1447 1850 calore
1461 1823 1544 1849 nimio
1559 1822 1709 1850 solveretur
1721 1827 1767 1849 aut
1782 1830 1872 1849 urere-

1083 1874 1141 1904 tur,
1155 1870 1236 1897 dorso
1250 1869 1308 1897 cadi
1331 1869 1477 1896 constravit
1497 1869 1541 1896 illa
1566 1876 1695 1904 aquarum
1712 1869 1795 1896 maria
1808 1889 1815 1902 ,
1842 1872 1872 1895 ut

1081 1916 1139 1950 ejus
1154 1915 1232 1942 dorsa
1254 1915 1388 1942 emolliret
1411 1919 1489 1949 atque
1513 1914 1611 1946 liniret,
1628 1919 1655 1941 et
1668 1914 1705 1941 sic
1725 1918 1814 1948 posset
1829 1921 1871 1940 re-

1082 1961 1176 1988 sistere
1189 1960 1313 1992 ﬂammae,
1329 1967 1379 1987 nec
1399 1964 1553 1987 torreretnr.
1572 1960 1728 1994 Exeml-lnm
1743 1959 1768 1986 in
1791 1967 1871 1986 manu

1082 2007 1163 2034 habes
1179 2015 1186 2033 :
1201 2007 1224 2034 si
1245 2006 1323 2034 hodie
1338 2006 1451 2034 lebetem
1466 2006 1518 2041 igni
1535 2006 1692 2041 imposueris
1704 2026 1711 2039 ,
1733 2005 1756 2033 si
1776 2013 1871 2041 aquam

1082 2053 1188 2085 habeat,
1207 2053 1260 2088 igni
1274 2052 1390 2084 resistit;
1408 2053 1448 2079 sin
1461 2060 1512 2079 non
1528 2052 1633 2085 habeat,
1645 2052 1815 2080 dissolvitur:
1831 2053 1870 2080 sic

1083 2099 1158 2126 Deus
1179 2098 1231 2134 igni
1246 2099 1423 2126 adversariam
1440 2098 1528 2132 posuit
1546 2106 1659 2132 aquam,
1677 2103 1705 2125 ut
1726 2098 1871 2133 perdurare

1081 2149 1188 2180 posset,
1204 2151 1239 2171 ex
1263 2144 1338 2179 aquis
1352 2151 1457 2171 sursum
1480 2144 1545 2171 illud
1560 2144 1724 2171 linientibus.
1751 2144 1789 2172 Ae
1811 2145 1873 2172 vide

1081 2197 1137 2217 rem
1152 2189 1245 2216 miram
1262 2198 1268 2216 :
1286 2193 1387 2216 tantum
1399 2189 1516 2216 abundat
1531 2189 1638 2216 humida
1655 2190 1803 2217 substantia
1819 2197 1871 2217 cai-

1082 2235 1140 2262 lesti
1157 2234 1262 2270 corpori
1279 2235 1415 2270 imposita,
1432 2239 1504 2262 tanto
1514 2235 1578 2262 licet
1589 2235 1746 2263 adversante
1760 2236 1829 2270 igne,
1843 2241 1870 2262 ut

1081 2282 1160 2309 etiam
1176 2286 1253 2309 terra:
1268 2281 1429 2308 commodet.
1445 2281 1509 2308 Nam
1524 2281 1594 2308 unde
1618 2281 1682 2309 ros?
1699 2281 1788 2308 Nubes
1807 2289 1882 2308 ηυδ-⁴

1081 2335 1160 2363 quam
1182 2332 1241 2358 est,
1266 2335 1313 2354 aer
1332 2334 1427 2361 aquam
1458 2334 1511 2354 non
1536 2326 1632 2359 habet;
1653 2334 1751 2361 nempe
1775 2327 1869 2354 czelum

1081 2381 1112 2401 ex
1136 2372 1362 2408 superabundanti
1389 2380 1456 2407 aqua
1493 2372 1612 2399 distillat.
1642 2371 1704 2399 ideo
1728 2372 1802 2398 Isaac
1825 2380 1870 2406 pa-

1081 2419 1195 2446 triarcha
1210 2426 1270 2446 cum
1284 2418 1383 2446 Jacobo
1397 2418 1566 2445 benediceret
1576 2438 1584 2450 ,
1599 2418 1704 2445 dicebat
1725 2426 1731 2444 :
1757 2417 1804 2444 Det
1827 2418 1871 2444 tibi

1080 2465 1149 2492 Deus
1158 2465 1188 2491 de
1202 2472 1259 2491 rore
1272 2464 1327 2491 cwli
1343 2469 1366 2490 et
1375 2463 1406 2490 de
1417 2464 1567 2499 pinguedine
1580 2468 1652 2490 terra:
1666 2463 1795 2498 (Geu.‘27.
1806 2463 1865 2497 28).

1116 2511 1142 2537 4.
1159 2511 1240 2538 Aiunt
1254 2517 1325 2541 vero,
1343 2509 1447 2542 fratres,
1471 2509 1497 2536 in
1521 2509 1565 2536 die
1575 2509 1668 2544 jndicii
1681 2531 1689 2543 ,
1702 2517 1869 2537 recessuram

1080 2564 1174 2591 aquam
1189 2556 1260 2582 illam
1272 2563 1425 2590 supernam,
1446 2556 1594 2591 caelumque
1613 2556 1728 2583 solutum
1743 2556 1773 2583 iri
1786 2577 1794 2590 ,
1809 2563 1868 2583 cmn

1080 2612 1132 2630 non
1153 2603 1219 2630 ultra
1245 2603 1396 2629 habiturum
1417 2602 1453 2629 sit
1466 2602 1538 2629 illam
1566 2610 1693 2637 aquarum
1713 2603 1823 2636 molem,
1843 2606 1869 2629 ct

1080 2649 1137 2676 fore
1151 2652 1179 2675 ut
1193 2648 1277 2675 stella:
1291 2647 1406 2680 cadant,
1432 2655 1491 2674 cum
1507 2655 1559 2675 nec
1569 2648 1638 2675 viam
1662 2655 1712 2675 nec
1727 2648 1867 2675 stationem

1080 2693 1147 2721 ultra
1164 2693 1293 2720 habitune
1308 2693 1371 2719 sint.
1386 2692 1448 2719 llaec
1463 2700 1543 2727 porro
1556 2701 1608 2720 non
1622 2698 1722 2721 temere
1736 2693 1866 2724 dicimus;

1080 2739 1126 2766 sed
1137 2739 1272 2774 Scriptura
1284 2738 1363 2766 docet
1379 2747 1384 2764 :
1403 2738 1499 2766 Caelum
1512 2739 1584 2766 enim
1598 2739 1757 2766 convolvetur
1768 2743 1795 2764 ut
1805 2740 1867 2764 liber

1080 2783 1218 2821 (lsai.'54.
1233 2785 1278 2820 4);
1294 2792 1389 2819 nempe
1412 2784 1535 2812 adustum
1551 2792 1558 2812 :
1573 2784 1644 2819 qttod
1658 2784 1729 2812 enim
1746 2783 1867 2810 aduritur

1080 2832 1245 2861 convolvitur
1257 2839 1263 2859 :
1273 2836 1295 2860 et
1310 2832 1389 2860 statim
1403 2831 1492 2859 cadent
1506 2832 1570 2860 sicut
1583 2831 1646 2867 [otia
1661 2830 1725 2858 vitis.
1743 2829 1868 2861 Attende.
