2047 3122
223 76 274 107 ὄιεῦ

218 157 317 186 qua-so,
334 155 361 178 et
375 149 454 178 alium
470 157 557 178 usum.
574 151 656 185 Aqua:
671 150 722 179 illic
734 172 741 184 ,
754 159 812 186 qua:
828 158 907 186 super
922 151 1003 178 cmlos

220 203 291 230 sunt,
308 206 359 224 tnui
376 197 454 224 modo
466 198 558 224 emtum
577 203 735 225 conservant
749 218 755 229 ,
772 197 819 225 sed
839 198 919 225 etiam
934 197 1010 224 ﬂam-

224 251 294 271 mam
308 244 372 271 solis
386 248 413 271 ct
428 244 496 270 lutne
511 244 645 271 emittunt.
660 244 687 270 Si
701 244 771 271 enim
786 244 944 279 pellucidum
966 251 1010 271 es-

218 289 377 322 setcazlum,
401 290 489 317 omnis
508 289 565 324 ejus
589 289 715 324 splendor
733 298 838 318 sursum
862 295 1006 322 curreret,

217 336 285 370 ignis
311 336 409 371 quippe
434 344 493 363 cum
521 343 627 364 sursum
652 337 762 369 tendat,
792 341 889 365 terram
915 337 1007 365 deser-

218 388 270 408 tam
283 381 456 416 relinqueret.
485 381 584 409 Idcirco
608 382 688 418 igitur
706 387 790 410 totum
810 383 904 410 crelum
927 390 1007 417 supe-

221 427 276 454 rius
292 427 438 464 immensis
452 428 529 463 aqttis
543 428 697 456 addensavit
710 449 718 462 ,
749 435 778 456 ut
799 429 924 464 splendor
948 437 1008 456 eoa-

215 477 275 499 ctus
300 472 367 499 infra
392 473 575 500 descenderet.
599 473 665 501 Vide
696 474 811 502 Artiﬁcis
838 475 1006 509 sapientiam.

217 514 303 545 "abes
317 522 405 545 autem
419 518 444 544 iu
459 518 543 553 teipso
557 519 695 554 sapientia:
709 519 827 547 Artiﬁcis
841 520 982 555 imaginem
996 529 1003 550 :

217 563 280 589 fecit
294 563 391 598 quippe
405 564 475 590 Deus
491 565 570 592 etiam
584 566 610 592 in
626 570 651 592 te
672 571 787 601 quatuor
808 567 1003 594 elcmentorttm

214 607 340 643 efﬁgiem.
352 609 552 642 Animadverte.
564 618 655 645 qttmso
667 621 672 638 :
684 612 769 646 cogita
782 612 846 639 mihi
862 617 941 648 caput
956 614 1006 640 hoc

214 662 273 681 esse
284 655 377 682 cmlum
399 657 542 690 superius;
559 665 620 691 qua:
635 665 714 692 supra
731 658 848 693 linguam
865 663 937 691 sunt,
953 667 1006 686 CT-

216 700 268 727 Ium
279 700 402 733 alterum,
417 701 442 729 id
457 707 498 729 est
514 702 709 730 ﬁrtnamcutum
726 713 732 731 :
751 704 867 740 indeque
878 710 918 732 est
930 706 1001 741 quod

214 748 346 782 οὐρανίσκας
357 767 364 778 ,
378 747 434 774 sive
450 756 560 782 parvum
583 750 678 776 etelum
694 754 813 778 vocetur.
829 750 958 786 Superius
978 753 1004 778 in

218 792 285 820 locis
304 793 402 820 abditis
428 794 580 828 cerebrum,
601 796 671 830 quod
687 804 739 823 non
757 796 861 824 videtur
875 818 882 828 .
897 797 1006 825 inferius
1028 793 1029 796 “

217 838 316 874 lingua,
327 846 386 874 qum
394 840 444 866 sub
456 845 593 874 aspectum
608 841 696 867 cadit.
710 841 940 875 Quemadmodum
957 842 1010 878 igi:

215 889 257 910 tur
269 884 363 911 omium
375 885 498 919 superius
512 885 538 912 in
554 885 730 914 iuvisibilibns
745 890 796 918 est,
809 887 924 915 mundus
941 895 1005 915 vero

215 929 240 955 In
251 929 315 956 locis
323 929 356 956 de
365 930 461 965 quibus
474 930 606 965 loquimur
615 939 621 957 :
632 938 663 958 ac
675 931 898 966 quemadmodum
910 933 935 960 in
947 934 1004 961 ele-

215 975 313 1002 mentis
333 980 431 1003 terram
455 977 587 1011 comperis
610 984 670 1005 esse
684 985 802 1012 gravem,
816 985 913 1013 aquam
941 987 1004 1006 vero

213 1026 283 1048 terra
312 1022 452 1056 leviorem,
479 1023 540 1058 igne
558 1024 727 1058 graviorem;
743 1031 901 1060 rursumque
913 1032 1002 1053 aerem

211 1068 287 1103 aquis
300 1068 438 1101 leviorem,
454 1070 514 1104 igne
526 1070 675 1105 graviorem
689 1080 696 1098 :
710 1071 748 1098 sic
770 1075 798 1098 et
813 1072 838 1098 in
853 1071 929 1098 nobis
942 1079 1004 1099 sen-

211 1121 268 1146 sus,
283 1119 386 1148 gustus,
402 1114 539 1146 odoratus,
554 1110 670 1148 auditus,
682 1116 754 1143 visus
764 1124 813 1143 nec
825 1124 918 1144 omnes
929 1117 1003 1144 simi-

212 1159 250 1186 Ics
268 1163 339 1187 sunt.
357 1160 424 1188 Rem
449 1161 593 1195 comproba
610 1170 615 1190 :
632 1161 655 1188 si
669 1162 735 1189 velis
752 1162 850 1197 aliquid
869 1168 978 1198 gustare
993 1184 1001 1197 ,

211 1205 261 1232 nisi
283 1205 379 1240 linguae
392 1205 536 1234 admoveas
549 1226 557 1239 ,
573 1207 647 1234 nttllo
668 1213 761 1243 gustus
776 1216 856 1236 sensu
872 1209 997 1238 afﬁceris.

209 1250 332 1278 Crassior
345 1251 442 1286 quippe
458 1259 552 1280 sensus
569 1259 621 1284 est,
639 1261 689 1280 nec
704 1258 791 1288 potest
806 1254 897 1289 procul
916 1255 1003 1290 perci-

162 1331 164 1334 I
211 1304 285 1331 pere.
302 1296 420 1324 Olfactus
436 1306 498 1325 vero
513 1298 602 1332 procul
617 1299 731 1334 percipit
746 1307 753 1332 ;
768 1300 883 1335 exempli
906 1307 999 1334 causa,

210 1348 260 1375 per
287 1341 394 1369 domum
422 1344 538 1376 transis,
559 1343 649 1371 odoris
671 1343 844 1378 fragrantiam
872 1346 1000 1380 percipis,

208 1394 288 1422 quam
303 1395 356 1415 non
369 1387 452 1416 vides.
470 1389 573 1416 Rursus
593 1390 665 1416 visus
684 1389 782 1417 olfactu
804 1390 918 1418 celerior
937 1397 999 1418 est:

209 1432 280 1460 videt
301 1434 372 1461 enim
396 1442 429 1462 cx
448 1440 538 1462 monte
557 1435 635 1462 latam
657 1435 802 1470 planitiem.
823 1436 888 1464 Visu
908 1444 1000 1465 rursus

209 1487 285 1507 mens
291 1481 394 1509 acutior
404 1491 410 1508 :
420 1482 515 1509 omium
528 1482 637 1517 cogitat,
650 1487 757 1515 terram,
770 1490 853 1516 mare,
865 1487 893 1510 et
904 1483 1000 1518 ubique

209 1525 353 1553 invenitur.

249 1573 323 1601 Mem
337 1574 462 1608 quomoda
484 1578 522 1601 est
545 1574 629 1609 imago
646 1574 704 1602 Dei.
725 1573 843 1602 Historia
854 1574 998 1610 cuiusdam,

209 1621 252 1656 qui
263 1629 295 1648 ex
307 1619 507 1654 sanrtiﬁcatioue
520 1619 616 1647 volebat
631 1621 776 1647 detruncari
787 1621 862 1654 illud,
874 1620 1001 1648 Dominus

208 1665 348 1693 nabant/1...
368 1679 403 1685 —-—
415 1665 476 1692 ldeo
491 1665 577 1700 imago
591 1665 637 1692 Dei
653 1673 729 1693 mens
741 1661 791 1693 est.
807 1666 880 1693 Mens
890 1666 998 1701 cogitat,

210 1719 324 1747 moxque
335 1711 361 1738 in
373 1719 402 1738 se
416 1711 469 1738 fora
483 1716 566 1744 creat,
584 1712 687 1739 turbam
702 1712 752 1740 sibi
765 1712 895 1748 depingit,
908 1718 934 1740 et
950 1721 999 1748 po-

210 1758 310 1792 pulum.
325 1757 490 1784 Eruhescant
504 1757 630 1784 haeretici.
647 1757 722 1785 Mens
737 1758 798 1785 talia
812 1763 938 1793 operatur
951 1781 958 1792 ,
973 1764 1000 1787 et

210 1804 308 1831 mentis
320 1803 433 1836 Artifex,
446 1803 518 1831 omni
542 1803 640 1831 olfactu
654 1804 794 1837 subtilior,
808 1812 861 1831 non
884 1805 999 1833 celerio-

211 1850 363 1878 rem‘babet
378 1850 570 1884 operationem.
582 1857 633 1878 non
650 1855 798 1885 promptam
813 1851 920 1878 creandi
933 1851 997 1885 vim,

211 1905 264 1927 non
283 1895 579 1930 incompreltcnsibilem
590 1897 732 1923 naturam?
746 1895 814 1923 Volo
826 1901 925 1930 autem,
942 1897 997 1924 Ira-

212 1947 267 1970 tres
282 1962 290 1974 ,
317 1949 375 1969 rem
388 1940 464 1968 vobis
477 1940 565 1968 dicere
580 1940 736 1968 insolentem
751 1941 857 1976 quidem
872 1947 999 1977 quantum

211 1987 244 2014 ad
271 1986 445 2021 impietatem,
466 1986 514 2013 scd
536 1985 597 2013 ﬁdei
621 1993 765 2014 consonam
779 2007 786 2019 ,
814 1992 940 2022 quantum
966 1988 999 2016 ad

211 2040 341 2064 examen;
356 2037 385 2059 ut
407 2031 515 2059 diseatis
535 2035 634 2066 quanta
656 2036 682 2059 ct
702 2040 781 2067 quam
801 2040 873 2060 nova
896 2039 1001 2061 moveat

211 2078 343 2110 diabolus,
357 2068 453 2112 quan'ta
466 2077 591 2112 reperiat,
607 2082 705 2112 quanta
721 2083 844 2113 suggerat
857 2079 999 2109 hmreticis.

211 2123 253 2150 vel
281 2123 307 2150 hi
334 2124 421 2157 potius
443 2122 559 2149 diabolo.
586 2122 671 2150 IIodie
694 2123 823 2158 quispiam
846 2123 998 2158 Inereticus,

212 2168 387 2203 prtcsentibus
401 2168 500 2196 sanctis
516 2167 580 2195 viris
591 2171 618 2195 et
630 2168 747 2202 patribus
759 2188 767 2201 ,
782 2176 829 2195 nos
839 2170 1000 2197 conveniens

211 2214 316 2242 dicebat
331 2223 338 2241 :
354 2214 410 2241 lucc
425 2213 485 2241 dico
498 2217 598 2245 autem,
615 2221 649 2241 ne
663 2211 794 2241 res‘aiitcr
809 2214 908 2247 audita,
923 2215 1001 2242 aliter

212 2261 289 2288 feriat
304 2269 310 2287 :
326 2259 414 2293 Pater,
427 2259 525 2290 aiebat.
539 2263 566 2287 ct
578 2257 661 2286 Filius
673 2259 820 2293 etSpirltus
829 2264 936 2287 sanctus
949 2267 1000 2287 una

211 2306 346 2337 divinitas,
364 2312 415 2332 una
427 2304 520 2336 virtus,
535 2311 618 2331 unum
634 2311 757 2339 regnum.
773 2304 885 2338 Oportet
899 2309 1000 2337 autem,

213 2352 308 2387 inquit.
324 2351 428 2378 auferre
442 2351 475 2378 ah
489 2351 579 2377 animo
595 2350 615 2383 ί,
630 2357 683 2377 non
700 2350 769 2376 enim
784 2350 818 2375 ab
831 2350 906 2376 altari
919 2350 979 2377 dico
991 2371 998 2382 ,

213 2406 247 2425 ne
262 2398 288 2424 in
304 2396 512 2424 sanctiﬁcatione
533 2396 644 2427 dicatur,
661 2394 780 2427 Sanctus,
809 2400 921 2429 sanctus,
942 2403 1002 2422 san-

215 2449 271 2470 ctus
284 2443 409 2470 Dominus
422 2442 547 2470 Sabaoth.
560 2441 615 2469 Nisi
630 2441 704 2474 illud,
717 2441 811 2476 inquit,
827 2440 999 2474 abstuleritis,

214 2489 358 2516 Christiani
374 2496 426 2515 non
441 2489 514 2515 estis.
538 2487 659 2514 Vidistin‘
671 2491 768 2513 tantam
782 2486 929 2518 audaciam,
943 2490 1001 2513 tau-

214 2539 320 2568 tanique
331 2533 427 2560 diaboli
442 2533 588 2559 insaniam?
598 2532 712 2559 vidistin‘
727 2532 843 2558 radicem
857 2531 1000 2558 adversan-

215 2579 247 2606 tis
264 2578 317 2606 Deo
330 2577 495 2613 impietatis?
523 2576 639 2604 vidistin'
654 2577 861 2611 magnitudinem
877 2576 1001 2611 blasphe-

215 2624 297 2652 mia)?
325 2623 433 2653 Pietatis
466 2628 546 2658 caput
577 2623 660 2650 voluit
691 2629 844 2658 amputare,
872 2631 1001 2651 enervare

215 2670 380 2706 mysterium.
396 2669 474 2697 ﬁdem
488 2669 596 2697 abolere
609 2690 616 2702 ,
632 2669 690 2703 ejus
704 2669 871 2696 fundamenta
896 2677 1000 2696 eruere.

215 2717 249 2744 Et
261 2716 321 2744 vide
333 2715 431 2743 diaboli
442 2715 575 2742 astutiam.
589 2714 722 2742 Persuasit
732 2715 755 2741 ei
770 2719 797 2742 ut
815 2714 915 2742 diceret
930 2723 936 2741 :
954 2714 1001 2741 I‘a-

248 2782 256 2799 ¹
273 2781 343 2807 savil.
356 2781 488 2812 legendum
501 2784 576 2812 pttltll,
587 2780 619 2805 ab
628 2779 743 2812 oratione,
756 2787 807 2812 pro,
821 2780 850 2806 ab
856 2780 942 2806 animo.
956 2781 1001 2805 sed

215 2815 282 2840 sura
294 2817 374 2845 potest
385 2812 457 2838 lectio
469 2812 582 2838 Codicum
591 2812 705 2836 omnittm.

943 92 1128 122 SEVEBIANI

1802 99 1853 128 “5

1066 154 1106 178 ter
1119 155 1146 178 et
1161 151 1244 179 Filius
1257 157 1284 180 et
1308 152 1422 187 Spiritus
1437 157 1544 180 sanctus
1558 175 1565 187 ,
1581 161 1631 180 una
1650 154 1713 181 ﬁdes
1729 155 1767 192 (α)
1778 177 1786 189 ,
1802 165 1852 185 una

1063 196 1168 229 virtus,
1191 205 1272 224 unum
1289 206 1409 233 regnum.
1431 198 1568 226 Venenum
1589 200 1669 227 melle
1683 203 1851 236 temperavit.

1062 241 1174 276 Semper
1184 243 1254 270 enim
1265 243 1442 277 mendacium,
1453 252 1513 271 cum
1526 245 1579 272 vult
1593 245 1643 272 sibi
1658 246 1736 273 ﬁdem
1748 247 1851 281 haberi,

1062 289 1112 316 nisi
1127 288 1327 316 fundamentum
1342 290 1459 325 posuerit
1481 291 1635 326 apparentis
1660 292 1797 325 veritatis,
1821 299 1851 321 ut

1062 334 1155 362 falsum
1171 335 1290 370 rejicitur
1306 345 1311 362 :
1328 341 1354 363 et
1365 344 1414 371 qua
1427 337 1530 364 ratione
1540 358 1547 369 ,
1562 337 1638 364 audi:
1658 338 1726 364 nihil
1741 339 1848 373 quidem

1061 380 1158 412 simile,
1183 380 1269 408 dicam
1286 385 1385 408 tamen.
1403 381 1495 408 Rahab
1509 382 1635 409 meretrix
1661 390 1721 410 cum
1748 385 1854 418 excepit

1061 427 1252 461 exploratores,
1268 427 1426 463 interrogata
1439 437 1445 454 ε
1464 427 1575 463 Ingresai
1585 433 1641 455 sunt
1651 429 1685 456 ad
1693 435 1716 456 te
1727 430 1772 457 tn‘ri
1783 430 1851 467 (los.

1061 471 1087 498 εἰ.
1108 472 1134 499 4.
1151 471 1203 508 5)?
1229 473 1389 508 respondet,
1417 473 1524 506 Etiam;
1551 474 1602 502 hoc
1620 475 1732 509 primum
1758 484 1851 504 verum

1061 521 1102 544 est
1118 518 1188 544 :Sed
1201 519 1325 551 exierunt,
1355 519 1455 553 inquit;
1469 519 1518 546 ltoe
1535 520 1680 548 secundum
1703 521 1808 548 falsum.
1824 522 1852 549 Si

1060 563 1181 597 dixiSset,
1195 564 1251 591 Non
1261 565 1361 600 egressi
1372 569 1445 598 sunt,
1458 565 1565 592 domum
1580 568 1735 601 perscrutati
1749 573 1851 595 essent.

1061 610 1131 637 Dixit
1145 619 1249 642 verum,
1264 616 1293 638 ut
1308 612 1386 639 ﬁdem
1401 612 1574 640 conciliaret:
1589 613 1685 640 falsum
1699 614 1809 647 addidit,
1822 619 1852 642 ut

1060 656 1203 691 deciperet.
1219 656 1257 684 Ita
1274 662 1299 684 et
1323 657 1373 684 iste
1397 666 1403 684 :
1430 658 1507 685 nobis
1529 659 1752 694 interrogantibus
1767 680 1774 692 ,
1797 660 1852 687 Cur

1059 702 1299 730 sanctiﬁcationem
1314 703 1548 731 delruncahimns?
1563 705 1659 735 dicitis,
1678 705 1772 741 inquit,
1794 706 1849 732 L‘o-

1059 748 1144 774 minus
1158 748 1272 775 Sabaoth
1294 757 1303 775 :
1318 749 1390 783 atqui
1407 756 1457 775 non
1473 754 1513 776 est
1538 757 1634 776 nomen
1653 750 1717 782 Dei,
1734 758 1785 777 non
1809 756 1849 778 est

1059 791 1176 825 Christi,
1195 801 1281 829 neque
1307 794 1401 821 Patris.
1419 794 1540 821 Vidistin'
1555 803 1585 822 os
1600 796 1649 822 vile
1660 800 1687 823 et
1701 797 1848 830 impurum?

1060 838 1206 872 lgnoravit,
1235 847 1332 874 nempe
1351 841 1386 867 ob
1401 840 1549 872 inscitiam,
1565 841 1681 868 Sabaoth
1706 849 1758 868 non
1789 849 1848 868 esse

1058 891 1155 910 nomen
1173 884 1229 917 Dei,
1247 884 1294 912 sed
1309 893 1405 912 nomen
1421 886 1582 913 exercituum
1597 894 1603 917 ;
1616 886 1641 912 id
1656 891 1705 917 est,
1724 886 1849 915 Dominus

1058 929 1197 956 virtutum.
1223 930 1336 958 Causam
1351 935 1438 958 autem
1453 931 1513 958 dico
1531 940 1537 957 ε
1556 932 1603 959 sed
1619 937 1679 959 ante
1693 932 1772 959 ﬁnem
1785 933 1846 968 quid

1058 975 1134 1003 fausti
1149 977 1270 1004 evenerit
1293 978 1420 1004 annuntio
1447 986 1453 1004 :
1479 978 1611 1012 ptenituit,
1627 979 1762 1012 procidit,
1781 987 1846 1008 ana-

1057 1022 1173 1050 themata
1187 1022 1263 1055 dixit,
1276 1028 1399 1058 preeatus
1412 1029 1462 1056 est,
1479 1029 1602 1058 receptus
1616 1029 1666 1051 est.

1091 1069 1117 1096 5.
1140 1069 1253 1097 Attende
1267 1069 1363 1104 igitur:
1377 1069 1437 1104 quia
1448 1077 1536 1097 sermo
1562 1070 1663 1103 incidit,
1677 1078 1766 1105 opem:
1785 1079 1845 1106 prc-

1058 1114 1120 1140 lium
1133 1119 1233 1142 estnos
1245 1122 1351 1141 causam
1367 1115 1469 1144 dicere.
1492 1116 1527 1143 ob
1550 1123 1628 1150 quam
1649 1116 1741 1143 beatus
1766 1117 1846 1145 Isaias

1056 1159 1123 1186 hanc
1142 1161 1378 1188 sanetiiicationem
1408 1161 1463 1188 Deo
1487 1161 1611 1188 emissam
1631 1161 1741 1188 audivit.
1766 1163 1845 1190 Isaias

1055 1210 1112 1232 erat
1125 1205 1164 1232 vir
1174 1206 1312 1239 mirabilis,
1326 1206 1383 1232 zelo
1395 1206 1500 1240 plenus,
1516 1207 1557 1233 vir
1571 1206 1667 1238 audax,
1682 1207 1767 1234 audax
1792 1215 1844 1235 non

1055 1253 1228 1287 procacitate,
1241 1252 1288 1280 sed
1303 1253 1370 1279 zelo.
1383 1252 1427 1279 llis
1443 1252 1606 1287 temporibus
1625 1253 1672 1280 fuit
1694 1261 1751 1285 rex,
1766 1254 1843 1281 Ozias

1057 1298 1165 1324 nomine
1182 1306 1188 1324 :
1203 1298 1225 1324 is
1239 1305 1298 1325 cum
1311 1298 1383 1332 regia
1397 1298 1545 1333 majestate,
1558 1298 1735 1326 sacerdotium
1764 1301 1843 1327 etiam

1055 1342 1179 1369 invadere
1204 1343 1323 1370 tentavit.
1348 1343 1505 1370 Sacerdotes
1527 1343 1588 1378 qttid
1602 1344 1662 1371 inde
1687 1349 1844 1379 sequeretur

1053 1392 1200 1420 noverant;
1216 1388 1271 1423 regi
1286 1392 1373 1415 tamen
1391 1388 1532 1424 plurimum
1549 1389 1673 1421 reluctari
1690 1390 1842 1422 noluerunt;

1053 1434 1206 1469 dignitatem
1225 1435 1346 1468 reveriti,
1361 1435 1455 1462 solium
1471 1435 1574 1462 honore
1596 1436 1750 1470 prosequuti
1769 1441 1841 1467 sunt,

1053 1481 1185 1508 exercitus
1197 1481 1350 1508 timuerunt.
1365 1480 1424 1515 Ipse
1436 1488 1541 1516 quoque
1564 1480 1644 1508 Isaias
1669 1481 1761 1512 tacuit,
1789 1488 1842 1508 non

1053 1527 1155 1554 obstitit
1179 1527 1244 1561 regi.
1261 1526 1295 1554 Ut
1308 1526 1373 1553 vidit
1393 1527 1462 1553 Deus
1477 1526 1629 1553 sacerdotes
1644 1525 1841 1558 formidolosm,

1052 1577 1190 1601 nutantem
1218 1572 1386 1608 prophetam,
1414 1580 1504 1607 regem
1529 1572 1654 1599 audacter
1673 1580 1838 1608 aggressum,

1053 1618 1196 1645 immisitei
1210 1618 1312 1652 lcpram
1325 1618 1350 1644 in
1366 1617 1478 1648 vultum,
1494 1621 1585 1652 utpote
1601 1617 1645 1652 qui
1661 1622 1752 1644 sancta
1763 1618 1843 1644 attin-

1052 1671 1115 1698 gere
1127 1671 1207 1691 ausus
1219 1668 1290 1690 cSSet
1303 1671 1309 1689 ε
1324 1666 1404 1697 atque
1418 1662 1544 1696 expulsus
1556 1662 1662 1689 demum
1673 1662 1718 1690 ille
1733 1667 1774 1689 est
1786 1670 1838 1689 non

1053 1708 1133 1736 modo
1147 1716 1162 1735 a
1187 1707 1349 1740 sacerdotio,
1361 1707 1407 1735 sed
1423 1708 1502 1735 etiam
1517 1715 1530 1734 a
1551 1715 1644 1743 regno,
1667 1713 1694 1736 et
1721 1709 1842 1744 Ieprosus

1053 1755 1159 1782 mansit.
1173 1754 1242 1781 Deus
1251 1761 1330 1789 porro
1338 1754 1407 1788 quod
1418 1761 1494 1781 suum
1509 1759 1567 1781 erat
1579 1754 1710 1790 praestitit,
1723 1754 1842 1789 indigna-

1054 1806 1095 1828 tus
1109 1805 1197 1828 autem
1212 1805 1252 1828 est
1267 1801 1292 1827 in
1306 1800 1468 1831 sacerdotes,
1483 1800 1650 1835 maximeque
1675 1801 1699 1827 in
1727 1801 1842 1835 prophe-

1055 1851 1117 1879 tam,
1129 1846 1198 1881 quod
1215 1853 1331 1880 pra‘sens
1345 1853 1405 1872 cum
1430 1850 1512 1878 esset,
1531 1846 1654 1880 pietatem
1671 1846 1840 1881 prodidisset.

1054 1892 1124 1920 Deus
1133 1893 1222 1927 itaque
1238 1896 1300 1927 erga
1314 1891 1470 1927 prophetam
1487 1891 1622 1919 silentium
1635 1892 1756 1920 servabat
1769 1901 1775 1924 ;
1791 1900 1841 1921 nec

1054 1939 1134 1967 verba
1146 1947 1205 1966 cum
1220 1946 1253 1966 eo
1273 1938 1347 1971 fecit,
1372 1938 1458 1965 donec
1483 1939 1588 1973 iniquus
1609 1939 1654 1967 ille
1680 1945 1838 1967 moreretur.

1053 1985 1120 2012 Cum
1135 1989 1223 2012 autem
1236 1984 1345 2011 obiisset
1357 1984 1518 2024 impiusiile,
1535 1989 1588 2011 tum
1604 1985 1673 2012 Deus
1688 1985 1771 2019 pesita
1799 1985 1839 2012 in~

1054 2031 1214 2066 dignatione,
1227 2030 1362 2066 propheta:
1372 2030 1588 2058 conciliatur.Ait
1599 2031 1687 2065 itaque
1699 2030 1780 2058 Isaias
1790 2039 1797 2057 :
1807 2030 1840 2057 Et

1055 2078 1148 2112 factum
1160 2081 1195 2103 est
1208 2077 1234 2103 iu
1244 2084 1321 2109 anno,
1335 2076 1361 2102 in
1374 2084 1423 2111 quo
1437 2080 1551 2103 mortuus
1567 2081 1602 2103 est
1625 2085 1669 2103 rea:
1681 2076 1765 2108 Ozias,
1790 2077 1840 2103 vidi

1053 2122 1189 2151 Dominum
1199 2122 1324 2149 sedentem
1337 2130 1412 2156 super
1432 2122 1523 2148 lolium
1535 2121 1658 2148 excelsam
1670 2127 1706 2151 et_
1720 2122 1840 2149 eleuatum

1056 2167 1137 2202 (lxai.
1152 2167 1179 2195 6.
1192 2167 1229 2202 I).
1253 2166 1307 2193 Cur
1323 2174 1386 2194 vero
1405 2166 1473 2194 Deus
1499 2167 1620 2201 apparuit
1640 2174 1719 2201 super
1743 2168 1839 2194 solium

1053 2214 1190 2242 excelsum
1204 2219 1230 2240 et
1240 2212 1392 2240 elevatum?
1406 2213 1470 2246 Quia
1488 2213 1627 2239 invisibilis
1635 2217 1676 2240 est
1689 2213 1768 2245 Deus,
1794 2221 1839 2240 rex

1053 2264 1142 2287 autem
1155 2259 1227 2286 visus
1239 2263 1337 2285 metum
1352 2258 1477 2290 incussit;
1491 2258 1626 2293 propheta:
1641 2258 1774 2286 caalestem
1785 2259 1841 2294 glo-

1054 2305 1121 2332 riam
1132 2304 1269 2336 exhibuit;
1283 2308 1312 2330 ut
1322 2303 1476 2330 ostenderet
1499 2304 1533 2335 ei,
1550 2311 1602 2338 quo
1612 2303 1679 2331 solio
1703 2304 1839 2339 despecto,

1054 2350 1124 2386 quod
1146 2350 1240 2377 solium
1255 2349 1431 2377 honorassent
1447 2357 1454 2375 :
1470 2348 1539 2384 quod
1561 2348 1722 2382 satellitium,
1746 2357 1841 2383 netnpc

1054 2398 1159 2424 carlcste
1171 2396 1365 2431 etangelicum,
1377 2402 1429 2422 non
1441 2394 1612 2427 honorantes,
1626 2402 1712 2430 neque
1725 2395 1842 2430 cogimu-

1056 2448 1105 2476 tes,
1123 2444 1265 2470 humanum
1276 2441 1428 2469 satellitium
1439 2443 1605 2469 metuissent.
1620 2440 1653 2468 Et
1668 2446 1731 2474 erat,
1747 2441 1840 2476 inquit,
1853 2471 1860 2478 _

1055 2490 1144 2517 domus
1154 2490 1227 2524 plena
1241 2489 1322 2524 gloria
1331 2490 1386 2524 ejus
1400 2497 1409 2516 :
1423 2494 1444 2516 et
1456 2489 1589 2523 Serapliim
1600 2488 1698 2516 stabant
1711 2490 1736 2516 in
1749 2490 1837 2516 circui-

1056 2542 1082 2563 tu
1094 2537 1147 2571 ejus
1156 2535 1240 2571 (Ibid.
1250 2544 1272 2561 υ.
1283 2535 1301 2562 2
1311 2535 1331 2571 ).
1342 2535 1484 2562 Cherubim
1495 2535 1602 2567 solium,
1612 2527 1750 2570 Seraphin]
1762 2535 1843 2562 satel-

1056 2582 1140 2609 litium
1150 2581 1379 2609 sunt2Cherubim
1393 2588 1506 2615 namque
1520 2581 1585 2607 nihil
1596 2580 1666 2607 aliud
1681 2581 1838 2616 signiﬁcant,

1055 2635 1133 2662 quam
1149 2627 1304 2661 sapientiam
1318 2626 1435 2661 plenam.
1449 2625 1675 2660 Quemadmodum
1692 2631 1778 2653 autem
1793 2627 1841 2652 huc

1056 2673 1151 2701 solium
1166 2672 1222 2700 sive
1234 2671 1304 2699 aliud
1318 2671 1428 2706 quodvis
1453 2672 1569 2707 quietem
1597 2671 1698 2707 prmbet
1725 2670 1839 2702 sedenti,

1091 2720 1127 2756 (μ)
1140 2719 1280 2750 Vaticanus,
1294 2719 1400 2756 savilius
1409 2720 1514 2756 ejusque
1525 2720 1609 2756 Codd?
1622 2720 1664 2751 μία
1674 2720 1760 2756 πέσῃς.
1775 2719 1844 2756 Com-

1057 2751 1158 2784 betisius
1171 2758 1238 2784 vero.
1255 2757 1300 2775 suo
1313 2751 1404 2784 Marte,
1423 2751 1566 2784 nulliusque
1582 2751 1740 2781 Manuscripti
1761 2754 1842 2784 atmo-

1056 2782 1139 2812 ritate,
1151 2782 1280 2808 substituit
1292 2782 1334 2812 μία
1353 2782 1443 2810 θεά-της.
1457 2781 1511 2808 Non
1523 2782 1594 2807 video
1606 2789 1650 2809 cur
1661 2785 1745 2808 textus
1763 2781 1802 2806 hic
1812 2781 1843 2805 sit

1057 2814 1123 2839 nulla
1138 2812 1284 2838 auctoritate
1297 2813 1434 2837 mutandus.
