2062 3128
187 171 238 200 αδ

187 232 281 261 estque
295 225 388 253 honori
402 225 480 252 simul
506 229 532 252 et
555 224 635 260 quieti
648 234 655 251 ;
668 224 701 252 ita
718 229 744 252 et
756 225 802 252 Dei
817 224 910 251 solium
930 230 975 250 sa-

190 273 287 308 pientia
302 273 327 299 in
347 280 398 307 qua
413 272 482 299 Deus
505 272 655 307 requiescit.
671 271 732 298 Ideo
755 270 836 298 David
852 271 889 296 ait
906 279 912 297 :
928 270 977 303 Qui

190 319 260 346 sedes
271 326 346 353 super
354 317 486 345 Cherubin:
498 317 582 352 (Paul.
598 317 640 344 79.
656 317 682 344 5.
697 321 719 343 et
736 316 780 344 98.
797 315 821 352 ι)
834 324 841 348 ;
855 323 886 343 ac
900 316 921 342 si
935 315 977 342 di—

189 368 273 396 ceret,
287 364 331 398 qui
346 363 371 390 in
383 363 459 397 plena
472 363 600 397 sapientia
619 362 744 397 quiescis.
760 361 821 389 ldeo
833 361 977 389 Cherubim

191 410 268 445 plena
280 414 341 437 sunt
353 409 446 441 oculis,
462 409 487 435 in
498 408 587 441 dorso,
614 409 639 436 in
657 409 754 444 capite.
771 409 796 436 in
820 409 924 444 pennis,
951 408 977 435 in

190 455 354 490 pcdibus,Jn
369 459 488 489 pectore,
503 459 530 481 et
544 459 597 481 tota
608 455 694 482 oculis
708 455 784 490 pleua
798 458 884 487 erant,
909 461 978 489 quo-

192 502 261 528 niam
275 501 403 536 sapientia
419 501 533 536 undique
546 500 685 535 conspicit,
701 505 728 528 et
741 500 857 535 undique
879 500 979 535 apertis

189 552 229 574 est
244 547 337 575 oculis.
352 556 361 572 ‹
370 547 422 574 Sex
436 547 512 579 31:2,)
526 547 619 582 inquit,
639 556 648 572 ι
661 547 716 580 ιιηί,
728 553 754 575 et
764 555 810 574 sex
821 547 869 574 ala:
880 547 934 575 uni.
947 548 981 575 Et

189 592 293 620 duabus
304 592 410 627 quidem
424 592 546 627 tegebant
558 593 669 624 vultum,
685 597 712 620 et
721 592 824 620 duabus
837 592 927 627 pedes,
953 597 980 620 et

191 638 296 666 duabus
321 639 455 666 volabant.
480 639 514 666 Et
535 639 684 666 clamabant
706 640 774 667 alter
799 639 832 667 ad
856 640 979 673 alterum,

191 684 313 718 Sanctus,
329 689 446 717 sanctus,
472 690 579 713 sanctus
594 685 719 713 Dominus
731 685 847 714 Sabaoth
867 696 876 712 ι
894 686 903 720 (
917 685 980 713 Isai.

192 730 218 757 6.
233 730 260 758 2.
274 731 292 758 3
303 732 312 765 )
325 739 331 757 :
346 730 396 758 hoc
410 735 461 763 est,
476 731 603 758 Dominus
616 731 789 758 exercituum.
805 731 858 759 Sex
870 732 918 758 alte
926 732 980 765 uni,

192 779 215 802 et
227 783 271 802 ua:
288 775 337 802 alte
350 777 403 802 uni.
415 775 481 803 Octo
494 776 627 803 silentium
648 781 746 808 tenent,
762 781 789 803 et
801 782 914 811 quatuor
927 777 982 804 ela-

193 825 276 848 mant.
292 820 359 855 Quid
373 829 437 856 ergo
451 821 529 848 docet
539 829 587 848 nos
597 822 731 856 Scriptura
743 821 754 848 ?
769 821 806 849 Ne
830 830 909 850 omne
937 830 981 849 ra-

194 867 331 894 tioeinium
344 874 498 894 moveamus
508 867 579 895 circa
603 868 704 899 Deum;
733 868 780 895 sed
805 868 856 895 alia
878 868 983 895 silentio

193 913 378 948 praedicamus,
391 913 442 940 alia
457 913 507 940 ﬁde
520 913 699 948 gloriﬁccmus
711 919 739 942 et
749 915 836 941 divina
848 915 979 942 dicamus.

194 959 248 986 Cur
260 964 348 988 autem
364 958 444 993 pedes
459 960 588 994 obtegunt
600 964 626 986 et
639 965 717 994 caput
732 960 743 986 ’ἶ
756 960 822 994 Quia
837 968 886 987 nec
909 961 984 995 prin-

197 1005 294 1038 cipiutn
308 1012 357 1032 nec
371 1005 430 1032 ﬁnis
451 1006 592 1039 reperitur.
608 1005 713 1032 Duabus
738 1010 830 1041 tegunt
856 1012 935 1041 caput
957 1011 984 1034 et

197 1050 298 1077 duabus
307 1051 397 1085 pedes,
411 1058 506 1085 nempe
513 1051 615 1078 duabus
625 1051 717 1078 mediis
725 1052 817 1085 pennis
825 1051 924 1083 volant,
932 1060 984 1079 non

199 1095 389 1131 superioribus.
400 1103 448 1123 nec
456 1096 635 1124 inferioribus.
643 1096 696 1124 Nos
705 1097 774 1124 enim
782 1096 814 1123 de
820 1097 985 1132 Deoloquen-

199 1146 250 1174 tes,
267 1142 353 1169 media
367 1141 504 1169 declarare
517 1145 641 1176 oportet:
665 1142 734 1177 quod
749 1150 843 1178 nempe
855 1143 890 1169 sit
906 1143 984 1175 Deus,

199 1189 267 1223 quod
276 1188 396 1221 Creator,
406 1188 476 1223 quod
485 1188 620 1220 Dominus,
630 1188 701 1223 quod
712 1188 856 1216 beneﬁcus.
866 1189 927 1216 Hmc
934 1197 987 1215 om-

198 1235 240 1262 nia
248 1234 331 1261 media
343 1239 414 1262 sunt.
426 1234 455 1262 Si
465 1235 548 1267 dicas,
558 1235 696 1269 Quomodo
706 1235 813 1270 genuit?
822 1240 900 1269 caput
910 1235 987 1262 dcte-

199 1280 270 1311 xisti,
285 1280 354 1314 quod
368 1280 510 1307 Cherubim
536 1285 636 1315 tegunt.
651 1281 678 1308 Si
700 1289 780 1316 porro
802 1281 911 1312 dixeris.
938 1281 987 1309 Ubi

199 1330 240 1352 est
253 1325 301 1352 Dei
317 1325 394 1353 linis?
406 1325 487 1360 pedes
501 1326 614 1358 nudasti,
630 1333 697 1361 quos
715 1330 806 1360 tegunt
829 1326 986 1354 Cberubim.

199 1371 302 1407 Tegunt
311 1376 398 1399 autem
405 1376 483 1407 caput
494 1376 521 1399 et
536 1372 627 1407 pedes,
644 1380 695 1399 non
711 1377 739 1399 ut
752 1372 927 1402 abscondant.
941 1372 988 1400 sed

202 1422 230 1444 ut
244 1417 356 1445 doceant
370 1417 427 1445 haec
453 1425 512 1445 esse
536 1418 716 1445 inscrutabilia
729 1438 736 1448 .
763 1418 991 1452 incomprehensi-

202 1463 272 1490 bilia.
289 1463 387 1497 Accipe
411 1463 530 1498 ﬁguram.
547 1463 631 1490 Erant
650 1470 696 1490 sex
719 1467 745 1490 et
766 1470 823 1496 sex,
850 1463 990 1490 duodecim

201 1516 295 1543 penna:
312 1513 390 1536 :octo
405 1509 556 1543 quiescunt,
569 1513 595 1536 et
621 1513 735 1543 quatuor
753 1514 904 1536 moventur.
928 1509 991 1537 Ihcc

203 1556 283 1589 ﬁgura
296 1560 358 1582 sunt
372 1556 562 1589 apostolorum.
577 1555 720 1582 Duodecim
732 1560 793 1582 sunt
806 1557 929 1590 apostoli,
944 1556 990 1584 sed

202 1605 316 1635 quatuor
325 1602 495 1635 evangelistm
508 1601 633 1628 clamant.
649 1601 681 1628 Et
694 1601 757 1636 quid
771 1601 908 1628 clamant?
923 1602 988 1628 Eam

202 1654 295 1685 vocem
308 1654 386 1681 quam
396 1651 518 1674 evertere
541 1651 646 1674 satanas
659 1652 770 1674 conatus
784 1651 836 1674 est.
856 1648 986 1674 Animad-

203 1697 288 1725 verte,
303 1700 401 1727 quaeso.
414 1693 470 1719 Non
485 1693 642 1727 simpliciter
654 1692 789 1725 dicebant,
806 1697 834 1720 ut
844 1700 902 1724 nos,
921 1693 991 1720 San-

204 1742 268 1770 ctus,
283 1742 394 1771 sanctus,
411 1742 522 1770 sanctus,
536 1737 583 1764 sed
597 1738 666 1764 alter
681 1737 713 1764 ad
734 1738 846 1765 alterum
874 1738 993 1766 vicissim

204 1783 370 1816 emittebant,
391 1787 419 1809 ut
432 1783 558 1817 scriptum
576 1788 638 1810 est:
655 1782 686 1809 Et
712 1783 855 1810 clamabant
872 1783 936 1810 alter
960 1784 994 1810 ad

205 1830 321 1856 alterum.
333 1829 456 1861 Sanctus,
471 1829 565 1863 inquit,
584 1828 667 1856 semel
680 1829 822 1855 dicendum
849 1829 926 1856 nobis
940 1833 990 1856 est.

208 1875 283 1902 Alius
296 1875 359 1902 dicit
371 1874 502 1902 Sanctus:
518 1873 614 1900 deinde
634 1873 710 1906 alius,
727 1873 794 1901 adde
817 1874 905 1905 tertio,
928 1874 994 1901 Sau-

206 1925 274 1948 ctus.
284 1921 349 1953 Quia
363 1928 427 1955 ergo
440 1924 494 1947 tres
511 1920 716 1952 uumeravimus,
730 1927 763 1946 ne
772 1924 848 1954 putes
863 1924 916 1946 tres
937 1927 996 1947 esse

207 1967 282 1994 deos.
294 1965 346 1994 Cur
358 1973 422 2000 ergo
435 1975 441 1992 :
457 1966 578 1999 Sanctus,
602 1970 713 1998 sanctus,
735 1970 836 1992 sanctus
854 1965 997 1992 Dominus?

209 2012 282 2040 Unus
297 2013 369 2040 enim
384 2017 424 2039 est
445 2012 583 2046 Dominus,
599 2019 650 2038 una
666 2012 740 2043 ﬁdes,
755 2019 836 2038 unum
855 2011 993 2047 baptisma.

208 2058 247 2084 Ac
258 2057 479 2092 quemadmodum
490 2057 724 2092 iopsalmodiisalii
739 2057 797 2083 aliis
806 2064 898 2083 versus
911 2061 997 2083 trans-

208 2104 326 2136 mittunt,
339 2104 377 2131 sic
389 2111 510 2138 superna:
525 2107 669 2138 potestates
683 2108 788 2130 mutuos
796 2103 893 2130 choros
905 2108 997 2138 agunt,

210 2156 242 2175 ac
251 2149 332 2176 veluti
347 2156 378 2176 ex
394 2149 507 2176 melodia
525 2149 642 2177 vicissim
663 2148 762 2181 habita,
778 2149 997 2183 gloriﬁcationem

211 2195 345 2224 emittunt.
371 2195 482 2229 Deinde,
504 2194 585 2221 Plena
601 2198 664 2227 erat,
691 2195 784 2229 inquit,
805 2195 893 2221 domus
918 2195 1000 2230 gloria

209 2240 274 2273 ejus.
290 2240 322 2266 Et
333 2241 453 2267 eleuatum
462 2245 496 2266 est
509 2240 703 2274 superliminare
717 2249 732 2265 α
757 2248 815 2275 uoce
829 2248 878 2275 qua
901 2241 998 2267 elauta—

210 2270 280 2318 b—ant,
295 2290 317 2311 et
327 2285 416 2312 domus
427 2285 522 2319 repleta
533 2270 570 2311 est
578 2285 664 2319 fumo(
675 2284 738 2311 Isai.
796 2286 812 2312 ι
823 2270 842 2320 );

246 2332 272 2358 6.
288 2331 352 2358 Rem
367 2331 539 2363 stupendam!
553 2331 619 2357 Cum
635 2335 695 2365 post
709 2331 926 2365 gloriﬁcationem
941 2331 999 2366 glo-

211 2378 250 2404 ria
264 2377 384 2404 addenda
404 2378 555 2409 videretur,
570 2376 650 2404 etiam
664 2384 694 2403 ea
709 2385 767 2412 quae
789 2381 846 2404 erat
866 2378 958 2412 periit,
974 2382 1002 2405 et

212 2424 298 2450 I‘umus
312 2423 427 2450 intravit.
443 2422 541 2449 Fumus
560 2426 649 2450 autem
663 2422 835 2450 desolationis
849 2428 890 2451 est
903 2425 999 2459 imago.

212 2470 278 2502 Quid
303 2470 382 2504 igitur
402 2469 453 2496 hoc
471 2469 531 2496 est?
552 2469 717 2496 Praevidebat
737 2469 851 2503 Spiritus
875 2475 999 2503 sanctus,

213 2515 285 2547 illud,
302 2515 413 2542 Sanctus
424 2535 432 2546 ,
447 2519 549 2541 sanctus
561 2535 567 2545 ,
585 2519 685 2540 sanctus
694 2534 701 2547 ,
717 2514 814 2541 mundo
825 2522 884 2542 esse
895 2515 1003 2542 concin-

214 2567 313 2592 natum,
326 2560 505 2595 prmdicationi
516 2560 707 2594 apostolorum,
720 2565 746 2586 et
759 2560 887 2594 templum
898 2560 1003 2587 ηψπο-

214 2613 271 2633 rum
288 2613 339 2632 non
353 2605 417 2632 illud
428 2606 557 2640 accipere.
570 2605 706 2640 Dicitergo
718 2610 777 2640 post
790 2605 1002 2638 prmdicationem

218 2651 355 2687 Evangelii
365 2651 532 2678 desolatione
548 2655 576 2677 et
594 2650 665 2677 fumo
686 2650 836 2684 replendam
851 2658 909 2677 esse
922 2659 1002 2685 syna-

166 2701 168 2703 '
214 2703 318 2732 gogam.
334 2696 473 2723 Elevatum
487 2701 528 2723 est
541 2703 592 2722 non
607 2696 715 2727 ostium,
729 2696 776 2723 sed
790 2696 1000 2730 superliminare.

215 2743 338 2769 Animum
352 2742 458 2769 adhibe.
473 2742 564 2770 Omnis
581 2742 661 2776 janua
673 2742 757 2769 solum
774 2742 936 2769 substratum
957 2743 1004 2769 lia-

216 2787 277 2820 bet,
299 2792 327 2815 et
346 2787 548 2822 superlimiuare
569 2788 720 2822 impositum
741 2788 880 2822 parastatis
895 2797 901 2815 :
918 2796 1003 2822 neque

217 2838 326 2866 possunt
341 2838 480 2868 parastata:
499 2839 586 2864 stare,
601 2833 650 2860 nisi
669 2834 754 2861 solum
771 2833 903 2865 habeant;
919 2842 1003 2869 neque

218 2878 314 2906 ﬁrmari
327 2879 494 2913 immotmque
505 2885 562 2906 esse
576 2883 693 2914 possunt,
707 2878 756 2906 nisi
772 2879 900 2914 accipiant
910 2887 1001 2914 supcr-

717 168 761 196 DE
780 168 885 197 MUNDI
906 165 1098 194 CREATIONE
1118 167 1245 195 ORATIO
1264 167 1295 194 ll.

1767 171 1819 198 ΗΒ

1031 222 1160 250 liminarc.
1174 224 1284 250 Elevata
1297 227 1338 251 est
1350 231 1413 259 ergo
1425 231 1566 259 synagoga:
1578 225 1700 260 superior
1714 226 1798 254 forma
1812 235 1820 253 :

1029 276 1081 295 non
1096 273 1149 296 tota
1164 269 1269 304 quidem
1283 277 1425 305 synagoga,
1435 278 1492 304 qua:
1507 275 1594 305 portas
1608 270 1715 305 quidem
1731 271 1821 303 habet,

1030 315 1231 348 superliminarc
1243 319 1331 342 autem
1344 316 1456 342 nullum.
1468 315 1676 350 Superliminare
1688 324 1769 350 porro
1781 323 1823 344 est

1030 360 1113 387 virtus
1123 367 1236 395 superne
1246 362 1394 388 continens.
1405 361 1541 388 Elevatum
1555 365 1596 388 est
1608 361 1822 396 superliminare,

1031 405 1159 432 nudatum
1173 411 1212 433 est
1225 406 1318 441 gratia.
1335 406 1374 433 Ex
1388 414 1440 441 quo
1453 411 1540 433 autem
1555 407 1756 442 superlimiuare
1769 408 1826 433 ele-

1031 457 1120 479 vatum
1140 457 1198 486 est,
1219 453 1398 480 necessarium
1419 453 1468 480 fuit
1486 457 1631 488 parastatas
1649 453 1718 479 vela
1742 453 1822 480 debili

1032 506 1110 526 manu
1125 499 1296 527 commoveri.
1311 499 1372 526 Ideo
1391 500 1492 534 quaevis
1513 507 1606 526 manus
1623 499 1732 526 Judaiea
1752 507 1825 526 com-

1031 549 1120 571 movet
1134 552 1142 572 :
1158 544 1255 571 idcirco
1271 545 1400 579 propheta
1419 545 1526 579 quidam
1540 544 1663 571 dicebat:
1684 544 1716 571 Et
1732 553 1824 580 ponam
1866 564 1869 566 .

1032 588 1172 616 Jerusalem
1185 594 1211 616 ut
1223 589 1341 616 vestibula
1352 597 1408 624 qua:
1422 594 1559 616 moventur.
1578 589 1609 615 Et
1624 590 1712 616 domus
1729 589 1824 624 repleta

1033 640 1069 662 est
1089 638 1158 670 fumo
1169 634 1257 670 (Zaclt.
1277 635 1319 662 12.
1334 635 1372 669 2).
1391 635 1424 662 Et
1448 643 1561 670 quonam
1578 635 1643 662 abiit
1659 635 1763 670 gloria?
1777 636 1825 661 At.

1035 680 1112 708 tende
1124 702 1131 713 ,
1146 688 1245 715 quaeso.
1262 681 1329 708 Dicit
1345 681 1424 708 Isaias
1436 702 1444 713 ,
1459 680 1491 707 Et
1512 681 1585 716 plena
1601 686 1652 708 erat
1666 681 1756 708 domus
1770 681 1826 716 glo—

1033 726 1072 752 ria
1086 727 1156 759 eius;
1169 726 1264 754 deinde
1278 725 1362 753 dicit:
1377 726 1482 760 Repleta
1496 731 1531 753 est
1547 729 1625 761 fumo.
1641 726 1761 761 Ingresso
1774 727 1824 753 ita-

1034 780 1086 807 que
1109 773 1200 804 fumo,
1215 779 1323 800 necesse
1344 772 1392 799 fuit
1417 777 1446 800 ut
1469 773 1552 807 gloria
1573 773 1770 800 transferretur.
1794 772 1827 799 Et

1034 826 1151 853 quonam
1167 818 1292 845 translata
1307 819 1370 845 est?
1381 818 1437 845 Non
1455 819 1480 845 in
1493 826 1570 846 unaut
1586 819 1704 852 domum,
1717 819 1763 846 sed
1776 819 1826 846 inl-

1036 865 1117 899 plevit
1139 865 1270 892 Ecclesias
1289 872 1338 900 per
1358 869 1442 892 totum
1461 865 1563 893 orbem.
1587 865 1619 892 Et
1637 870 1664 893 ut
1688 865 1828 893 ostendant

1034 910 1177 938 Cherubim
1191 918 1306 946 quonam
1319 911 1413 938 abierit
1426 912 1508 946 gloria
1521 919 1580 947 qua:
1596 913 1622 939 in
1639 912 1736 946 templo
1758 917 1826 944 erat,

1035 955 1144 983 dicunt:
1158 956 1239 983 Plena
1256 962 1291 983 est
1314 957 1395 983 omnis
1415 961 1480 983 terra
1498 957 1578 992 gloria
1593 959 1656 992 ejus.
1672 957 1773 984 Nudata
1788 962 1829 985 est

1036 1009 1100 1036 gens
1111 1009 1172 1034 una,
1186 1007 1212 1029 et
1226 1002 1364 1029 illuminati
1381 1007 1443 1030 sunt
1455 999 1558 1030 tﬁrmini
1574 1008 1661 1031 teme.
1677 1002 1748 1031 llauc
1763 1011 1826 1030 sau-

1036 1051 1107 1074 ctam
1129 1055 1220 1074 vocem
1247 1047 1349 1075 Domini
1363 1068 1372 1081 ,
1386 1049 1486 1083 regiam
1507 1049 1725 1084 gloriﬁcationcm
1738 1071 1745 1082 ,
1761 1050 1828 1077 hanc

1037 1093 1154 1120 divinam
1174 1094 1312 1128 mysticam
1327 1094 1518 1120 institutionem
1534 1115 1541 1126 ,
1556 1093 1660 1121 dicebat
1675 1102 1704 1121 os
1717 1094 1830 1122 diaboli-

1038 1145 1097 1164 cum
1109 1158 1118 1170 ,
1133 1138 1207 1165 aufer
1228 1138 1262 1165 ab
1282 1139 1369 1165 altari.
1383 1138 1458 1171 Quod
1474 1143 1562 1166 autem
1586 1139 1642 1166 lucc
1665 1139 1829 1174 blasphemia

1038 1183 1173 1210 Christum
1195 1183 1324 1218 impetat,
1348 1184 1517 1210 manifestum
1539 1184 1718 1211 testiinonium
1745 1184 1830 1212 adest.

1040 1228 1186 1261 Quemnam
1203 1228 1268 1255 vidit
1283 1229 1308 1255 in
1323 1229 1390 1255 solio
1407 1229 1509 1256 lsaias?
1523 1229 1567 1255 Ait
1580 1229 1666 1262 enim,
1684 1229 1773 1255 Audivi
1787 1237 1831 1255 tvo-

1039 1282 1091 1300 cem
1104 1273 1202 1300 Domini
1218 1274 1321 1300 dicentis
1334 1282 1343 1301 :
1356 1274 1435 1307 Quem
1450 1275 1545 1300 mittam
1556 1275 1568 1301 ἔ)
1578 1279 1601 1301 et
1614 1275 1668 1310 quis
1683 1275 1725 1301 ibit
1739 1276 1771 1301 ad
1785 1284 1831 1309 po-

1040 1320 1128 1354 pulum
1140 1320 1206 1346 hunc
1219 1320 1292 1354 (Isui.
1305 1321 1329 1347 ϋ.
1343 1321 1389 1354 8)?
1404 1321 1599 1348 Rocouciliatus
1614 1326 1654 1348 est
1666 1329 1754 1352 servo,
1769 1329 1832 1355 spe-

1040 1365 1108 1392 cirm
1121 1369 1207 1392 tamen
1222 1366 1379 1400 pratfcrebat
1393 1366 1587 1400 indignationis.
1604 1366 1638 1395 Ut
1659 1374 1708 1393 nos
1728 1369 1833 1400 quando

1042 1418 1119 1439 servo
1133 1412 1299 1446 pepercimus
1313 1433 1319 1445 ,
1335 1420 1386 1439 non
1402 1413 1491 1440 statim
1507 1413 1542 1440 illi
1557 1417 1640 1440 totum
1656 1414 1757 1440 vultum
1771 1421 1834 1448 gr.-

1043 1457 1137 1484 tiosum
1159 1458 1315 1485 exhibemus
1326 1479 1332 1490 ,
1349 1458 1394 1485 sed
1410 1464 1546 1493 aspectum
1562 1461 1689 1493 tantisper
1711 1460 1834 1487 subduci-

1043 1511 1101 1530 mus
1111 1510 1117 1531 :
1126 1503 1159 1530 ita
1174 1504 1241 1530 Deus
1252 1512 1311 1531 cum
1324 1505 1465 1531 uon'vcllet
1477 1509 1559 1532 totum
1570 1505 1709 1534 ostendere
1722 1507 1833 1539 vultum,

1043 1553 1129 1576 stante
1149 1550 1194 1576 illo
1207 1549 1309 1576 dicebat
1323 1559 1329 1576 :
1344 1550 1422 1583 Quem
1442 1551 1558 1584 mittam?
1569 1551 1797 1583 Quemadmodum
1813 1553 1834 1578 si

1044 1595 1113 1622 servi
1133 1599 1234 1622 starent
1246 1602 1336 1622 coram
1351 1596 1415 1623 hero
1428 1618 1434 1628 ,
1448 1601 1475 1623 et
1488 1597 1568 1623 vellet
1582 1597 1638 1632 ipse
1652 1605 1744 1624 eorum
1764 1598 1836 1632 igna-

1044 1640 1113 1667 viam
1132 1641 1263 1674 incusare,
1274 1641 1393 1668 diceret:
1406 1642 1488 1675 Quem
1504 1642 1605 1669 mittam
1616 1644 1627 1668 '!
1638 1642 1677 1670 Ad
1693 1643 1742 1670 hoc
1757 1651 1836 1677 nego-

1045 1685 1109 1712 tium
1130 1685 1264 1712 hominem
1286 1693 1338 1712 non
1358 1685 1459 1719 habeo;
1477 1694 1529 1714 non
1552 1687 1622 1722 quod
1645 1681 1705 1714 non~
1721 1688 1834 1720 habeat,

1045 1731 1092 1758 sed
1105 1731 1174 1766 quod
1188 1736 1324 1758 strenuum
1339 1739 1390 1759 non
1406 1732 1510 1759 habeat.
1523 1733 1567 1760 Sic
1578 1733 1648 1760 Deus
1659 1743 1664 1760 :
1677 1734 1761 1767 Quem
1776 1734 1836 1760 mit-

1048 1781 1100 1803 tam
1123 1777 1200 1810 hujus
1215 1777 1292 1804 loeo'.’
1307 1785 1339 1804 au
1354 1786 1416 1804 tum
1430 1779 1474 1812 qui
1491 1779 1588 1809 tacuit,
1604 1779 1695 1805 videns
1710 1788 1769 1806 cum
1792 1780 1836 1814 qui

1046 1823 1222 1850 sacerdotium
1249 1823 1439 1858 impugn.:bat?
1459 1824 1526 1858 Quid
1552 1832 1615 1859 ergo
1642 1825 1740 1852 Isaias?
1759 1825 1837 1859 Quasi

1048 1869 1160 1895 famulus
1175 1870 1201 1895 in
1215 1869 1313 1896 oil‘cnsa
1328 1870 1519 1904 deprehensus,
1533 1877 1564 1897 ac
1577 1877 1759 1906 compunctus,
1776 1872 1837 1906 qui-

1047 1922 1099 1948 que
1120 1914 1226 1941 studeat
1245 1915 1332 1949 priora
1357 1915 1510 1950 abstergcre
1523 1925 1528 1942 :
1542 1915 1606 1942 Ecce
1625 1924 1669 1952 ego
1682 1937 1689 1948 ,
1704 1917 1772 1943 mitte
1790 1925 1837 1943 me.

1050 1961 1125 1988 Unde
1143 1968 1207 1995 ergo
1221 1961 1393 1990 ostendemus
1413 1970 1470 1989 eam
1494 1962 1575 1990 fuisse
1589 1963 1687 1990 Christi
1706 1964 1841 1999 gloriam!

1049 2007 1093 2033 Ait
1109 2006 1224 2034 Joannes
1239 2007 1398 2042 evangelista
1415 2017 1421 2034 :
1440 2018 1450 2033 ί
1467 2008 1530 2034 Cum
1546 2013 1617 2035 tanta
1637 2009 1711 2043 signa
1733 2009 1840 2036 fecisset

1049 2052 1137 2085 Jesus,
1154 2060 1206 2079 non
1222 2053 1393 2080 crediderunt
1407 2053 1430 2080 ci
1445 2053 1530 2080 Juda‘i
1541 2075 1548 2086 ,
1562 2058 1591 2080 ut
1607 2054 1760 2088 impleretur
1771 2054 1840 2089 quod

1050 2098 1148 2125 dictum
1164 2103 1204 2125 est
1217 2106 1263 2132 per
1277 2098 1369 2125 Isaiam
1386 2107 1392 2125 :
1406 2098 1502 2125 Auditu
1515 2098 1638 2131 audietis,
1654 2103 1681 2125 et
1695 2107 1747 2126 non
1762 2099 1840 2126 intel-

1050 2144 1146 2178 ligetis.
1162 2144 1223 2171 llaec
1236 2149 1323 2171 autem
1337 2145 1402 2171 dixit
1415 2145 1520 2180 quando
1534 2145 1598 2175 vidit
1611 2146 1720 2179 gloriam
1734 2145 1801 2179 ejus,
1814 2149 1842 2172 et

1051 2191 1174 2225 loquutus
1193 2194 1234 2217 est
1258 2190 1291 2217 de
1305 2198 1336 2217 eo
1352 2200 1361 2216 ι
1377 2190 1466 2225 (Joau.
1484 2190 1526 2216 1'2.
1543 2190 1657 2224 37.41).
1676 2190 1842 2217 Vidistin’ea-

1052 2240 1097 2270 put
1123 2236 1215 2262 salutis
1245 2240 1359 2268 nostrae,
1384 2235 1638 2262 sanctiﬁcationem?
1661 2235 1842 2263 Sanctitieatio

1052 2283 1073 2309 si
1087 2290 1137 2310 non
1155 2282 1248 2313 fuerit,
1265 2289 1349 2316 neque
1362 2281 1515 2316 mysterium
1531 2286 1738 2308 consummatur.
1756 2281 1842 2308 Habes

1054 2329 1204 2363 imaginem.
1218 2328 1309 2356 Solum
1323 2328 1413 2355 dixere
1425 2328 1566 2355 Cltcrubim
1581 2337 1586 2354 :
1601 2327 1719 2359 Sanctus,
1732 2332 1842 2360 sanctus,

1018 2407 1020 2409 ι
1052 2380 1152 2402 sanctus
1165 2374 1286 2401 Dominus
1298 2382 1307 2401 :
1317 2374 1478 2401 sanctiﬁcata
1492 2379 1532 2401 est
1543 2374 1638 2400 hostia.
1651 2373 1683 2400 Et
1696 2375 1785 2400 missus
1795 2378 1841 2406 est,

1054 2421 1147 2455 inquit,
1163 2420 1196 2446 ad
1211 2429 1249 2447 me
1261 2429 1325 2446 unus
1337 2420 1367 2446 de
1383 2419 1525 2452 Cltcrubim,
1543 2425 1565 2445 et
1578 2420 1603 2446 in
1617 2427 1695 2446 manu
1707 2428 1754 2446 sua
1769 2420 1844 2446 Imbe-

1054 2467 1094 2492 brtt
1104 2466 1244 2495 carbonem,
1256 2473 1328 2500 quem
1338 2465 1434 2500 forcipe
1448 2465 1536 2491 tulerat
1548 2465 1579 2490 de
1591 2464 1666 2491 altari
1677 2464 1752 2500 (lsui.
1765 2465 1790 2492 6.
1803 2466 1844 2500 ﬁ).

1054 2512 1111 2539 Non
1125 2512 1194 2544 tulit,
1206 2512 1290 2538 donec
1303 2512 1480 2538 sauctiiicatus
1492 2515 1541 2537 est.
1558 2510 1658 2545 Tetigit,
1674 2510 1767 2545 inquit.
1777 2511 1843 2536 la'o'u

1055 2566 1110 2584 mea
1125 2557 1204 2592 (Ibid.
1227 2565 1248 2583 ιε.
1270 2556 1309 2589 7).
1324 2557 1376 2582 Cur
1395 2556 1462 2582 labia
1473 2556 1483 2582 ?
1496 2556 1680 2590 Mysteriorum
1704 2555 1843 2582 vestibula.

1054 2605 1121 2638 Quid
1136 2604 1245 2631 dicitnus
1257 2604 1363 2630 ﬁdeles?
1376 2604 1430 2630 Hoc
1442 2604 1596 2639 mysterium
1611 2608 1715 2638 peccata
1727 2603 1843 2630 dimittit.

1058 2651 1151 2678 Dicunt
1165 2651 1242 2677 etiam
1259 2650 1400 2677 Cherubim
1412 2658 1418 2676 :
1432 2650 1497 2676 Ecce
1508 2650 1600 2676 abstuli
1616 2656 1718 2684 peccata
1733 2655 1785 2676 tua.
1799 2649 1845 2675 Vi-

1055 2696 1116 2723 disti
1137 2695 1266 2731 ﬁguram?
1279 2695 1365 2729 vidisti
1386 2695 1568 2729 splendentem
1584 2696 1743 2722 veritatem?
1758 2696 1845 2730 Ipsum

1056 2744 1144 2778 igitur,
1158 2743 1201 2777 qui
1216 2743 1291 2770 sedet
1305 2750 1384 2777 super
1398 2743 1492 2769 solium
1506 2743 1640 2770 excelsum
1657 2747 1683 2770 et
1696 2743 1825 2776 elcvatum
1836 2763 1844 2775 ,

1056 2789 1220 2816 sanctiﬁcarc
1241 2795 1273 2815 ne
1295 2795 1452 2820 cessemus;
1468 2788 1566 2823 gratias
1586 2796 1650 2815 vero
1671 2794 1778 2822 agamus
1798 2794 1847 2821 pro

1056 2835 1141 2861 anima
1154 2842 1212 2869 qute
1224 2833 1331 2861 seducta
1346 2833 1430 2860 fuerat
1443 2853 1450 2866 ,
1467 2840 1544 2868 quam
1561 2833 1637 2868 lupus
1651 2831 1750 2866 rapuit,
1764 2839 1842 2865 quam

1057 2879 1153 2907 avulsit
1168 2883 1266 2913 pastor,
1282 2886 1361 2914 quam
1375 2879 1461 2914 rapuit
1472 2878 1601 2912 diabolus,
1618 2877 1663 2906 sed
1677 2876 1783 2903 abstulit
1800 2876 1844 2903 illo
