2047 3122
221 139 272 165 ΗἹ

221 196 337 223 clemens
350 200 381 220 ac
393 193 537 227 benignus;
547 195 575 217 ut
585 198 614 217 os
625 197 703 217 omne
713 188 877 222 hccrelicum,
889 195 915 215 et
925 189 1012 224 lingua

222 239 375 274 blasphema
389 238 487 268 furens,
499 237 584 264 laudet
595 236 698 263 Patren]
709 241 734 263 et
746 235 842 263 Filium
852 240 879 262 et
887 235 1012 270 Spiritum

221 290 341 314 sanctum
357 285 384 312 in
400 283 504 312 saecula.
520 284 603 310 Amen
621 282 668 317 (a).

222 352 343 387 Ejusdem
353 351 380 378 in
395 351 459 378 diem
473 352 573 377 tertium
583 350 714 376 creationis
725 370 731 382 ,
744 354 766 376 et
777 349 809 375 de
821 350 1011 376 resurrectione.

257 410 282 437 1.
299 409 387 436 Mundi
403 408 503 436 Artifex
518 408 584 439 sole,
602 407 673 441 luna,
690 407 774 434 stellis
789 407 883 433 czelum
896 407 1011 440 ornavit,

222 461 372 491 terramque
383 454 493 482 ﬂoribus
506 458 533 481 et
545 454 641 488 plantis
655 453 801 485 coronavit,
813 459 892 488 atque
905 460 1012 480 omnem

221 507 370 530 creaturam
385 501 464 527 variis
488 500 623 527 decoravit
646 499 783 526 ornatibus
801 508 807 525 ε
823 507 872 526 nos
886 507 950 526 vero
965 507 1013 534 par

221 554 271 581 est,
288 551 423 581 resumpto
438 546 471 573 de
485 546 620 573 creatione
631 552 771 577 sermone,
789 544 893 586 opiﬁcia
905 544 1011 579 quidem

222 595 329 628 mirari,
350 593 477 628 Opiﬁcem
501 597 588 619 autem
604 591 726 619 adorare.
757 590 848 624 Neqne
863 590 933 617 enim
956 590 1013 618 hare

221 641 319 674 scripta
333 644 394 666 sunt
408 638 493 665 solum
503 658 510 670 ,
534 641 564 664 ut
587 636 720 664 discamus
739 636 782 663 illa
799 636 866 663 facta
880 643 950 668 esse,
964 636 1011 663 Sed

221 690 249 713 ut
263 686 389 721 Dpilicem
405 684 578 711 admiremur.
601 683 703 711 Dictum
730 687 772 710 est
783 682 856 709 illum
872 683 957 718 primo
969 682 1012 709 die

221 737 402 760 creaturarum
415 725 552 758 materiam
566 730 721 765 produxisse
733 739 739 755 :
753 729 870 756 secundo
883 729 937 762 die,
947 736 1012 763 quo-

220 778 300 805 ntodo
313 786 344 805 ex
359 778 458 804 rariore
474 777 647 811 rnollioreqne
662 783 788 810 aquarum
801 775 910 802 materia
924 775 1012 802 ﬁrma-

221 823 531 854 mentum~constituerit,
548 822 660 856 ideoque
678 821 872 848 ﬁrmamentum
889 825 1011 848 vocatum

220 869 309 896 fuerit.
325 869 424 896 Idcirco
439 868 518 894 etiam
533 867 654 895 Christus
676 872 758 894 totunr
775 867 866 893 orbem
881 871 1010 894 terrarum

219 919 390 942 extenuatum
400 917 426 940 et
437 912 594 945 emollitum,
607 912 763 946 diversoque
775 911 889 946 plurium
900 911 1010 938 deorum

219 968 311 987 errore
324 967 372 987 ceu
386 959 496 986 materia
512 959 668 993 dissipatum
679 979 686 990 ,
706 958 820 992 collegit,
836 962 863 985 et
877 965 955 985 unam
979 958 1011 984 ﬁ~

218 1007 278 1034 dem
297 1005 374 1037 fecit,
400 1012 478 1039 quam
500 1004 693 1030 ﬁrrnarnentum
717 1008 794 1030 vocat
806 1003 947 1038 Apostolus
970 1003 1011 1031 his

221 1051 307 1078 verbis
319 1060 325 1077 :
338 1050 483 1077 Secundum
498 1051 684 1083 ﬁrmamentum
695 1050 754 1083 fidei
767 1050 793 1076 in
804 1049 930 1076 Christum
943 1048 1009 1084 (Col.

219 1098 245 1123 ‘2.
258 1097 297 1131 5).
309 1096 396 1122 Divisa
409 1101 450 1122 est
463 1095 542 1130 igitur
552 1095 665 1129 abyssus
676 1103 682 1127 ;
695 1100 805 1130 eratque
817 1103 883 1130 aqua
897 1095 940 1122 illa
951 1103 1010 1129 qua:

221 1144 288 1170 intra
301 1143 423 1169 manebat
441 1141 563 1176 abyssus,
579 1146 657 1176 atque
675 1141 754 1167 etiam
769 1141 810 1168 illa
831 1149 889 1175 qua}
905 1148 1010 1167 sursum

219 1193 246 1215 et
256 1187 376 1215 sublimis
386 1191 444 1214 erat
457 1187 577 1222 abyssus.
592 1186 667 1213 Unde
680 1187 747 1213 hoc?
759 1186 801 1213 Ait
818 1186 896 1212 David
910 1195 915 1212 :
929 1186 1009 1221 Abgs-

219 1243 262 1260 sus
292 1234 410 1267 abyssum
437 1233 533 1258 invocat
557 1233 583 1258 in
610 1240 669 1258 voca
696 1236 880 1258 calat‘aclat‘um
911 1239 1010 1258 tuarum

220 1280 311 1316 (Psal.
326 1281 367 1306 41.
386 1280 428 1315 8).
448 1279 534 1306 Divisa
551 1283 590 1306 est
612 1279 699 1312 itaque
715 1279 826 1314 abyssus
838 1299 845 1311 ,
871 1283 898 1305 et
912 1278 1008 1306 factum

218 1331 260 1353 est
275 1326 470 1352 lirmamentum
486 1334 493 1351 :
509 1324 635 1359 deinceps
657 1329 725 1351 terra
747 1329 838 1359 operta
856 1330 913 1351 erat
930 1332 1008 1359 aqua.

219 1372 252 1399 Et
267 1372 331 1399 dixit
347 1371 413 1398 Deus
423 1392 430 1404 ,
454 1371 554 1405 inquit,
571 1370 741 1406 Cangregetur
753 1378 818 1403 aqua
830 1378 886 1404 qua:
899 1372 944 1396 sub
959 1378 1009 1397 εω-

219 1419 244 1444 lo
264 1422 300 1444 est
328 1417 354 1443 in
375 1416 591 1452 congregationem
619 1424 693 1442 unam
707 1435 714 1449 ,
741 1421 764 1442 et
787 1421 909 1451 appareat
937 1416 1011 1442 arida

220 1462 302 1499 (Cen.
319 1463 344 1490 L
359 1462 402 1497 9).

258 1508 352 1536 Contra
373 1507 785 1541 Anamteos.——Quandoquidem
802 1508 891 1535 omnia
913 1508 1008 1535 intelli-

221 1563 283 1590 gere
293 1555 386 1581 volunt
397 1554 484 1581 miseri
500 1554 536 1580 illi
550 1553 678 1586 lne‘retici,
693 1558 716 1580 ct
734 1554 1009 1588 iucompreltcnsibilis

221 1606 322 1628 naturae
336 1600 442 1628 modum
457 1604 623 1630 scrutantur,
639 1599 728 1626 dicant
741 1599 874 1634 quomodo
894 1607 1008 1635 congre-

217 1651 275 1681 gata
289 1646 323 1673 sit
334 1653 412 1680 aqua,
427 1649 472 1672 aut
485 1651 642 1680 congregata
656 1652 770 1679 quonam
786 1647 935 1672 recesserit.
951 1645 1009 1673 Non

218 1693 298 1724 enim,
315 1691 460 1720 secundum
473 1698 520 1718 vos
533 1712 540 1723 ,
555 1691 626 1718 nullo
641 1691 763 1718 examine
778 1692 887 1718 vocibus
901 1692 1007 1719 haeren-

217 1741 279 1766 dum
294 1743 345 1769 est,
360 1738 405 1766 sed
420 1745 464 1765 res
477 1742 539 1764 sunt
557 1737 718 1772 qua-rendae.
741 1737 813 1764 Dixit
834 1737 902 1766 Deus
918 1746 927 1765 :
940 1739 1008 1766 (Ion-

216 1790 330 1821 grrgetnr
344 1793 420 1820 aqua.
436 1784 557 1818 Quonam
571 1789 730 1818 congregata
747 1784 814 1810 fuit?
828 1784 854 1811 In
869 1793 952 1813 mare.
967 1787 1007 1814 Au

218 1838 291 1858 Illttl‘e
306 1836 367 1858 tunc
380 1831 485 1864 plenum
500 1838 553 1857 non
568 1830 646 1857 erat?
657 1830 738 1857 Terra
752 1830 827 1864 plena
838 1836 905 1863 erat,
918 1832 1008 1866 utique

216 1884 282 1903 sane
295 1881 322 1903 et
334 1883 416 1903 mare.
430 1875 550 1908 Quonam
564 1875 645 1910 igitur
658 1880 816 1910 congregata
830 1879 890 1904 est‘.’
903 1878 951 1911 Qui
963 1878 1006 1905 illa

217 1930 276 1957 qua:
290 1922 315 1949 in
327 1922 438 1957 pedibus
452 1921 561 1954 habent,
573 1929 685 1956 qua!qu
695 1921 817 1949 videnlrtr
831 1930 882 1950 non
898 1929 1008 1958 possunt

216 1975 321 2003 capere,
333 1967 528 1994 inscrutabilem
540 1966 704 1994 altitudinem
719 1967 825 1994 curiose
839 1969 1004 2003 perquirunt,

216 2019 242 2041 ct
264 2013 558 2047 ineomprehensibilem
582 2011 729 2039 divinitatis
751 2013 894 2048 abyssum,
920 2022 1006 2049 neque

217 2067 289 2086 mare
300 2080 308 2091 ,
332 2059 402 2094 quod
417 2063 457 2085 est
476 2058 744 2093 incomprehensibile
754 2078 761 2090 ,
780 2058 897 2086 deterret
911 2067 958 2086 eos
973 2060 1006 2086 ab
1051 2068 1057 2074 ·

215 2104 378 2139 explorando
397 2103 516 2131 Artiﬁce.
539 2103 600 2130 Ideo
613 2103 746 2132 hiEl'OliCiS
766 2103 835 2130 dicat
855 2105 1003 2139 propheta:

216 2149 381 2177 lSrnhescant
404 2148 543 2181 haeretici,
569 2148 636 2175 dixit
664 2156 757 2181 mare;
782 2150 1003 2184 quemadmodum

211 2195 280 2223 dixit
291 2203 298 2222 :
311 2194 541 2227 Erubesce,Sidon,
551 2195 615 2221 dixit
629 2203 697 2220 mare
707 2197 714 2210 ί
733 2194 807 2230 (Ιεηὶ.
824 2195 869 2223 25.
883 2197 921 2232 4).
934 2197 1005 2230 Quo-

213 2250 275 2268 nam
289 2241 368 2276 igitur
381 2241 440 2269 loco
451 2246 618 2276 congregata:
632 2246 693 2268 sunt
709 2243 806 2276 aquas?
820 2243 898 2269 Audi.
913 2243 1005 2277 Quan-

213 2288 248 2314 do
262 2292 359 2314 terratn
374 2287 436 2315 fecit
452 2287 538 2320 Deus,
562 2288 678 2315 nendum
694 2293 767 2314 erant
789 2296 904 2315 concava
926 2297 1003 2316 mon-

215 2333 297 2365 tium;
313 2333 358 2360 sed
374 2333 452 2360 simul
465 2337 545 2368 atque
556 2333 637 2366 dixit,
653 2332 824 2368 Congregalur
837 2342 918 2368 aqua,
931 2338 1002 2363 terra

213 2379 319 2414 dirupta
332 2383 374 2406 est
386 2399 393 2411 ,
409 2386 440 2406 ac
459 2378 532 2406 sinus
547 2378 619 2406 fecit.
634 2379 697 2412 Qua:
712 2387 754 2406 res
769 2384 1002 2413 commonstratnr,

215 2433 310 2459 nempe
322 2425 392 2460 quod
407 2429 476 2452 terra
489 2425 593 2459 dirupta
610 2424 700 2457 fuerit,
714 2433 746 2452 ex
762 2425 854 2454 insulis
865 2430 892 2453 et
906 2427 1004 2453 monti-

215 2471 264 2497 tnrs
278 2470 339 2497 ltiue
350 2471 414 2497 inde
424 2470 524 2504 positis.
542 2470 655 2505 Ideoque
668 2471 774 2504 reliquit
789 2471 857 2498 Deus
868 2472 967 2500 insulas
977 2477 1005 2500 et

215 2521 337 2549 montes,
363 2520 392 2543 ut
412 2516 499 2544 discas
513 2524 544 2544 ea
562 2524 576 2542 a
597 2517 725 2551 principio
740 2517 878 2551 eonjuncta
900 2518 980 2546 fuisse
995 2527 1003 2545 :

216 2562 261 2588 Dei
275 2566 363 2588 autem
373 2561 482 2588 verbum
497 2560 555 2588 hare
570 2562 727 2596 segregavit.
742 2561 912 2597 Congregetur
926 2571 1003 2598 aqua,

215 2607 312 2633 nudata
325 2611 366 2634 est
380 2610 461 2633 terra.
473 2606 616 2634 Sciendum
631 2613 718 2634 autem
730 2628 737 2640 ,
764 2613 861 2635 terranr
874 2629 880 2640 ,
895 2617 953 2643 quia
966 2610 1004 2637 sic

215 2651 294 2679 iiodie
308 2651 471 2686 appellatur,
485 2659 499 2678 a
512 2651 566 2679 Deo
580 2659 630 2678 nec
651 2657 746 2679 terram
762 2661 821 2679 esse
836 2654 940 2686 factant,
957 2662 1004 2681 ne-

216 2705 268 2732 que
279 2697 328 2724 hoc
342 2697 448 2724 nomine
466 2702 586 2724 vocatam
604 2707 610 2724 :
625 2698 671 2724 sed
683 2706 696 2724 a
713 2699 842 2733 principio
862 2700 1004 2728 creationis

216 2751 313 2771 nomen
325 2744 383 2778 ejus
395 2742 485 2774 fuisse,
494 2742 578 2776 arida,
589 2747 617 2769 ut
629 2743 664 2769 ait
676 2744 755 2770 David
769 2753 775 2771 :
789 2745 913 2778 Quoniam
926 2746 1004 2780 ipsius

247 2801 341 2832 ‘__tt:ec,
354 2798 555 2832 quemadmodum
565 2797 688 2832 dixit..."
702 2798 766 2825 dixit
785 2807 866 2830 mare,
882 2808 963 2832 neque
979 2802 1003 2826 iu

214 2829 283 2861 Savil.
297 2828 378 2861 neque
392 2831 414 2854 in
425 2829 551 2861 Cptrtheﬁs.
565 2828 688 2859 leguntur.

246 2860 282 2889 (ul
300 2860 435 2885 Sic'desinit
447 2860 584 2884 Vaticanus.

948 132 1129 161 SEVERIANI

1804 140 1857 168 με

1070 195 1106 216 es!
1120 198 1198 222 mare,
1214 195 1237 217 et
1250 191 1304 225 ipse
1315 191 1374 225 fecit
1386 191 1460 224 illud,
1478 196 1499 218 et
1513 192 1612 219 aridam
1624 193 1792 227 formaverunt
1803 204 1858 223 ma-

1067 245 1114 264 nus
1128 237 1182 270 ejus
1192 237 1201 270 (
1211 236 1285 264 Psal.
1301 238 1346 265 9t.
1362 238 1406 272 5).
1427 238 1507 266 Arida
1522 238 1590 266 facta
1605 244 1657 272 est,
1672 232 1857 275 cognominata

1066 288 1153 310 autent
1175 283 1221 310 fuit
1236 288 1305 310 terra
1321 292 1328 310 :
1343 284 1567 319 quemadmodum
1583 285 1634 313 hoc
1657 286 1856 315 ﬁrmamentum

1067 330 1202 356 conditum
1213 335 1271 363 est,
1297 335 1324 357 et
1345 336 1466 358 vocatum
1488 337 1529 359 est
1548 332 1653 359 cmlum.
1677 333 1758 361 Facto
1778 334 1858 369 igitur

1067 383 1192 409 aquarum
1206 375 1330 409 divortio,
1347 377 1444 410 prodiit
1456 377 1538 410 arida,
1554 378 1670 412 speciem
1685 379 1786 407 habens
1798 380 1856 406 ine-

1066 419 1156 447 briata:
1169 425 1247 447 terra:
1261 429 1354 455 :aqua:
1368 422 1437 449 enim
1451 423 1603 457 nuperrime
1618 429 1792 452 recesserant.
1807 425 1856 453 Ubi

1065 473 1128 500 ergo
1148 466 1251 494 detecta
1273 466 1321 493 fuit
1341 471 1428 499 terra,
1447 468 1522 501 jubet
1540 468 1651 496 Creator
1667 477 1674 495 :
1690 479 1700 495 ί
1718 469 1857 498 Germinet

1067 516 1134 538 terra
1147 511 1255 538 herbam
1271 511 1344 543 lieni.
1361 513 1536 540 serninantem
1551 521 1642 541 semen
1653 515 1797 542 secundum
1809 524 1856 550 ge-

1066 565 1114 585 nus
1130 562 1157 584 et
1169 558 1314 585 secundum
1329 558 1529 586 similitudinem
1542 581 1548 592 ,
1570 565 1596 587 et
1611 561 1710 596 lignum
1734 562 1856 590 fructife-

1065 610 1134 636 rmn,
1149 603 1224 638 cujus
1236 611 1328 631 semen
1343 604 1368 630 in
1382 604 1439 638 ipso
1454 605 1498 637 sit,
1514 606 1660 633 secundum
1675 614 1758 641 genus
1771 613 1798 634 et
1812 615 1855 635 se-

1064 648 1178 675 cundum
1199 649 1398 676 similitudinem
1417 659 1426 675 t
1449 649 1529 684 (Gen.
1552 651 1577 677 1.
1601 651 1650 686 Μ)
1669 661 1676 678 :
1692 652 1782 687 Neque
1805 653 1856 680 hoc

1065 693 1166 727 pudore
1180 693 1262 720 afﬁcit
1273 695 1422 722 Irzereticos.
1438 695 1524 722 llvrba
1539 701 1566 723 et
1579 696 1650 731 ligna
1661 702 1688 724 et
1700 697 1799 724 [ωιιιιιη
1812 707 1856 733 ge-

1065 745 1159 767 nerant
1171 741 1316 768 secundum
1332 741 1533 770 similitudinem
1547 763 1553 775 ,
1577 748 1603 770 et
1619 744 1687 770 Deus
1699 744 1854 772 dissimilem

1063 786 1112 812 sibi
1132 786 1243 821 genuit?
1258 788 1290 814 Et
1300 795 1359 814 cum
1369 788 1554 822 quadrupedes
1568 797 1675 817 rursum
1689 810 1694 822 ,
1711 791 1814 825 reptilia
1829 797 1856 818 et

1064 839 1126 858 aves
1147 831 1214 859 facta
1229 837 1306 866 sunt,
1329 833 1393 859 dicit
1415 834 1483 861 Deus
1500 843 1507 861 :
1523 834 1643 862 Educant
1660 844 1732 871 aqua:
1753 837 1852 870 reptitia
1887 870 1890 871 ν

1063 878 1205 904 animarum
1218 879 1347 905 viventium
1361 900 1368 912 ,
1383 884 1405 906 et
1421 880 1533 907 volatilia
1547 881 1656 907 volantia
1670 890 1747 915 super
1759 887 1852 908 terram

1063 924 1199 950 secundant
1213 932 1291 959 genus
1307 924 1387 959 (Gen.
1404 926 1430 952 1.
1447 925 1511 960 20).
1528 926 1613 959 Ferae,
1628 927 1742 960 reptilia,
1759 928 1853 954 volati-

1064 968 1108 1001 lia,
1128 969 1256 1002 natatilia,
1271 969 1362 1001 herba,
1383 969 1494 1003 frenum,
1512 970 1591 1005 ligna,
1610 971 1755 998 secundum
1771 981 1854 1006 genus

1063 1019 1089 1041 et
1104 1015 1250 1042 secundum
1267 1016 1465 1043 similitudinem
1477 1022 1606 1051 generant
1622 1027 1628 1043 :
1643 1018 1769 1053 solusrpte
1786 1020 1854 1046 Deus

1062 1061 1218 1088 dissimilem
1232 1062 1344 1097 genuit?
1358 1061 1479 1097 Cumque
1493 1070 1540 1090 nos
1553 1063 1653 1090 creavit
1670 1064 1748 1096 Dens,
1765 1065 1829 1092 dixit
1846 1075 1852 1092 :

1063 1105 1200 1133 Faciamus
1215 1107 1340 1134 Immineat
1360 1107 1394 1134 ad
1414 1109 1548 1143 imaginem
1562 1113 1583 1135 et
1601 1109 1790 1136 similitudinem
1809 1119 1853 1136 ttu-

1061 1157 1139 1179 stram
1157 1152 1237 1188 (Gen.
1259 1153 1284 1180 t.
1297 1153 1349 1188 ς26)
1367 1163 1374 1180 :
1390 1162 1457 1189 opus
1472 1160 1513 1181 est
1533 1155 1680 1182 secundum
1701 1156 1853 1183 similitudi-

1063 1206 1134 1229 nem,
1149 1203 1176 1225 et
1188 1199 1282 1226 artifex
1293 1199 1453 1226 dissimilis?

1090 1244 1123 1271 "2.
1146 1244 1197 1272 Sed
1221 1253 1277 1272 rem
1304 1246 1398 1272 miram
1413 1245 1494 1273 vide:
1510 1254 1581 1281 smpe
1599 1254 1712 1282 namque
1730 1248 1852 1275 Inerctica

1064 1290 1183 1325 nequitia
1196 1290 1334 1318 latibulum
1348 1291 1455 1325 reperit.
1469 1291 1514 1324 Si,
1530 1292 1630 1326 inquit,
1646 1293 1680 1319 ita
1696 1293 1794 1320 dixeris
1808 1293 1852 1319 Fr-

1062 1334 1125 1361 lmnt
1137 1334 1284 1362 secundum
1298 1335 1508 1369 similitudinem,
1526 1341 1554 1363 ιιι
1569 1341 1596 1364 et
1613 1345 1660 1363 nos
1672 1358 1679 1370 ,
1697 1337 1723 1364 id
1735 1338 1853 1364 admitti-

1064 1389 1133 1408 mus.
1157 1380 1300 1408 Enimvero
1315 1381 1384 1408 aliud
1406 1386 1448 1409 est
1469 1387 1570 1410 natura
1593 1383 1757 1416 similitudo,
1779 1385 1850 1411 aliud

1061 1427 1163 1462 gratiae.
1180 1427 1234 1454 Nos
1247 1427 1392 1455 secundum
1407 1428 1606 1456 similitudinem
1618 1450 1625 1462 ,
1649 1429 1692 1457 ille
1707 1430 1853 1457 similitudo

1061 1479 1102 1501 cst
1116 1481 1123 1499 :
1137 1481 1198 1500 nam
1211 1473 1261 1507 Qui
1272 1474 1331 1500 vidit
1342 1482 1390 1506 me,
1403 1474 1463 1500 vidit
1477 1473 1580 1501 Patrem
1590 1474 1679 1509 (Joan.
1696 1475 1735 1502 14.
1745 1476 1790 1509 9);
1804 1484 1852 1503 n-‘s

1061 1519 1206 1546 secundum
1226 1519 1436 1547 similitudinem.
1455 1515 1553 1547 Servos
1570 1525 1658 1547 autem
1679 1521 1724 1548 Dei
1747 1527 1852 1555 oportet

1061 1567 1204 1594 dictionum
1218 1566 1370 1594 discrimina
1383 1574 1513 1601 qumrere.
1528 1567 1597 1594 Dixit
1616 1567 1684 1593 Deus
1701 1575 1707 1592 2
1725 1565 1851 1594 Gerutitrrt

1061 1618 1127 1640 terra
1141 1613 1243 1640 herbam
1255 1614 1316 1648 [mni
1328 1633 1335 1646 ,
1350 1618 1374 1640 et
1389 1613 1484 1648 lignum
1500 1614 1660 1649 [ructiferutn
1679 1615 1776 1649 facietis
1798 1616 1852 1649 frit-

1061 1664 1138 1685 etuut.
1154 1659 1255 1686 Deinde
1269 1658 1333 1685 dicit
1348 1667 1354 1684 :
1371 1657 1558 1685 Educabtet‘ra
1576 1659 1750 1694 quadrupedes
1768 1664 1790 1685 et
1810 1660 1852 1686 be-

1060 1705 1130 1730 stias.
1146 1703 1199 1731 Cur
1213 1703 1248 1730 ibi
1260 1723 1267 1735 ,
1284 1702 1421 1736 Germinet,
1435 1703 1487 1736 hic,
1509 1702 1616 1735 Educet,
1631 1703 1714 1730 dicit?
1727 1704 1850 1731 Germina

1060 1755 1087 1778 et
1101 1751 1168 1785 ligna
1181 1750 1335 1784 fructusque
1347 1750 1488 1785 quotannis
1508 1751 1668 1784 germinant.
1690 1750 1756 1784 Quia
1773 1751 1852 1785 igitur

1059 1797 1160 1823 semina
1174 1797 1199 1823 in
1212 1800 1282 1823 terra
1296 1802 1420 1822 mansura
1434 1801 1509 1822 erant
1523 1816 1529 1828 ,
1553 1801 1579 1822 et
1593 1803 1624 1822 ex
1638 1795 1682 1822 illa
1699 1795 1849 1830 proditum.

1060 1843 1120 1871 ideo
1134 1843 1188 1876 ait,
1202 1842 1337 1870 Germinet.
1355 1842 1386 1869 Et
1403 1843 1473 1870 circa
1489 1843 1613 1869 animalia
1625 1863 1632 1875 ,
1651 1843 1767 1875 Educal,
1790 1844 1850 1878 quia

1059 1897 1122 1916 cum
1133 1889 1215 1916 semel
1228 1897 1260 1916 ex
1275 1893 1343 1916 terra
1358 1894 1415 1915 orta
1428 1893 1526 1921 essent,
1541 1896 1592 1915 nou
1606 1889 1672 1916 ultra
1687 1897 1700 1915 a
1713 1893 1793 1920 terra,
1803 1889 1849 1916 sed

1058 1943 1109 1971 per
1123 1935 1320 1962 successionem
1335 1935 1486 1969 gignuntur.
1505 1933 1612 1960 Factum
1626 1939 1660 1960 est
1673 1935 1718 1960 ita.
1734 1934 1848 1961 Verbuttt

1058 1982 1085 2007 in
1098 1988 1165 2016 opus
1176 1980 1293 2008 decurrit
1307 1989 1313 2013 ;
1328 1984 1420 2007 ornata
1435 1980 1482 2007 fuit
1493 1984 1560 2007 terra
1572 1988 1580 2013 ;
1594 1980 1733 2015 oportebat
1742 1981 1849 2007 detrtunt

1058 2028 1147 2054 ornari
1161 2026 1267 2054 carlum.

1093 2072 1144 2100 Cur
1163 2072 1240 2099 solent
1253 2076 1278 2099 et
1298 2071 1384 2098 lunam
1396 2079 1446 2098 non
1463 2071 1542 2106 primo
1557 2071 1598 2098 die
1619 2072 1703 2106 fecerit
1726 2070 1802 2098 Deus.
1816 2085 1850 2092 ~-

1058 2119 1110 2146 Cur
1125 2118 1198 2153 prius
1209 2122 1305 2144 terram
1322 2122 1451 2149 exornat,
1465 2124 1543 2151 quam
1557 2117 1649 2143 ca-lmn
1659 2116 1670 2142 ’ἓ
1681 2116 1792 2151 Propter
1804 2125 1849 2144 er-

1058 2172 1145 2192 rorem
1157 2164 1342 2198 multiplicium
1356 2163 1479 2195 deorum,
1494 2163 1538 2198 qui
1554 2163 1705 2190 exoriturus
1717 2169 1785 2196 erat,
1796 2171 1849 2198 quo

1057 2211 1140 2237 solem
1150 2231 1157 2242 ,
1171 2210 1260 2236 lunam
1274 2230 1281 2242 ,
1296 2209 1386 2236 stellas
1401 2209 1549 2236 coltterunt.
1575 2208 1645 2235 Dixit
1668 2208 1751 2240 Dens,
1769 2208 1847 2235 Fiant

1058 2256 1193 2283 liuninaria
1207 2255 1233 2281 in
1255 2255 1413 2288 ﬁrmamento
1426 2254 1481 2280 ταιιί
1505 2253 1607 2287 (Cenes.
1625 2254 1650 2281 1.
1667 2254 1721 2289 Η).
1736 2253 1789 2281 Cur
1803 2263 1847 2280 so-

1058 2302 1109 2329 lem
1124 2307 1150 2328 et
1163 2301 1251 2328 lunam
1268 2308 1319 2327 non
1334 2299 1420 2334 primo
1442 2300 1486 2326 die
1499 2299 1582 2326 fecit?
1594 2299 1659 2332 Quia
1676 2299 1793 2327 nondum
1811 2301 1848 2327 fa-

1057 2353 1128 2375 ctum
1144 2347 1231 2374 fuerat
1244 2346 1449 2378 ﬁrmantentum,
1463 2346 1488 2372 in
1503 2353 1555 2380 quo
1570 2346 1613 2372 illa
1626 2345 1747 2380 ponenda
1760 2351 1848 2373 erant.

1057 2393 1148 2428 Neque
1156 2393 1191 2420 ob
1200 2393 1268 2419 hanc
1279 2397 1380 2419 tantum
1388 2399 1495 2419 causam
1505 2399 1512 2424 ;
1520 2391 1567 2418 sed
1575 2392 1635 2426 quia
1645 2391 1762 2419 nondum
1772 2396 1849 2418 erant

1059 2439 1159 2466 fructus
1171 2459 1178 2472 ,
1193 2439 1236 2475 qui
1252 2439 1286 2466 ab
1308 2439 1361 2467 illis
1378 2439 1540 2466 foverentur.
1563 2437 1652 2466 Tertio
1676 2446 1791 2474 namque
1805 2438 1849 2466 die

1057 2485 1159 2512 fructus
1182 2485 1375 2520 germinarunt.
1391 2485 1430 2511 Ac
1446 2492 1478 2511 ne
1492 2488 1630 2518 putaretur
1651 2483 1712 2511 illos
1734 2492 1767 2511 ex
1783 2485 1847 2511 solis

1058 2536 1150 2559 natura
1163 2531 1338 2566 gertninasse,
1354 2535 1415 2565 post
1427 2530 1576 2557 absolutam
1589 2531 1750 2557 creationem
1762 2551 1769 2563 ,
1786 2537 1848 2557 tunc

1059 2578 1128 2605 Deus
1153 2578 1214 2605 fecit
1238 2577 1341 2610 solem,
1357 2577 1446 2604 lunam
1460 2581 1487 2604 et
1503 2577 1604 2604 stellas.
1626 2576 1764 2604 Umleuam
1779 2576 1847 2603 Dens

1058 2624 1102 2650 illa
1114 2623 1196 2650 fecit?
1212 2623 1314 2651 Dicttun
1334 2628 1377 2651 est
1387 2623 1457 2650 enim
1481 2622 1566 2657 ipsum
1581 2623 1666 2657 primo
1681 2622 1724 2649 die
1746 2630 1779 2649 ex
1794 2631 1845 2649 rtott

1057 2670 1222 2697 exstantibus
1232 2674 1325 2696 cuneta
1341 2669 1436 2696 fecisse
1447 2689 1454 2701 ,
1471 2668 1579 2702 reliquis
1602 2673 1690 2695 autem
1707 2668 1801 2696 diebus
1814 2675 1845 2694 ex

1057 2717 1231 2743 exstantibus.
1246 2715 1321 2743 Unde
1331 2723 1396 2750 ergo
1411 2715 1471 2742 sol?
1484 2715 1521 2742 Ex
1546 2714 1603 2741 luce
1616 2722 1676 2749 qum
1697 2716 1783 2748 primo
1804 2713 1846 2740 die

1059 2764 1125 2789 facta
1141 2762 1226 2789 fuerat
1237 2782 1244 2795 ,
1260 2769 1340 2796 quam
1361 2761 1470 2788 mutavit
1492 2765 1521 2787 tit
1534 2760 1617 2788 voluit
1628 2759 1730 2787 Artifex
1741 2780 1747 2791 ,
1761 2759 1786 2786 irt
1802 2766 1846 2786 va-

1059 2809 1163 2842 riasque
1184 2808 1288 2844 species
1302 2808 1433 2835 convertit
1449 2816 1455 2834 :
1474 2807 1526 2834 illie
1546 2807 1611 2834 lucis
1631 2808 1787 2838 materiam,
1803 2806 1846 2833 hic

1061 2855 1150 2884 stellas
1163 2864 1170 2883 :
1182 2854 1404 2890 quemadmodum
1418 2854 1440 2881 si
1449 2854 1508 2889 quis
1521 2853 1691 2889 praemitteret
1705 2853 1763 2881 auri
1775 2860 1844 2880 mas-
