2062 3128
214 173 264 203 Αίθ

214 240 269 260 satu
284 252 291 263 ,
308 230 422 265 indeque
437 234 530 264 postea
553 236 649 256 aureos
672 227 796 260 cuderel;
811 227 850 254 sic
875 226 1006 260 disposuit

214 278 279 305 lucis
293 281 428 303 ornatum.
447 274 676 308 Quemadmodum
700 273 773 300 enim
787 273 928 308 abyssum,
944 279 1003 306 qua:

214 329 276 350 tunc
289 330 340 349 una
354 326 411 348 erat
426 328 504 355 aqtta,
518 320 607 348 divisit
621 321 648 346 in
663 319 757 351 maria,
771 318 890 350 flumina,
907 317 1003 350 fontes,

215 370 304 399 lacus,
319 373 413 402 puteos
429 376 435 392 :
449 367 487 393 sic
501 371 528 393 et
541 367 643 397 lucem,
658 373 717 399 qua:
732 372 782 391 una
795 363 924 398 uniusque
944 370 1005 397 spe-

212 415 263 441 ciei
278 413 492 444 erat.dissecans
506 411 607 439 Artifex
620 411 708 438 divisit
724 411 750 438 in
764 410 859 442 solem,
876 409 964 436 lunam
979 413 1005 435 et

215 460 314 487 stellas.
331 459 415 486 Porro
429 457 493 484 lihet
506 457 640 491 inquirere
653 476 660 488 ,
675 456 809 490 quomodo
827 454 920 482 fecerit
937 454 1005 481 Deus

215 504 353 532 luminaria
370 513 376 531 :
392 503 496 530 videtur
507 503 577 529 enim
592 510 622 529 ea
633 507 707 528 extra
721 501 816 528 etelutu
831 500 983 528 condidisse
995 520 1002 533 ,

217 558 245 577 Ic
259 554 312 576 tum
329 549 449 584 superius
463 549 563 576 ﬁxisse.
573 546 802 581 Quemadmodum
821 546 915 573 artifex
928 566 934 577 ,
944 553 1003 572 cum

216 595 326 630 perfecit
339 595 495 630 imaginem,
513 597 575 620 tunc
596 594 621 620 itt
637 593 739 627 pariete
753 592 835 627 inﬁgit
858 592 930 619 illam
944 600 950 617 :
967 591 1005 618 sic

216 642 287 670 Deus
302 642 387 676 pritno
407 641 468 668 fecit
485 640 575 667 stellas
591 644 667 666 extra
690 639 784 666 caelum
797 659 804 671 ,
819 643 933 672 tuncque
947 638 1003 664 ﬁxit

217 696 262 715 cas
284 695 389 714 sursum
402 708 409 719 ,
423 687 492 714 sicut
504 686 597 713 artifex
610 706 617 718 ,
634 689 663 712 ut
677 685 832 712 testificatur
845 684 981 718 Scriptura
997 692 1003 710 :

220 733 250 764 Et
261 734 318 769 fecit
333 733 399 760 [ἔξω
416 734 465 759 duo
481 733 626 764 luminaria,
641 736 664 759 et
680 731 761 766 posuit
773 731 818 757 illa
831 731 856 757 in
870 731 931 757 aulo
943 729 1005 764 (Ge-

219 788 269 807 nes.
289 781 314 806 l.
341 778 464 814 lli..l7).
481 778 619 812 Quomodo
641 783 728 805 autem
751 778 799 811 illa
825 778 929 804 infixit?
943 785 1004 804 num

216 825 294 852 ambo
307 825 383 851 simul
397 830 458 851 ante
468 829 605 859 compacta
619 824 710 851 etant?
723 823 750 850 1d
765 823 859 850 rationi
871 827 912 851 est
925 823 1005 850 abso-

217 878 291 898 ntnn.
314 870 365 897 Sed
386 869 466 905 quid?
488 869 640 897 Secundum
660 870 706 896 Dei
720 877 812 897 vocem
834 870 889 904 ipsa
915 870 1006 897 inﬁ.\io

218 916 276 943 fuit.
291 915 391 948 Posuit,
408 915 511 950 ittquit,
529 915 596 942 Deus
610 915 746 942 luminaria
756 936 762 947 ,
778 916 902 942 luminare
924 915 1005 950 majus

217 961 243 987 in
265 960 420 995 principatus
435 960 484 986 diei
497 981 503 992 ,
515 965 538 987 et
561 960 687 987 luminare
700 961 781 986 minus
804 960 830 986 in
851 961 1006 994 principatus

218 1008 306 1034 noctis.
322 1006 387 1034 Cum
401 1007 439 1034 sol
461 1006 528 1034 ﬁxus
541 1012 581 1034 est
597 1007 623 1034 in
645 1007 765 1039 oriente,
780 1006 842 1033 luna
858 1007 909 1033 fixa
925 1011 966 1033 est
978 1006 1004 1032 in

217 1054 355 1081 occidente
371 1062 377 1080 :
393 1053 517 1088 quoniam
530 1053 590 1080 huic
604 1053 709 1088 quidem
721 1053 824 1088 jussutn
837 1053 920 1079 fuerat
935 1060 1005 1088 prte-

217 1107 277 1126 esse
296 1099 366 1126 nocti
379 1119 385 1130 ,
401 1099 438 1126 illi
453 1107 515 1126 vero
537 1099 599 1126 diei.
615 1099 694 1126 Facta
719 1099 798 1134 igitur
824 1102 864 1126 est
887 1099 948 1126 luna
959 1118 968 1131 ,
980 1103 1007 1125 et

218 1145 305 1179 pritno
319 1144 362 1172 die
383 1144 461 1179 pletta
474 1145 598 1179 gignitur.
621 1144 679 1172 Non
694 1145 765 1172 ettim
783 1152 829 1179 par
843 1149 901 1171 erat
916 1144 1004 1171 statim

218 1189 339 1217 tnuliltttn
368 1197 434 1225 opus
460 1197 608 1224 apparere;
637 1190 683 1217 sed
706 1189 844 1224 oportebat
876 1189 1006 1216 luminare

217 1235 320 1262 ostendi
344 1236 422 1269 quale
441 1233 539 1261 factum
553 1240 604 1262 est.
621 1235 716 1262 Postea
738 1242 800 1262 vero
814 1243 846 1262 ex
860 1235 1006 1262 tnutatione

216 1280 332 1308 ostendit
348 1285 506 1318 temporaet
528 1285 699 1313 tempestates
714 1285 740 1308 et
754 1281 855 1308 dierum
873 1281 1005 1308 vicissitu-

217 1326 302 1353 dines.
320 1326 394 1353 lllaut
412 1325 490 1360 igitur
501 1327 591 1354 condit
606 1327 675 1354 Deus
690 1326 764 1362 quasi
780 1327 910 1359 decimam
926 1327 1005 1362 quin-

219 1380 271 1401 tatn
292 1374 408 1409 plenant.
429 1374 473 1402 Sol
494 1380 568 1403 ortus
591 1380 632 1403 est
645 1383 722 1402 tuane
739 1375 862 1410 :quando
877 1375 947 1401 enim
964 1375 1005 1401 itt—

216 1420 267 1446 fixa
281 1420 327 1447 fuit
339 1420 401 1447 luna
411 1420 437 1447 in
451 1421 585 1448 matutinis
596 1421 677 1453 horis,
689 1420 844 1455 apparuitin
855 1420 1004 1450 occidente,

219 1466 266 1494 Ubi
281 1467 359 1502 igitur
372 1467 412 1494 sol
425 1474 531 1495 cursum
547 1474 623 1494 suum
645 1467 677 1494 ad
691 1467 855 1494 occidentem
878 1466 1005 1494 conficie-

217 1512 271 1545 bat,
288 1513 350 1539 luna
365 1513 454 1540 statim
462 1513 494 1540 ad
510 1518 597 1540 ortutn
611 1512 751 1547 veniebat,
764 1517 793 1540 ttt
804 1513 958 1548 impleretur
970 1512 1003 1539 il-

217 1557 261 1587 lud
274 1566 280 1585 :
297 1558 463 1586 Domincnlur
473 1559 523 1586 diei
537 1564 559 1586 et
572 1559 638 1586 nocti
653 1558 771 1594 (Ibidem.
786 1566 808 1585 υ.
827 1559 883 1592 18).

252 1602 320 1630 Dcus
330 1612 375 1630 cur
386 1603 471 1630 lunam
478 1604 577 1638 plcitant
587 1605 666 1639 primo
678 1604 889 1640 fecerit.—A|iud
897 1604 1002 1631 demum

216 1647 343 1685 qureritur
356 1659 362 1676 :
377 1658 424 1677 cur
445 1650 515 1677 Deus
536 1651 625 1677 lunam
649 1650 754 1685 plenatn
777 1651 859 1678 fecit?
878 1651 1002 1678 Animum

216 1695 313 1722 adhibe
328 1704 333 1722 :
349 1695 401 1723 alta
429 1696 500 1723 enim
525 1701 566 1723 est
591 1697 734 1724 sententia.
763 1695 907 1732 Oportebat
931 1697 1002 1724 illam

215 1747 308 1777 quarta
322 1741 364 1769 die
380 1742 474 1769 factam
484 1762 491 1774 ,
506 1747 626 1777 quartam
639 1743 735 1770 lucere.
751 1743 785 1770 At
799 1743 821 1770 si
833 1747 925 1778 quarta
938 1742 1003 1770 fuis~

215 1793 268 1822 set,
283 1796 414 1816 sumtnutn
429 1788 575 1816 occidentis
588 1796 639 1816 non
654 1793 819 1824 occupasset.
832 1789 941 1816 lttventa
956 1789 1004 1824 igi-

215 1839 259 1861 tur
276 1838 317 1862 est
328 1834 460 1862 excedens
475 1834 595 1862 undecim
617 1835 674 1862 dies
688 1843 695 1862 :
710 1839 803 1870 quarta
818 1835 886 1862 facta
905 1840 961 1868 est,
978 1841 1004 1862 et

215 1880 360 1914 apparebat
382 1884 409 1907 ut
433 1880 626 1915 quintadecima
647 1880 793 1908 :undecim
819 1888 882 1915 ergo
910 1880 1004 1907 diebtts

215 1925 278 1952 luna
289 1925 380 1952 solem
393 1925 559 1959 praecedebat
571 1945 578 1957 ,
595 1933 647 1953 non
660 1925 805 1953 secundum
819 1927 981 1953 creationem
995 1947 1002 1959 ,

215 1971 262 1998 sed
277 1970 422 1998 secundum
436 1970 502 1998 lueis
515 1970 695 2005 splendorem.
715 1970 893 2004 Quamobrem
908 1971 1003 2006 quibus

215 2020 278 2043 tunc
292 2016 352 2043 luna
366 2016 510 2044 excedebat
521 2016 615 2044 diebus
627 2036 634 2050 ,
651 2023 697 2044 eos
711 2016 761 2043 soli
775 2016 899 2044 restituit.
922 2016 1004 2043 Luna:

215 2062 285 2090 enim
299 2069 330 2089 ae
342 2061 441 2089 mensis
451 2062 580 2097 cujuSque
595 2069 730 2095 numerus,
741 2069 756 2089 a
765 2061 857 2097 viginti
869 2069 964 2089 novetu
978 2066 1005 2089 et

215 2108 324 2135 dimidio
336 2108 439 2142 diebus,
455 2108 481 2135 in
492 2107 630 2135 duodecim
644 2109 706 2135 anni
721 2108 867 2141 mensibus,
884 2107 941 2135 dies
957 2107 1005 2134 lta-

216 2153 259 2181 bct
283 2158 416 2181 trecentos
429 2153 617 2188 quinquaginta
629 2157 751 2189 quatuor.
767 2153 836 2181 Nam
857 2153 878 2180 si
900 2154 935 2180 ita
949 2153 1003 2180 cal-

215 2199 303 2225 culum
326 2199 447 2233 posueris
457 2219 464 2231 ,
477 2202 505 2225 ut
518 2198 617 2225 mensis
629 2199 663 2225 sit
677 2198 779 2226 dierum
794 2199 885 2233 viginti
907 2206 1002 2226 novem

215 2250 242 2272 et
275 2245 395 2278 ditttidii,
416 2245 478 2271 anni
508 2245 565 2272 dies
591 2249 654 2272 sunt
677 2245 788 2272 trecenti
812 2245 1001 2280 quinquaginta

214 2295 337 2326 quatuor,
355 2295 382 2317 ut
396 2298 463 2326 quos
485 2291 546 2318 luna
563 2295 626 2317 tunc
646 2291 733 2325 rapuit
752 2291 842 2325 plures
864 2290 921 2318 dies
934 2311 940 2323 ,
956 2298 1003 2325 per

214 2344 313 2364 annum
336 2336 386 2364 soli
408 2336 512 2364 reddat.
537 2336 668 2372 Supputet
694 2337 738 2372 qui
760 2337 818 2372 ejus
844 2337 911 2364 artis
934 2337 1003 2372 peri-

214 2387 257 2410 tus
269 2386 319 2410 est.

250 2429 277 2456 5.
293 2428 372 2456 Fiant
380 2429 516 2456 luminaria
528 2430 553 2456 in
560 2430 717 2464 [irritamento
727 2430 782 2457 εωΙί
790 2450 797 2463 ,
808 2435 834 2456 ut
847 2430 944 2457 luceant
959 2438 1002 2457 su-

214 2483 258 2509 per
270 2480 360 2502 terram
375 2475 450 2509 (Gen.
465 2475 490 2502 l.
504 2475 547 2503 14.
560 2474 616 2511 15).
626 2476 753 2509 Quoniam
764 2476 830 2510 ignis
841 2481 933 2503 natura
944 2483 1003 2503 sur-

214 2528 272 2547 sum
287 2521 410 2548 tettdebat
420 2542 427 2554 ,
441 2521 545 2550 frenum
560 2526 661 2549 naturae
677 2522 745 2550 Deus
757 2522 900 2556 imposuit,
918 2527 946 2549 ut
958 2530 1002 2549 ra-

214 2566 271 2594 dios
284 2574 336 2594 uon
350 2575 456 2595 sursum
471 2568 604 2595 emitteret
616 2587 623 2600 ,
635 2567 680 2595 sed
694 2567 830 2595 deorsum.
848 2567 917 2602 Ignis
929 2568 1000 2594 enim

214 2620 266 2640 non
281 2613 348 2641 solet
372 2613 496 2641 deorsum
522 2613 649 2647 tendere,
666 2613 713 2641 sed
727 2621 844 2641 sursum.
867 2614 896 2641 Si
916 2614 1001 2641 facem

212 2658 304 2692 habes,
316 2664 390 2687 verte
404 2659 528 2687 deorsum
538 2680 546 2693 ,
562 2665 588 2687 et
604 2659 706 2687 videbis
720 2659 823 2687 etiamsi
837 2659 997 2688 instrumen-

212 2709 268 2731 tum
283 2704 346 2732 illud
360 2704 484 2733 deorsum
500 2709 601 2739 vertas,
614 2705 701 2741 ignem
715 2710 804 2733 tamen
818 2712 923 2733 sursum
940 2710 999 2733 ten-

212 2750 284 2778 dere.
301 2751 366 2778 Cutn
377 2752 457 2779 sciret
470 2759 533 2787 ergo
548 2759 607 2779 eam
622 2759 682 2779 esse.
694 2751 766 2779 illius
781 2756 913 2783 naturam,
925 2752 1001 2779 cohi-

213 2796 269 2824 buit
283 2797 364 2829 illam,
376 2805 409 2824 ne
423 2797 570 2825 secundum
584 2799 705 2831 naturam
722 2797 831 2831 luceret,
846 2798 892 2826 sed
904 2805 999 2825 secun-

214 2843 274 2870 dtttn
297 2848 468 2879 praeceptum.
485 2843 512 2871 Si
536 2844 596 2878 quis
608 2848 723 2871 vestrum
738 2844 889 2871 observavit
910 2845 998 2872 oleum

224 2898 240 2917 tt
256 2890 372 2925 lucerna,
389 2899 439 2925 qua
458 2890 558 2919 scilicet
579 2891 681 2919 ratione
704 2890 836 2919 cumoleo
858 2891 996 2925 avellatur,

744 168 786 194 DIE
806 165 910 194 MUNDl
931 164 1125 192 CllliA'l'lONE
1144 163 1272 192 ORATIO
1293 164 1336 192 IlI.

1796 167 1848 196 £50

1058 227 1085 250 et
1098 223 1137 250 vis
1151 223 1202 257 olei
1219 223 1285 250 infra
1299 223 1396 256 trahat,
1410 228 1504 251 natura
1520 231 1583 252 vero
1597 224 1665 260 ignis
1675 232 1780 253 sursum
1795 231 1849 255 ten-

1058 268 1113 300 dat,
1129 276 1160 296 ac
1176 269 1252 303 quasi
1268 269 1321 296 vim
1337 270 1463 303 patiatur,
1478 269 1575 297 clamat
1591 270 1635 298 :‘si
1655 271 1763 306 quando
1777 273 1848 300 cnitn

1058 314 1125 348 ignis
1147 319 1257 350 cogatur
1270 321 1392 347 currere,
1405 319 1500 342 contra
1517 322 1619 342 tttorem
1643 322 1720 343 suum
1733 337 1740 349 ,
1755 325 1848 344 vocem

1057 360 1172 392 emittit,
1196 368 1227 387 ac
1246 360 1268 386 si
1282 360 1335 386 vim
1351 364 1501 394 pateretur,
1518 367 1549 387 ac
1571 360 1593 387 si
1607 365 1700 388 contra
1724 367 1846 390 naturam

1059 405 1190 432 tenderet.
1204 405 1232 432 Si
1247 405 1309 440 qttid
1321 406 1390 432 enim
1406 406 1539 432 elemento
1552 411 1650 441 praeter
1662 411 1785 434 naturam
1799 416 1846 435 ac—

1057 450 1142 482 cidat,
1167 451 1252 485 ipsutn
1266 451 1374 478 clantat.
1396 451 1501 484 Quare?
1520 451 1613 479 Oleum
1633 460 1693 480 cum
1720 453 1847 488 injectum

1057 496 1134 523 fuerit
1148 495 1173 522 itt
1191 496 1286 530 ignem,
1299 504 1391 524 vocem
1407 504 1458 523 non
1474 497 1586 528 emittit;
1601 505 1669 532 aqua
1680 519 1691 532 ι
1709 499 1731 525 si
1752 499 1849 533 injecta

1058 541 1158 573 fuerit,
1171 541 1276 568 stridet.
1293 542 1372 576 Atqui
1392 546 1419 568 et
1443 543 1493 569 hoc
1506 548 1533 569 et
1559 543 1621 570 illud
1637 549 1677 571 est
1699 544 1847 572 ltutttiduut.

1058 586 1110 614 Sed
1121 586 1181 620 quia
1198 586 1284 613 oleum
1306 595 1339 613 ex
1365 587 1435 621 ligno
1446 589 1585 622 opsonium
1608 590 1735 623 nascitur,
1752 595 1779 617 et
1790 592 1849 618 olea

1058 634 1140 660 nutrit
1165 635 1251 669 ipsutn
1267 655 1273 667 ,
1295 635 1416 669 ignisque
1443 623 1617 670 εριιψρι-ἐει
1635 637 1706 671 ligno
1728 638 1848 671 amicus,

1058 680 1171 708 libenter
1193 682 1289 716 accipit
1309 681 1379 716 quod
1404 689 1436 708 ex
1459 682 1531 709 afﬁni
1559 687 1652 710 natttra
1667 688 1717 710 est.
1738 683 1784 711 Sin
1800 692 1848 711 au-

1059 730 1110 753 tetn
1126 734 1193 760 aqua
1213 727 1239 753 itt
1264 727 1351 762 ignem
1370 727 1538 758 immittatur.
1559 727 1672 761 stridet,
1693 728 1763 763 quod
1788 737 1848 757 cum

1057 771 1192 798 contrario
1208 776 1314 806 pugnet.
1332 772 1400 806 Ignis
1413 773 1467 798 acri
1488 772 1590 800 anticus
1598 778 1652 805 est;
1670 774 1758 802 afﬁnis
1778 776 1848 803 enim

1058 821 1099 844 est
1119 817 1154 843 ci.
1178 816 1302 844 Insufflas
1320 818 1345 844 itt
1368 817 1517 850 lucernaut,
1537 822 1563 845 ct
1586 826 1632 845 aer
1655 819 1741 853 ignetn
1759 820 1784 846 itt
1809 820 1849 848 fu-

1059 870 1131 890 mum
1153 863 1246 895 vertit,
1263 871 1294 890 ac
1318 871 1446 898 nusquam
1470 870 1606 898 comparet
1622 874 1628 892 :
1642 873 1702 892 nam
1718 866 1789 901 qttod
1809 867 1848 893 af-

1059 908 1111 934 littc
1124 914 1179 935 erat
1193 909 1330 936 abscessit.
1341 909 1405 936 Vide
1419 909 1534 936 Artiﬁcis
1546 911 1714 944 sapientiam,
1727 912 1788 938 vide
1803 920 1848 946 po~

1060 959 1193 982 lcstatem.
1208 955 1298 982 Posuit
1314 955 1452 982 luminaria
1470 955 1494 981 itt
1510 955 1585 987 ea-la,
1597 961 1623 982 ut
1639 956 1757 984 Iacerent
1769 966 1850 992 super

1061 1005 1176 1027 terram:
1193 1000 1225 1027 Et
1250 1002 1314 1032 sint,
1336 1001 1418 1036 inquit
1431 1022 1438 1033 ,
1459 1002 1485 1028 in
1505 1001 1576 1036 signa
1587 1022 1593 1034 ,
1615 1007 1639 1029 et
1656 1003 1681 1029 in
1697 1003 1766 1037 dies,
1780 1009 1801 1031 et
1823 1005 1850 1031 in

1058 1055 1147 1073 annos.

1094 1092 1236 1126 Astrologia
1245 1099 1380 1126 v/tnaqttte.
1395 1092 1534 1119 Discrimen
1555 1093 1618 1120 inter
1628 1098 1706 1128 χρὸιος
1722 1099 1745 1120 et
1760 1100 1849 1130 καιρός.

1060 1137 1144 1165 Filius
1164 1146 1212 1164 non
1228 1139 1308 1172 factus
1321 1143 1366 1164 est.
1375 1137 1482 1170 ——Qttid
1494 1142 1544 1176 est,
1558 1138 1590 1164 In
1604 1133 1752 1173 sigmt?Qui
1762 1145 1850 1166 astro-

1059 1181 1155 1218 ldgiatn
1172 1191 1239 1210 vane
1257 1188 1388 1216 tractant,
1408 1191 1481 1217 spent
1506 1190 1581 1210 suam
1604 1189 1786 1218 cvaeuarunt,
1808 1193 1850 1212 res

1059 1230 1239 1265 significantes
1264 1237 1323 1263 qua:
1355 1236 1483 1264 nusquam
1504 1229 1643 1256 exsistunt.
1675 1230 1751 1263 Quod
1778 1231 1848 1257 enim

1059 1276 1143 1303 stella:
1163 1276 1227 1302 nihil
1249 1276 1400 1310 significent
1421 1275 1490 1302 circa
1510 1275 1590 1302 vitam
1617 1275 1754 1303 honfnutu
1777 1277 1851 1304 testi-

1059 1322 1152 1349 ficatur
1163 1321 1242 1348 Isaias
1258 1321 1364 1355 dicens:
1376 1321 1488 1355 Surgunt
1501 1321 1622 1356 astrologi
1637 1320 1706 1354 ca'li,
1720 1328 1742 1348 et
1756 1322 1797 1356 qui
1812 1323 1850 1348 si-

1058 1376 1108 1402 gna
1122 1367 1215 1399 vident;
1225 1371 1247 1393 et
1261 1366 1344 1392 dicunt
1356 1366 1399 1392 tibi
1411 1367 1471 1400 quid
1482 1368 1595 1401 futurum
1608 1365 1725 1401 si!(1sai.
1738 1367 1847 1402 4115).

1058 1412 1096 1439 De
1121 1413 1171 1439 vita
1188 1418 1252 1447 ergo
1274 1411 1410 1438 hominutn
1428 1411 1528 1437 ttulluut
1545 1411 1649 1445 signum
1673 1411 1717 1438 dat
1741 1413 1846 1440 emittm.

1058 1457 1103 1484 Vis
1123 1457 1179 1492 ejus
1199 1457 1273 1492 signa
1292 1457 1417 1484 discere?
1432 1455 1569 1491 Signiﬁcat
1595 1456 1714 1491 pluvias,
1737 1463 1848 1490 ventos,

1058 1503 1161 1530 hietncs
1183 1510 1214 1529 ac
1226 1507 1397 1537 tempestates
1408 1521 1416 1535 ,
1435 1501 1606 1536 tranquillum
1627 1509 1727 1528 acrem.
1743 1502 1804 1529 Iltec
1814 1503 1850 1529 si-

1056 1549 1184 1584 gnilieant
1197 1549 1280 1575 stella:
1293 1569 1300 1581 ,
1317 1547 1395 1582 idque
1409 1555 1455 1582 per
1470 1548 1515 1574 llei
1529 1547 1731 1582 benignitatem,
1746 1553 1772 1574 ut
1785 1556 1850 1576 nau-

1056 1595 1144 1622 clerus
1159 1595 1262 1629 signum
1275 1594 1361 1620 videat
1371 1614 1378 1626 ,
1393 1598 1419 1620 et
1433 1593 1576 1628 periculum
1592 1593 1716 1628 effugiat;
1731 1598 1761 1620 ut
1775 1594 1847 1629 agri-

1056 1640 1113 1668 cola
1138 1640 1233 1667 hiemis
1254 1647 1361 1666 scnsum
1385 1638 1496 1671 habeat,
1511 1643 1538 1666 et
1554 1643 1725 1666 antevertens
1747 1643 1847 1667 terram

1057 1691 1146 1714 aratro
1160 1686 1253 1713 sulcet.
1269 1686 1316 1712 Est
1331 1690 1356 1713 et
1369 1685 1428 1713 bellt
1444 1690 1470 1712 et
1485 1685 1556 1719 pacis
1570 1684 1686 1719 sigmtm.
1702 1685 1764 1712 llzec
1787 1685 1849 1712 Ser-

1055 1737 1132 1760 vator
1145 1732 1285 1759 afﬁrmavit
1296 1751 1303 1764 ,
1319 1739 1378 1766 qua:
1393 1731 1482 1765 utique
1505 1734 1567 1757 sunt
1579 1729 1710 1764 simplicia
1723 1750 1730 1763 ,
1745 1734 1772 1757 et
1795 1738 1844 1757 οχ-

1056 1779 1160 1814 ploratu
1176 1777 1272 1805 facilia.
1295 1777 1337 1805 Ait
1357 1776 1455 1811 quippe
1475 1775 1573 1802 Judteis
1590 1783 1597 1802 :
1615 1784 1624 1801 ι
1644 1775 1810 1810 11)·ροοῑὶιω,
1826 1778 1847 1802 sl

1057 1824 1175 1851 videritis
1199 1823 1295 1850 nubem
1316 1822 1349 1849 ab
1372 1829 1467 1849 occasu
1482 1822 1611 1848 orientem
1624 1841 1631 1853 ,
1646 1821 1753 1854 dicitis,
1771 1821 1848 1848 Venit

1057 1873 1201 1904 tempestas
1216 1878 1225 1894 ›
1239 1867 1342 1904 (ΜαιιΙι.
1357 1866 1487 1901 16.2-4);
1502 1876 1511 1892 t
1522 1870 1548 1893 et
1559 1867 1593 1892 ita
1609 1865 1646 1893 ﬁt.
1658 1866 1721 1894 Etsi
1731 1865 1848 1893 videritis

1056 1923 1172 1951 vespere
1195 1914 1371 1942 rubicundum
1398 1913 1492 1940 caelum
1506 1933 1513 1945 ,
1529 1912 1616 1939 dicitis
1631 1920 1638 1939 :
1655 1912 1805 1946 Serenum;
1821 1917 1848 1940 et

1057 1963 1129 1991 venit
1141 1969 1277 1990 serenum.
1293 1961 1328 1988 Et
1342 1962 1364 1988 si
1380 1959 1501 1987 videritis
1515 1966 1577 1986 sero
1595 1959 1670 1986 triste
1685 1959 1788 1991 etclam,
1803 1959 1847 1986 di-

1056 2009 1132 2042 citis,
1147 2008 1304 2043 Tempestas
1315 2007 1387 2033 venit
1404 2015 1412 2032 ι
1426 2005 1501 2041 (Luc.
1516 2005 1560 2032 l2.
1576 2005 1681 2040 54—56).
1695 2005 1848 2040 Deindeque

1056 2053 1192 2088 subiungit
1206 2061 1213 2080 :
1226 2061 1235 2078 (
1255 2052 1358 2079 Faciem
1374 2051 1431 2078 meti
1442 2055 1468 2077 et
1484 2055 1561 2077 terra:
1573 2049 1688 2084 probare
1701 2050 1774 2077 scitis
1789 2071 1796 2083 ,
1811 2050 1847 2077 il-

1055 2100 1101 2128 lud
1121 2105 1209 2127 autem
1229 2104 1332 2132 tempus
1356 2096 1482 2124 nescitis?
1499 2105 1508 2121 »
1527 2095 1589 2123 Haec
1609 2099 1671 2123 sunt
1691 2096 1765 2131 signa
1786 2104 1846 2131 quzc

1056 2147 1113 2174 sine
1124 2145 1242 2182 periculo
1256 2144 1440 2177 observantur,
1448 2147 1537 2175 testas,
1550 2143 1646 2176 hiems,
1658 2142 1759 2177 pluvia,
1771 2149 1844 2170 sere-

1055 2200 1106 2220 nus
1114 2199 1169 2219 aer.
1182 2191 1245 2219 lltcc
1253 2198 1304 2218 non
1312 2194 1373 2217 sunt
1380 2197 1395 2216 a
1406 2189 1503 2224 pietate
1512 2187 1609 2220 aliena,
1616 2188 1662 2214 sed
1673 2187 1718 2215 Dei
1726 2189 1843 2224 propria.

1055 2240 1136 2267 Multa
1149 2238 1325 2274 potuissemus
1337 2236 1371 2263 de
1382 2235 1524 2270 astrologia
1534 2233 1632 2267 dicere;
1644 2234 1690 2261 sed
1702 2241 1769 2269 opus
1779 2234 1845 2261 fuis-

1056 2291 1097 2315 set
1111 2291 1138 2314 et
1161 2283 1326 2313 contentiore
1340 2286 1463 2315 voce,et
1483 2288 1582 2316 organo
1606 2288 1658 2308 nea
1684 2280 1844 2310 fatiscente:

1055 2341 1116 2368 nam
1129 2340 1189 2360 cum
1203 2338 1326 2358 scrtnotte
1340 2337 1415 2357 meus
1433 2328 1489 2364 pari
1509 2335 1602 2362 gressu
1616 2328 1745 2362 procedit,
1759 2333 1785 2355 et
1800 2336 1844 2356 ra-

1055 2379 1190 2407 tiocinium
1204 2384 1255 2404 una
1266 2383 1326 2403 eum
1341 2375 1427 2409 lingua
1441 2373 1598 2412 inﬁrmatur.
1613 2372 1653 2399 Ad
1665 2380 1695 2399 ea
1707 2380 1770 2408 ergo
1785 2381 1844 2408 quae

1054 2429 1116 2453 sunt
1136 2423 1297 2458 simpliciora
1317 2420 1503 2456 procedatnus.
1520 2419 1577 2446 Sint
1600 2419 1627 2445 in
1647 2419 1720 2453 signa
1738 2423 1762 2446 et
1783 2424 1843 2446 tent-

1055 2479 1127 2508 pora.
1147 2468 1227 2497 Aliud
1248 2468 1320 2496 enim
1339 2471 1381 2494 est
1394 2471 1471 2501 χρόνος
1491 2469 1613 2499 tempus,
1630 2468 1657 2491 et
1669 2464 1740 2491 aliud
1764 2469 1844 2500 καιρός

1054 2516 1248 2553 opportunitas.
1261 2518 1349 2550 Χρόνος
1361 2511 1519 2539 diuturnitas
1532 2515 1573 2537 est
1583 2531 1591 2544 ,
1605 2515 1631 2537 et
1650 2514 1730 2546 καιρός
1743 2518 1842 2546 oppor-

1055 2564 1162 2591 tunitas.
1178 2561 1232 2589 Nec
1246 2565 1286 2587 est
1299 2559 1342 2595 qui
1357 2559 1437 2591 dicat,
1453 2561 1531 2592 χρόνος
1545 2561 1583 2583 est
1595 2556 1750 2589 vindemia);
1765 2564 1843 2584 nemo

1053 2611 1128 2642 dicit,
1143 2613 1220 2644 χρόνος
1234 2612 1274 2634 est
1286 2606 1412 2641 virginem
1429 2604 1532 2631 locandi
1549 2612 1555 2630 :
1572 2602 1628 2635 sed,
1645 2606 1723 2637 καιρός
1738 2608 1779 2630 est
1789 2604 1843 2630 vir-

1053 2658 1141 2692 ginem
1157 2654 1260 2683 locandi
1272 2674 1280 2686 ,
1294 2658 1373 2688 καιρὸς
1387 2651 1514 2679 sctnentis
1528 2654 1554 2677 et
1578 2654 1658 2685 καιρὸς
1671 2649 1776 2676 messis.
1793 2649 1843 2676 Sa-

1054 2705 1196 2738 Iomonque
1210 2701 1247 2728 ait
1263 2708 1270 2727 :
1283 2700 1363 2734 καιρὸς
1379 2697 1510 2732 pariendi,
1524 2700 1547 2722 et
1563 2700 1643 2729 καιρὸς
1664 2694 1802 2726 moriendi,
1820 2699 1842 2720 et

1053 2754 1133 2785 καιρὸς
1158 2745 1301 2780 wdiﬁcandi
1312 2765 1318 2776 ,
1336 2748 1358 2770 et
1379 2747 1458 2778 καιρὸς
1474 2740 1616 2768 destruendi
1631 2738 1735 2785 (Eccle.
1749 2739 1779 2785 3.
1792 2737 1810 2764 2

1056 2783 1144 2832 Katpév
1157 2793 1219 2821 dicit
1238 2789 1472 2826 Opportunitatem.
1487 2787 1551 2814 II.ec
1571 2793 1635 2813 vero
1658 2784 1742 2811 stella:
1758 2783 1842 2817 signi-

1054 2844 1151 2874 ﬁcant;
1167 2845 1227 2875 puta
1241 2861 1248 2872 ,
1260 2836 1391 2873 pleiadum
1412 2839 1498 2862 ortum
1518 2832 1620 2860 ittitiutn
1638 2837 1706 2875 esse
1726 2835 1840 2875 messis;

1055 2873 1186 2925 pleinluit
1211 2891 1346 2918 occasum,
1359 2880 1462 2909 initium
1478 2877 1613 2907 sementis.
1625 2873 1686 2902 llxc
1701 2874 1733 2902 ab
1747 2873 1840 2908 ttnpiev
