2047 3122
242 165 290 192 ,m
950 157 1131 185 SEVERIANI

240 227 294 247 tale
307 221 391 247 aliena
402 242 408 251 ,
422 219 565 256 pietatique
580 219 685 253 propria
704 223 776 245 sunt.
793 222 879 250 Km;ct
894 218 949 244 sive
963 223 1030 244 tem-

239 275 302 302 pora
324 266 387 293 festa
407 273 512 300 quoque
537 270 676 291 vocantur.
703 265 746 291 Ait
771 264 841 292 Deus
860 273 867 291 ε
887 263 949 291 Tria
971 266 1032 290 anni

238 318 351 347 tempora
374 309 528 337 celebrabitis
550 310 611 336 milii
623 331 629 342 ,
651 309 740 344 festum
755 310 907 343 Azymorum
919 330 927 343 ,
941 311 1031 343 festum

241 358 413 391 l’entet'ostes,
428 361 452 383 et
470 358 559 392 festum
573 356 787 391 Scenopegiorum
809 356 895 392 (Deut.
914 357 956 383 16.
975 356 1030 392 16).

237 403 298 431 Tria
313 408 441 438 tempora.
460 403 528 430 Ecce
542 403 626 437 signa,
641 407 667 429 et
678 407 807 437 tempora.
825 402 887 430 Dies
897 409 990 430 rursus
1001 403 1027 429 iu

237 450 347 476 sabbato
357 454 383 475 et
394 456 499 476 menses
516 447 577 475 facit
592 448 663 475 luna.
676 447 722 475 Sol
733 455 862 475 annorum
874 444 1030 475 conversio-

237 503 285 523 nes
295 496 428 527 observat,
441 502 559 527 vernam,
575 494 786 529 mquinoctialem
797 495 818 527 ¹,
832 495 950 521 aestivam
963 515 971 526 ,
983 502 1030 521 au-

238 541 392 568 tumnalem.
407 540 483 568 Stant
499 540 569 575 leges
583 540 709 567 immotzc.
728 540 799 567 Dixit
811 561 817 571 ,
834 545 861 567 et
883 540 933 567 ﬁxa
949 545 1027 574 sunt;

238 587 372 614 mandavit
383 606 389 618 ,
406 590 433 613 et
447 585 555 613 fundata
571 591 642 612 Slllll.
663 585 712 613 llic
725 585 831 613 demum
851 587 967 613 animum
983 587 1029 613 ad-

237 634 342 660 vertite.
363 633 428 666 Quis
443 632 536 659 horum
559 633 652 659 artifex
664 632 676 658 ’ἶ
688 634 747 667 quis
763 633 820 660 h;ec
833 632 916 660 fecit?
931 633 1029 660 Pater?

236 679 320 706 Nemo
335 678 476 705 inliciatur.
493 678 594 705 Filius?
608 678 693 705 Etiam
704 678 820 706 haeretici
836 678 961 712 fatentur,
976 679 1027 706 etsi

237 733 290 751 non
313 729 385 751 recte
399 724 508 751 :dicunt
529 724 599 750 enim
613 745 619 755 ,
636 724 714 751 Pater
735 723 830 751 Filium
851 724 913 751 fecit
925 744 932 757 ,
945 725 1028 752 Filius

237 775 325 797 autem
345 771 444 796 omnia.
458 769 639 796 Admittamue
654 769 838 804 impietatem?
850 770 915 804 Quia
927 770 1028 798 insolu-

236 815 298 842 bilia
315 815 416 842 vincula
434 815 618 842 haereticorum
642 820 757 843 mentem
773 816 974 850 constringunt,
987 816 1028 843 in-

240 866 406 895 terrogemus
428 860 668 895 prophetaszuum
696 860 734 892 is,
761 861 804 895 qui
831 861 920 888 omnia
947 861 1026 895 fecit,

236 907 386 942 quempiam
401 907 495 933 habeat
509 906 644 941 majorem,
655 914 687 932 an
703 906 825 933 omnibus
838 906 872 933 sil.
886 907 1025 941 superior:

235 960 282 980 sua
294 953 364 980 enim
381 953 428 987 ipsi
444 953 622 986 propositione
636 952 743 980 cadunt.

272 999 299 1025 4.
318 999 431 1032 Dicunt,
446 999 539 1025 Omnia
561 998 623 1026 fecit
636 998 736 1030 Filius,
751 998 836 1033 ipsum
852 1006 915 1026 vero
933 999 1024 1027 Pater.

236 1043 368 1079 Propitius
381 1044 456 1070 nobis
474 1044 509 1070 sit
523 1051 571 1078 pro
583 1043 745 1078 blasphemia
762 1053 767 1070 :
783 1044 860 1078 plane
871 1042 942 1070 enim
956 1044 1023 1071 hor-

234 1099 280 1118 ror
301 1095 341 1118 est
361 1091 501 1125 impiorum
526 1091 605 1118 verba
629 1091 746 1123 iterare;
773 1095 890 1118 attamen
907 1090 1025 1118 medicos

235 1138 378 1170 imitemur,
389 1137 560 1164 immitteutes
571 1137 596 1163 iu
610 1137 717 1164 vulnera
730 1145 833 1169 manus,
845 1141 872 1163 ut
883 1137 971 1164 ulcera
983 1144 1027 1164 cu-

234 1190 324 1210 remus
336 1190 342 1207 :
355 1187 463 1209 coactus
477 1182 555 1209 etiam
580 1181 628 1209 fuit
638 1183 782 1216 Apostolus
803 1189 845 1209 res
857 1181 1024 1216 turpissimus

233 1222 443 1254 commemorare
455 1249 462 1260 ,
479 1235 530 1254 non
545 1232 573 1254 nt
592 1228 706 1262 linguam
722 1227 844 1259 fmdaret,
858 1227 904 1254 sed
921 1231 949 1253 ιιι
963 1234 1024 1262 pee-

232 1278 291 1299 cata
306 1273 434 1299 ablueret.
449 1273 554 1305 Dicunt,
569 1272 663 1300 Omnia
677 1272 740 1299 fecit
752 1271 845 1305 Filius,
862 1272 948 1307 ipsum
960 1280 1024 1302 vero

233 1318 320 1345 l‘ater.
337 1317 509 1353 lnterrogabo
524 1314 684 1353 prophetas,
700 1318 758 1352 quis
771 1323 797 1345 et
818 1322 934 1352 quantus
953 1318 987 1346 sit
1000 1318 1023 1346 is

231 1366 275 1399 qui
299 1366 393 1392 uelum
417 1365 489 1392 fecit.
505 1365 549 1392 Ait
572 1365 652 1392 Isaias
678 1364 827 1400 propheta:
847 1374 856 1390 ι
875 1364 937 1392 [huc
959 1365 1023 1392 dicit

232 1410 359 1438 Dominus
371 1431 378 1442 ,
403 1410 447 1445 qui
463 1411 524 1437 fecit
543 1410 636 1437 celum
648 1429 655 1441 ,
671 1413 697 1436 et
718 1409 774 1436 ﬁxit
793 1409 856 1436 illud
880 1409 945 1444 :qui
963 1409 1022 1437 fun-

230 1456 301 1482 davit
315 1461 422 1488 terram,
437 1460 532 1490 etqua:
547 1456 571 1481 in
584 1455 627 1482 illa
639 1460 700 1481 sunt
717 1464 722 1481 :
735 1455 778 1490 qui
794 1455 839 1482 dat
849 1455 1021 1490 spirationcm

230 1501 326 1536 populo
341 1501 385 1536 qui
400 1502 424 1528 in
440 1501 484 1527 illa
501 1505 541 1527 est
554 1521 561 1534 ,
578 1505 604 1527 et
624 1500 744 1535 spiritum
760 1500 923 1528 calcantibus
936 1508 995 1528 eam
1012 1509 1020 1528 :

230 1547 285 1582 Ego
297 1547 423 1574 Dominus
439 1556 448 1572 ι
464 1546 547 1582 (Isai.
563 1546 608 1573 42.
624 1546 651 1573 5.
666 1546 705 1581 6).
725 1555 734 1571 ι
747 1547 815 1573 Ante
829 1553 871 1573 me
885 1546 954 1573 Deus
967 1553 1020 1573 non

229 1598 279 1627 est,
287 1584 378 1629 etpost
390 1600 432 1620 mc
446 1593 515 1620 Deus
521 1596 631 1619 nonest.
642 1591 698 1627 Ego
706 1599 775 1625 sum,
784 1596 810 1619 et
819 1600 871 1618 non
881 1595 923 1619 est
929 1591 996 1618 alius
1008 1600 1017 1617 ι

231 1640 307 1676 (Ιειιὶ.
323 1640 366 1667 45.
383 1640 426 1667 10.
441 1640 495 1675 ll).
522 1639 585 1666 [huc
602 1638 667 1666 dicit
689 1637 734 1673 qui
747 1639 916 1666 i'ecitcaalum
925 1643 1018 1666 etter-

228 1693 284 1712 ram
300 1685 456 1720 Unigenitus
467 1706 473 1717 ,
485 1685 529 1720 qni
542 1684 689 1713 secundum
705 1684 846 1711 ha-reticos
858 1683 943 1711 factus
958 1688 998 1719 ρει
1009 1704 1017 1717 ,

227 1736 254 1757 ‹-ι
280 1736 371 1765 postea
393 1731 504 1758 ereavit.
519 1730 617 1757 Verum
644 1731 670 1757 in
696 1730 864 1757 sermonibus
888 1729 1019 1758 labiorum

227 1785 335 1803 suorum
358 1776 559 1811 Compreliensus
574 1782 609 1802 est
626 1781 741 1810 peccator
763 1775 848 1811 (Psal.
860 1775 887 1803 9.
904 1777 959 1811 17).
976 1776 1020 1804 Ait

227 1823 320 1850 beatus
333 1822 462 1850 Jeremias
479 1831 486 1849 ε
501 1821 546 1849 Sic
561 1822 644 1849 dicite.
659 1821 843 1855 Quibusnam?
856 1821 1017 1855 Gentilibus;

227 1867 271 1894 Dii
295 1869 337 1903 qui
366 1867 455 1894 mlum
478 1873 502 1894 et
529 1872 621 1894 terram
648 1875 698 1894 non
724 1869 852 1902 fecerunt,
877 1868 1019 1903 dispereunt

226 1916 257 1941 tle
272 1920 337 1941 terra
351 1915 417 1950 (λεν.
434 1915 477 1942 10.
496 1916 552 1949 ll).
568 1914 705 1946 Dominus,
724 1914 773 1947 Qui
785 1914 843 1949 fecit
857 1914 931 1942 ett-los
944 1915 970 1941 in
983 1915 1019 1941 in-

225 1961 325 1988 tellectu
347 1961 432 1995 (l'sat.
457 1961 516 1988 155.
533 1960 560 1996 5)
573 1981 581 1993 ,
595 1961 651 1995 ipse
670 1961 739 1987 Deus
752 1960 827 1987 vivus
846 1965 872 1987 et
884 1968 972 1988 verus.
989 1961 1017 1988 Si

225 2014 303 2033 verus
315 2011 356 2033 est
372 2006 493 2033 Deusille
504 2006 548 2041 qui
563 2006 623 2033 fecit
636 2006 742 2038 etclam,
754 2006 802 2040 ipsi
819 2013 882 2033 vero
897 2006 1016 2033 hxretici

224 2052 384 2079 conﬁtentur
394 2052 489 2079 Filium
499 2059 557 2078 esse
566 2059 625 2078 cum
635 2052 677 2086 qui
691 2051 752 2078 fecit
762 2052 855 2079 caelum
868 2057 895 2079 et
907 2056 1014 2085 terram,

224 2106 283 2132 qua:
299 2106 384 2133 pugna
399 2105 459 2124 cum
473 2097 675 2130 dicitChristus,
692 2096 724 2123 Ut
738 2104 888 2132 cognoscant
903 2102 926 2124 te
935 2097 1017 2124 solum

224 2143 305 2170 Deum
316 2152 408 2175 verum,
419 2148 441 2170 et
453 2151 525 2178 quem
536 2143 623 2170 misisti
633 2142 649 2169 J
652 2151 721 2169 esum
732 2142 859 2169 Christum
869 2143 957 2178 (Joan.
970 2144 1014 2170 17.

223 2191 263 2228 5).
279 2191 345 2217 Cum
359 2191 487 2218 Servator
501 2195 546 2217 aut
561 2197 607 2224 per
620 2189 766 2224 prophetas
776 2210 784 2222 ,
798 2194 843 2216 aut
855 2198 901 2224 per
915 2197 944 2217 se
958 2189 1014 2217 lucc

223 2237 341 2269 diCL‘bﬂl,
357 2244 410 2263 nou
423 2236 455 2262 ad
469 2236 694 2270 comparationem
707 2243 767 2262 cum
779 2235 857 2262 Patre
873 2235 930 2262 hmo
944 2236 1016 2263 dice-

222 2283 282 2315 bat,
298 2282 331 2309 Ut
347 2286 497 2317 cognoscant
511 2286 534 2308 te
547 2280 628 2307 solum
650 2280 732 2307 Deum
744 2289 754 2313 ,'
769 2281 815 2308 sed
831 2281 863 2308 ad
888 2281 1014 2309 (liﬂ'eren-

222 2328 285 2355 tiam
299 2335 402 2361 eorum,
419 2327 462 2361 qui
479 2327 546 2354 falso
556 2327 593 2356 dii
611 2327 788 2361 appellantur,
802 2327 1012 2361 signiﬁcandam.

221 2374 401 2408 Quamobrem
417 2373 514 2400 Paulus
538 2379 652 2415 quoque.
664 2373 728 2399 dicit
744 2380 751 2398 :
769 2371 885 2399 Conversi
906 2373 965 2400 estis
983 2373 1014 2399 ab

221 2422 306 2454 idolis,
319 2422 412 2448 servire
427 2420 480 2447 Deo
493 2421 547 2446 vivo
559 2424 582 2446 et
596 2427 653 2447 vero
668 2419 707 2455 (1.
723 2418 810 2446 Thess.
824 2418 850 2445 1.
865 2418 904 2452 9).
914 2418 1014 2447 Verum

220 2471 308 2498 vocat,
322 2471 351 2493 ut
364 2465 445 2492 falsos
455 2464 575 2492 confutet
586 2473 593 2497 ;
603 2464 703 2498 vivum,
716 2469 744 2491 ut
760 2469 863 2492 mortua
877 2465 947 2492 idola
960 2470 1014 2492 tra-

221 2513 310 2539 ducat.
328 2512 383 2545 Ego
395 2518 459 2538 vero
473 2515 546 2545 puto,
563 2511 615 2537 imo
627 2511 716 2546 potius
729 2510 821 2543 credo,
837 2515 955 2538 mortuus
967 2511 1014 2538 ad‘

221 2564 327 2584 versum
354 2564 403 2584 nos
416 2557 511 2588 irasci,
534 2556 555 2582 si
581 2556 689 2582 audiant
716 2563 764 2583 nos
787 2556 855 2582 idol‘a
878 2556 1013 2591 appellare

222 2607 336 2629 mortua.
354 2602 477 2636 lnjuriam
488 2623 495 2636 ,
510 2603 599 2635 aiunt,
609 2602 730 2636 irrogatis
744 2607 835 2629 nostra
847 2602 945 2628 ordini.
959 2601 1013 2629 Nos

221 2649 319 2676 mortui
340 2655 482 2681 vocamur,
498 2648 542 2682 qui
563 2647 705 2682 aliquando
729 2648 842 2674 viximus
856 2656 863 2674 :
879 2647 922 2682 qui
940 2655 1013 2674 Imm-

220 2701 302 2727 quant
322 2693 427 2725 visere,
450 2701 497 2719 cur
520 2693 617 2719 mortui
639 2692 827 2727 appellantur?
844 2692 886 2718 Dii
905 2693 948 2727 qui
961 2700 1012 2719 ca:-

221 2740 273 2766 tum
286 2743 309 2766 et
324 2744 417 2767 terram
430 2747 481 2766 non
501 2741 629 2775 fecerunt,
646 2739 789 2775 dispereunt
816 2739 882 2775 (Jer.
897 2739 940 2768 10.
953 2740 1010 2775 11).

251 2821 261 2837 ί
277 2821 315 2847 sic
324 2820 413 2850 Vatis,
424 2819 493 2844 savil.
512 2822 538 2844 et
554 2825 640 2844 omnes
655 2822 707 2844 Mss.
725 2818 883 2844 Combeﬁsius
899 2825 960 2844 vero
978 2826 1011 2844 ex

219 2852 368 2882 conjectura,
382 2850 583 2883 n'quinoctialem,
594 2850 628 2879 in,
641 2850 782 2883 [ig/bemam,
795 2851 910 2875 mutavit:
923 2857 969 2875 nec
979 2851 1011 2875 de

219 2883 282 2906 facta.
293 2882 425 2907 mutatione
438 2882 554 2907 lectorem
567 2882 666 2905 iuonuit.

1825 164 1875 192 ιιι

1086 218 1223 251 Dominus,
1240 218 1289 251 Qui
1301 219 1358 255 fecit
1371 219 1445 247 avios
1459 220 1484 246 in
1496 221 1621 247 intellectu
1635 220 1745 258 (Psalm.
1759 221 1819 249 l35.
1834 222 1872 258 5),

1084 263 1142 297 ipse
1163 264 1238 290 vivus
1258 263 1328 291 Deus
1342 268 1370 292 et
1384 272 1473 292 verus.
1490 265 1554 299 Quis
1567 270 1608 293 est
1623 266 1716 293 vivus?
1737 266 1787 300 Qui
1811 266 1874 294 fecit

1083 309 1187 336 caelum.
1203 309 1270 336 Num
1284 314 1355 337 stant
1372 310 1558 338 ha‘reticorum
1580 311 1772 339 deﬁnitiones?
1785 319 1873 340 annon

1082 354 1153 382 cadit
1165 362 1258 382 eorum
1272 356 1412 390 impietas?
1428 365 1515 384 ιιιιιιοη
1538 360 1707 393 redarguunt-
1719 366 1814 395 eorum
1829 367 1872 387 re-

1082 400 1162 435 ligio?
1186 408 1274 428 annon
1297 401 1454 429 dissolvitur
1477 403 1779 437 pravitas?Conditoris
1792 412 1871 440 opera

1082 447 1309 482 comprehendere
1325 456 1378 475 non
1393 452 1469 484 potes
1480 468 1488 482 ,
1504 452 1533 476 et
1545 449 1682 477 Artiﬁcem
1705 451 1812 478 curiose
1834 452 1872 478 in-

1082 494 1165 527 quiris
1179 498 1205 521 et
1217 493 1359 528 exploras?
1370 494 1438 528 Quid
1453 494 1550 521 clamat
1563 495 1665 522 David!
1682 495 1764 529 Quam
1781 497 1872 530 magni-

1082 540 1157 574 ﬁeala
1168 545 1227 566 sunt
1242 548 1318 575 opera
1333 545 1377 567 tua
1389 561 1396 572 ,
1410 540 1534 568 Domine!
1550 540 1642 568 Omnia
1656 542 1682 568 in
1694 543 1821 577 sapientia
1834 545 1871 579 fe-

1082 585 1137 612 cisti
1153 585 1265 618 (Psalm.
1280 586 1342 613 105.
1355 586 1412 620 24).
1429 586 1570 622 Propheta:
1584 595 1667 622 opera
1682 589 1871 624 magniﬁcam,

1081 630 1198 658 haeretici
1221 631 1348 666 Opiﬁcem
1367 632 1501 659 mintmnt.
1525 633 1634 668 Magnus
1656 634 1700 661 ille
1722 635 1834 662 consitio
1845 640 1872 662 et

1081 682 1174 712 potens
1186 678 1311 712 operibus
1321 699 1327 710 ,
1339 678 1384 713 qui
1394 679 1488 706 czelum
1502 678 1625 707 formavit
1638 686 1662 708 et
1676 680 1731 708 ﬁxit
1742 689 1774 708 ex
1786 681 1871 716 aquis;

1081 731 1133 750 non
1149 723 1219 750 enim
1239 731 1254 750 a
1273 724 1402 752 miraculo
1417 724 1542 752 abscedo.
1559 726 1598 752 Ex
1611 726 1689 761 aquis
1715 732 1872 754 concretum

1080 774 1138 802 est,
1153 775 1180 798 et
1198 777 1294 806 aquam
1314 776 1422 806 gestat:
1445 779 1477 799 ex
1499 772 1575 806 aquis
1590 777 1744 799 concretum
1767 777 1825 806 est,
1845 777 1872 800 et

1081 817 1205 852 abyssum
1219 821 1306 852 gestat
1320 826 1328 850 ;
1344 817 1453 845 omnino
1467 823 1554 845 autem
1568 818 1691 852 exemplo
1704 818 1787 846 hau-et
1797 839 1804 851 ,
1818 826 1871 855 gg-

1078 870 1160 905 Ἣ,
1174 863 1282 898 inquam
1295 883 1303 896 ,
1319 862 1371 891 hoc
1392 863 1560 891 miraculum.
1583 863 1704 891 Vidistin'
1722 864 1825 891 tabulas
1838 863 1871 891 ab

1080 916 1148 943 aqua
1164 912 1296 943 gestatas,
1319 913 1347 936 et
1360 909 1475 944 desuper
1491 910 1578 936 nivem
1599 909 1724 943 gestare?
1738 909 1831 937 Hiems
1845 909 1868 936 id

1080 953 1152 987 fecit,
1169 959 1196 981 ct
1209 954 1279 981 Deus
1290 961 1342 982 non
1357 955 1452 983 faciet?
1464 955 1539 983 Fecit
1553 956 1658 988 malum,
1675 963 1728 982 non
1743 960 1770 983 ut
1784 955 1870 991 sphr-

1079 1009 1136 1028 ram
1161 1000 1218 1036 (ιι),
1242 1006 1271 1028 ιιι
1291 1001 1512 1037 philosophantur
1525 1009 1640 1037 nugaces
1655 1002 1704 1029 illi.
1720 1002 1777 1030 Non
1798 1002 1868 1030 enim

1079 1047 1211 1083 sphaaram
1225 1047 1286 1076 fecit
1301 1056 1360 1083 quae
1373 1048 1503 1076 volvatur.
1517 1048 1627 1082 Verum,
1644 1053 1671 1075 ut
1685 1049 1720 1075 ait
1729 1047 1868 1083 propheta,

1078 1095 1118 1122 sol
1130 1094 1264 1130 quomodo
1278 1094 1383 1123 currit?
1396 1095 1445 1128 Qui
1455 1096 1542 1122 statuit
1554 1095 1643 1122 cretum
1656 1096 1720 1122 sicut
1734 1095 1867 1130 fornicem,

1078 1147 1102 1170 et
1122 1143 1233 1170 extendit
1258 1143 1325 1170 illud
1342 1144 1409 1171 velut
1431 1145 1619 1171 tabernaculum
1642 1144 1726 1179 (lsai.
1743 1145 1787 1172 10.
1801 1144 1866 1180 22).

1077 1188 1161 1216 Nemo
1175 1193 1295 1216 nostrum
1311 1189 1346 1216 ita
1359 1189 1456 1224 impius
1466 1195 1507 1218 est
1521 1195 1550 1217 ut
1564 1190 1707 1225 nugacibus
1723 1190 1776 1218 illis
1790 1190 1866 1217 ﬁdcnt

1078 1236 1185 1264 habeat.
1201 1236 1343 1271 Propheta;
1353 1236 1444 1264 dicunt
1458 1237 1551 1264 exulum
1567 1237 1671 1264 initium
1686 1242 1713 1264 et
1728 1237 1806 1263 ﬁnem
1821 1236 1867 1262 ha-

1076 1281 1151 1310 bere.
1162 1282 1225 1310 Ideo
1238 1282 1277 1310 sol
1293 1290 1345 1310 non
1357 1282 1488 1316 ascendit,
1503 1282 1550 1310 sed
1566 1283 1696 1318 procedit.
1713 1283 1781 1309 Dicit
1794 1282 1866 1310 Scri-

1077 1335 1154 1366 ptura
1170 1339 1176 1357 :
1194 1330 1241 1358 Sol
1254 1339 1367 1367 egressus
1380 1337 1416 1358 est
1432 1339 1507 1366 super
1522 1337 1630 1365 terram,
1645 1336 1667 1359 et
1679 1330 1726 1358 Lot
1739 1332 1866 1366 ingressus

1076 1381 1111 1403 est
1125 1376 1150 1402 in
1164 1375 1246 1411 Segor
1259 1376 1340 1412 (Gen.
1359 1377 1402 1404 l9.
1417 1377 1480 1413 25).
1505 1377 1596 1404 Palam
1613 1385 1676 1412 ergo
1691 1382 1732 1405 est
1746 1385 1779 1405 ex
1793 1378 1866 1405 Scri-

1076 1426 1152 1456 ptura
1168 1422 1251 1449 Solem
1268 1430 1404 1458 egressum
1420 1430 1490 1455 esse.
1507 1431 1559 1451 non
1574 1423 1748 1452 ascendisse:
1765 1432 1796 1452 ac
1808 1432 1866 1452 rur-

1075 1477 1146 1502 sum,
1160 1470 1180 1496 A
1194 1478 1292 1497 summo
1304 1470 1366 1498 mlo
1376 1471 1485 1506 egressio
1495 1471 1549 1505 eius
1564 1471 1649 1506 (Psal.
1665 1471 1708 1499 l8.
1720 1471 1758 1507 7),
1771 1471 1864 1507 inquit,

1075 1523 1128 1542 non
1152 1523 1288 1544 ascensus.
1311 1516 1339 1544 Si
1351 1517 1454 1551 sphaera
1476 1522 1532 1550 est,
1553 1525 1686 1545 summum
1708 1525 1761 1545 non
1775 1518 1863 1546 habet.

1075 1562 1151 1596 Quod
1166 1563 1239 1590 enim
1254 1563 1372 1598 undique
1386 1564 1528 1591 rotundum
1545 1569 1595 1597 est,
1611 1563 1716 1591 ubinam
1731 1571 1862 1591 summum

1074 1608 1174 1636 habet?
1190 1609 1257 1636 Num
1271 1617 1335 1644 ergo
1345 1610 1418 1636 solus
1433 1609 1514 1637 David
1528 1609 1608 1643 dicit,
1623 1618 1655 1636 an
1669 1611 1748 1637 etiam
1767 1610 1863 1638 Serva-

1073 1656 1135 1682 tor?
1150 1655 1217 1683 Audi
1229 1656 1314 1691 ipsum
1328 1655 1459 1683 dicentem
1472 1665 1479 1683 :
1496 1665 1505 1682 ι
1520 1656 1587 1683 Cum
1603 1656 1705 1684 venerit
1717 1656 1801 1684 Filius
1815 1656 1863 1684 ho-

1074 1702 1153 1729 minis
1166 1703 1191 1730 iu
1202 1702 1341 1737 majestate
1356 1709 1413 1735 sua,
1431 1703 1516 1729 mittet
1528 1702 1637 1737 angelos
1651 1710 1714 1730 suos
1726 1710 1787 1730 cum
1802 1703 1861 1730 tuba

1072 1755 1099 1776 et
1115 1756 1178 1776 Voce
1189 1756 1283 1784 magna
1294 1770 1301 1782 ,
1320 1754 1346 1776 et
1359 1749 1556 1783 congregabunt
1568 1749 1667 1776 electos
1681 1749 1737 1784 ejus
1754 1757 1770 1776 a
1789 1756 1861 1776 sum-

1072 1803 1115 1822 mo
1130 1796 1196 1822 exin
1212 1802 1294 1830 usque
1307 1795 1339 1822 ad
1353 1802 1485 1822 summum
1500 1795 1593 1821 eazlum
1606 1792 1729 1830 )(Matth.
1745 1794 1789 1822 24.
1805 1795 1859 1830 51).

1108 1844 1135 1870 5.
1152 1841 1245 1869 Fulilis
1256 1841 1386 1869 Seueriani
1398 1841 1545 1876 sphtvricam
1555 1841 1621 1868 orbis
1632 1843 1740 1876 formam
1750 1843 1861 1878 negantia

1071 1888 1167 1923 opinio.
1193 1903 1228 1908 —-
1247 1887 1395 1921 Quaerimus
1418 1892 1505 1915 autem
1539 1887 1583 1914 ubi
1616 1887 1656 1914 sol
1679 1887 1801 1930 occidui,
1835 1894 1861 1915 et

1071 1935 1115 1963 ubi
1128 1939 1208 1962 noctu
1221 1939 1320 1962 currat.
1343 1934 1495 1962 Secundum
1519 1938 1626 1961 exteros
1646 1934 1696 1962 sub
1721 1939 1806 1968 terra;
1820 1942 1860 1961 se.

1070 1980 1186 2008 cundum
1211 1987 1260 2008 nos
1282 1984 1390 2012 autem,
1404 1980 1449 2015 qui
1473 1980 1567 2007 etclam
1589 1980 1860 2008 tabcruaculnmessc

1069 2028 1198 2061 dicimus,
1213 2028 1359 2062 quidnam?
1379 2029 1503 2055 Animum
1514 2027 1620 2061 adhibe,
1636 2035 1736 2063 qumso,
1752 2035 1814 2055 num
1827 2029 1860 2055 sit

1070 2073 1134 2101 falsa
1157 2074 1287 2101 sententia
1303 2080 1309 2098 :
1325 2073 1371 2100 sed
1385 2074 1407 2100 si
1434 2073 1531 2100 habeas
1554 2074 1718 2108 signaculum
1740 2075 1858 2101 veritatis

1070 2119 1221 2146 testimoaio
1246 2119 1378 2146 ﬁrmatum
1392 2140 1400 2152 ,
1425 2119 1562 2146 concurrit
1582 2127 1642 2146 cum
1666 2119 1757 2154 phrasi
1779 2125 1806 2147 et
1819 2120 1858 2146 Io-

1068 2172 1126 2192 cus.
1150 2165 1240 2200 Cogita
1262 2167 1454 2200 superpositam
1481 2165 1611 2193 fornicem
1635 2166 1682 2201 (ὁ).
1705 2165 1802 2193 Oriens
1817 2166 1857 2194 hic

1067 2216 1125 2245 est.
1141 2216 1169 2239 ut
1185 2212 1267 2247 ﬁgura
1282 2212 1457 2246 exprimitur:
1482 2212 1629 2247 septentrio
1643 2220 1706 2240 vero
1735 2211 1789 2240 illic
1801 2234 1808 2244 ,
1823 2220 1857 2240 es

1069 2259 1193 2293 opposito
1206 2258 1332 2285 meridies
1344 2279 1351 2288 .
1369 2258 1422 2285 illic
1444 2258 1581 2285 occidens.
1596 2257 1642 2285 Sol
1656 2258 1746 2285 oriens
1758 2266 1818 2285 cum
1833 2259 1856 2285 iu

1066 2312 1190 2332 occasum
1206 2305 1306 2340 vergit,
1319 2312 1371 2331 uon
1393 2304 1442 2331 sub
1457 2308 1528 2331 terra
1542 2303 1656 2337 occidit,
1675 2303 1722 2331 sed
1734 2311 1856 2338 egressus

1066 2352 1099 2379 ad
1113 2352 1170 2379 (ιωιί
1183 2351 1249 2378 ﬁnes
1261 2372 1268 2384 ,
1284 2356 1373 2386 partes
1383 2350 1504 2378 boreales
1527 2351 1676 2385 percurrit,
1691 2351 1768 2385 quasi
1783 2358 1857 2377 muro

1066 2399 1180 2434 quodam
1195 2398 1352 2430 occultatus,
1369 2398 1443 2432 aquis
1457 2405 1510 2424 non
1523 2397 1673 2425 sinentibus
1686 2402 1713 2424 ut
1727 2397 1785 2431 ejus
1796 2404 1856 2424 cur-

1066 2453 1113 2473 sus
1137 2449 1282 2480 appareat,
1298 2445 1436 2479 curritque
1457 2451 1505 2479 per
1519 2448 1608 2478 partes
1629 2443 1768 2475 boreales,
1783 2447 1810 2470 et
1824 2443 1855 2470 ad

1066 2495 1196 2521 orientem
1209 2492 1290 2519 venit.
1311 2491 1450 2519 Undeuam
1464 2491 1515 2518 hoc
1528 2491 1613 2525 palam
1627 2490 1689 2518 est?
1703 2490 1748 2517 Ait
1764 2490 1855 2517 beatus

1066 2541 1193 2568 Salomon
1213 2540 1238 2566 iu
1253 2538 1430 2569 Ecclesiaste.
1448 2545 1507 2572 qua:
1526 2542 1567 2564 est
1582 2537 1712 2571 scriptura
1727 2541 1808 2564 certa:
1825 2536 1854 2563 η-

1065 2587 1127 2621 dei,
1157 2594 1209 2613 non
1234 2585 1380 2613 adulterata
1396 2593 1402 2610 :
1420 2583 1527 2616 Oritur,
1544 2583 1647 2619 inquit,
1661 2584 1716 2616 sol,
1731 2589 1754 2610 et
1767 2583 1854 2610 occidit
1883 2576 1886 2579 ’

1065 2634 1112 2660 sol.
1135 2632 1225 2659 Oriens
1248 2632 1328 2666 pergit
1348 2631 1382 2658 ad
1396 2636 1525 2662 austrum,
1542 2635 1565 2657 et
1578 2630 1667 2656 circuit
1683 2631 1716 2656 ad
1737 2630 1853 2657 boream:

1065 2679 1152 2706 circuit
1166 2677 1344 2705 circumeundo
1354 2698 1361 2711 ,
1376 2677 1436 2704 etin
1450 2677 1505 2704 loco
1517 2684 1562 2703 suo
1582 2676 1661 2703 oritur
1672 2675 1772 2710 (Eccle.
1782 2677 1853 2711 l.5).

1108 2756 1133 2787 ιι)
1149 2755 1212 2780 Vide
1223 2755 1333 2781 Cosmam
1344 2754 1482 2787 Egyptium
1495 2761 1518 2785 p.
1530 2753 1584 2778 525.

1108 2756 1133 2787 ιι)
1149 2755 1212 2780 Vide
1223 2755 1333 2781 Cosmam
1344 2755 1482 2786 Egyptium
1495 2761 1518 2785 p.
1530 2755 1584 2778 525.

1096 2755 1184 2823 Sotae
1195 2787 1310 2823 opinione
1321 2782 1480 2823 quorumdam
1497 2785 1689 2823 veterpntﬁcirca'
1697 2784 1819 2823 mundum
1826 2784 1854 2823 in}

1064 2814 1161 2843 fornicis
1172 2814 1265 2842 moi‘em
1277 2814 1393 2841 structum
1411 2814 1468 2841 vide
1486 2822 1542 2847 qua
1560 2815 1664 2847 diximus
1681 2817 1706 2841 in
1717 2817 1810 2847 fatouito
1825 2814 1853 2839 ad

1064 2849 1182 2874 Cosmam.
1195 2848 1241 2873 Sed
1254 2848 1306 2872 haec
1317 2847 1427 2878 pluribus
1446 2846 1568 2878 agitantur
1579 2854 1593 2870 a
1606 2846 1690 2871 Cosma
1707 2846 1818 2878 .vlig‘vptio
1827 2847 1851 2871 in

1065 2879 1229 2911 't‘opographia
1240 2885 1291 2908 sua,
1305 2877 1376 2910 quam
1389 2877 1508 2903 edidimus
1518 2884 1581 2902 anno
1593 2877 1661 2902 1706.
