2062 3128
190 181 240 207 εῖὶδ

188 240 345 264 (Lnrt'etitiut
368 235 399 262 ad
422 234 560 272 meridiem
573 254 580 266 ,
595 237 623 260 ut
638 233 745 260 boream
768 232 976 258 circumeuntem

188 285 241 318 jini
257 283 329 309 disce
345 282 370 308 iii
387 281 483 308 hiemis
507 283 664 314 tempestate
679 287 684 304 :
700 278 761 313 quia
783 285 835 304 non
856 284 872 303 a
892 276 980 303 medio

189 331 294 357 oriente
311 329 413 361 oritur,
429 328 475 355 sed
488 328 557 355 circa
581 326 664 354 austri
679 327 748 352 latus
763 325 868 358 oblique
884 323 977 359 percit,

188 377 366 410 exiguumque
382 374 550 402 intervallum
566 380 670 404 secans,
690 372 797 398 brevem
811 371 881 398 dietn
897 370 978 402 facit;

187 431 249 449 cuni
262 421 360 449 occidit
374 425 462 448 autetn
477 424 503 446 et
517 426 610 446 rursus
622 418 751 446 circulum
767 416 885 444 decurrit
899 436 906 449 ,
921 416 980 443 lon—

188 476 248 501 gain
263 471 367 494 noctem
384 466 456 493 facit.
470 465 591 497 Scimus,
615 463 711 490 fratres
722 483 730 495 ,
745 462 829 490 solem
855 470 907 488 non
919 469 979 488 om—

187 514 253 540 nino
267 513 300 538 ab
314 513 408 539 eodem
424 515 522 546 puncto
536 509 669 546 progredi.
686 509 825 547 Quomodo
844 515 907 543 ergo
918 508 981 535 bre-

189 567 235 585 ves
252 560 317 585 titint
331 558 409 585 dies?
423 557 533 585 Accedit
542 557 601 591 ejus
612 560 689 583 ortus
701 555 734 582 ad
752 556 820 582 latus
835 554 954 582 meridiei
972 563 978 580 :

188 604 284 630 deinde
296 611 348 630 non
363 603 444 630 altam
459 607 552 629 tenens
564 622 572 635 ,
586 601 633 629 sed
647 601 783 636 obliquam
799 600 872 627 brevi
886 606 981 626 secans

188 650 257 675 v'nun
267 670 279 681 ,,
288 649 382 675 breves
393 647 473 675 efticit
486 651 587 674 noctes.
602 647 732 674 Occidens
743 650 829 673 autem
842 646 867 672 iit
876 652 981 672 summo

188 693 344 726 occidentis,
359 693 510 719 necessario
526 692 619 719 circuit
634 699 680 726 per
692 697 797 718 noctem
813 694 897 717 totum
911 689 980 716 oeci-

188 734 295 765 tiCiilelll
311 743 338 765 et
351 743 434 764 totum
448 738 570 769 boream,
585 742 721 772 totumque
735 737 864 764 orientetu
876 757 883 769 ,
900 741 980 770 atque

190 786 222 811 ad
236 784 356 811 tueridiei
367 791 501 810 sumntum
520 783 614 816 venit;
628 791 660 810 ac
681 790 791 810 necesse
803 787 844 809 est
856 789 980 817 magnam

187 839 247 857 esse
260 835 376 857 noctem.
392 829 504 863 Quando
523 834 612 856 autem
634 829 763 863 aqualem
789 828 980 863 longitudinem

189 882 215 904 et
230 876 360 911 arquaiein
383 882 491 902 cursum
511 875 607 908 habet,
624 880 686 902 tunc
700 875 888 910 .L-quiuoetium
905 873 977 900 facit.

189 922 291 959 iiut-sus
302 921 334 948 ad
343 921 451 948 boream
462 921 600 948 declinans
610 921 681 948 velut
691 921 776 948 Iiienie
787 921 819 948 ad
831 920 980 954 meridiem,

187 974 214 994 et
222 968 255 994 ad
267 967 354 994 borea:
363 974 467 994 summa
477 967 624 994 ascendens
632 967 771 999 exaltatur,
788 972 812 993 et
824 967 930 1001 longum
939 966 980 993 ef-

188 1014 242 1041 ttcit
253 1014 322 1041 diem
335 1022 341 1040 :
357 1014 464 1041 brevem
479 1018 567 1041 autem
580 1013 707 1041 circulum
719 1013 916 1040 decurrendttm
933 1013 976 1039 lia-

189 1061 264 1093 itetts,
274 1060 380 1087 brevem
387 1059 468 1087 efﬁcit
475 1063 591 1086 noctem.
599 1059 655 1086 Non
666 1059 722 1086 haec
729 1058 816 1086 (ΙΙ-ειεςί
825 1066 872 1085 nos
880 1058 980 1086 docue-

190 1112 251 1133 itiiit
264 1115 270 1133 :
284 1114 370 1141 neqtte
391 1106 462 1134 enim
485 1106 534 1133 Itoc
548 1105 651 1138 volant;
666 1105 712 1132 sed
733 1105 782 1132 sub
797 1110 865 1131 terra
888 1104 980 1132 dicunt

188 1160 260 1180 astra
280 1161 388 1181 currere
408 1157 487 1187 atque
510 1152 604 1179 solent.
629 1152 764 1185 Scriptura
787 1159 853 1178 vero
868 1155 977 1183 nuslra,

189 1201 278 1226 divina
292 1200 419 1234 magistra
432 1199 579 1234 Scriptura,
598 1205 645 1225 nos
659 1197 765 1227 erudit.
782 1198 978 1232 illuminatque.

190 1247 291 1273 iltriude
306 1245 367 1273 fecit
380 1245 476 1278 solem,
491 1253 542 1273 noti
555 1244 682 1271 deiiciens
705 1244 855 1277 luminare;
874 1244 977 1278 lunam,

188 1301 248 1327 qua:
271 1292 394 1319 decorem
408 1292 480 1319 exuit
495 1296 522 1318 et
537 1298 644 1318 rursum
659 1290 754 1317 induit.
776 1290 868 1318 Prodit
888 1291 980 1318 Artiﬁ-

189 1347 248 1365 t‘ctii
271 1346 347 1372 opus.
374 1337 523 1372 Numquam
548 1337 637 1364 deﬁcit
660 1336 779 1370 Artifex;
793 1342 922 1364 aeternum
938 1342 980 1366 est

189 1393 268 1418 opus.
289 1383 380 1419 Neque
403 1383 473 1410 laute
489 1383 533 1410 lux
556 1383 722 1415 absumitur,
746 1383 793 1410 sed
807 1383 973 1410 occultatur:

189 1436 283 1464 estque
300 1434 420 1457 nostrum
436 1429 588 1456 mortalium
609 1428 747 1456 hominum
768 1429 866 1463 imago.
885 1427 974 1462 Cogita

193 1485 246 1510 quo
257 1477 412 1503 satcnlorum
429 1476 513 1510 spatio
528 1480 584 1502 orta
606 1476 649 1502 sit.
663 1475 695 1502 Et
708 1475 730 1502 si
744 1475 828 1509 prima
842 1475 895 1507 sit,
911 1474 977 1501 dici-

189 1529 250 1549 mus
264 1528 271 1548 :
288 1522 361 1549 Luna
375 1521 454 1548 ltodic
477 1521 603 1548 nascitur.
625 1521 734 1554 Quare?
747 1520 814 1553 Quia
830 1520 918 1555 imago
934 1524 976 1547 est

189 1574 341 1595 nostrorum
367 1576 519 1603 corporum.
540 1567 678 1600 Nascitur,
694 1567 807 1599 crescit,
832 1567 975 1602 impletur,

188 1616 339 1647 decrescit,
355 1615 491 1647 minuitur,
507 1614 603 1641 occidit
617 1621 625 1642 :
642 1617 669 1641 et
693 1620 742 1640 nos
763 1612 873 1648 perinde
888 1611 976 1639 nasci-

189 1669 259 1693 mur,
277 1661 437 1693 crescimus,
453 1660 486 1687 ad
512 1660 703 1694 plenitudinem
726 1659 858 1692 venimus,
872 1667 976 1686 marce-

187 1708 297 1738 scinius.
311 1707 487 1739 declinamus,
501 1706 716 1734 consenescimus
726 1726 733 1739 ,
750 1705 889 1737 morimur,
904 1706 976 1732 occi-

158 1747 160 1750 ’
187 1754 285 1779 diuitis.
310 1753 406 1780 Verum
429 1753 471 1779 illa
487 1760 578 1779 rursus
600 1753 715 1779 nascitur
730 1761 737 1778 :
752 1756 780 1779 et
802 1759 852 1778 nos
867 1751 978 1786 perinde

187 1799 366 1826 resurrecturi
394 1805 502 1830 sumus,
518 1805 619 1832 nosque
642 1801 732 1824 manet
755 1797 806 1823 alia
830 1796 976 1831 generatio.

188 1844 250 1871 ideo
263 1845 388 1871 Servatur
411 1848 439 1870 ut
463 1843 586 1871 ostendat
601 1850 648 1870 nos
661 1863 669 1876 ,
691 1839 914 1877 quemadmodum
935 1841 978 1869 hic

189 1891 243 1917 nati
258 1898 361 1922 sumus,
378 1897 482 1917 rursum
498 1889 648 1917 nascituros
661 1896 721 1916 esse
733 1910 740 1921 ,
753 1889 791 1915 ait
807 1897 812 1914 :
830 1887 893 1915 Cum
906 1895 978 1914 vene-

187 1936 220 1962 rit
237 1935 320 1962 Filius
342 1935 450 1962 hominis
470 1931 499 1961 ἰιί
517 1935 704 1970 regeneratione
725 1933 835 1970 (Matth.
849 1934 892 1961 i9.
911 1933 947 1961 28
956 1934 977 1968 ).

190 1982 333 2008 i‘oiiicetur
355 1975 415 2008 luna
437 1983 671 2008 resurrectionem.
692 1980 747 2013 ille,
767 1980 869 2014 inquit,
883 1979 978 2008 videtis

188 2028 315 2055 occultari
327 2048 334 2061 ,
347 2031 374 2055 et
386 2034 490 2054 rursum
505 2034 643 2061 apparere,
659 2031 686 2053 et
700 2034 774 2061 spem
788 2034 896 2054 omnem
908 2026 978 2061 abji-

189 2075 271 2102 citis?
286 2074 380 2102 Nonne
395 2075 436 2102 sol
449 2075 475 2101 in
489 2075 574 2102 nostri
592 2074 703 2109 gratiam
716 2073 801 2102 factus
815 2074 874 2101 est?
890 2081 979 2101 nonne

189 2121 273 2148 luna?
286 2128 374 2148 nonne
387 2125 515 2148 creaturae
530 2118 640 2147 omnes?
658 2120 726 2153 Quid
740 2120 811 2147 enim
832 2120 908 2147 nobis
925 2128 978 2146 non

191 2168 331 2202 pollicetur
347 2165 592 2194 resurrectionem?
610 2165 704 2192 Nonne
719 2165 912 2201 mortisimago
927 2173 980 2192 nox

189 2213 247 2240 est?
258 2213 379 2248 Projecta
394 2213 443 2240 sub
452 2212 569 2239 tenebris
577 2219 700 2246 corpora,
713 2210 811 2238 formas
821 2219 872 2238 non
883 2211 980 2238 discer-

189 2259 248 2286 nis?
270 2260 346 2293 Saepe
371 2267 450 2285 manu
473 2264 624 2285 contreczas
646 2258 748 2284 vultum
773 2257 978 2290 dormientium,

191 2313 240 2333 nec
255 2306 324 2333 nosti
339 2313 461 2340 quamam
478 2304 535 2332 ha'c
557 2304 640 2331 facies
661 2304 712 2337 sit,
728 2311 787 2339 quas
802 2304 863 2336 illa;
878 2304 924 2331 sed
941 2304 982 2331 in-

191 2359 310 2387 terrogas
320 2373 327 2384 ,
342 2357 371 2378 ttt
385 2359 438 2378 vox
460 2358 547 2385 przeco
569 2351 603 2378 sit
616 2357 707 2378 eorum
719 2370 726 2382 ,
752 2350 796 2384 qui
823 2350 849 2377 in
864 2350 982 2378 tenebris

189 2398 366 2426 occultantur.
383 2396 610 2430 Quemadmodum
635 2396 714 2431 igitur
727 2403 780 2423 nox
804 2395 904 2423 formas
922 2396 983 2422 abs-

191 2446 282 2474 condit
296 2449 400 2472 nostras
411 2464 418 2476 ,
442 2443 545 2471 etiamsi
559 2451 653 2470 omnes
677 2443 756 2470 simul
775 2443 857 2470 simus
867 2463 874 2474 ,
886 2450 980 2471 nemo-

190 2500 243 2527 que
259 2492 371 2518 alterum
385 2490 521 2525 cognoscit
534 2498 540 2515 :
555 2490 594 2517 sic
607 2490 680 2516 venit
693 2497 745 2516 nox
755 2510 762 2522 ,
786 2493 813 2516 et
828 2489 909 2516 solvit
925 2488 980 2516 lor-

191 2545 248 2565 mas
257 2558 264 2571 ,
279 2542 307 2564 ut
317 2544 396 2564 nemo
410 2536 523 2563 alterunt
537 2535 648 2562 noverit.
661 2535 829 2562 Monumenta
840 2535 978 2570 pervadis;

193 2585 214 2611 si
225 2584 323 2623 multas
335 2583 426 2610 videas
437 2582 564 2609 calvarias
580 2582 606 2608 in
622 2581 744 2616 sepulcro
755 2601 762 2614 ,
773 2581 879 2608 nostine
891 2581 981 2615 cujus-

191 2638 251 2657 natn
267 2631 324 2657 inec
342 2629 396 2656 sit?
410 2630 443 2655 At
465 2629 541 2656 novit
565 2627 610 2655 ille
629 2627 673 2662 qui
687 2627 784 2654 struxit
799 2635 806 2653 :
824 2627 868 2662 qtti
883 2627 962 2653 solvit
973 2647 980 2659 ,

192 2677 266 2704 novit
292 2676 362 2703 unde
389 2675 482 2702 forma:
510 2675 567 2702 ista:
592 2677 788 2708 processerunt.
812 2674 906 2700 Annon
931 2673 982 2699 mi-

192 2724 260 2750 rat-is
285 2723 331 2750 Dei
357 2721 511 2757 opiﬁcium,
537 2720 607 2755 quod
632 2720 658 2746 in
683 2724 722 2747 tot
745 2719 863 2746 millibus
885 2720 984 2746 forma-

193 2777 251 2796 rum
275 2769 346 2796 nulla
371 2768 476 2795 intersit
490 2766 654 2794 similitudo?
667 2766 709 2793 vel
727 2766 749 2792 si
766 2765 799 2792 ad
821 2765 888 2792 ﬁnes
911 2764 984 2791 orbis

195 2822 336 2850 properes,
366 2814 499 2841 neminem
526 2813 602 2840 alteri
629 2812 743 2840 similem
776 2811 910 2846 reperies;
936 2811 984 2838 sed

193 2861 297 2888 etiamsi
318 2860 459 2894 repercris,
474 2858 574 2892 aliquid
586 2858 637 2885 erit
651 2857 692 2884 vel
705 2857 731 2884 in
745 2863 810 2885 naso
822 2856 862 2883 vel
876 2856 902 2882 in
919 2863 983 2883 ocu-

193 2906 218 2932 io
242 2906 420 2940 discriminis,
436 2910 465 2933 ttt
489 2913 530 2933 res
556 2903 684 2939 stupenda
709 2907 845 2937 appareat.
870 2900 982 2930 Gemelli

704 173 746 200 DE
767 172 871 200 MUNDl
890 173 1085 201 (ὶιὶὶιῖΑἸΊΟΝΕ
1105 171 1232 200 ORATIO
1255 172 1296 199 ili.

1762 173 1816 199 43⁷,

1034 238 1065 257 ος
1088 237 1140 257 ttno
1155 235 1252 256 exeunt
1274 234 1364 262 utero,
1381 234 1406 257 et
1428 230 1602 259 sintiliutdine
1624 230 1820 267 disgregantur.

1067 278 1093 303 6.
1112 277 1216 312 Ergone
1239 277 1283 312 qui
1300 282 1336 304 tot
1352 276 1452 304 formas
1465 298 1471 310 ,
1486 284 1546 304 cum
1572 286 1624 305 non
1638 283 1745 312 essent,
1759 288 1822 314 prn-

1032 323 1125 356 dtixit,
1149 331 1209 351 cuin
1236 323 1346 350 solverit
1370 331 1500 351 renovare
1523 332 1575 352 non
1599 325 1714 360 poterit?
1737 325 1775 353 Nc
1796 330 1824 353 ttt

1032 378 1199 397 mrumnosus
1212 370 1290 397 homo
1307 370 1350 397 Dei
1367 371 1512 405 potentiam
1529 371 1580 398 tuis
1601 372 1747 399 ratiociniis
1765 380 1822 399 nie-

1033 417 1116 443 tiaris.
1132 416 1170 443 Ne
1185 421 1261 450 putes
1284 417 1368 444 Deum
1386 422 1456 445 tanta
1472 417 1599 454 (solum)
1616 425 1707 453 posse,
1724 424 1822 454 quanta

1033 466 1059 489 ιιι
1072 462 1191 496 cngitare
1206 462 1287 489 vales.
1301 462 1376 495 Quod
1388 463 1410 490 si
1427 468 1498 491 tanta
1512 464 1598 491 solum
1612 465 1710 499 possit,
1725 470 1822 500 quanta

1032 515 1082 542 ego
1094 509 1192 543 cogito,
1206 509 1290 536 ausim
1302 509 1402 541 dicere,
1416 510 1505 545 Longe
1518 512 1604 538 minor
1615 517 1656 539 est
1672 513 1750 544 Deus;
1765 520 1823 540 nte-

1034 554 1097 581 titur
1111 555 1181 582 enim
1201 555 1274 582 illum
1288 556 1415 590 cogitatio
1431 565 1499 584 mea.
1515 557 1590 590 Quod
1606 558 1628 584 si
1648 563 1763 591 limitem
1778 567 1824 586 sti-

1033 606 1125 636 perat,
1139 607 1165 628 et
1180 602 1346 629 ratiocinium
1367 603 1455 635 vincit,
1472 604 1649 631 inscrutabilis
1671 609 1709 631 est
1726 605 1824 632 Condi-

1034 650 1093 679 tor,
1125 652 1151 673 et
1186 647 1466 682 incomprehensibilia
1497 657 1588 683 opera.
1623 649 1823 684 interrogentur

1034 691 1154 719 haeretici
1170 699 1202 719 ex
1217 692 1248 719 iis
1263 700 1323 726 qua:
1337 694 1479 728 conspicua
1495 699 1557 722 sunt
1568 716 1574 728 ,
1592 696 1733 723 utdiscant
1746 704 1775 723 ea
1789 697 1824 724 de

1033 737 1129 772 quibus
1142 737 1303 772 quiestiones
1320 744 1436 766 movent.
1447 739 1513 773 Qnia
1526 740 1592 768 dixit
1607 741 1687 774 Deus,
1705 741 1764 768 Fiat
1779 743 1825 776 ﬁr-

1034 789 1204 816 mamentum,
1227 789 1254 811 et
1274 785 1364 812 statim
1386 786 1496 813 verbum
1513 786 1576 814 illud
1597 787 1702 821 cil‘ecit,
1717 789 1824 824 reliquit

1033 830 1111 857 nobis
1121 830 1172 857 hoc
1189 831 1283 865 pignus
1296 831 1365 865 quod
1380 831 1436 867 ipse
1450 832 1553 860 fecerit.
1568 833 1653 861 iiodie
1669 835 1763 862 czelum
1778 844 1823 863 re—

1035 876 1178 911 linquimus
1199 877 1298 903 titulum
1314 884 1328 903 a
1342 885 1466 912 vespera,
1480 885 1513 905 ac
1535 883 1646 914 repente
1664 886 1821 915 surgentes,

1033 921 1185 948 invenimus
1212 922 1284 949 aliud
1306 922 1502 950 ﬁrmamentum
1524 923 1551 951 in
1574 924 1687 952 nubibus
1713 933 1823 954 concre-

1034 970 1099 993 tttni.
1114 966 1150 1002 (α)
1163 966 1173 1003 [
1185 967 1229 994 lite
1241 968 1299 994 alite
1312 968 1450 1003 pignorum
1463 974 1550 1003 partes
1565 974 1626 997 sunt
1642 975 1700 1005 post
1712 972 1821 1005 primas,

1033 1019 1093 1039 cuni
1110 1012 1207 1040 videris
1221 1013 1316 1040 ca-lum
1331 1014 1514 1048 caliginosum,
1530 1014 1655 1050 aliudque
1669 1015 1823 1044 ﬁrmamen-

1033 1063 1088 1085 tum
1111 1066 1143 1086 ex
1168 1059 1294 1087 nubibus.
1309 1059 1319 1096 ]
1341 1060 1392 1094 Qui
1411 1069 1482 1088 nunc
1496 1061 1571 1088 brevi
1587 1062 1727 1090 intervallo
1741 1065 1824 1091 nubes

1033 1109 1121 1137 creat,
1143 1105 1259 1133 ostendit
1275 1106 1408 1140 quomodo
1430 1111 1493 1134 tttne
1510 1115 1562 1134 uno
1576 1114 1713 1137 momento
1727 1110 1822 1138 caelum

1033 1151 1191 1179 cuudiderii.
1221 1153 1254 1179 Et
1271 1153 1334 1187 quid
1355 1153 1433 1181 facit?
1456 1154 1590 1188 quomodo
1610 1155 1696 1183 nubes
1721 1157 1823 1191 pluvias

1033 1198 1177 1225 emittunt?
1187 1198 1262 1225 Fecit
1276 1198 1361 1226 nubes
1372 1200 1441 1227 sicut
1453 1204 1539 1233 uires,
1555 1208 1656 1236 perque
1667 1201 1726 1229 illas
1737 1203 1824 1230 haurit

1034 1253 1116 1280 aquas
1139 1245 1239 1278 maris,
1262 1253 1322 1280 quae
1344 1246 1422 1273 salsa:
1443 1251 1523 1279 sunt,
1548 1247 1693 1282 impletque
1715 1249 1798 1276 nubes
1816 1259 1822 1276 :

1032 1296 1117 1319 mutat
1132 1299 1244 1327 aquam,
1258 1295 1286 1319 et
1299 1292 1366 1326 rigat
1382 1297 1490 1319 terram.
1508 1293 1600 1320 Dieant
1614 1294 1748 1329 quomodo
1761 1295 1824 1322 eﬁ‘e.

1033 1343 1108 1365 ratur
1122 1338 1148 1364 in
1162 1337 1274 1365 sublime
1296 1337 1321 1365 id
1341 1338 1410 1373 quod
1432 1345 1512 1373 grave
1526 1343 1585 1371 est;
1608 1339 1742 1374 quomodo
1755 1340 1821 1368 hau-

1033 1384 1133 1416 riatur;
1149 1384 1285 1419 quomodo
1300 1385 1384 1411 nubes
1409 1383 1542 1411 hauriant.
1568 1384 1626 1411 Non
1641 1375 1742 1412 statim
1758 1395 1822 1413 eva-

1033 1435 1154 1462 ctiantur,
1171 1430 1218 1458 sed
1240 1430 1317 1465 longe
1339 1434 1466 1459 currunt.
1478 1430 1651 1464 quojusserit
1675 1431 1802 1458 Dominus
1814 1453 1822 1465 ,

1032 1483 1126 1512 estque
1149 1477 1302 1504 mandatum
1331 1476 1377 1503 Dei
1402 1476 1477 1511 quasi
1505 1476 1641 1503 vinculum
1669 1477 1822 1511 imposittun

1033 1523 1163 1556 nubibus,
1177 1521 1249 1558 quod
1264 1530 1316 1549 non
1339 1521 1401 1548 sinit
1415 1529 1461 1548 eas
1476 1521 1567 1556 pluere
1580 1542 1587 1553 ,
1602 1521 1688 1549 donec
1703 1522 1761 1557 ipse
1773 1531 1822 1550 au-

1034 1569 1132 1596 nucrit.
1149 1568 1223 1602 Quod
1250 1572 1338 1594 autem
1364 1573 1435 1594 utres
1460 1567 1514 1594 sint
1537 1566 1692 1594 testiﬁcatur
1720 1568 1822 1596 David:

1035 1614 1207 1650 Cotigregans,
1222 1614 1316 1649 inquit,
1332 1613 1394 1640 sicut
1407 1617 1487 1640 utrem
1501 1621 1581 1648 aquas
1591 1614 1668 1640 maris
1680 1613 1764 1650 (Psal.
1777 1615 1821 1643 52.

1035 1661 1070 1695 7).
1087 1660 1121 1687 Ει
1133 1660 1193 1686 vide
1209 1667 1263 1686 rem
1288 1659 1393 1685 miram.
1409 1659 1557 1694 Cougregat
1579 1666 1678 1694 aquas,
1693 1660 1823 1689 incumbit

1033 1713 1127 1733 iitatins
1139 1705 1307 1738 immortalis,
1322 1705 1460 1732 invisibilis
1472 1725 1479 1736 ,
1495 1712 1547 1732 non
1559 1705 1651 1733 sitiens
1661 1707 1750 1734 statim
1761 1715 1822 1734 eva-

1032 1752 1118 1785 cuari,
1135 1752 1181 1779 sed
1196 1759 1242 1786 per
1255 1755 1353 1787 partes.
1365 1751 1399 1779 Ut
1413 1751 1510 1778 mulier
1519 1751 1616 1779 subtile
1625 1756 1728 1780 stamen
1743 1762 1820 1785 neiis.

1032 1799 1119 1826 lauant
1134 1798 1256 1832 dispertit
1268 1798 1292 1824 itt
1308 1798 1387 1824 multa
1401 1797 1559 1832 diversaque
1576 1797 1618 1824 ﬁla
1636 1807 1642 1825 :
1659 1799 1698 1826 sic
1711 1800 1824 1827 immen-

1031 1853 1088 1871 sam
1103 1845 1185 1871 maris
1197 1844 1363 1871 altitudinem
1386 1843 1412 1870 in
1434 1843 1517 1870 stillas
1532 1845 1606 1879 quasi
1620 1845 1660 1871 iila
1685 1845 1805 1873 dividens
1815 1867 1822 1879 ,

1032 1892 1067 1918 ita
1083 1891 1108 1917 in
1130 1895 1228 1917 terram
1251 1889 1356 1917 emittit.
1384 1889 1479 1916 Verum
1503 1889 1573 1924 quod
1596 1894 1636 1917 est
1650 1890 1822 1922 admirabile.

1032 1938 1053 1965 si
1068 1938 1154 1964 soluta
1169 1941 1211 1964 est
1222 1958 1229 1969 ,
1245 1935 1379 1971 quomodo
1400 1943 1452 1962 non
1467 1936 1557 1963 statim
1574 1941 1736 1969 evacuatur;
1750 1937 1772 1964 si
1788 1937 1820 1964 li-

1032 1987 1091 2018 gata
1104 2004 1111 2016 ,
1137 1990 1186 2010 cur
1210 1982 1290 2009 ﬁuit?
1307 1981 1393 2009 iiabes
1408 1981 1576 2016 exemplum,
1600 1981 1687 2009 debile
1699 1983 1822 2017 quidem.

1032 2029 1078 2057 sed
1094 2029 1165 2064 quod
1180 2029 1205 2056 id
1221 2028 1266 2056 tibi
1282 2027 1395 2055 suadere
1416 2027 1511 2054 valeat.
1528 2026 1621 2054 Vidisti
1636 2035 1763 2062 aquarum
1778 2036 1820 2055 ra-

1033 2077 1155 2112 ptorem?
1170 2075 1258 2103 vidisti
1271 2074 1407 2110 quomodo
1423 2073 1456 2100 ab
1479 2073 1533 2100 imo
1547 2072 1697 2108 perforatas
1710 2074 1762 2101 sit?
1778 2075 1820 2101 ln-

1033 2123 1162 2151 cumbens
1179 2121 1297 2149 continet
1307 2127 1437 2155 aquarum
1452 2119 1556 2154 capiam
1569 2119 1724 2151 ,obturatur
1734 2125 1822 2148 autem

1034 2169 1144 2197 inferius
1154 2177 1202 2203 per
1216 2168 1279 2194 illud
1294 2167 1363 2201 qttod
1379 2166 1502 2201 superius
1512 2171 1596 2201 urget.
1610 2166 1653 2193 Sic
1666 2167 1824 2195 immortalis

1035 2216 1081 2243 Dei
1093 2215 1191 2250 digitus
1206 2214 1325 2241 iminiuet
1339 2213 1465 2245 nubibus,
1478 2213 1601 2247 laxatque
1615 2217 1743 2247 quantum
1757 2214 1823 2245 vult,

1034 2266 1061 2289 et
1084 2265 1211 2296 quantum
1235 2259 1291 2286 vult
1315 2263 1418 2291 servat,
1437 2263 1465 2286 ut
1495 2266 1542 2292 per
1557 2257 1709 2285 universam
1726 2263 1824 2286 terram

1035 2304 1133 2331 donum
1149 2304 1262 2331 emittat.
1277 2301 1358 2336 idque
1373 2301 1489 2328 maxime
1510 2300 1572 2328 facit
1598 2300 1623 2327 in
1639 2301 1763 2328 serotinis
1777 2301 1826 2328 im-

1035 2351 1126 2378 bribtts
1137 2370 1144 2382 ,
1157 2348 1263 2384 quando
1274 2353 1356 2375 totam
1370 2347 1484 2375 inebriat
1496 2351 1592 2373 terram
1608 2355 1614 2372 :
1628 2347 1735 2381 quando
1747 2347 1826 2373 modo

1037 2398 1112 2428 illud,
1131 2397 1210 2424 modo
1225 2395 1296 2422 aliud
1311 2395 1388 2422 clima
1407 2394 1484 2428 rigat.
1502 2393 1563 2420 ideo
1575 2393 1611 2420 ait
1626 2393 1753 2428 propheta
1770 2403 1776 2421 :
1794 2393 1825 2420 Et

1036 2445 1106 2479 pluet
1128 2450 1203 2477 super
1223 2441 1346 2468 civitatem
1359 2448 1450 2473 unum,
1472 2443 1495 2466 et
1509 2447 1584 2474 super
1607 2439 1732 2466 civitatem
1749 2447 1827 2465 unum

1036 2499 1085 2518 non
1104 2491 1180 2525 pluet.
1194 2489 1261 2516 Pars
1279 2496 1329 2514 una
1340 2487 1499 2519 compluelur
1511 2506 1518 2517 ,
1532 2489 1557 2511 et
1570 2493 1630 2520 pars
1639 2506 1647 2518 ,
1664 2493 1740 2520 super
1752 2493 1827 2520 quam

1037 2545 1086 2565 non
1096 2537 1175 2572 pluet,
1192 2538 1317 2562 erat-esca
1333 2533 1420 2568 (Amos
1433 2532 1459 2558 4.
1475 2531 1512 2565 7).
1529 2530 1659 2558 incuntbit
1671 2535 1761 2557 autem
1774 2538 1826 2558 non

1037 2584 1083 2611 Dei
1098 2583 1196 2618 digitus
1208 2603 1214 2613 ,
1227 2580 1273 2608 sed
1287 2579 1378 2607 missio
1393 2577 1442 2613 (lt).
1457 2577 1513 2605 Sub
1529 2577 1611 2612 ﬁgura
1623 2581 1711 2604 autem
1725 2585 1830 2604 sermn-

1038 2637 1099 2658 nem
1115 2629 1172 2656 usui
1186 2631 1279 2654 nostro
1293 2623 1504 2653 accommodavi.
1515 2623 1603 2656 .lubet,
1617 2627 1645 2650 et
1656 2630 1709 2650 non
1723 2623 1828 2657 pluunt.

1038 2679 1125 2712 Atque
1150 2674 1201 2701 hoc
1215 2673 1280 2701 dicit
1301 2671 1436 2705 Scriptura
1454 2677 1460 2696 :
1477 2668 1610 2700 Nubibus,
1626 2668 1731 2704 inquit,
1755 2676 1827 2694 mun-

1039 2723 1103 2749 daba
1125 2729 1155 2748 ite
1176 2720 1268 2756 pluunt
1291 2718 1396 2744 imbrem
1410 2716 1419 2751 (
1431 2715 1494 2743 lsai.
1512 2715 1538 2743 5.
1551 2715 1567 2742 ϐ
1581 2715 1602 2750 ).
1618 2715 1700 2748 Quam
1726 2715 1826 2749 magni-

1081 2815 1107 2839 ul
1123 2814 1216 2838 Phrasis
1229 2813 1292 2837 inter
1303 2810 1405 2835 uncinos
1416 2808 1493 2839 posita
1504 2806 1575 2830 deest
1588 2805 1611 2829 in
1624 2803 1694 2839 Savii.

1081 2822 1095 2839 ιι
1123 2815 1216 2838 Phrasis
1229 2815 1292 2837 inter
1303 2815 1405 2835 uncinos
1416 2815 1493 2839 posita
1504 2815 1575 2830 ueest
1588 2815 1611 2829 in
1624 2815 1694 2839 say...

1070 2815 1107 2876 ibi
1122 2849 1211 2869 οιηηυδ
1222 2847 1290 2876 διεδηι
1302 2840 1389 2876 "altrim
1403 2838 1610 2876 53.V.“-,,“1,‘B?Fi5;
1626 2832 1827 2876 F9§wt2.'.."3ftt'.:

1039 2864 1211 2903 ’ἶ
1223 2864 1384 2900 Edam-simius
1394 2864 1612 2903 nuilnrattctoritat'e
1626 2864 1711 2903 ,‘uuila
1723 2865 1828 2895 apposita

1041 2899 1263 2938 adifhmimanim
1276 2903 1362 2936 posuit.
1377 2901 1423 2927 Sed
1434 2899 1515 2926 mistio
1526 2902 1591 2923 stare
1604 2899 1707 2927 potest.-
