2047 3122
212 161 267 187 liii)

219 217 293 248 ﬁcum
320 220 377 241 sunt
405 222 480 246 opera
506 219 567 245 tua,
590 212 720 239 Domine!
744 211 835 237 Omnia
857 210 884 237 in
905 211 1008 242 sapien-

219 264 254 290 tia
276 262 356 298 fecisti
376 260 474 296 (Psal.
498 259 560 287 103.
587 257 655 293 Ἃ).
677 257 800 285 Vidistin‘
822 256 869 284 Dei
891 257 1009 284 creatio-

219 308 301 336 nem?
318 306 433 334 vidistin'
445 305 581 341 quomodo
598 304 721 332 obstruat
745 303 931 330 ltmreticornm
944 310 990 330 ora
1000 323 1007 334 ,

217 355 264 390 qtti
277 353 439 381 creationem
463 352 603 387 ignorant,
623 355 651 378 et
673 349 826 377 Creatorem
846 348 950 375 curiose
963 356 1011 375 ex-
1036 356 1044 370 τ»

219 403 324 437 plorant
337 401 347 427 ?
358 399 452 427 Omnia
469 399 515 426 Dei
536 399 586 434 legi
611 398 805 432 obsequuntur.
821 396 877 423 Stat
893 395 987 422 cst-lum
1001 417 1009 428 ,

218 458 271 477 non
288 456 334 477 sua
351 456 431 475 tnanu
446 451 578 482 gestatum
589 466 595 477 ,
611 445 658 472 sed
679 444 768 472 divina
790 443 848 478 lege
864 442 1010 469 ﬁrmatum.

219 496 285 524 Cum
312 495 382 522 enim
405 494 580 524 dubitavero,
604 490 738 526 quomodo
759 498 794 517 ex
821 489 897 524 aquis
916 487 1010 516 celum

218 545 371 568 concretum
385 540 429 571 sit,
445 538 638 565 dubitationem
650 543 737 563 meam
752 535 832 562 solvit
847 535 940 562 beattts
957 533 1011 560 Da-

220 587 263 614 vid
278 586 370 613 dicens
386 594 392 611 :
411 584 490 611 Verbo
500 583 604 610 Domini
617 582 672 609 ειειὶ
687 581 780 615 [irritati
790 584 847 607 sunt
860 578 950 614 (Psul.
964 579 1009 606 52.

220 632 259 667 ϐ).
278 632 334 659 Cur
345 631 416 658 enim
433 629 530 656 ﬁrmati
544 628 625 655 sunt?
640 627 770 661 Quoniam
786 634 818 652 ex
834 625 909 660 aquis
923 628 1008 652 erant.

220 679 367 713 Numquam
379 677 412 704 de
431 676 517 704 solido
532 679 560 702 et
574 674 652 702 ﬁrtno
663 673 776 705 dicitur,
791 672 938 700 Firntatuttt
958 676 1009 698 est.

220 725 310 760 Neque
322 728 410 759 potest
423 720 662 758 quispiamdicere,
676 724 780 755 petram
795 719 925 745 ﬁrmatam
939 725 1008 744 esse.

220 770 298 798 Aliud
310 773 352 796 est
362 768 498 796 ﬁrmatum
513 774 586 798 esse,
603 765 676 792 alittd
690 771 750 792 esse
766 763 885 790 ﬁrmttm.
907 762 1010 790 Firma-

220 821 276 842 tum
290 813 477 848 dicitur,'quod
490 820 550 840 cum
565 819 655 839 rarum
668 815 695 838 et
710 809 789 837 molle
802 813 884 842 esset,
898 815 1011 836 concre-

220 867 276 888 tum
292 860 351 888 fuit.
369 859 431 886 ideo
445 859 551 891 Petrus,
567 855 675 892 quando
693 855 868 891 paralyticum
889 855 1010 889 sanavit,

219 907 311 935 dixit:
338 915 347 931 ‹
366 905 422 933 Viri
445 904 584 936 Israelitte,
599 902 662 938 quid
678 901 812 928 miramini
835 901 861 928 in
881 899 951 933 hoc,
967 904 1013 927 aut

220 961 270 981 nos
283 952 347 987 quid
361 950 513 982 intuemini,
530 948 606 984 quasi
628 952 720 976 nostra
733 947 835 974 virtute
854 950 900 973 aut
914 945 1012 981 pietate

220 999 364 1027 fecerimus
380 997 450 1024 hunc
462 994 618 1023 ambulare?
632 994 703 1021 Detts
720 997 825 1028 patrum
845 996 1010 1023 nostrorum,

221 1046 293 1073 Deus
308 1044 443 1072 Abraham
458 1047 484 1070 et
506 1042 579 1068 Isaac
602 1045 628 1068 et
641 1039 735 1072 Jacob,
750 1038 909 1074 gloriﬁcavit
928 1037 1010 1064 ﬁlium

220 1099 298 1120 suum
313 1091 421 1118 .lcsnnt:
438 1094 465 1117 et
480 1089 505 1116 in
521 1088 572 1115 ﬁde
585 1087 701 1115 nominis
717 1086 777 1120 ejus
791 1085 862 1112 ltttnc
878 1091 956 1120 quem
971 1083 1011 1110 vi-

222 1138 291 1165 detis
305 1141 332 1164 et
345 1136 440 1168 nostis,
461 1133 630 1162 conﬁrmavit
644 1139 740 1159 nomen
754 1131 813 1166 ejus
832 1131 841 1165 (
857 1130 913 1157 Act.
926 1130 952 1157 '5.
968 1129 1011 1156 12.

221 1183 265 1209 15.
284 1181 317 1208 16
331 1182 339 1217 )
354 1189 361 1211 ς
377 1187 474 1214 nempe
489 1178 662 1214 paralyticum
671 1176 848 1204 conﬁrmavit.
858 1175 920 1203 ldeo
933 1174 1013 1202 Verbo

221 1227 324 1254 Domini
344 1226 400 1253 cwti
424 1225 518 1260 ﬁrmati
541 1228 599 1251 sunt
619 1222 629 1260 (
644 1222 717 1249 Psal.
734 1222 779 1249 '52.
793 1221 844 1257 6);
863 1229 894 1248 ex
909 1221 976 1248 raris
987 1225 1014 1248 et

221 1271 359 1299 dissolutis
374 1271 450 1306 aquis
462 1269 544 1297 verbo
558 1268 663 1296 Domini
684 1267 769 1295 nubes
791 1267 817 1294 in
832 1266 947 1294 sublime
963 1267 1014 1294 tol-

222 1319 321 1346 luntur.
333 1317 411 1351 Vide,
426 1323 530 1352 quaeso.
546 1315 621 1350 Aqua
635 1322 694 1350 qua:
707 1321 797 1341 amara
808 1318 876 1346 erat,
886 1317 1012 1340 mutatur.

223 1365 260 1391 lix
281 1364 348 1391 tnari
365 1363 492 1390 hauriunt
515 1361 601 1389 nubes
612 1382 619 1394 ,
635 1366 662 1388 et
678 1367 739 1388 eam
752 1367 813 1394 qua:
835 1367 867 1386 ex
882 1358 1013 1393 profundo

215 1410 344 1437 hauritur
368 1416 458 1436 amara
472 1429 479 1442 ,
497 1407 601 1435 dulcem
627 1411 653 1433 et
675 1405 817 1441 potabilem
832 1404 960 1431 efﬁciuttt.
976 1403 1014 1431 De

222 1455 360 1491 profundis
375 1462 425 1481 nos
443 1453 547 1490 abyssis
558 1452 684 1480 excitavit
695 1451 829 1484 Christus,
841 1454 869 1477 et
883 1449 1012 1477 amaritu-

221 1503 311 1530 dinem
325 1506 444 1529 nostram
457 1507 509 1527 non
523 1498 691 1533 deponimus.

257 1549 372 1576 Christus
393 1547 419 1574 in
439 1546 553 1574 omnibus
574 1544 702 1572 elementis
725 1537 851 1570 miracula
865 1542 940 1578 fecit,
956 1542 1014 1570 hinc

222 1594 343 1630 probatur
356 1593 433 1620 Deus.
455 1607 490 1612 —-
501 1592 567 1625 Quis
583 1596 624 1619 est
638 1591 661 1618 is
675 1591 720 1625 qui
733 1590 797 1618 fecit
809 1590 903 1617 caelum
917 1593 945 1617 et
959 1593 1014 1616 ter-

223 1640 300 1668 ram?
316 1640 371 1675 Ego
386 1639 446 1667 dico
469 1637 605 1666 Christum
623 1644 694 1665 esse.
718 1636 753 1664 Et
769 1636 842 1664 unde
862 1635 933 1664 hoc?
946 1635 1013 1670 Quia

222 1688 245 1714 si
259 1694 311 1714 non
327 1691 398 1714 esset
413 1685 541 1712 Dominus
555 1684 685 1717 omnium,
700 1684 726 1710 in
740 1682 878 1718 evangelio
894 1690 948 1710 non
965 1682 1016 1710 mi-

223 1733 311 1761 racula
326 1735 456 1767 patrasset
466 1731 494 1758 in
503 1730 626 1757 omnibtts
634 1729 773 1757 creaturis.
784 1729 835 1756 Per
843 1729 932 1756 omnia
944 1728 1014 1756 enim

223 1779 355 1806 eiementa
372 1777 504 1805 mirabilia
526 1777 604 1808 fecit;
624 1783 672 1810 per
685 1780 792 1806 terram,
811 1782 859 1810 per
873 1782 957 1807 mare,
968 1782 1016 1809 per

224 1833 324 1857 aerem,
339 1832 387 1859 per
401 1824 487 1858 ignem
498 1827 541 1855 ;ut
552 1823 726 1857 conspicuum
740 1822 775 1849 sit
785 1822 872 1856 ipsum
885 1829 945 1848 esse
953 1829 1014 1848 om-

213 1871 298 1898 I-niutn
311 1875 493 1898 creaturarum
505 1869 656 1896 Dominum.
672 1868 727 1895 Diei
739 1868 792 1896 luci
803 1867 958 1903 supervenit
971 1875 1018 1895 ve-

225 1924 311 1952 sperte
324 1916 380 1943 lux.
402 1915 447 1943 Sol
469 1915 550 1947 lucet,
564 1919 591 1942 et
605 1914 715 1942 lucerna
727 1913 814 1942 facem
827 1914 951 1949 praefert:
963 1913 1015 1941 dici

225 1964 297 1996 ﬁnis,
311 1970 343 1990 ac
357 1962 442 1989 noctis
455 1961 606 1989 exordium.
626 1961 678 1988 Sed
693 1965 731 1992 tu,
747 1968 807 1988 cum
819 1960 918 1988 videris
930 1960 1017 1988 lucer-

213 2016 286 2036 vnam
300 2013 327 2035 et
340 2007 424 2035 solem
439 2027 446 2039 ,
462 2006 544 2034 dicito
559 2015 566 2034 :
582 2006 652 2034 Tuus
666 2011 702 2034 eu
714 2006 785 2039 dies,
801 2010 824 2033 et
837 2011 882 2033 tua
893 2009 929 2033 est
947 2014 1017 2038 non;

224 2059 252 2080 tu
264 2053 402 2089 fabricatus
417 2061 442 2080 es
452 2052 530 2088 jubar
544 2057 567 2080 et
579 2052 677 2087 ιοιεηι(
694 2051 763 2079 Paul.
780 2052 824 2079 75.
840 2051 902 2087 16).
918 2051 1016 2079 Verum

213 2101 269 2128 fax
290 2100 348 2132 illa,
361 2107 421 2135 quas
439 2098 596 2134 praefertur,
617 2105 770 2126 sermonem
785 2105 838 2125 non
854 2097 1016 2132 interpellat.

224 2147 337 2181 Oportet
356 2145 427 2173 enim
448 2144 533 2172 solem
558 2150 669 2171 currere
690 2143 725 2170 ad
743 2143 803 2178 ejus
817 2143 920 2178 jussum
937 2143 1016 2178 (nam

225 2192 273 2219 Sol
281 2191 395 2227 cognovit
408 2198 526 2218 occasum
540 2198 614 2217 suum
629 2188 715 2225 [PsaL
730 2188 868 2225 i03.i9]),
883 2193 913 2216 ut
925 2193 1018 2217 osten—

225 2237 304 2264 datur
315 2236 451 2264 Christum
462 2235 580 2262 omnium
600 2240 782 2262 creaturarum
791 2234 937 2262 Dominum
945 2242 1016 2262 esse.

225 2284 252 2310 Id
266 2283 383 2311 Joannes
399 2282 535 2318 prmdicat,
554 2282 649 2308 Omnia
661 2289 705 2316 per
716 2281 799 2316 ipsum
812 2282 881 2316 facta
896 2285 954 2308 sunt
967 2302 974 2313 ,
995 2286 1018 2308 et

223 2331 278 2357 sine
288 2331 344 2365 ipso
358 2329 452 2364 factum
465 2333 501 2356 est
513 2329 578 2356 nihil
592 2327 659 2363 quod
669 2329 763 2363 factum
774 2331 810 2354 est
823 2326 919 2361 (Joan.
934 2327 960 2354 Ι.
971 2327 1017 2363 3).

227 2377 324 2404 Verum
338 2377 478 2410 oportebat
490 2375 575 2410 ipsum
592 2381 644 2402 non
655 2381 781 2401 sermone
795 2377 896 2400 tantum
911 2373 1000 2401 lucere
1010 2394 1017 2406 ,

227 2422 276 2450 sed
290 2423 369 2449 etiam
385 2429 476 2456 opere.
490 2420 560 2448 Dixit
570 2420 647 2452 mari,
668 2419 743 2452 Tace,
759 2418 918 2453 obmutesce(
935 2418 1016 2447 Marc.

225 2469 252 2496 ι.
267 2468 324 2503 59);
338 2472 365 2494 et
378 2467 519 2500 obmutuit,
535 2466 694 2504 agnovitque
705 2473 772 2501 opus
795 2465 934 2500 Opiﬁcem.
948 2466 1020 2493 Dixit

227 2515 299 2542 enim
322 2513 400 2545 mari,
416 2517 443 2540 et
460 2513 558 2545 tacuit;
575 2513 642 2540 dixit
655 2517 745 2544 vento,
760 2516 788 2540 et
806 2511 954 2540 refrenatus
966 2516 1016 2539 est.

224 2559 256 2587 Si
267 2566 320 2586 non
335 2559 556 2593 obtemperasset,
571 2558 630 2593 ejus
640 2558 767 2586 Conditor
787 2565 840 2585 non
861 2557 943 2586 fuisse
956 2565 1018 2592 pro-

229 2606 338 2633 deretur
350 2613 357 2638 ;
374 2604 424 2631 nisi
436 2605 565 2632 Dominus
579 2610 651 2632 esset
663 2612 749 2639 aquae,
759 2612 818 2634 non
832 2604 905 2632 illam
918 2608 1019 2631 mutas-

227 2655 271 2680 set
282 2651 309 2678 in
320 2651 423 2682 vinum;
434 2651 485 2678 nisi
499 2655 570 2678 esset
583 2651 640 2678 cieli
655 2651 792 2683 Dominus,
805 2659 858 2679 non
872 2659 933 2678 eum
943 2651 1018 2678 stella

229 2697 264 2724 de
283 2695 349 2724 caelo
363 2696 551 2731 prredicasset;
575 2697 625 2724 nisi
639 2702 712 2725 esset
731 2697 796 2724 solis
811 2697 949 2730 Dominus,
966 2705 1018 2725 non

229 2743 348 2770 tenebris
363 2750 392 2770 se
405 2743 556 2771 obvelassct
571 2743 597 2770 in
608 2751 698 2771 cruce.
714 2744 837 2772 Christus
853 2744 878 2771 in
889 2752 978 2776 cruce,
994 2749 1020 2772 et

228 2789 271 2816 sol
283 2788 473 2816 obtenebratus
487 2793 538 2816 est.
552 2788 575 2816 0
589 2789 763 2818 miraculum!
778 2788 905 2818 Creatura
914 2797 967 2818 non
981 2795 1021 2817 tu-

230 2834 261 2861 lit
282 2834 470 2862 contumeliam
497 2834 611 2862 Domini.
636 2834 831 2863 0btcnebratus
854 2840 897 2863 est
920 2835 978 2868 sol,
993 2841 1021 2862 ut

230 2878 258 2906 in
278 2880 333 2913 ipsa
347 2887 427 2908 cruce
447 2880 512 2909 solis
527 2881 668 2908 Dominum
690 2882 808 2909 noveris.
828 2882 966 2909 Commota
980 2888 1020 2909 est

931 152 1014 180 SEVE

1069 152 1113 179 tNl
1808 153 1854 180 356

1069 216 1149 242 terra,
1163 215 1190 237 ut
1202 209 1289 237 discas
1302 211 1336 237 de
1349 211 1407 245 ipso
1423 210 1549 238 Davidetn
1570 209 1671 237 dixisse
1686 219 1692 236 :
1708 210 1759 244 Qui
1773 219 1856 243 mpi-

1064 257 1097 283 cit
1112 261 1204 283 terram
1218 262 1241 283 et
1256 257 1316 292 facit
1329 265 1385 284 cum
1406 261 1509 283 tremere
1524 249 1609 291 (Paul.
1625 256 1685 284 103.
1699 256 1760 291 52).
1786 257 1856 284 Scis-

1063 311 1101 330 sa:
1116 307 1177 330 sunt
1191 307 1282 337 petrm,
1294 307 1320 330 ut
1333 303 1420 330 discas
1433 302 1467 330 de
1479 310 1593 337 quonam
1607 302 1704 330 dixerit
1718 302 1856 337 propheta:
1868 334 1872 340 ι

1064 348 1150 375 Furor
1162 349 1217 384 ejus
1229 348 1354 376 tabescere
1363 348 1425 384 facit
1436 349 1605 383 principatus,
1616 353 1639 375 et
1650 353 1728 383 petra
1739 350 1857 384 perfora-

1063 399 1095 420 [τε
1104 398 1161 420 sunt
1172 393 1202 420 ab
1217 402 1245 421 eo
1257 394 1422 433 {Natum}.
1432 394 1469 428 6).
1487 394 1656 421 Monumenta
1671 398 1763 429 aperta
1775 398 1854 426 sunt,

1064 444 1092 466 ut
1116 445 1258 475 appareret
1273 440 1452 474 resurrectio,
1477 444 1504 467 et
1522 440 1567 475 qui
1592 440 1703 467 suscitat
1724 439 1794 467 Deus
1808 448 1857 475 per

1063 491 1159 514 cuncta
1173 486 1336 520 splenderet.

1100 534 1126 560 7.
1153 533 1260 560 Muralis
1275 533 1405 560 conclusio
1416 542 1426 565 ;
1437 533 1591 568 sacri/icium
1607 533 1773 568 vespertinum
1785 533 1864 568 quid?
1897 544 1899 546 ’

1063 595 1098 600 -
1117 580 1211 615 Opera:
1236 581 1349 614 pretium
1363 587 1426 607 vero
1446 585 1488 607 est
1506 584 1534 606 ut
1553 579 1680 606 moralem
1703 586 1856 606 moveatnus

1064 634 1226 654 sermonem.
1238 626 1357 654 Lucerna
1369 630 1448 653 vocat
1461 633 1522 658 nos,
1538 629 1567 652 ut
1582 625 1701 652 dicamus
1718 633 1725 651 :
1743 624 1857 651 Lucerna

1065 673 1170 709 pedibus
1182 673 1242 699 meis
1255 673 1357 699 verbum
1373 677 1454 705 tuum,
1466 675 1489 698 et
1498 672 1581 698 lumen
1594 671 1688 698 semitis
1700 671 1761 697 meis
1771 670 1854 705 (Paul.

1065 719 1127 746 H8.
1144 719 1227 753 105).
1250 718 1365 746 Advenit
1379 725 1488 752 vespera
1512 722 1540 745 ut
1564 717 1706 744 dicamus:
1726 716 1858 752 Dirigatur

1065 765 1146 792 oratio
1167 773 1223 792 mea
1242 765 1307 792 sicut
1328 765 1457 792 incensum
1477 764 1503 791 in
1527 769 1663 798 conspectu
1678 769 1737 796 tuo,
1753 764 1856 790 elevatio

1065 819 1185 837 manuum
1200 818 1313 838 mearum
1332 810 1485 845 sacri/icium
1504 809 1670 844 vespertinum
1686 809 1695 844 (
1714 808 1781 835 Ibid.
1794 809 1854 837 “0.

1065 856 1106 891 2).
1119 855 1173 883 Cur
1183 863 1235 883 non
1253 855 1431 883 matutinum?
1447 855 1495 882 llic
1509 855 1626 882 animum
1642 854 1765 881 adhibete
1777 863 1784 881 :
1796 862 1856 882 nam

1066 910 1128 938 quae
1144 902 1290 937 psallimus,
1309 902 1378 929 scire
1391 901 1529 928 debemus.
1551 901 1619 928 Dicit
1633 900 1714 927 David
1731 909 1737 926 :
1752 900 1856 928 Psollitc

1065 950 1201 983 sapienter.
1215 948 1330 976 Elevatio
1340 956 1460 975 manuum
1472 956 1585 974 mearum
1594 947 1745 981 sacri/icium
1756 955 1855 982 uesper-

1066 994 1236 1029 tinnmUbid.
1252 994 1297 1022 46.
1309 993 1347 1031 8).
1361 994 1417 1022 Duo
1430 993 1559 1021 sacriﬁcia
1576 993 1656 1028 jussit
1673 992 1730 1020 ﬁeri
1741 992 1855 1028 Moyses,

1066 1042 1120 1069 imo
1136 1042 1216 1074 Deus,
1237 1049 1318 1068 ttnum
1334 1040 1503 1072 matutinum,
1519 1044 1545 1067 et
1565 1047 1646 1067 ttnum
1666 1039 1855 1073 vespertinum.

1065 1088 1193 1116 Matutino
1225 1088 1369 1123 gratiarum
1384 1087 1453 1114 actio
1471 1095 1518 1122 pro
1539 1091 1618 1114 nocte
1641 1090 1709 1114 erat.
1730 1085 1796 1113 Nam
1814 1086 1857 1120 qui

1066 1134 1093 1161 in
1112 1139 1192 1161 nocte
1207 1138 1329 1161 servatus
1343 1138 1402 1166 est,
1426 1133 1452 1160 in
1466 1132 1510 1160 die
1522 1132 1621 1168 gratias
1641 1132 1704 1166 agit.
1720 1131 1857 1165 Vespcrti-

1066 1188 1131 1207 nunt
1147 1180 1308 1207 sacrificium
1322 1187 1371 1214 pro
1384 1179 1428 1207 die
1443 1184 1509 1207 erat.
1525 1179 1602 1213 Quia,
1613 1178 1707 1213 inquit,
1722 1178 1747 1204 in
1760 1178 1804 1205 die
1815 1185 1858 1204 me

1067 1226 1191 1257 servasti,
1207 1233 1254 1260 pro
1266 1229 1322 1253 toto
1335 1225 1378 1252 die
1392 1225 1491 1259 gratias
1506 1232 1555 1259 ago
1569 1224 1626 1251 tibi.
1644 1223 1800 1251 Matutinum
1813 1231 1857 1250 sa—

1065 1271 1196 1298 eriﬁciutn
1208 1279 1261 1298 non
1272 1278 1333 1298 eum
1344 1270 1447 1305 recipit,
1462 1270 1506 1306 qui
1523 1270 1549 1297 in
1563 1275 1643 1297 nocte
1655 1270 1785 1304 peccavit.
1795 1269 1858 1296 Ideo

1066 1316 1149 1344 dicit:
1165 1315 1281 1344 Elevatio
1302 1325 1422 1344 mamtum
1437 1324 1549 1343 mearum
1567 1316 1721 1350 sacriﬁcium
1736 1316 1859 1351 vesperti-

1066 1372 1136 1391 num.
1153 1363 1305 1398 lngrederis
1317 1371 1467 1398 vesperam,
1480 1363 1608 1398 expandis
1624 1369 1738 1393 manus:
1754 1362 1776 1389 si
1790 1362 1859 1388 ﬁdu-

1066 1411 1135 1438 ciam
1146 1410 1255 1443 habent,
1265 1410 1448 1445 expandantur
1465 1419 1471 1437 :
1485 1409 1507 1437 si
1522 1416 1575 1435 non
1589 1409 1753 1444 scripserunt
1764 1407 1860 1443 iniqui-

1067 1460 1149 1484 tatem
1163 1477 1171 1489 ,
1192 1456 1215 1483 si
1230 1463 1361 1492 pauperes
1378 1463 1432 1483 non
1453 1455 1618 1491 spoliarunt,
1633 1455 1655 1482 si
1671 1455 1784 1491 pupillos
1806 1462 1858 1481 non

1067 1506 1268 1537 oppresserunt.
1283 1507 1312 1529 ut
1332 1509 1392 1536 qua:
1407 1508 1547 1535 personam
1570 1501 1670 1528 habent
1685 1501 1858 1528 extollantur.

1070 1547 1184 1574 Elevatio
1197 1555 1320 1574 manuum
1341 1555 1454 1573 meorum
1465 1554 1475 1578 ;
1495 1554 1526 1573 ac
1547 1547 1569 1573 si
1589 1546 1699 1577 diceret.
1714 1545 1791 1580 Vide,
1806 1545 1860 1573 Do.

1068 1593 1159 1626 mine,
1174 1592 1282 1620 mundae
1300 1596 1363 1620 sunt
1381 1599 1486 1620 manus.
1503 1591 1731 1626 Quemadmodum
1751 1594 1823 1620 enim
1838 1593 1859 1619 is

1067 1639 1113 1674 qui
1128 1639 1249 1674 peccavit
1263 1639 1365 1666 vultum
1380 1638 1512 1666 extollere
1525 1646 1578 1666 non
1593 1643 1689 1674 potest,
1704 1638 1751 1666 sed
1770 1646 1784 1665 a
1797 1646 1860 1666 ρους

1069 1685 1181 1712 scientia
1196 1685 1351 1712 incurvatur
1363 1693 1370 1711 :
1384 1685 1424 1712 sic
1434 1691 1532 1712 manus
1542 1685 1652 1720 polluta,
1666 1693 1701 1712 ne
1710 1685 1789 1712 attdet
1802 1685 1861 1719 qui-

1068 1730 1130 1757 dem
1142 1738 1232 1758 coram
1243 1731 1298 1758 Deo
1310 1731 1470 1759 consistere.
1482 1729 1550 1758 Vide
1562 1739 1568 1756 :
1583 1730 1605 1757 si
1620 1737 1712 1757 ntanus
1723 1730 1776 1758 sint
1784 1738 1860 1757 mun-

1069 1777 1110 1804 da:
1120 1777 1154 1805 ab
1164 1777 1313 1812 iniquitate,
1327 1777 1521 1812 expamlantur.
1536 1776 1598 1804 Ideo
1611 1776 1762 1811 patriarcha
1776 1777 1861 1804 Abra-

1069 1824 1132 1852 ham
1146 1829 1223 1859 turpe
1235 1825 1337 1852 lucrum
1353 1824 1496 1856 recusavit,
1510 1831 1570 1851 cum
1584 1823 1687 1851 diceret
1705 1823 1729 1851 ei
1745 1830 1791 1850 rex
1812 1822 1861 1850 So-

1069 1869 1210 1898 domorum
1231 1879 1238 1896 :
1263 1870 1354 1905 Accipe
1379 1870 1483 1903 omnia,
1508 1869 1625 1896 mulieres
1646 1874 1743 1896 tantum
1766 1869 1862 1895 dimitte

1071 1916 1146 1953 (Gen.
1161 1917 1205 1944 M.
1219 1916 1265 1944 2i.
1280 1915 1338 1952 ‘22).
1355 1916 1389 1944 Ut
1408 1917 1497 1952 itaque
1515 1916 1637 1943 ﬁduciam
1651 1916 1779 1948 haberet,
1796 1915 1861 1942 nihil

1070 1963 1172 1998 accepit
1187 1972 1193 1995 ;
1210 1963 1257 1990 sed
1271 1971 1330 1990 cum
1348 1963 1420 1997 pttris
1433 1962 1554 1990 manibus
1565 1967 1647 1995 esset,
1662 1962 1767 1990 dicebat
1785 1966 1792 1988 ξ
1805 1961 1861 1988 Ex-
1878 1965 1884 1968 '

1071 2009 1172 2036 tendum
1188 2017 1278 2036 manus
1298 2017 1367 2036 ἠεαδ
1382 2009 1415 2035 ad
1429 2008 1521 2040 Deum,
1535 2009 1578 2043 qui
1591 2008 1649 2043 fecit
1668 2008 1759 2035 ca'lum
1772 2013 1795 2035 et
1810 2013 1860 2034 ter-

1070 2063 1126 2082 ram
1138 2062 1148 2082 :
1161 2058 1189 2082 et
1210 2053 1340 2087 extendit,
1357 2054 1419 2089 quia
1436 2062 1488 2081 non
1501 2058 1578 2081 erant
1593 2053 1700 2089 polluta:
1715 2054 1813 2088 injusto
1823 2054 1862 2080 lu-

1070 2110 1128 2129 cro.
1143 2101 1257 2128 Elevatio
1266 2109 1386 2127 manuum
1395 2109 1519 2128 uicorum.
1532 2101 1607 2134 lllud,
1619 2100 1734 2128 Elevatio
1742 2109 1862 2127 manuum

1071 2155 1195 2178 meorum,
1209 2147 1401 2182 interpretatur
1411 2146 1523 2174 Paulus:
1543 2145 1606 2173 Volo
1619 2147 1698 2182 igitur
1710 2147 1776 2173 viros
1790 2154 1862 2172 orare

1071 2195 1098 2219 in
1111 2193 1178 2219 ontni
1201 2191 1255 2219 loco
1269 2192 1379 2219 levantes
1396 2197 1496 2219 sanctas
1517 2200 1608 2218 manus
1629 2192 1683 2219 sine
1696 2192 1735 2218 ira
1747 2196 1771 2219 et
1784 2191 1862 2218 disce-

1072 2238 1249 2273 ptationibus(
1270 2238 1296 2265 1.
1313 2237 1379 2264 Tim.
1393 2237 1420 2264 2.
1443 2237 1460 2265 8
1475 2237 1495 2272 ).
1517 2237 1635 2272 Vespera
1655 2245 1669 2264 a
1686 2236 1762 2264 nobis
1783 2236 1861 2270 exigit

1071 2291 1191 2319 vespera-
1202 2291 1293 2318 opera.
1311 2283 1446 2318 Expandis
1467 2290 1578 2315 manus,
1595 2286 1730 2309 scrutatur
1750 2282 1861 2308 Artifex.

1071 2331 1186 2358 Advenit
1198 2329 1357 2357 matutinum
1370 2333 1489 2364 tempus,
1507 2333 1534 2356 et
1548 2329 1569 2356 si
1586 2335 1678 2364 puram
1693 2335 1746 2355 non
1765 2328 1864 2354 habeas

1073 2382 1100 2406 et
1112 2384 1220 2404 manum
1228 2380 1256 2403 et
1265 2381 1391 2408 tuentem,
1402 2374 1560 2402 matutinum
1573 2379 1676 2409 tempus
1687 2381 1720 2401 ne
1733 2374 1865 2408 respicere

1071 2421 1180 2456 quidem
1192 2422 1276 2449 audes
1287 2429 1294 2448 :
1307 2421 1472 2456 experientia
1487 2420 1614 2455 magistra
1628 2425 1680 2447 est.
1695 2419 1787 2455 Cogita
1803 2427 1862 2446 cutn

1071 2472 1169 2502 quanta
1181 2467 1276 2494 ﬁducia
1293 2467 1457 2502 ingrediatur
1471 2467 1494 2494 is
1505 2467 1550 2502 qui
1563 2473 1645 2501 purus
1655 2469 1770 2497 maneat,
1788 2465 1864 2500 quasi

1073 2514 1099 2540 in
1114 2513 1220 2548 propria
1233 2513 1313 2540 domo
1326 2512 1453 2540 ambulet.
1469 2512 1605 2539 Fiduciam
1627 2511 1671 2538 dat
1695 2511 1732 2538 illi
1756 2511 1864 2538 matuti-

1073 2559 1115 2586 nis
1126 2559 1198 2587 boris
1213 2567 1264 2586 nox
1279 2559 1304 2586 in
1313 2559 1477 2587 continentia
1491 2565 1594 2587 exacta.
1610 2558 1671 2586 ideo
1686 2557 1768 2586 David
1784 2557 1861 2585 dicit.-

1074 2604 1106 2631 Si
1114 2612 1208 2632 memor
1221 2606 1258 2641 fui
1273 2606 1309 2632 tui
1323 2613 1400 2640 super
1412 2610 1520 2632 stratum
1533 2613 1624 2637 meum,
1634 2605 1661 2631 in
1674 2603 1804 2630 matutinis
1815 2612 1861 2630 me»

1073 2650 1172 2677 ditubar
1184 2651 1210 2677 iu
1225 2656 1247 2678 te
1263 2650 1271 2685 (
1288 2650 1362 2678 Psot.
1376 2650 1420 2678 62.
1437 2651 1452 2677 7
1467 2650 1488 2683 ).
1504 2650 1609 2677 Gratias
1623 2657 1673 2684 ago
1687 2649 1760 2676 Deo:
1777 2656 1854 2675 recor

1074 2697 1124 2725 dor
1141 2697 1307 2725 fatiscentem
1321 2705 1413 2725 vocem
1429 2705 1444 2724 a
1467 2697 1514 2724 Dei
1533 2697 1615 2724 verbo
1629 2701 1777 2731 reparatam
1788 2701 1861 2730 esse,

1075 2751 1128 2770 non
1149 2751 1198 2778 pro
1213 2743 1313 2771 nostris
1335 2743 1456 2777 meritis,
1480 2743 1527 2771 sed
1551 2750 1600 2778 pro
1621 2747 1711 2770 vestro
1723 2741 1864 2769 desiderio.

1075 2789 1219 2817 Preccmur
1242 2798 1306 2825 ergo
1322 2790 1347 2817 itt
1363 2790 1475 2818 veritate
1494 2790 1595 2823 cordis,
1616 2794 1644 2817 ut
1659 2797 1722 2825 pace
1738 2789 1866 2820 fruamur,

1075 2840 1104 2862 et
1117 2835 1142 2862 in
1159 2836 1296 2863 matutinis
1308 2835 1431 2863 fiduciam
1455 2836 1610 2869 habeamus,
1628 2836 1814 2863 luereticorum
1829 2834 1867 2860 fn-

1076 2890 1164 2910 rorem
1193 2882 1345 2910 devitcmns
1363 2904 1370 2917 ,
1399 2883 1478 2910 ﬁdem
1505 2882 1865 2917 orthodoxam'seqnatnur,
