2062 3128
193 140 243 167 ιεςτ

193 196 358 231 gloriamque
389 195 535 222 rrl'eramns
555 195 642 225 Patri,
667 194 733 220 Filio
748 198 773 220 et.
791 192 898 227 Spiritui
923 199 985 218 san-

193 247 238 268 cto
251 249 320 268 nunc
334 246 361 268 et
376 249 491 275 semper,
509 245 535 267 et
548 241 573 266 in
588 241 683 266 sa-cula
698 240 866 265 sreenlorutn.
893 240 983 264 Amen.

280 287 399 322 Ejusdem
412 287 438 313 in
451 291 564 322 quartam
575 287 638 313 diem
653 286 785 312 creuliouis
797 285 896 311 mutuli.

233 335 258 361 1.
274 334 419 361 Labantent
444 341 536 360 vocent
562 338 677 360 nostram
695 332 777 366 pridie
793 340 839 365 per
852 331 985 358 orationes

194 386 296 407 vestras
313 387 410 414 perque
426 383 542 406 vestrum
557 379 718 406 desiderium
736 378 780 405 Dei
795 378 879 413 gratia
895 378 985 404 ﬁrma-

194 427 241 453 vit.
260 426 316 460 Ipsa
337 426 415 460 igitur
435 426 559 459 magistra
576 433 639 451 ttsus
659 425 841 458 experientia,
858 429 984 458 quantum

193 480 269 498 amor
283 471 432 506 divina-que
444 471 549 504 pictatis
563 470 679 497 studiutn
696 474 799 504 potest,
813 469 845 496 ad
864 469 983 496 euutdettt

192 517 405 544 obsecrationem
422 516 529 548 accedo,
544 523 636 542 rursus
648 523 742 550 rogans
755 520 784 542 ut
797 515 917 541 eamdem
939 522 985 548 pro

194 562 271 589 nobis
285 562 397 596 gratiam
422 562 526 596 petatis.
547 561 612 587 Natu
629 561 649 586 si
666 568 712 587 vas
729 559 867 587 electionis
876 559 982 589 Paulus.

191 609 382 643 qniClu-istutn
411 608 436 635 in
459 608 547 642 seipse
570 609 719 642 loquentem
744 607 865 638 habebat,
882 607 942 640 quia
969 613 982 631 a

192 655 292 691 Spiritu
307 659 399 681 sancto
413 656 564 689 regebatur,
575 654 723 680 auditorum
737 653 913 687 precationem
924 660 982 678 tmt-

193 702 316 729 tuabalur
336 702 427 729 dicens
444 711 449 727 :
468 700 580 733 Fratres,
597 707 668 727 orate
684 709 729 734 pro
743 708 781 726 me
794 720 800 731 ,
816 705 841 725 ut
863 699 922 725 "ll/ll
937 698 982 724 de-

192 753 234 774 tur
249 747 348 773 verbum
377 747 401 773 in
429 747 558 781 apertioua
581 747 632 772 oris
661 746 708 772 ιιιεί
728 747 737 779 (
755 745 848 780 Epltes.
863 745 890 771 6.
915 743 981 779 I‘J):

192 798 291 827 quanto
307 793 390 826 magis
414 799 461 818 nos
478 792 560 823 viles,
577 795 603 818 et
618 791 680 826 qui,
697 795 724 817 ut
749 791 782 817 ita
796 790 881 817 dicam
895 810 903 822 ,
919 790 983 816 nihil

192 847 298 870 sumus,
318 838 535 865 intercessionem
560 843 676 865 vestram
701 841 830 871 petemus,
846 841 874 862 ut
888 836 983 869 linguae

192 884 327 910 vinculum
348 883 464 910 saltatur
477 902 484 915 ,
498 883 632 917 aperiatur
647 882 765 909 veritatis
788 889 895 913 sermo;
911 881 983 915 ipsa-

192 940 244 966 que
258 931 344 958 divina
357 931 442 966 gratia
458 930 611 965 expeditum
623 938 750 964 organum
765 928 906 960 custodiat,
923 930 984 955 seu:

192 977 388 1011 tentiarumque
402 977 504 1011 copiam
518 976 685 1010 suppeditet:
703 983 754 1002 non
768 979 797 1001 ut
811 975 883 1001 solus
894 970 1010 1001 orator’

191 1023 280 1050 divina
306 1023 438 1054 lucretur,
463 1022 509 1049 sed
525 1026 552 1049 ut
573 1022 708 1049 vobiscum
731 1021 865 1048 caelestem
879 1020 984 1047 hauriat

192 1069 359 1097 thesaurum.
373 1070 429 1104 Age
444 1076 508 1103 ergo
522 1089 528 1100 ,
550 1068 624 1102 prius
639 1067 769 1095 dictorum
785 1067 864 1093 seriei
879 1066 978 1093 haerea-

191 1123 261 1142 mus.
276 1116 327 1141 l’ar
341 1119 381 1141 est
394 1115 477 1146 enim,
493 1114 618 1146 arbitror,
637 1118 665 1140 ut
685 1111 909 1147 quemadmodum
927 1112 983 1146 ipse

191 1162 327 1197 legislator
341 1161 444 1197 Moyses
463 1161 533 1188 serie
557 1165 636 1194 atque
658 1159 752 1187 ordine
767 1159 909 1186 creationis
927 1165 984 1185 ser-

191 1216 298 1235 monem
314 1208 436 1238 absolvit.
451 1207 489 1234 sic
512 1212 538 1234 et
553 1214 601 1234 nos
616 1206 709 1241 primis
722 1204 847 1237 secunda,
859 1203 983 1231 secundis

190 1255 268 1282 tertia
285 1254 440 1289 c0pulemus
449 1257 477 1280 et
489 1253 692 1287 distinguamus,
706 1251 834 1285 vobisque
849 1257 900 1277 non
913 1257 980 1285 pra:-

190 1305 325 1336 posteram
339 1300 472 1327 sermonis
491 1299 687 1326 enarrationem
704 1297 848 1324 tradamus.
867 1296 983 1330 Compa—

189 1351 263 1374 ctum
275 1351 334 1373 erat
347 1346 451 1378 cadum,
468 1345 553 1372 solide
566 1349 695 1371 structum
710 1344 903 1370 ﬁrmamentum
917 1362 924 1375 ,
938 1349 982 1369 se-

188 1397 327 1427 gregatum
344 1399 426 1422 mare,
447 1390 549 1418 detecta
565 1395 644 1422 terra,
658 1389 795 1422 fetialibus,
817 1388 923 1423 plantis,
937 1396 982 1415 ar-

191 1439 300 1465 boribus
312 1458 319 1470 ,
335 1437 449 1464 fontibus
470 1438 542 1464 varie
558 1442 661 1468 ornata,
678 1441 705 1463 et
725 1439 754 1462 ut
777 1434 929 1462 summatim
944 1434 983 1462 di-

188 1493 259 1518 cam,
275 1484 396 1512 otnnibus
418 1485 467 1511 sibi
486 1483 694 1518 congruentibus
707 1483 830 1510 decorata
846 1486 913 1510 erat.
931 1481 982 1509 Ne-

190 1539 244 1566 que
256 1532 327 1558 enim
342 1531 454 1565 simplex
469 1530 590 1565 quaedam
605 1529 729 1557 feracitas
745 1530 791 1557 luit
803 1551 810 1562 ,
827 1530 873 1557 sed
887 1529 983 1556 distin-

190 1583 233 1605 cta
247 1582 275 1605 et
293 1577 376 1604 varia.
399 1577 463 1603 Nam
477 1575 528 1602 alia
552 1576 634 1610 ipsam
648 1576 779 1603 ornabant
799 1580 896 1602 terram
910 1583 917 1607 ;
932 1575 982 1602 alia

191 1625 218 1651 iit
241 1632 329 1652 escam
346 1623 498 1650 hominibus
514 1628 540 1650 et
557 1622 641 1650 brutis
655 1622 833 1649 animantibus
854 1621 982 1656 producta

190 1674 263 1702 sunt,
274 1674 370 1697 cetera
385 1669 536 1696 hominibus
545 1676 623 1695 usum
636 1667 798 1702 prmbebant.
813 1667 903 1701 Neque
912 1667 981 1693 enim

191 1716 332 1750 pra-svntis
345 1721 385 1743 est
397 1716 536 1749 temporis,
549 1715 652 1742 diversa
663 1715 704 1741 illa
719 1722 779 1749 qum
792 1721 824 1741 ex
842 1717 912 1740 terra
926 1720 983 1747 pro-

190 1763 270 1790 ducta
285 1767 346 1789 sunt
362 1769 503 1789 recensere
516 1782 523 1794 ,
539 1769 572 1788 ne
584 1761 715 1788 sermonis
726 1759 862 1794 longitudo
874 1759 982 1786 auribus

192 1808 288 1836 vestris
303 1808 412 1834 molesta
428 1808 472 1834 sit.
490 1806 724 1841 Acceperatetiam
740 1805 832 1832 carlum
845 1805 981 1839 proprium

192 1854 244 1880 sibi
258 1847 533 1881 ornatun1.'Proeedit
545 1853 600 1888 jam
616 1853 685 1880 Deus
697 1852 730 1879 ad
740 1858 833 1887 aquas,
847 1851 982 1886 efﬁcitque

194 1904 222 1926 ut
235 1900 286 1926 illa!
298 1901 413 1926 animant
432 1900 565 1926 viventem
580 1899 737 1933 producant,
753 1905 865 1933 magnus
878 1898 983 1932 sapien-

194 1946 366 1980 tissimusque
391 1946 502 1972 tireator
513 1966 519 1977 ,
537 1945 579 1979 qui
606 1945 689 1972 libero
704 1951 752 1971 suo
776 1949 840 1971 nutu
854 1947 882 1970 et.
897 1942 982 1971 Verbo

192 1996 286 2019 sancto
298 1999 347 2018 suo
358 1992 446 2018 omnia
461 1992 536 2024 fecit,
559 1995 588 2019 ut
599 1999 631 2018 ex
648 1992 703 2025 ipsa
722 1990 801 2018 Verbi
815 1991 927 2018 veritate
941 1998 983 2017 re-

193 2046 251 2064 rum
265 2038 402 2065 veritatem
420 2039 512 2069 nostis,
528 2046 588 2065 cum
604 2037 740 2065 audivistis
754 2045 815 2064 eum
830 2037 980 2067 dicentem;

192 2084 381 2120 Congregeutur
395 2092 467 2119 aqua:
481 2092 490 2116 ;
504 2089 529 2111 et
546 2084 633 2111 statim
648 2091 714 2118 opus
727 2088 867 2118 sequutum
883 2087 940 2114 est;
953 2090 984 2110 ac

194 2138 310 2162 l'ut‘stzttt,
330 2129 428 2157 Etlucut
451 2135 537 2162 terra;
558 2135 593 2164 et,
608 2129 724 2157 Educant
744 2138 832 2166 aquae;
848 2135 888 2161 et,
907 2129 983 2156 Fiant

193 2176 338 2202 tmuitmriu.
352 2175 479 2210 Multique
491 2176 567 2203 luerit
583 2176 720 2210 temporis,
730 2175 817 2202 omnia
826 2183 886 2210 quin
896 2175 983 2202 Verbo

193 2221 262 2247 laeta
276 2226 337 2247 sunt
347 2229 416 2248 ttunc
431 2228 554 2248 sermone
569 2221 702 2255 prosequi.
715 2220 748 2248 Ut
763 2221 833 2248 enini
849 2221 982 2256 antiqttam

195 2267 266 2294 illam
281 2268 443 2294 creationem
457 2267 601 2299 mittamus,
615 2267 670 2301 jam
682 2267 819 2294 veniamus
833 2267 867 2294 ad
880 2275 910 2294 ea
923 2275 983 2300 qua:

195 2313 221 2340 in
237 2313 309 2340 Novo
325 2314 494 2341 Testamento
508 2314 566 2341 solo
580 2313 669 2341 Verbo
679 2313 712 2340 ab
722 2321 754 2340 eo
767 2318 828 2340 sunt
842 2313 920 2340 facta.
937 2314 984 2340 llic

195 2367 309 2394 namque
321 2365 359 2386 est
371 2360 414 2394 qui
426 2363 514 2387 vetera
528 2359 636 2392 creavit,
647 2363 673 2386 et
682 2367 749 2386 nova
764 2359 827 2386 fecit
838 2359 981 2386 secundum

193 2404 323 2431 Joannem
343 2405 474 2432 direutem
491 2413 497 2431 :
523 2405 616 2432 Omnia
630 2413 673 2439 per
689 2405 771 2439 ipsum
792 2406 859 2440 facta
870 2410 930 2432 sunt
941 2425 949 2438 ,
963 2411 986 2433 et

193 2452 249 2478 sine
268 2451 322 2484 ipso
343 2451 437 2485 factum
459 2455 494 2478 est
518 2451 582 2477 nihil
606 2450 705 2486 (Juan.
720 2451 744 2477 l.
759 2450 807 2485 '5).
822 2451 887 2484 Qua:
907 2451 988 2485 igitur

197 2497 282 2523 oratio
297 2497 353 2531 hau;
369 2502 491 2525 accurate
507 2497 630 2532 prosequi
656 2497 761 2532 possit?
777 2497 827 2524 Sed
851 2497 927 2525 serici
944 2498 983 2524 in-

197 2543 331 2570 sistamus.
349 2543 396 2570 llie
419 2543 497 2578 igitur
517 2543 729 2577 sapientissimus
747 2542 875 2574 Creutor,
888 2547 916 2569 ut
932 2543 986 2577 jam

196 2589 322 2622 diximus,
336 2589 405 2624 quod
421 2591 535 2624 primum
558 2589 674 2622 fecerat,
689 2589 741 2616 ltoc
760 2594 787 2616 et
801 2590 924 2621 ornavit;
945 2589 987 2616 lnr

197 2635 278 2662 etiam
294 2635 331 2668 id,
348 2636 417 2670 quod
439 2635 583 2663 secundum
606 2636 702 2662 factum
720 2635 820 2668 fuerat,
837 2635 930 2662 ordine
945 2643 988 2663 se-

201 2682 317 2709 cundum
328 2684 484 2714 exornavit;
502 2683 616 2716 itemque
633 2682 751 2714 tertium,
768 2687 889 2716 quartum
903 2686 930 2709 ct
943 2690 988 2709 re—

200 2727 271 2762 liqua
285 2727 411 2762 deinceps
424 2727 513 2754 omnia
535 2727 681 2754 secundum
701 2727 821 2754 ordinem
844 2727 987 2754 creatinnis

199 2777 294 2799 ornatu
307 2780 356 2800 suo
370 2772 516 2799 decoravit.
527 2772 584 2806 Quo
596 2777 684 2800 autem
693 2772 781 2799 animo
792 2771 817 2798 id
834 2772 913 2799 fecit?
924 2779 986 2798 num

201 2817 316 2845 fortasse
329 2819 420 2845 volens
437 2818 534 2845 docere
549 2822 643 2850 nos,ut
654 2818 845 2846 elementorum
860 2817 987 2845 terminus

200 2863 329 2895 colamus,
353 2863 525 2899 ordinemque
546 2864 738 2899 agnoscamus?
752 2864 840 2890 Primo
859 2863 936 2898 igitur
949 2863 987 2891 fe-

706 136 751 164 DE
766 135 871 164 MUNDI
892 133 1085 163 CREATIONE
1104 135 1230 164 ORATIO
1250 137 1291 164 IV.

1783 141 1833 168 ΑΗἱῆ

1041 193 1076 218 cit
1091 193 1183 220 cadum
1210 194 1349 228 superius;
1366 194 1482 221 secundo
1508 201 1622 227 terram;
1650 197 1726 223 tertio
1739 197 1830 224 ﬁrma-

1041 243 1174 270 mentum;
1188 244 1282 273 quarto
1295 241 1442 274 segregavit
1456 248 1547 274 aquas.
1567 241 1642 274 Quod
1662 242 1777 276 primum
1790 243 1827 269 fe-

1041 283 1085 316 cit,
1102 285 1215 318 primttm
1230 285 1344 312 ornavit.
1361 285 1499 318 Quomodo
1514 294 1594 321 ergo,
1612 287 1684 314 dicet
1697 287 1827 322 quispiam

1039 337 1070 356 ex
1088 330 1302 363 studiosioribus,
1316 339 1374 357 eum
1391 332 1505 358 secunda
1521 337 1591 359 esset
1611 337 1695 365 terra,
1714 334 1825 368 primam

1040 375 1108 402 illaut
1123 377 1243 403 ornavit?
1262 385 1292 404 ac
1305 378 1379 412 quasi
1400 386 1489 405 secum
1505 383 1636 413 pugnante
1656 380 1823 412 narratione,

1038 430 1182 457 coarguere
1197 423 1276 450 volet.
1290 423 1342 459 lpsi
1357 425 1581 459 respondendum,
1594 425 1659 452 niltil
1675 433 1765 453 secum
1782 434 1829 461 pu~

1037 476 1120 503 guuns
1134 476 1148 495 a
1164 470 1241 497 nobis
1257 469 1283 497 in
1300 471 1424 504 praesenti
1440 471 1537 499 dictum
1551 471 1632 499 fuisse
1643 492 1650 505 ,
1668 472 1714 500 sed
1726 473 1827 500 oratio-

1039 522 1097 540 m-m
1121 515 1169 541 sibi
1185 516 1295 543 omnino
1309 524 1368 544 esse
1384 518 1605 545 consentientem.
1623 518 1687 546 Nam
1701 523 1762 546 ante
1777 518 1827 546 hoc

1040 561 1248 595 ﬁrmamentum,
1262 562 1331 597 quod
1347 567 1406 597 post
1419 563 1510 590 emtum
1525 565 1646 598 superius
1661 564 1755 592 factum
1769 569 1825 597 est,

1037 610 1116 639 atque
1140 607 1256 634 secunda
1279 607 1323 635 die
1347 609 1518 636 constitutum
1532 631 1538 641 ,
1561 615 1652 637 ornata
1677 615 1745 638 terra
1767 611 1826 638 fuit.

1038 651 1184 685 Oportebat
1195 654 1265 680 enim
1279 654 1380 681 ordinis
1395 656 1491 682 seriem
1507 657 1619 683 servari.
1641 657 1707 684 Cum
1729 663 1826 685 terram

1038 698 1135 732 plantis
1147 703 1174 725 et
1185 698 1314 727 fructibus
1327 706 1461 734 ornasset,
1477 710 1537 729 cum
1552 703 1648 730 caelum
1663 705 1728 735 sole,
1745 705 1806 731 luna
1821 725 1828 737 ,

1037 751 1068 771 ac
1082 745 1184 778 reliquo
1198 745 1335 772 stellarum
1348 747 1429 774 choro
1443 747 1607 782 decorasset,
1623 749 1655 776 ad
1667 758 1748 784 aquas
1763 758 1827 785 pro-

1036 792 1127 818 cessit.
1146 792 1179 819 Et
1193 793 1255 827 quid
1269 794 1387 822 historiae
1409 795 1542 830 scriptor?
1556 795 1589 822 Et
1604 796 1667 823 dixit
1682 796 1752 824 Deus
1763 818 1769 830 ,
1788 798 1827 824 in-

1035 837 1108 870 quit,
1127 837 1242 866 Educaut
1267 847 1338 872 aqua
1360 841 1460 875 reptilia
1481 841 1623 868 auinturum
1645 843 1786 876 viventium,
1803 848 1827 870 et

1036 890 1093 909 aves
1113 883 1224 910 volantes
1245 893 1320 919 super
1344 890 1453 917 terram,
1479 887 1616 913 secundum
1639 887 1827 922 firmamentum

1036 929 1092 955 uati
1106 929 1115 964 (
1131 929 1193 957 Ceu.
1207 931 1231 957 1.
1248 931 1283 958 ‘20
1298 930 1402 967 ).‘Vide
1414 932 1460 959 Dei
1476 939 1638 966 sermonem,
1655 941 1735 968 opera
1749 933 1826 961 dictis

1036 975 1190 1010 addentem,
1216 981 1243 1004 et
1258 977 1339 1004 verba
1366 978 1392 1005 in
1411 986 1490 1012 opera
1513 983 1670 1007 vertentem.
1687 979 1754 1007 Vide
1777 980 1825 1007 Dei

1035 1022 1150 1057 syllabas
1165 1023 1298 1058 verbaque
1311 1024 1414 1058 brevia,
1430 1024 1518 1052 divina
1537 1025 1635 1053 virtute
1652 1026 1739 1061 plena.
1753 1026 1826 1054 Edu-

1036 1074 1093 1095 caut
1107 1078 1198 1105 aqum:
1213 1078 1301 1098 sermo
1316 1070 1390 1098 labor
1403 1076 1430 1098 et
1442 1079 1508 1106 opus
1517 1072 1564 1100 Dei
1579 1077 1629 1099 est.
1644 1073 1765 1100 Arbitror
1776 1081 1825 1108 ego

1036 1122 1115 1150 opera
1140 1123 1291 1144 sermonem
1306 1118 1479 1145 antevertisse
1494 1127 1500 1144 :
1525 1118 1642 1146 velocior
1663 1119 1734 1146 ettim
1749 1119 1826 1146 dictis

1036 1163 1153 1196 potentia
1175 1163 1298 1190 Nondum
1313 1164 1431 1198 prolatus
1440 1172 1530 1192 sermo
1542 1164 1636 1198 fuerat,
1645 1170 1670 1192 et
1685 1173 1752 1200 opus
1766 1173 1827 1200 pro—

1037 1208 1121 1242 prium
1137 1209 1285 1242 accipiebat
1298 1214 1420 1236 ornatum
1436 1218 1443 1237 :
1461 1209 1584 1245 quodque
1595 1210 1691 1237 mirutn
1705 1215 1755 1244 est,
1771 1212 1827 1238 sin-

1035 1254 1102 1288 gulis
1115 1254 1188 1282 hisce
1201 1255 1339 1283 elementis
1356 1256 1424 1283 Deus
1443 1256 1575 1291 duplicem
1593 1257 1727 1292 pnebebat
1749 1267 1827 1286 orna-

1037 1304 1100 1327 tum.
1131 1300 1209 1328 Dedit
1233 1301 1399 1329 ﬁrmamento
1429 1303 1568 1330 luminaria
1592 1307 1620 1331 et
1646 1311 1744 1332 rorem.
1772 1305 1826 1332 lino

1037 1345 1116 1372 etiam
1140 1346 1234 1373 horum
1259 1347 1429 1375 luminarium
1446 1348 1567 1376 diversus
1587 1355 1645 1377 erat
1659 1358 1740 1384 usus;
1754 1356 1782 1378 lit
1793 1359 1826 1379 ex

1036 1391 1100 1426 ipsis
1114 1391 1258 1427 Scripturze
1282 1393 1359 1421 dictis
1383 1400 1506 1428 constat,
1520 1395 1554 1422 de
1568 1396 1663 1430 quibus
1677 1405 1725 1431 pro
1747 1398 1825 1430 virili,

1036 1437 1085 1464 etsi
1109 1445 1162 1464 non
1184 1445 1234 1473 pro
1255 1438 1400 1473 dignitate,
1421 1448 1507 1475 nuper
1523 1441 1604 1468 verba
1622 1441 1749 1476 fecimus,
1765 1451 1825 1470 cum
1843 1466 1845 1468 .

1038 1483 1114 1510 vobis
1127 1483 1222 1511 horum
1238 1485 1367 1513 rationem
1385 1487 1583 1521 exponebamus
1600 1494 1606 1513 :
1623 1487 1656 1515 de
1669 1489 1765 1523 quibus
1779 1490 1828 1516 ite-

1035 1537 1094 1557 rum
1110 1529 1136 1557 iu
1147 1531 1273 1564 praesenti
1296 1539 1447 1560 sermonem
1464 1533 1562 1561 habere
1577 1534 1670 1562 inutile
1683 1536 1760 1563 foret.

1070 1575 1097 1602 2.
1117 1575 1186 1603 Deus
1200 1577 1327 1610 prater-ita
1339 1598 1345 1609 ,
1362 1579 1495 1612 praesentia
1509 1583 1532 1606 el
1545 1581 1633 1615 futura
1646 1580 1720 1607 videt.
1735 1581 1826 1616 Bapti-

1035 1629 1102 1648 smus
1121 1622 1269 1649 emundata
1290 1624 1396 1657 peccatis
1415 1624 1538 1652 ontuibus.
1559 1624 1683 1660 Βαριὶςωὶ
1703 1626 1786 1661 ﬁgura
1803 1633 1826 1654 et

1034 1669 1080 1695 vis.
1094 1683 1129 1688 -—
1144 1668 1234 1696 Terrae
1247 1670 1347 1697 semina
1363 1670 1436 1697 dedit
1449 1675 1476 1697 et
1492 1670 1612 1705 plantas;
1628 1673 1714 1707 aquis,
1728 1673 1826 1700 natati-

1036 1714 1069 1741 lia
1084 1719 1110 1741 et
1125 1715 1250 1742 volatilia.
1265 1715 1380 1742 Educant
1390 1724 1461 1750 aqua:
1474 1717 1574 1752 reptilia
1587 1718 1729 1744 animarum
1742 1719 1824 1748 viven-

1036 1761 1116 1792 tium,
1132 1765 1154 1787 ct
1167 1761 1279 1788 volatilia
1294 1762 1413 1788 volantia.
1430 1762 1542 1796 lleplilia
1559 1763 1645 1797 pisces
1656 1767 1750 1796 vocat,
1765 1765 1823 1798 quia

1036 1806 1122 1840 potius
1142 1811 1258 1841 repunt,
1278 1815 1355 1841 quant
1376 1807 1522 1834 ambulant.
1539 1808 1716 1841 Quamobrem
1732 1809 1825 1837 beatus

1037 1851 1117 1878 David
1138 1851 1316 1886 legislatorem
1334 1860 1448 1887 sequens
1469 1853 1506 1880 ait
1521 1862 1527 1880 :
1545 1853 1600 1880 lloc
1618 1862 1687 1881 more
1706 1863 1826 1890 maguum

1036 1902 1059 1924 et
1081 1898 1220 1932 spatiosum
1237 1907 1246 1925 :
1260 1897 1313 1924 illic
1331 1898 1432 1933 reptilia
1453 1907 1559 1934 quarunt
1582 1907 1632 1926 non
1653 1904 1689 1926 est
1709 1908 1825 1927 nutrieras

1036 1945 1128 1979 (t’sal.
1144 1945 1204 1972 105.
1219 1944 1254 1971 25
1265 1945 1284 1980 ).
1300 1945 1367 1972 Rem
1379 1945 1536 1980 stupendam
1552 1947 1559 1973 !
1580 1946 1742 1981 stupendum
1753 1947 1825 1974 ordi-

1036 1991 1118 2018 nem!
1142 1991 1263 2025 stupendi
1287 1991 1361 2018 verbi
1382 1991 1604 2026 promissionem!
1625 1991 1738 2026 Quare?
1761 1992 1825 2025 Quia

1036 2036 1155 2064 omnium
1171 2035 1263 2070 Opifex
1279 2040 1339 2069 est;
1354 2037 1392 2063 sic
1412 2044 1466 2071 pra:
1481 2037 1564 2064 oculis
1581 2037 1659 2064 habet
1673 2039 1804 2072 praeterita
1818 2059 1825 2068 ,

1036 2082 1175 2116 praesentia
1192 2086 1219 2109 et
1241 2082 1324 2108 futura
1339 2103 1346 2114 ,
1368 2086 1396 2109 ut
1416 2090 1501 2117 neque
1519 2089 1567 2109 nos
1585 2090 1615 2110 ea
1632 2083 1686 2117 ipsa
1700 2091 1758 2118 quae
1772 2092 1826 2118 prm

1036 2129 1120 2155 oculis
1131 2132 1199 2155 sunt.
1212 2128 1277 2161 Quia
1292 2128 1370 2162 igitur
1383 2136 1429 2163 per
1441 2136 1523 2163 aquas
1535 2129 1620 2163 pritno
1633 2129 1712 2156 vitam
1728 2130 1827 2157 mundo

1037 2175 1146 2203 daturus
1161 2179 1227 2207 erat,
1242 2175 1327 2209 primo
1342 2174 1418 2209 aquis
1434 2175 1563 2210 pralcipit,
1578 2180 1606 2202 ut
1619 2176 1763 2210 viviparam
1779 2185 1826 2203 na-

1039 2225 1124 2248 turam
1140 2221 1286 2256 producant
1302 2229 1307 2247 :
1326 2225 1353 2247 ut
1366 2220 1452 2248 discas
1467 2221 1537 2248 unde
1551 2221 1625 2248 radix
1639 2222 1699 2248 vitae
1714 2222 1757 2249 sit.
1772 2223 1827 2257 Ego

1037 2275 1098 2295 cum
1112 2267 1189 2294 video
1205 2275 1251 2294 eos
1273 2267 1316 2302 qui
1337 2267 1478 2294 illutninati
1494 2267 1568 2295 fuere
1590 2275 1624 2295 ex
1638 2268 1736 2295 sanctis
1751 2269 1826 2304 aquis

1038 2314 1120 2346 exire,
1132 2314 1176 2348 qui
1188 2313 1215 2340 in
1229 2312 1388 2347 baptismum
1400 2321 1459 2340 cum
1473 2313 1563 2339 multis
1573 2313 1649 2340 malis
1660 2305 1733 2348 quasi
1747 2314 1826 2349 repti-

1038 2359 1072 2385 lia
1085 2358 1195 2392 ingressi
1210 2362 1280 2390 sunt,
1296 2362 1321 2385 et
1335 2366 1394 2384 cum
1409 2358 1460 2385 vita
1476 2362 1575 2385 aeterna
1588 2364 1649 2385 sunt
1667 2359 1777 2394 egressi,
1789 2360 1829 2386 vi-

1039 2404 1087 2431 deo
1102 2404 1291 2438 Legislatorem
1312 2403 1444 2430 dicentem
1459 2413 1465 2430 :
1483 2404 1601 2430 Educant
1617 2413 1692 2439 aquae
1708 2413 1737 2432 ea
1748 2426 1755 2438 ,
1772 2414 1830 2441 qua:

1033 2456 1101 2478 .tttuc
1112 2450 1215 2484 reptilia
1226 2454 1311 2482 erant,
1327 2458 1396 2477 nunc
1411 2451 1497 2477 anima
1510 2451 1598 2478 vivens
1609 2457 1681 2478 sunt.
1694 2451 1829 2480 Undenani

1040 2498 1090 2524 hoc
1102 2496 1180 2524 nobis
1194 2497 1280 2532 palam
1297 2497 1366 2524 erit?
1381 2497 1447 2529 Quia
1470 2497 1486 2523 ii
1501 2497 1544 2532 qui
1559 2497 1690 2524 accedunt.
1712 2499 1744 2525 ad
1761 2499 1832 2525 lava-

1038 2551 1112 2570 crum
1127 2543 1153 2570 in
1169 2543 1256 2578 priora
1277 2547 1383 2577 peccata
1396 2564 1403 2575 ,
1417 2543 1550 2578 reptiiiutn
1571 2552 1667 2572 nomen
1683 2545 1829 2579 accipiunt.

1041 2589 1173 2617 Exierunt
1185 2589 1260 2616 multi
1275 2589 1307 2617 ad
1323 2590 1485 2624 baptismunt
1496 2590 1606 2618 Joannis
1622 2599 1630 2617 ι
1645 2592 1832 2620 accedentibus

1039 2635 1125 2662 dicit:
1143 2635 1294 2670 Serpentes,
1317 2637 1443 2671 genimiua
1465 2637 1628 2671 viperarum,
1647 2639 1702 2673 quis
1723 2640 1831 2666 ostendit

1040 2681 1107 2707 vobis
1120 2682 1206 2716 fugere
1217 2690 1232 2708 a
1243 2686 1346 2708 ventura
1361 2683 1400 2709 ira
1415 2683 1422 2717 (
1434 2682 1527 2710 .llutt/t.
1541 2684 1566 2711 5.
1580 2684 1614 2720 7)
1625 2684 1637 2711 ?
1651 2685 1716 2712 Cum
1733 2684 1831 2718 anima,

1040 2734 1098 2761 qua:
1107 2727 1196 2754 multis
1208 2727 1285 2754 annis
1301 2727 1326 2754 in
1344 2728 1459 2762 nequitia
1474 2729 1557 2762 vixit,
1575 2730 1600 2757 in
1617 2730 1775 2765 baptismum
1792 2731 1831 2757 iu-

1042 2777 1093 2798 trat
1107 2794 1114 2803 ,
1134 2777 1161 2799 et
1180 2773 1349 2808 improbitate
1369 2773 1486 2808 deposita
1508 2775 1652 2810 egreditur,
1667 2776 1727 2803 vide
1746 2785 1831 2802 annon

1041 2818 1165 2852 operibus
1178 2819 1345 2853 resplendeat
1358 2819 1401 2846 illa
1413 2828 1463 2846 vox
1476 2820 1620 2854 dominica,
1633 2830 1692 2856 qua:
1705 2822 1751 2851 ait,
1764 2821 1832 2846 Edu-

1044 2868 1101 2890 cuut
1114 2872 1187 2899 (tr/ut:
1200 2864 1301 2900 rrptilia
1314 2865 1454 2892 animarum
1471 2867 1612 2900 viventium,
1629 2871 1651 2894 et
1666 2866 1775 2894 vola/ilia
1789 2873 1830 2891 om
