2047 3122
242 97 296 125 ΔΕΘ

242 156 343 183 lantia.’
359 154 492 189 anlicem
506 144 632 188 namque
653 152 763 187 gratiam
779 151 875 186 accipit
888 150 911 177 is
924 150 968 185 qui
983 158 1029 176 sa-

242 204 322 229 ltttem
337 200 519 235 consequitur.
534 206 629 233 ttempe
642 203 669 225 et
684 197 831 225 vivillcatur
841 196 938 229 anima,
950 200 976 223 ct
986 204 1032 223 vo-

242 248 320 275 latilis
333 247 456 278 eflicitur,
472 250 498 273 et
510 245 543 273 ad
557 245 682 272 ctclorum
699 243 815 271 fornices
830 243 935 278 attingit
948 264 955 275 ,
970 250 1031 269 cum

242 293 342 329 angelis
355 297 488 325 versatur,
502 294 528 318 et
542 298 602 318 cum
616 289 715 317 catlesti
729 288 824 316 ordine
837 289 925 315 locttm
941 287 1031 314 habet.

244 339 275 366 Et
290 339 402 366 rolatilia
415 337 525 365 uolantia
539 345 615 372 super
626 342 718 363 (errant
732 334 869 362 secundum
883 335 1030 369 ﬁrmamen-

243 390 295 411 tum
307 384 372 411 caeli.
388 382 472 418 Super
483 387 574 409 terram
586 402 594 415 ,
607 388 731 416 corpore,
746 380 772 407 in
786 379 867 412 caelis,
884 379 944 406 vita:
957 378 1032 405 insti-

242 435 306 458 tuto.
323 430 385 457 Hrec
398 437 450 457 non
467 437 515 464 per
528 428 681 464 allegoriam
697 427 847 455 inducimus
859 447 866 459 ,
884 425 931 453 sed
946 426 972 453 in
988 425 1031 452 lii-

240 477 322 504 storia
335 475 527 511 conspicimus.
539 474 616 502 Aliud
631 478 672 501 est
686 473 839 509 allegoriam
853 472 879 499 in
893 472 1030 500 historiam

242 522 268 549 vi
283 522 428 554 inducere;
445 521 515 548 aliud
536 520 645 548 historia
660 524 763 547 servata
778 520 932 554 allegoriam
947 526 1031 546 cxco-

240 567 333 603 gitare.
352 567 440 601 Atque
458 570 487 593 ut
506 565 630 593 ostendat
650 573 679 593 se
694 565 799 600 reptilia
811 564 900 592 dicere
913 564 1031 591 volatilia

240 616 353 646 pennata
366 632 373 645 ,
388 619 447 646 qua:
462 616 523 638 sunt
542 611 568 638 in
587 610 652 638 mari
665 631 672 644 ,
685 610 795 643 subdit;
814 620 823 636 (
838 610 871 637 Et
885 610 947 637 fecit
962 610 1031 637 Dens

240 662 298 684 cete
310 657 430 692 grandia,
445 661 472 684 et
486 664 593 684 omnem
608 656 724 683 animam
736 656 869 684 viventem
885 656 1030 691 reptilium,

238 710 296 737 qttze
308 702 398 730 eduxit
408 710 476 737 aqua
487 710 494 734 ;
506 706 532 729 et
544 702 651 729 volatile
664 705 808 737 pennatum
822 711 831 727 ι
850 701 923 736 (Gen.
936 702 962 728 l.
972 701 1028 737 21).

240 748 321 775 Estne
336 755 399 782 ergo
418 747 524 785 volatile
543 754 595 775 non
614 747 780 782 pennatum?
801 747 864 782 quid
885 755 952 782 opus
973 752 1032 774 erat

239 793 337 825 dicere,
353 792 462 819 Volatile
477 797 613 827 pennatunt
624 792 637 819 ?
651 792 746 820 Volare
760 791 803 820 hic
813 792 909 819 dicitur
923 792 949 819 id
959 792 1030 828 quod

239 842 280 865 est
302 837 453 873 expandere
477 845 582 865 manus.
609 838 701 865 Potest
722 838 802 865 etiam
827 838 887 873 quis
909 838 1031 866 manibtts

239 888 362 918 πιτῖιτθαι,
378 888 407 911 ut
419 884 456 911 ait
469 883 599 919 propheta
611 892 617 910 :
634 883 698 911 Tota
710 884 751 911 die
759 887 888 917 ἐξεπέτασα
897 903 905 917 ,
919 884 1030 912 exeundi

238 937 327 956 manus
341 937 410 957 meas
421 929 455 956 ad
466 930 588 964 populum
601 938 652 957 non
665 929 806 957 credentem
819 934 842 957 et
854 930 1030 957 contradicen-

239 981 287 1002 tem
302 975 379 1011 (Iani.
394 975 438 1003 65.
451 975 481 1011 2)
498 985 504 1003 :
520 983 572 1003 non
586 975 656 1011 quod
671 983 765 1003 manus
780 983 882 1011 pennas
895 975 1029 1009 habeant,

238 1020 284 1048 sed
295 1021 357 1056 quia
367 1025 481 1048 τητᾶσθαι
492 1021 641 1057 expandere
649 1021 790 1061 significat.
800 1021 876 1056 Quod
889 1022 957 1057 repit
967 1029 1030 1057 ergo

239 1066 344 1094 volatile
355 1066 405 1094 dici
422 1070 517 1102 potest,
530 1066 600 1102 quod
613 1071 699 1102 repat,
708 1074 790 1102 seque
800 1066 948 1102 expandat:
960 1067 1031 1095 unde

239 1117 266 1141 et
277 1113 360 1140 David
373 1114 411 1141 ait
425 1122 432 1143 :
449 1113 583 1148 Serpentes
596 1117 619 1140 et
629 1113 742 1140 volatilia
754 1118 874 1149 pennata.
887 1113 959 1141 Fecit
967 1121 1031 1149 ergo

240 1158 307 1186 Dens
325 1163 379 1186 cete
397 1159 504 1194 grandia
527 1159 536 1194 (
550 1158 595 1186 Ps.
609 1159 672 1187 MS.
688 1159 741 1194 10)
757 1167 764 1192 ;
780 1159 806 1186 id
821 1164 862 1187 est
875 1180 884 1193 ,
899 1159 1030 1188 dracones

239 1211 349 1239 magnos
368 1204 395 1231 in
420 1204 496 1231 mari.
522 1203 626 1239 Reliqui
649 1204 720 1232 eniin
743 1205 902 1239 interpretes
914 1205 1028 1232 dicunt:

244 1250 311 1277 Fecit
324 1250 393 1277 Deus
413 1250 533 1277 dracones
546 1258 651 1285 magno:
664 1250 713 1285 (α).
735 1249 793 1277 Non
807 1250 944 1283 dixerunt,
961 1250 1028 1283 Cete,

239 1296 297 1329 sed,
313 1296 450 1323 Dracones.
464 1295 533 1323 Nihil
549 1296 574 1322 in
589 1303 655 1323 mari
669 1295 767 1323 factum
780 1300 821 1323 est
833 1296 903 1323 inter
914 1296 1029 1323 viventia

241 1342 313 1375 prius
327 1349 407 1376 quam
422 1342 513 1369 draco.
528 1340 591 1369 Ideo
605 1340 643 1368 ait
656 1340 739 1368 David
753 1350 760 1368 :
778 1349 787 1366 ι
805 1341 922 1368 Laudate
937 1341 1030 1368 Domi-

240 1396 301 1415 nunt
312 1388 346 1415 de
354 1391 434 1420 terra,
443 1387 573 1415 dracones
581 1391 608 1414 et
617 1394 709 1415 omnes
716 1387 804 1425 abyssi
814 1396 824 1413 ι
836 1387 895 1423 (Ps.
906 1387 967 1415 148.
982 1388 1010 1423 7)
1020 1396 1028 1420 ;

240 1439 267 1462 et
280 1435 342 1462 alibi
357 1444 364 1461 :
382 1444 391 1460 ι
405 1434 461 1462 Hoc
478 1441 552 1461 mare
564 1441 688 1469 magnum
700 1438 727 1461 et
739 1433 884 1469 spatiosum
895 1455 902 1467 ,
918 1435 971 1462 illic
984 1442 1029 1462 re-

241 1480 313 1514 ptilia
325 1487 438 1515 quorum
453 1486 506 1507 nan
518 1484 560 1508 est
569 1487 695 1506 numerus
706 1487 715 1508 :
727 1480 851 1507 animalia
864 1480 958 1515 pusilla
968 1488 1029 1508 cum

241 1527 341 1561 magnis
356 1535 362 1553 :
376 1526 431 1554 illic
443 1534 523 1553 naves
537 1525 745 1560 pertransibunt.
766 1526 851 1553 Draco
866 1526 933 1557 iste.
948 1535 1026 1561 quem

241 1572 357 1599 formasti
382 1571 414 1599 ad
437 1571 599 1599 illudettdum
620 1571 644 1598 ei
658 1580 668 1597 ι
691 1570 759 1604 (Ps.
775 1570 838 1600 105.
852 1571 897 1598 25.
911 1571 978 1607 26).
997 1572 1029 1599 Ει

239 1617 300 1643 alibi
314 1621 343 1643 ut
356 1616 479 1644 ostendat
494 1624 547 1643 non
562 1623 659 1647 unum,
677 1615 724 1643 sed
738 1615 837 1643 mttltos
849 1616 885 1643 ibi
898 1616 1029 1645 dracones

240 1670 298 1690 esse
308 1684 315 1696 ,
329 1663 365 1690 ait
380 1671 387 1689 :
401 1662 441 1690 Tu
455 1662 594 1690 contrivisti
605 1662 689 1697 capita
699 1662 837 1689 draconum
851 1662 877 1689 in
889 1671 954 1699 aqua
969 1662 1028 1699 (Ps.

239 1709 286 1736 75.
297 1709 352 1744 I5).
369 1707 440 1735 Fecit
454 1708 532 1744 igitur
545 1713 598 1735 cete
611 1707 728 1743 grandia.
744 1707 777 1735 Et
790 1708 851 1735 vidit
866 1708 935 1736 Deus
946 1729 953 1741 ,
969 1709 1029 1743 quia

238 1755 322 1781 omnia
336 1753 411 1781 bona.
426 1754 514 1788 Quare
528 1753 613 1787 dixit,
632 1753 727 1781 Bona?
741 1754 867 1789 numqttid
882 1754 950 1781 bona
966 1761 1029 1789 pro-

240 1805 297 1835 pter
312 1799 530 1827 multitudinem?
543 1799 622 1834 Atqui
637 1799 744 1834 quando
758 1800 849 1827 stellas
865 1799 928 1827 fecit
941 1804 970 1827 et
983 1807 1028 1827 so-

240 1851 290 1873 lem
305 1850 334 1874 et
347 1846 437 1873 lunam
449 1866 457 1878 ,
475 1846 558 1873 multa
579 1846 641 1873 licet
660 1850 749 1873 essent
764 1854 826 1881 quae
840 1846 908 1873 facta
924 1846 1031 1873 fuerant

238 1893 317 1919 dicit:
336 1891 403 1919 Vidit
413 1891 482 1919 Deus
492 1892 558 1926 quod
566 1897 627 1920 esset
640 1892 732 1919 bonum
744 1891 820 1928 (Gen.
835 1892 928 1927 1.10).
941 1892 1030 1920 Multa:

238 1942 300 1965 sunt
311 1937 408 1970 stellas,
420 1945 563 1972 earumque
579 1938 660 1965 millia
675 1938 829 1965 innumera:
841 1946 926 1973 neque
940 1943 1028 1967 tamen

238 1983 303 2010 dixit
315 1992 321 2010 :
334 1982 404 2010 Vidit
416 1983 485 2010 Deus
496 1983 566 2017 quod
582 1983 651 2010 bona
662 1988 770 2016 essent;
787 1983 833 2011 sed
851 1983 925 2017 Quod
936 1984 1029 2011 bonum

237 2034 309 2057 esset.
321 2029 428 2063 Quare?
439 2030 504 2063 Quia
515 2030 564 2058 etsi
574 2030 654 2057 multa
667 2030 819 2064 luminaria,
832 2038 865 2058 ex
876 2038 927 2058 una
940 2035 1027 2059 tamen

236 2076 295 2102 luce
310 2080 382 2108 sunt,
399 2079 426 2103 et
437 2075 470 2102 ad
486 2076 608 2103 eumdem
624 2076 713 2102 omnia
725 2083 803 2103 usuin
819 2084 825 2102 :
842 2083 903 2103 nam
918 2077 952 2104 ad
965 2077 1028 2104 illu-

237 2121 390 2149 minandum
409 2122 494 2156 posita
514 2126 585 2149 sunt.
602 2121 651 2149 Hic
662 2129 726 2149 vero
740 2121 802 2157 quia
822 2122 915 2156 ingens
927 2126 969 2150 est
982 2130 1029 2150 re-

236 2168 338 2201 ptilium
352 2166 500 2195 differentia
513 2187 521 2200 ,
534 2171 562 2195 et
574 2167 730 2200 volatilium,
746 2168 950 2203 natatiliumque
967 2167 1028 2203 (alia

235 2214 332 2248 quippe
345 2214 414 2241 ratio
427 2217 469 2241 est
483 2213 644 2247 natatilium,
653 2214 703 2240 alia
715 2213 872 2247 volatilium,
882 2214 934 2241 alia
946 2215 1029 2249 repti-

234 2260 321 2294 lium),
333 2263 360 2286 ct
371 2259 396 2286 in
411 2259 521 2294 singulis
535 2258 676 2294 generibus
689 2258 771 2285 multa
781 2258 940 2294 diversaque
954 2264 1027 2294 sunt,

233 2305 313 2333 dicit:
333 2304 402 2331 Vidit
417 2304 491 2340 Deus
497 2304 563 2340 quod
576 2308 656 2331 essent
668 2304 743 2330 bona.
756 2304 809 2331 Pro
821 2306 949 2332 varietate
963 2312 1030 2340 ope-

232 2360 290 2378 rum
310 2351 367 2378 laus
388 2351 517 2386 sequitur.
535 2350 568 2377 Et
582 2350 706 2377 benedixit
721 2358 750 2376 ea
763 2349 831 2378 Deut
845 2350 929 2378 dicens
940 2358 950 2378 :
963 2350 1026 2378 Cre-

232 2398 293 2424 scite
306 2402 330 2424 et
339 2397 553 2430 multiplicamini,
564 2401 586 2422 et
596 2396 689 2431 replete
699 2404 789 2430 aquas,
804 2401 826 2422 et
838 2397 951 2423 volatilia
962 2397 1027 2423 mul-

233 2444 379 2479 tiplicentur
393 2442 468 2478 (Gen.
486 2443 511 2469 I.
524 2442 581 2477 92).

267 2490 293 2517 5.
306 2489 392 2515 Stellis
400 2496 445 2515 cur
455 2496 504 2514 non
513 2487 665 2514 benedixerit
675 2487 793 2513 Deus.—-
803 2487 857 2515 Cur
866 2495 925 2515 cum
937 2489 1027 2517 stellas

230 2536 302 2564 fecit.
313 2542 364 2561 non
374 2534 526 2561 benedixit?
537 2541 585 2560 cur
592 2541 652 2560 cum
664 2533 758 2560 herbas
767 2538 795 2560 et
806 2533 874 2568 ligna
888 2534 962 2567 fecit,
976 2543 1027 2562 non

233 2580 446 2608 ltoltedixil?Alio
455 2579 600 2613 benedixit,
608 2580 657 2607 alia
665 2587 717 2607 non
723 2579 867 2608 benedicit.
875 2580 939 2613 Qua.-
948 2588 1027 2607 causa

232 2626 334 2654 virtutis
344 2625 421 2660 hujus
429 2630 556 2653 creatura:
565 2625 629 2653 fuit?
642 2625 765 2653 Attende.
773 2626 862 2654 Stellae
871 2631 936 2661 quot
950 2626 1026 2653 factae

230 2677 292 2701 sunt
303 2673 336 2700 ab
350 2672 441 2706 initio,
457 2677 495 2699 tot
509 2677 617 2700 manent
629 2693 637 2706 ,
653 2680 683 2700 ac
697 2680 783 2709 neque
796 2681 908 2701 numero
920 2695 928 2707 ,
940 2681 1027 2709 neque

229 2719 411 2755 magnitudine
431 2724 540 2754 possunt
558 2720 648 2755 augeri
663 2727 670 2752 ;
691 2727 788 2755 nempe
809 2727 868 2747 cum
886 2720 913 2747 in
927 2719 1025 2747 identi-

261 2786 298 2817 (n)
315 2790 370 2818 inec
382 2787 531 2817 reliquorum
547 2788 707 2818 interpretum
726 2785 799 2813 lectio
817 2793 865 2812 non
884 2790 981 2813 notatur
1001 2790 1024 2813 in

232 2817 343 2849 hexsplis
356 2818 452 2842 nostris.

957 92 1140 121 SEVERIANI

1822 100 1875 128 4(ῑο

1087 154 1141 177 tate
1163 154 1263 178 natura:
1287 158 1467 181 permensum
1487 156 1593 184 essent.
1614 152 1799 183 benedictione
1819 163 1879 190 quae

1085 196 1156 229 ipsas
1167 195 1355 230 multiplicaret
1368 203 1421 223 non
1432 197 1554 232 egebant.
1569 198 1634 232 Qute
1647 206 1711 225 vero
1722 207 1756 227 ex
1768 208 1879 228 succes-

1084 241 1159 268 sinue
1172 246 1312 276 augentur,
1330 249 1377 269 nec
1389 242 1440 269 alio
1456 247 1565 276 possunt
1579 244 1668 278 augeri
1683 245 1779 279 modo,
1794 246 1878 275 bene-

1084 286 1228 313 dictionem
1244 287 1397 314 necessario
1409 288 1585 322 accipiebant.
1600 288 1672 317 Idem
1686 298 1790 318 rursum
1806 291 1877 325 dico,

1084 336 1113 358 ut
1125 332 1224 359 dictum
1237 333 1321 368 magis
1335 333 1456 368 inligatur
1467 335 1558 361 menti.
1570 334 1660 369 Neque
1671 336 1754 369 enim,
1770 336 1877 369 fratres,
1907 349 1926 367 ,λ
1961 355 1969 367 ς

1085 378 1184 412 planta,
1196 386 1256 413 quae
1267 383 1366 405 temere
1376 383 1403 405 et
1417 379 1596 415 perfunctorie
1610 380 1637 407 in
1652 384 1729 408 terra:
1745 369 1957 418 scissurasfi,‘

1084 423 1227 455 inducitur,
1242 424 1345 451 ﬁrmam
1360 424 1439 451 habet
1453 425 1561 457 sedem;
1584 426 1630 452 sed
1650 433 1709 460 quze
1725 426 1750 453 in
1766 427 1877 461 profun-

1083 468 1146 496 dunt
1162 469 1220 503 ejus
1234 477 1296 497 cum
1311 470 1381 497 omni
1397 470 1531 505 diligentia
1548 472 1708 498 immittitur.
1724 471 1814 499 Stella:
1829 473 1877 500 be-

1083 514 1234 542 nedictione
1246 522 1313 550 opus
1328 523 1379 542 non
1396 516 1529 542 habebant
1545 526 1550 543 :
1568 525 1653 551 neque
1667 518 1736 544 enim
1753 518 1810 545 haec
1826 519 1877 546 illis

1084 560 1277 595 multiplicandi
1292 561 1346 588 vim
1366 562 1506 588 tribuebat.
1520 563 1642 588 Volatilia
1658 568 1746 590 autem
1761 568 1786 590 et
1803 570 1876 591 nata-

1084 607 1139 634 tilia
1154 612 1233 642 atque
1251 607 1331 634 homo
1352 607 1421 634 hanc
1442 608 1655 635 l,tenedictionent
1672 609 1875 643 desiderabant,

1084 653 1262 680 successionis
1271 660 1360 680 causa.
1374 655 1459 687 Atque
1473 655 1515 680 ubi
1531 655 1607 681 aliter
1621 655 1806 689 multiplicatio
1820 656 1876 683 fieri

1084 699 1185 733 nequit,
1198 698 1233 725 ibi
1247 699 1334 726 locum
1350 698 1428 726 habet
1444 700 1592 727 benedictio
1605 709 1611 727 :
1627 701 1669 727 ubi
1685 710 1780 736 nempe
1795 709 1875 736 pauca

1084 744 1304 779 multiplicantur,
1321 749 1348 771 et
1364 752 1444 778 parra
1460 750 1629 779 augmentum
1645 747 1795 773 admittunt.
1810 748 1876 780 Quia

1084 790 1163 824 igitur
1172 797 1278 817 causam
1288 791 1444 825 agnovimus
1453 798 1500 817 cur
1511 791 1567 817 lure
1576 791 1761 819 benedictione
1771 793 1876 827 dignata

1083 836 1189 870 fuerint,
1199 843 1287 871 opem
1301 836 1413 870 pretium
1429 836 1507 863 fuerit
1518 837 1550 863 ad
1565 838 1630 863 alios
1643 837 1748 864 demunt
1760 838 1878 872 Scriptu—

1083 889 1172 909 rarum
1190 882 1319 910 dictiones
1344 890 1392 909 nos
1412 884 1543 909 conferre.
1558 883 1666 910 Crescite
1678 904 1685 916 ,
1700 884 1758 918 quia
1775 892 1855 918 parra
1869 894 1875 917 ;

1084 926 1293 962 Multiplicamini
1305 947 1312 960 ,
1328 928 1388 962 quia
1405 935 1487 962 pauca
1501 936 1508 960 ;
1525 928 1634 962 Implete
1655 937 1732 963 aquas
1745 950 1751 962 ,
1769 933 1829 964 quia
1851 931 1876 957 in

1082 979 1168 1008 parte.
1183 973 1298 1001 Necesse
1310 979 1399 1001 autem
1410 980 1461 1007 est,
1479 979 1507 1001 ut
1519 975 1571 1001 alio
1582 981 1701 1009 tempore
1714 984 1875 1010 qua-ramus,

1082 1026 1131 1046 cur
1143 1019 1230 1054 pisces
1249 1025 1275 1046 et
1290 1019 1405 1046 volatilia
1427 1026 1453 1046 et
1469 1020 1601 1047 hominem
1617 1021 1755 1048 dumtaxat
1769 1022 1878 1049 bcncdi-

1082 1064 1171 1091 ctione
1182 1064 1305 1098 dignatus
1316 1064 1350 1091 sit
1360 1072 1366 1097 ;
1379 1065 1482 1092 czeteris
1493 1074 1556 1092 vero
1567 1074 1618 1092 non
1634 1074 1693 1092 eam
1707 1067 1875 1102 imperticrit.

1083 1109 1190 1137 Interim
1203 1113 1291 1137 autem
1304 1130 1312 1142 ,
1329 1114 1357 1137 ut
1372 1110 1482 1144 polliciti
1498 1118 1605 1143 sumus,
1623 1112 1701 1138 seriei
1718 1112 1876 1140 lizcreamus.

1082 1155 1116 1181 Et
1127 1155 1191 1182 dixit
1202 1155 1272 1183 Deus
1286 1163 1294 1182 :
1307 1155 1407 1182 Educat
1425 1162 1489 1183 terra
1502 1157 1613 1183 animam
1626 1158 1744 1184 viventem
1759 1159 1835 1192 (Gen.
1850 1160 1875 1186 I.

1081 1200 1137 1236 24).
1146 1201 1254 1228 Terram
1267 1201 1336 1229 Deus
1346 1202 1443 1237 duplici
1452 1202 1532 1229 allicit
1540 1203 1651 1230 honore.
1662 1204 1748 1232 Primo
1756 1205 1825 1232 enim
1834 1205 1878 1232 illa

1083 1247 1184 1273 semina
1199 1247 1281 1282 gignit
1294 1252 1321 1274 et
1336 1248 1448 1282 plantas,
1465 1253 1490 1274 et
1507 1253 1596 1282 postea
1610 1249 1748 1282 animalia;
1762 1259 1810 1278 nec
1821 1252 1878 1279 sine

1082 1300 1172 1326 causa,
1187 1293 1234 1320 sed
1248 1293 1309 1328 quia
1321 1293 1437 1321 hominis
1453 1294 1615 1320 domicilium
1634 1294 1721 1322 futura
1736 1302 1792 1323 erat
1808 1305 1815 1323 :
1832 1305 1877 1324 ne-

1081 1345 1134 1373 que
1148 1337 1175 1365 id
1191 1342 1292 1366 tantum
1303 1347 1311 1371 ;
1322 1338 1368 1366 sed
1381 1339 1441 1373 quia
1454 1346 1486 1365 ex
1502 1339 1544 1365 illa
1559 1340 1614 1374 ipsa
1630 1340 1710 1368 homo
1722 1341 1876 1368 alimentum

1081 1390 1241 1420 accepturus
1252 1389 1328 1419 erat,
1345 1385 1415 1412 illam
1432 1391 1460 1412 ut
1472 1387 1601 1413 nutricem
1617 1391 1644 1413 et
1660 1393 1772 1414 matrem
1788 1389 1877 1423 magni

1082 1432 1162 1467 hujus
1177 1432 1301 1461 animalis
1315 1453 1323 1465 ,
1345 1432 1449 1459 honore
1464 1432 1554 1459 afﬁcit.
1573 1432 1620 1460 llic
1636 1433 1696 1460 vide
1710 1441 1761 1468 qua
1777 1434 1877 1461 ordinis

1081 1479 1150 1506 serie
1161 1478 1195 1506 sit
1205 1485 1278 1505 usus.
1294 1478 1383 1505 Primo
1396 1477 1519 1505 alimenta
1536 1482 1610 1512 parat
1623 1486 1629 1510 ;
1647 1480 1764 1506 secundo
1778 1479 1878 1508 inducit

1081 1532 1112 1551 ea
1132 1532 1191 1559 qua:
1211 1524 1344 1551 alimentis
1365 1524 1502 1556 fruantur,
1524 1529 1553 1551 ut
1574 1532 1636 1559 erga
1652 1525 1786 1552 hominem
1804 1526 1877 1553 fecit.

1082 1570 1171 1597 Primo
1179 1569 1287 1597 domum
1298 1569 1418 1604 perfecit,
1435 1574 1461 1596 et
1472 1571 1509 1596 sic
1524 1571 1741 1604 patremfamilias
1756 1572 1876 1598 introdu-

1081 1616 1129 1643 xit.
1143 1615 1240 1643 Educet
1250 1620 1317 1642 terra
1326 1616 1576 1642 animantriventem.
1596 1615 1712 1643 Inanima
1727 1621 1794 1644 terra
1809 1625 1877 1652 quo—
1922 1634 1930 1637 -

1081 1661 1161 1689 modo
1181 1662 1265 1696 gignit
1278 1661 1394 1688 animam
1409 1661 1564 1688 viventem?
1579 1661 1649 1688 unde
1663 1661 1760 1695 prodiit
1774 1662 1816 1689 leo
1832 1670 1878 1689 ru-

1080 1709 1166 1743 giens,
1180 1713 1226 1735 aut
1238 1715 1322 1743 equus
1334 1715 1453 1740 currens,
1468 1713 1513 1734 aut
1526 1708 1574 1734 bos
1589 1708 1747 1742 laboriosus,
1762 1713 1808 1735 aut
1820 1716 1877 1735 sar-

1080 1755 1149 1783 cinis
1160 1758 1238 1789 aptus
1252 1754 1361 1781 asinus?
1372 1754 1441 1780 unde
1452 1754 1606 1780 animalium
1619 1754 1794 1781 differenti-.e?
1809 1755 1878 1783 unde

1081 1808 1113 1828 cx
1125 1800 1241 1828 inanima
1256 1804 1295 1827 tot
1307 1800 1424 1827 animzc?
1437 1800 1491 1826 Nec
1505 1800 1586 1834 pudet
1598 1800 1738 1827 iItDI'eIlCOS
1748 1801 1794 1836 (α),
1808 1802 1878 1835 quod

1082 1845 1197 1873 inanima
1206 1850 1275 1873 terra
1286 1853 1364 1880 quam
1374 1854 1426 1872 non
1436 1845 1637 1872 habetanimam
1650 1846 1781 1879 proferat;
1794 1846 1876 1873 Deutn

1080 1899 1145 1919 vero
1156 1892 1178 1918 si
1192 1892 1315 1926 genuisse
1327 1891 1436 1918 audiant
1450 1899 1481 1918 ex
1499 1891 1603 1925 propria
1617 1892 1772 1924 substantia,
1786 1893 1875 1919 statim

1081 1939 1279 1966 ratiociniorum
1291 1938 1371 1965 tricas
1385 1942 1508 1964 moveant
1520 1958 1526 1970 ,
1538 1942 1565 1964 et
1576 1938 1689 1964 inferant
1703 1944 1710 1962 :
1724 1938 1795 1973 Ergo
1811 1938 1877 1965 divi-

1082 1992 1127 2012 sus
1142 1989 1183 2012 est
1196 2005 1203 2016 ,
1225 1992 1289 2019 ergo
1310 1984 1456 2014 dissectus,
1471 1991 1535 2017 ergo
1550 1991 1645 2017 passus
1659 1988 1717 2016 est,
1738 1988 1765 2009 et
1780 1983 1876 2010 similia

1081 2038 1142 2065 quae
1154 2030 1244 2057 dicere
1258 2029 1355 2057 solent.
1372 2029 1460 2063 Neque
1475 2029 1545 2055 ettim
1560 2029 1699 2063 praesentis
1714 2034 1756 2056 est
1772 2034 1877 2063 tempo-

1081 2078 1118 2103 ris
1132 2075 1221 2103 omnia
1237 2083 1296 2111 qute
1310 2079 1402 2102 contra
1419 2075 1586 2109 Unigenitum
1599 2095 1607 2108 ,
1625 2075 1677 2101 imo
1693 2079 1785 2101 contra
1801 2082 1876 2101 suam

1081 2122 1194 2148 salutem
1219 2121 1328 2154 dicunt,
1344 2121 1493 2148 confutare.
1510 2121 1580 2147 Deus
1595 2120 1666 2147 enim
1682 2127 1731 2147 nec
1746 2120 1769 2146 si
1784 2120 1876 2147 laude-

1082 2171 1132 2200 tur,
1144 2167 1243 2202 aliquid
1253 2167 1319 2195 lucri
1332 2167 1454 2202 percipit,
1467 2174 1517 2194 nec
1531 2167 1551 2193 si
1564 2166 1711 2193 maledictis
1723 2168 1875 2201 impetatur,

1081 2212 1180 2247 aliquid
1190 2213 1281 2240 damni
1295 2222 1301 2239 :
1316 2213 1365 2240 nisi
1382 2213 1493 2240 fortasse
1508 2213 1616 2243 dixeris,
1632 2213 1742 2239 salutem
1756 2217 1876 2239 nostram

1080 2259 1183 2286 lucrum
1199 2266 1260 2287 esse
1276 2258 1332 2286 Dei.
1350 2258 1407 2293 Ipse
1422 2266 1536 2293 namque
1548 2258 1642 2292 plentts
1655 2262 1695 2285 est
1706 2259 1778 2284 omni
1793 2258 1874 2289 bono,

1080 2306 1205 2341 nullaqtte
1219 2313 1249 2333 re
1262 2308 1339 2340 eget:
1351 2304 1395 2340 qui
1410 2312 1503 2331 omnes
1517 2305 1593 2337 ditet,
1609 2304 1734 2338 nulloque
1748 2312 1814 2339 opus
1830 2305 1877 2331 ha-

1081 2351 1149 2380 beat.
1167 2352 1311 2379 Enimvero
1325 2352 1383 2386 quis
1396 2351 1499 2378 dederit
1509 2351 1642 2385 quidpiam
1655 2351 1690 2381 ei,
1702 2351 1746 2385 qui
1757 2351 1876 2377 omnium

1080 2402 1121 2426 est
1135 2397 1193 2426 fons
1209 2398 1338 2425 bonorum
1352 2417 1360 2430 ,
1376 2405 1407 2423 ex
1423 2397 1499 2430 cujus
1514 2396 1590 2422 unius
1609 2396 1771 2430 benignitate
1786 2396 1876 2423 omnia

1080 2444 1235 2481 pendeant?
1257 2443 1486 2477 Quemadmodum
1510 2442 1548 2469 ait
1571 2441 1655 2469 David
1669 2450 1677 2468 :
1692 2441 1786 2468 Omnia
1804 2441 1838 2468 ad
1853 2447 1878 2469 te

1079 2495 1234 2527 exspectant,
1249 2490 1339 2525 Aperis
1349 2494 1375 2516 tu
1387 2497 1492 2516 manum
1505 2494 1585 2521 tuam,
1600 2492 1624 2516 et
1637 2488 1725 2523 imples
1734 2495 1810 2515 omne
1821 2488 1878 2515 ani—

1079 2539 1130 2565 mal
1143 2538 1313 2565 benedictione
1326 2537 1336 2572 (
1344 2535 1390 2563 Ps.
1402 2536 1463 2563 105.
1474 2536 1519 2563 27.
1535 2540 1558 2562 et
1571 2535 1633 2562 ML
1645 2534 1678 2562 16
1689 2534 1708 2570 ).
1728 2534 1781 2562 Sed
1795 2542 1876 2569 quem

1078 2584 1196 2620 aggressi
1215 2590 1308 2610 sumus
1329 2589 1481 2610 sermonem
1503 2580 1537 2608 ad
1557 2581 1637 2608 ﬁnem
1658 2580 1798 2607 ducamus.
1820 2580 1877 2608 Hoc

1079 2631 1150 2658 enim
1166 2635 1193 2657 et
1206 2629 1285 2657 nobis
1298 2633 1402 2664 gratum
1415 2633 1475 2661 est,
1491 2632 1518 2655 et
1531 2626 1598 2655 ordo
1610 2626 1739 2662 postulat.
1760 2626 1788 2653 Id
1804 2626 1876 2660 quod

1079 2684 1134 2703 non
1148 2675 1228 2703 habet
1241 2679 1312 2702 terra
1328 2674 1437 2709 profert,
1449 2672 1568 2708 jubentis
1582 2672 1696 2706 imperio
1707 2671 1875 2706 obsequens;

1078 2726 1106 2749 et
1120 2722 1144 2749 id
1164 2720 1235 2756 quod
1247 2720 1328 2747 habet
1339 2719 1429 2746 divina
1443 2723 1470 2746 et
1489 2718 1645 2745 intemerata
1659 2721 1753 2744 natura
1767 2723 1819 2743 non
1834 2716 1877 2751 gi-

1078 2769 1134 2804 gnit
1144 2767 1155 2794 ?
1167 2767 1266 2794 Verum
1282 2773 1316 2793 ne
1335 2765 1395 2800 quis
1416 2771 1521 2793 rursum
1536 2770 1629 2791 vocem
1644 2762 1744 2790 habere
1758 2762 1876 2790 humano

1112 2814 1149 2846 (τι)
1166 2814 1268 2838 Arianos
1279 2810 1402 2842 intelligit.
