2062 3128
211 152 259 179 ωε

210 209 323 244 accipiat
344 216 419 236 more
441 208 555 236 dicens:
573 208 665 236 ‘v’iden’
684 209 819 244 quomodo
834 210 890 244 ipse
912 210 1005 237 doctor

209 256 373 284 concesserit
396 255 500 282 Patrem
522 255 591 283 Filio
610 256 726 295 priorem
746 256 827 283 esse?
849 256 896 283 sed
919 257 1004 291 potius

208 303 326 331 sermoni
337 302 441 329 veniam
451 302 561 334 tribuas,
572 310 632 329 cum
645 302 766 329 homines
776 302 870 335 simus,
881 303 1004 336 luteaque

208 350 296 384 lingua
316 353 422 376 utamur
433 369 441 381 ,
457 353 537 383 atque
561 349 712 376 hominibus
728 349 807 376 verba
830 348 957 379 faciamus
971 349 1004 376 de

207 395 296 422 divina
311 403 471 430 onmemque
487 396 615 422 rationem
631 400 774 430 superante
788 400 892 423 natura.
910 396 1002 423 llomi-

207 448 257 467 nes
267 441 337 468 enim
351 448 410 468 cum
421 442 515 474 simus,
528 445 555 467 ut
567 441 687 468 homines
702 442 771 476 loqui
784 442 932 469 didicimus.
945 442 1002 469 Non

206 487 278 514 enim
291 487 378 513 sciunt
393 487 493 518 miseri,
508 494 536 513 se
549 486 582 513 de
595 487 648 513 Deo
661 487 804 519 disserere,
820 488 900 514 verba
916 487 1003 521 profe-

206 537 305 564 rentes,
322 540 381 567 qua:
393 532 427 559 de
443 533 496 560 Deo
511 532 599 559 dicere
616 539 667 558 non
682 526 891 559 consentaneum
907 539 956 559 est.
972 533 1003 560 Et

206 578 267 605 vide
277 585 368 605 eorum
383 578 523 604 vafritiem.
537 578 602 604 Cum
617 578 778 612 qurestiones
791 582 952 612 proponunt,
968 586 999 605 ex

207 624 328 650 humanis
342 624 484 658 loquuntur
498 624 659 656 ratiociniis;
675 624 790 658 exempli
808 631 886 650 causa
899 633 905 651 :
918 625 1000 650 Omne

205 669 276 703 quod
288 670 414 704 gignitur,
431 670 562 704 inquiunt,
576 669 721 696 exsistendi
736 669 893 704 principium
909 669 999 696 habet.

205 714 343 742 Undenam
360 716 446 742 vero?
466 715 560 742 Statim
578 720 710 749 reponunt
725 724 731 741 :
748 715 787 742 Tu
802 715 847 749 qui
863 719 940 742 natus
954 721 1000 746 es,

203 769 292 788 annon
305 762 462 797 principium
473 762 585 788 habuisti
597 770 603 788 :
616 769 678 788 num
690 766 763 795 pater
773 761 850 788 ttuts?
865 768 926 787 num
936 768 1000 788 avus

205 808 282 834 tuus?
292 807 319 834 Si
332 807 450 841 proferas
464 808 500 834 illi
510 815 540 834 ex
554 807 611 842 ipso
620 814 711 834 eorum
721 806 859 833 ratiocinio
871 806 999 833 rationem

203 854 293 887 aliam,
306 863 364 889 quae
376 855 496 882 insanum
510 855 579 881 illius
589 860 767 881 couunentum
784 853 866 888 possit
875 853 998 886 obruere,

203 901 293 927 statim
305 901 423 935 captiose
437 900 499 928 dicit
515 909 521 926 τ
536 900 573 927 De
590 900 643 926 Deo
656 899 750 934 agitur,
767 903 794 926 et
808 899 919 925 humana
935 898 999 927 mihi

202 946 340 972 ratiocinia
355 946 476 973 inducis?
488 951 513 972 et
528 945 566 972 illi
576 945 682 980 quidem
692 945 807 971 radicem
821 939 949 970 malorum
965 952 999 971 ex

202 992 388 1019 communibus
397 992 542 1018 ratiociniis
554 991 690 1026 proferunt
706 1000 712 1017 :
730 990 859 1017 malorum
874 997 938 1017 vero
951 997 997 1017 so-

202 1037 329 1064 lutionem
342 1038 434 1064 nolunt
446 1045 479 1064 ex
494 1037 587 1063 iisdem
600 1036 744 1064 ratiociniis
758 1035 906 1062 admittere.

239 1084 265 1110 ιι.
284 1084 328 1110 Ait
343 1090 414 1117 srepe
436 1083 577 1109 hmreticus
593 1091 600 1109 :
617 1082 658 1108 An
682 1086 768 1115 potest
781 1081 876 1116 aliquis
897 1089 956 1108 esse
969 1085 996 1108 et

203 1129 295 1156 nasci?
309 1129 336 1156 Si
351 1129 430 1163 igitur
443 1132 637 1160 monstravere,
653 1127 817 1162 Scripturam
831 1135 883 1154 non
895 1127 928 1154 de
940 1127 995 1154 Deo

203 1180 318 1207 tantum,
335 1175 381 1201 sed
395 1174 474 1202 etiam
491 1174 523 1201 de
538 1173 691 1200 hominibus
706 1173 793 1200 simile
808 1173 940 1207 quidpiam
956 1173 995 1200 in-

201 1220 310 1253 ducere,
331 1221 394 1255 quid
417 1220 500 1255 ages?
514 1219 586 1246 Beati
605 1219 720 1246 Abraha:
741 1219 821 1250 ﬁlios,
844 1226 896 1245 non
918 1218 993 1253 quasi

201 1275 254 1294 non
268 1268 330 1298 sint,
343 1267 389 1294 sed
401 1267 475 1301 quasi
492 1266 693 1300 praeexsistant,
704 1265 840 1300 Scriptura
860 1266 931 1292 nasci
950 1265 993 1292 di-

200 1314 247 1340 cit.
264 1313 327 1340 Nam
341 1313 474 1340 Abraham
487 1313 578 1347 genuit
599 1313 686 1345 Isaac,
703 1312 774 1338 Isaae
788 1312 877 1346 genuit
893 1311 991 1344 Jacob,

201 1359 283 1386 Jacob
302 1359 382 1391 Levi,
400 1367 432 1386 ex
446 1366 499 1393 quo
520 1358 604 1385 tribus
625 1357 806 1385 sacerdotalis.
826 1357 892 1390 Quia
915 1357 993 1392 igitur

201 1404 255 1437 hic,
278 1412 373 1439 nempe
397 1403 544 1436 Abraham,
569 1403 763 1431 Melcliisedeeo
782 1403 886 1430 obviam
908 1403 989 1435 venit,

199 1451 297 1478 Paulus
307 1450 443 1485 apostolus
458 1450 483 1477 id
496 1451 565 1485 quod
580 1455 641 1477 tunc
655 1455 758 1484 gestum
775 1449 824 1476 fuit
843 1450 991 1484 theologico

199 1504 273 1523 more
296 1497 473 1530 interpretans
492 1496 529 1522 ait
547 1505 552 1522 :
573 1505 582 1520 ε
600 1495 711 1522 Obviam
730 1496 801 1522 venit
822 1499 910 1522 autem
925 1495 990 1522 Mel-

197 1541 323 1569 chisedec
342 1542 473 1574 Abrahte,
497 1546 524 1568 et
544 1541 678 1568 benedixit
693 1541 734 1573 ei;
755 1551 764 1566 ι
776 1545 802 1567 et
824 1541 911 1567 statim
928 1541 990 1568 sub-

195 1587 303 1622 jungit:
319 1596 328 1612 ‹
347 1587 380 1614 Et
402 1592 430 1614 ut
448 1588 482 1614 ita
503 1588 602 1614 dictum
623 1587 669 1617 sit,
688 1594 735 1620 per
753 1586 885 1613 Abraham
909 1586 988 1614 etiam

196 1633 271 1665 Levi,
285 1633 327 1667 qui
338 1633 454 1660 decimas
467 1633 571 1667 accipit,
586 1632 732 1660 decimalus
744 1637 802 1659 est:
817 1632 904 1659 adhuc
918 1633 988 1659 enim

197 1679 222 1705 in
238 1679 334 1705 lumbis
355 1684 412 1705 erat
434 1679 548 1706 Abrahze
567 1678 675 1713 »(Ηρίιν.
692 1679 718 1705 7.
734 1679 759 1705 1.
783 1679 808 1706 9.
829 1679 883 1712 10).
902 1679 989 1713 Atque

195 1725 263 1752 adeo
277 1725 396 1752 mortalis
408 1726 488 1752 homo
503 1729 644 1760 antequam
655 1729 807 1752 nasceretur
820 1729 887 1752 erat.
898 1725 987 1758 Quan-

195 1771 338 1806 doquidem
362 1772 436 1799 radix
457 1772 578 1804 vivebat,
602 1771 799 1798 fructum-cum
821 1772 925 1799 vivente
947 1780 988 1798 ra-

194 1816 239 1843 dix
256 1817 367 1843 induxit.
385 1817 431 1843 llic
451 1817 591 1848 vero,'ulii
611 1817 682 1843 nulla
702 1817 800 1851 passio,
818 1817 905 1843 nullus
927 1825 987 1844 suc-

194 1863 324 1889 cessionis
348 1862 458 1895 tnodus,
488 1862 560 1889 nttlla
585 1863 652 1889 uteri
679 1863 808 1896 gestatio,
836 1862 909 1896 nulla
934 1863 985 1889 hu-

193 1915 332 1934 manarum
361 1908 513 1942 passionum
531 1908 628 1940 series,
652 1916 705 1934 non
728 1908 784 1934 vult
811 1907 900 1935 dicere
924 1916 984 1935 eutn

194 1953 239 1987 qui
255 1959 312 1980 erat
324 1953 358 1980 ab
370 1954 515 1981 exsistcnte
528 1954 616 1988 gigni,
632 1957 658 1980 et
680 1954 705 1980 in
720 1959 848 1980 aeternum
864 1962 982 1981 manere.

194 2001 229 2026 At
247 2000 267 2026 si
292 2001 396 2034 genitus
421 2000 483 2033 fuit,
510 2000 603 2034 inquit,
628 1999 762 2034 quomodo
781 2007 888 2034 semper
907 2001 984 2027 erat?

193 2045 319 2080 Quisquis
341 2046 411 2072 enim
434 2046 560 2080 gignitur,
585 2046 742 2080 principium
767 2046 873 2080 accipit.
898 2047 983 2074 Patris

192 2099 290 2119 nomen
303 2091 373 2126 apud
388 2100 437 2119 nos
452 2100 499 2126 per
514 2092 612 2119 multos
626 2093 751 2119 circuitus
761 2091 889 2119 decurrit.
902 2091 982 2120 Verbi

191 2139 288 2172 gratia,
304 2145 424 2172 suppone
437 2139 562 2172 juvenem
580 2145 689 2165 uxorem
705 2137 803 2165 ducere
818 2139 980 2172 cupientem.

192 2183 310 2210 Primum
327 2183 353 2209 ﬁt
368 2191 463 2218 procus
474 2204 481 2216 ,
497 2183 593 2210 deinde
608 2191 732 2217 sponsus,
749 2189 838 2218 postea
854 2185 980 2216 maritus;

190 2230 212 2256 si
228 2230 326 2264 gignat,
341 2230 437 2257 dicitur
448 2234 538 2264 pater;
550 2230 590 2256 sin
605 2230 692 2264 proles
705 2230 753 2256 hoc
767 2230 803 2256 illi
818 2238 914 2257 nomen
929 2238 980 2256 non

191 2275 322 2306 tribuerit,
337 2275 439 2301 etiamsi
451 2279 592 2301 sexcentos
605 2282 689 2300 annos
702 2282 762 2300 cum
778 2282 860 2301 uxore
874 2274 979 2306 vixerit,

189 2327 242 2346 non
260 2326 333 2354 pater
345 2320 491 2347 vocabitur.
506 2320 686 2354 Similiterque
698 2325 792 2352 mater,
810 2321 895 2354 primo
908 2320 981 2354 virgo

189 2366 252 2393 hinc
266 2366 408 2400 postulata,
421 2373 513 2401 postea
524 2366 695 2400 desponsata,
707 2366 813 2393 detnum
828 2375 909 2399 uxor;
924 2371 981 2394 ute-

188 2421 247 2439 rum
274 2419 369 2448 gestat,
395 2414 509 2440 fructum
536 2417 636 2447 portat;
661 2413 707 2439 sed
731 2413 753 2440 si
781 2421 833 2440 non
857 2414 978 2447 prodeat,

188 2465 274 2486 mater
289 2468 340 2486 non
354 2465 471 2487 vocatur.
489 2460 600 2487 Etiamsi
615 2459 690 2486 radix
706 2460 820 2487 fructum
837 2460 913 2492 ferat,
929 2460 978 2487 nisi

188 2513 328 2540 progressa
345 2507 434 2540 proles
456 2506 576 2533 laborutn
598 2506 767 2540 mercedem,
787 2506 855 2533 hanc
876 2507 979 2534 scilicet

186 2552 450 2586 denominationem,
466 2553 603 2586 retulerit,
629 2558 714 2580 mater
737 2561 790 2580 non
819 2554 977 2588 appellatur.

188 2598 303 2632 ldipsum
329 2599 414 2632 Deus,
440 2604 530 2634 utpote
555 2599 661 2633 sapiens
687 2599 764 2631 fecit,
794 2608 828 2627 ne
851 2601 978 2627 adversus

187 2644 257 2671 ﬁlios
269 2645 447 2678 gloriarentur
461 2649 631 2680 patres,neve
647 2645 746 2672 diceret
758 2650 831 2680 pater
842 2646 906 2678 ﬁlio,
924 2646 977 2680 Ego

187 2691 233 2717 tibi
253 2691 334 2717 vitam
360 2691 469 2726 largitus
491 2699 568 2723 sum,
583 2696 690 2726 propter
705 2699 747 2718 Inc
765 2696 842 2718 natus
858 2699 897 2724 es,
918 2699 976 2718 mea

185 2743 269 2769 opera
283 2736 309 2763 in
331 2744 420 2763 rerum
436 2742 556 2764 naturam
576 2737 720 2771 productus
739 2745 768 2763 es
783 2746 790 2763 :
803 2736 850 2763 sed
872 2737 975 2764 etiamsi

187 2781 244 2808 hzec
263 2781 373 2814 diceret,
392 2782 482 2809 statim
505 2782 628 2809 audiret:
652 2783 707 2816 Ego
729 2786 837 2816 propter
852 2787 876 2809 te
896 2788 975 2809 natus

184 2834 256 2858 sitm,
274 2831 301 2854 tu
316 2827 395 2854 etiam
412 2832 520 2862 propter
542 2836 583 2855 tne
597 2833 672 2862 pater
692 2835 732 2856 es.
749 2827 865 2862 ldipsum
879 2831 906 2854 et
919 2835 975 2854 ma-

184 2872 219 2899 tri
235 2881 241 2898 ς
257 2872 384 2900 Tribuisti
397 2873 462 2901 mihi
481 2879 508 2901 ut
528 2881 613 2902 essent
630 2874 714 2907 ﬁlius,
729 2879 756 2902 et
769 2881 818 2909 ego
833 2874 910 2902 tribui
927 2875 972 2904 tibi

743 153 786 180 DE
806 153 911 180 ΜυΝοί
931 153 1122 182 CREATlONE
1142 155 1268 184 ORATIO
1286 157 1329 188 ιν.

1792 169 1844 199 462

1058 217 1085 238 ut
1098 219 1171 239 esses
1185 217 1279 240 mater.
1296 213 1357 240 llaae
1369 213 1438 248 apud
1453 222 1503 242 nos
1515 217 1624 252 gratiam
1648 220 1792 252 quamdam
1807 221 1847 248 vi.

1056 265 1167 292 cetnque
1189 258 1372 299 retributionis
1385 267 1440 294 prae
1454 268 1483 288 se
1507 260 1603 288 ferunt.
1619 262 1800 300 Similiterque
1814 266 1846 292 ﬁ-

1057 303 1124 335 lius,
1149 311 1200 330 non
1228 304 1316 331 statim
1339 304 1424 337 ﬁlius,
1444 305 1491 333 sed
1515 307 1601 341 primo
1619 314 1725 340 Semen,
1750 310 1846 338 deinde

1056 347 1135 381 fetus,
1150 353 1176 376 et
1188 356 1247 376 eum
1261 355 1338 377 natus
1353 355 1408 382 est,
1428 355 1490 378 tttne
1503 356 1545 378 est
1565 353 1644 380 lilius.
1667 354 1729 382 H:ee
1743 360 1846 390 tempo-

1055 401 1113 420 rum
1134 395 1335 422 necessitatibus
1358 396 1472 423 obnoxia
1499 402 1562 424 sunt
1577 407 1583 424 :
1600 398 1657 425 ha-c
1678 401 1846 434 passionibns

1055 438 1173 472 subjecta
1191 448 1196 464 :
1211 439 1266 467 inec
1279 448 1417 475 corporeae
1432 447 1493 468 sunt
1507 444 1715 471 constitutionis.
1731 445 1779 473 Ubi
1795 455 1844 473 au-

1056 487 1107 509 tetn
1121 484 1274 518 incorporea
1285 490 1326 512 est
1337 491 1429 512 natura
1439 495 1497 522 qua:
1510 488 1602 523 gignit,
1618 490 1660 516 ubi
1671 491 1844 525 incorporeus

1055 535 1095 556 est
1108 529 1208 558 fructus
1231 531 1273 566 qui
1288 532 1419 567 gignitur,
1434 541 1483 568 qua
1509 536 1611 562 ratione
1632 536 1734 563 dicatur
1754 538 1817 564 illud
1834 547 1841 566 :

1055 575 1118 601 Erat
1133 575 1239 609 quando
1256 584 1307 602 non
1323 582 1392 610 erat,
1407 583 1432 604 et
1446 583 1536 612 postea
1551 581 1656 614 genitus
1669 582 1731 608 est?
1746 583 1779 608 At
1794 591 1843 610 nos

1053 620 1184 648 dicimus:
1200 621 1226 648 Si
1243 622 1312 649 Deus
1328 623 1362 649 ita
1383 631 1489 658 semper
1504 632 1533 651 se
1551 625 1643 659 habet,
1665 627 1687 653 si
1703 628 1768 654 nihil
1782 637 1842 655 um-

1052 673 1130 700 quam
1142 669 1271 702 acquirat,
1283 677 1390 704 semper
1403 671 1483 696 etiam
1498 675 1540 698 est
1549 672 1636 699 Pater.
1651 673 1726 706 Quod
1739 674 1760 700 si
1771 682 1842 702 sem-

1053 720 1099 747 per
1114 718 1154 740 est
1168 714 1369 750 Palensemper
1378 716 1474 744 Filium
1486 717 1579 752 recipit
1595 727 1602 744 :
1617 726 1680 753 ergo
1694 725 1841 748 comternus

1052 764 1094 787 est
1108 761 1177 787 Patri
1191 761 1284 788 Filius.
1300 762 1394 788 Filium
1408 762 1521 790 dicimus
1531 764 1588 791 sine
1601 765 1724 798 passione
1738 772 1839 800 natum,

1053 807 1233 840 generationis
1247 815 1310 834 vero
1332 809 1438 835 modum
1458 809 1592 844 explicare
1614 819 1667 838 non
1688 801 1839 846 possumus.

1055 852 1123 879 Vera
1139 852 1196 880 luce
1206 858 1246 880 est
1259 853 1380 886 scientia,
1396 859 1424 880 ut
1435 855 1564 882 fateamur
1579 864 1627 882 nos
1640 864 1670 883 ea
1681 865 1734 884 non
1748 866 1837 891 nosse,

1051 905 1110 932 qua:
1129 904 1248 925 naturam
1262 904 1380 926 nostram
1399 905 1535 934 superant.
1551 901 1656 927 Prolcm
1673 902 1761 935 itaque
1775 903 1839 929 adu-

1050 951 1140 970 ramus
1166 948 1286 971 naturam
1301 952 1364 971 vero
1374 952 1426 971 non
1438 945 1541 973 curiose
1552 951 1712 974 scrutamur.
1722 946 1749 975 Si
1759 947 1838 974 homo

1051 994 1123 1017 esset
1136 990 1158 1017 is
1168 991 1212 1024 qui
1226 992 1327 1025 genuit,
1344 991 1486 1018 humanam
1499 997 1571 1019 certe
1581 993 1780 1027 generationem
1792 993 1838 1020 lia-

1049 1035 1161 1063 buissel.
1177 1037 1203 1063 Si
1216 1044 1312 1071 corpus
1324 1037 1470 1070 habuisset,
1485 1039 1620 1073 genuisset
1630 1045 1656 1066 ut
1670 1047 1777 1075 corpus.
1790 1041 1836 1068 Sin

1049 1088 1114 1107 vero
1131 1081 1255 1109 immunis
1270 1083 1305 1108 sit
1319 1090 1333 1108 a
1354 1090 1466 1117 corpore
1477 1104 1484 1115 ,
1502 1091 1535 1110 ne
1550 1084 1670 1118 corporis
1684 1085 1837 1112 aifectioncs

1053 1125 1212 1160 incorporeo
1232 1127 1378 1154 adscribas.
1397 1129 1430 1154 At
1444 1128 1548 1162 genuit,
1566 1129 1649 1162 inquit
1661 1150 1668 1162 ,
1683 1137 1714 1156 ex
1730 1131 1837 1165 propria

1048 1175 1151 1204 natura,
1168 1179 1228 1198 cum
1245 1173 1368 1206 passione
1382 1174 1484 1207 genuit,
1503 1182 1549 1208 per
1563 1174 1720 1208 sectionem,
1737 1183 1785 1209 per
1798 1176 1837 1202 ef-

1047 1216 1157 1243 fluxum.
1175 1217 1214 1244 Ex
1228 1218 1342 1245 terrenis
1357 1219 1523 1247 contrarium
1538 1220 1631 1253 probo.
1655 1219 1744 1255 Gignit
1758 1222 1834 1253 vitis,

1046 1263 1128 1298 gignit
1138 1263 1207 1297 olea,
1220 1264 1304 1298 gignit
1315 1265 1394 1291 etiam
1403 1272 1482 1300 aqua,
1492 1273 1544 1292 non
1556 1266 1701 1292 secundum
1713 1272 1833 1294 naturam

1046 1313 1181 1341 nostram,
1203 1309 1250 1335 sed
1268 1309 1413 1336 secundum
1429 1310 1563 1344 proprium
1580 1311 1710 1338 ordinem.
1727 1312 1833 1346 Quazv'ts

1045 1354 1141 1380 mulier
1153 1354 1258 1388 quando
1270 1355 1294 1382 id
1307 1364 1321 1382 a
1338 1355 1392 1382 Deo
1403 1360 1566 1391 consequuta
1581 1361 1631 1391 est,
1648 1362 1676 1384 ut
1688 1358 1723 1385 sit
1737 1363 1831 1392 mater,

1046 1404 1149 1427 uterum
1163 1405 1259 1435 gestat,
1275 1401 1429 1428 intumescit
1445 1410 1452 1428 :
1467 1402 1564 1428 emisso
1577 1408 1663 1430 autem
1680 1403 1776 1436 fructtt,
1793 1409 1833 1432 tu-

1045 1454 1146 1474 morem
1162 1447 1247 1482 ponit.
1262 1446 1290 1473 ln
1305 1447 1447 1474 arboribus
1460 1455 1537 1474 secus
1552 1449 1655 1475 accidit.
1676 1449 1831 1484 Priusquam

1042 1493 1165 1528 genuerit
1186 1493 1265 1520 arbor
1290 1501 1344 1520 non
1364 1493 1516 1521 intumescit
1534 1502 1540 1520 :
1556 1502 1614 1521 eum
1635 1496 1757 1529 genuerit
1777 1501 1831 1523 tum

1043 1540 1160 1566 crassior
1175 1538 1299 1571 efficitur,
1316 1538 1417 1565 fructus
1432 1544 1559 1573 augetur,
1576 1544 1602 1566 et
1616 1540 1689 1566 radix
1705 1540 1833 1575 multipli-

1042 1590 1128 1617 catur,
1153 1592 1238 1619 neque
1258 1585 1407 1611 imminutio
1432 1590 1472 1611 est
1492 1585 1608 1619 gignenti
1629 1586 1721 1618 radici,
1745 1594 1832 1621 neque

1043 1636 1105 1658 nato
1120 1631 1226 1658 fructui.
1238 1632 1327 1666 Gignit
1338 1631 1398 1658 vitis
1410 1640 1461 1657 non
1477 1640 1551 1658 more
1565 1636 1657 1658 nostro
1670 1639 1676 1658 :
1696 1633 1831 1667 Deumque

1042 1677 1064 1703 si
1075 1677 1190 1704 audieris
1203 1678 1336 1711 genuisse,
1351 1678 1478 1704 humanas
1495 1677 1631 1712 passiones
1642 1678 1770 1705 adscribis
1783 1687 1831 1705 na-

1041 1727 1127 1750 turam
1140 1731 1246 1750 onmem
1260 1723 1401 1750 humanam
1415 1724 1570 1758 superanti?

1076 1769 1102 1796 5.
1120 1769 1153 1795 Et
1168 1769 1230 1795 dixit
1245 1768 1312 1795 Deus
1324 1777 1333 1795 .'
1348 1768 1448 1795 Educat
1462 1774 1528 1796 terra
1538 1771 1649 1796 animum
1662 1770 1780 1797 viventem
1790 1779 1830 1797 se—

1040 1816 1151 1842 cundum
1171 1824 1266 1851 genus,
1286 1816 1479 1850 quadrupedes,
1500 1817 1618 1851 reptilia,
1640 1818 1730 1844 bestius
1751 1818 1827 1853 (Gen.

1039 1861 1065 1888 ‘l.
1081 1861 1137 1894 24).
1154 1861 1346 1895 Quadrupedes
1358 1861 1477 1896 jumenta
1492 1867 1566 1893 sunt;
1585 1864 1705 1897 reptiles,
1721 1863 1826 1897 bestiae,

1039 1915 1151 1942 serpens
1170 1911 1197 1934 ct
1210 1908 1309 1940 draco;
1325 1915 1409 1942 neque
1422 1907 1492 1934 enim
1515 1908 1605 1935 bestia:
1628 1909 1714 1936 sulttm
1735 1909 1828 1943 subju-

1037 1954 1122 1988 gales,
1139 1954 1185 1981 sed
1202 1954 1280 1981 etiam
1295 1962 1353 1988 qum
1366 1955 1491 1981 oneribus
1507 1955 1638 1987 ferendis,
1652 1955 1771 1990 jumenta
1785 1956 1827 1982 di-

1037 2005 1143 2027 cuntur.
1159 2000 1291 2034 Quidquid
1309 2002 1379 2027 fumo
1394 2002 1509 2028 vescitur
1520 2021 1527 2033 ,
1543 2002 1598 2028 sive
1612 2002 1675 2034 bos,
1690 2002 1745 2029 sive
1758 2003 1825 2034 ovis,

1036 2054 1118 2082 pecus
1138 2052 1267 2074 vocatur:
1289 2056 1370 2078 κτῆνος
1390 2047 1446 2073 sive
1466 2055 1545 2080 pecus
1567 2047 1678 2079 dicitur,
1700 2048 1759 2082 quia
1786 2053 1827 2075 est

1035 2102 1116 2127 κτῆμα
1139 2093 1195 2120 sive
1210 2094 1343 2128 possessio
1362 2094 1487 2121 hominis.
1511 2093 1585 2125 Quod
1609 2097 1698 2120 autem
1722 2100 1785 2119 oves
1799 2098 1825 2120 et

1036 2139 1119 2166 boves
1132 2147 1226 2173 pecora
1242 2143 1370 2166 vocentur
1381 2139 1536 2166 testiﬁcatur
1546 2138 1681 2173 Scriptura
1698 2147 1704 2165 :
1721 2138 1752 2165 Et
1768 2140 1824 2173 {ue-

1034 2190 1094 2211 runt
1106 2185 1145 2211 illi
1157 2193 1249 2219 pecora
1273 2186 1355 2211 ouium
1374 2189 1396 2210 et
1414 2192 1504 2219 pecora
1523 2183 1596 2210 boum
1609 2183 1617 2218 (
1629 2183 1691 2210 Gen.
1705 2183 1749 2210 26.
1768 2184 1823 2217 Μ).

1035 2231 1147 2266 Repleta
1162 2235 1203 2257 est
1220 2235 1306 2262 terra,
1327 2230 1454 2256 vernabat
1479 2229 1615 2261 fructibus,
1641 2229 1749 2263 protulit
1768 2230 1824 2255 ani-

1036 2278 1132 2309 malia;
1148 2277 1350 2304 desiderabatur
1367 2276 1472 2302 domum
1496 2280 1569 2309 pater
1583 2275 1713 2305 familias;
1730 2276 1823 2302 Carlum

1034 2327 1158 2350 ornatum
1178 2323 1273 2356 fuerat,
1291 2327 1360 2349 terra
1383 2322 1456 2348 vario
1473 2321 1570 2348 decore
1592 2321 1764 2354 Splendebat,
1782 2329 1822 2348 re-

1034 2368 1134 2403 pletum
1157 2373 1214 2395 erat
1236 2376 1320 2401 mare,
1343 2375 1389 2394 aer
1409 2367 1495 2405 avium
1521 2366 1688 2393 multitudine
1712 2371 1824 2393 ornatus

1034 2419 1101 2441 erat.
1117 2414 1210 2441 Omnia
1233 2419 1322 2449 parata
1347 2419 1440 2446 erant,
1455 2419 1481 2440 et
1507 2413 1709 2440 desiderabatur
1731 2413 1821 2439 homo.

1033 2460 1091 2488 Non
1105 2461 1140 2487 illi
1158 2462 1324 2488 contumeliae
1338 2465 1388 2492 est,
1407 2460 1475 2494 quod
1491 2460 1524 2486 sit
1537 2464 1696 2494 postremus,
1712 2459 1757 2486 sed
1773 2460 1823 2486 hoc

1033 2506 1070 2533 illi
1086 2506 1157 2533 cedit
1170 2506 1264 2533 honori
1283 2516 1288 2532 :
1305 2512 1470 2540 praeparatur
1484 2506 1553 2533 enim
1568 2506 1677 2537 domus,
1696 2509 1721 2532 ct
1745 2505 1818 2543 ittde

1032 2552 1102 2579 citur
1117 2557 1190 2586 pater
1207 2552 1330 2579 familias.
1348 2552 1416 2579 Nihil
1433 2552 1529 2587 quippe
1546 2552 1616 2579 Deus
1636 2552 1823 2586 intempestive

1035 2603 1062 2626 et
1075 2599 1132 2626 sine
1148 2599 1227 2625 modo
1244 2599 1319 2631 facit,
1342 2599 1387 2626 sed
1402 2604 1495 2626 cuncta
1511 2599 1542 2625 ad
1559 2603 1659 2625 certum
1679 2606 1765 2625 usum.
1784 2600 1821 2625 Ac

1032 2645 1091 2672 vide
1103 2644 1233 2671 ordinent.
1250 2645 1338 2671 Primo
1355 2645 1415 2671 fecit
1427 2645 1495 2671 Deus
1509 2644 1616 2671 herbam
1632 2650 1655 2671 et
1670 2645 1779 2675 faenum,
1795 2649 1821 2670 et

1032 2697 1123 2726 postea
1135 2692 1259 2719 animalia
1271 2700 1329 2726 qua:
1344 2691 1385 2718 his
1397 2692 1570 2718 nutrirentur.
1585 2691 1638 2717 Nisi
1650 2692 1719 2718 enim
1732 2695 1822 2717 essent

1030 2737 1170 2771 alimenta,
1197 2738 1381 2772 intempestiva
1405 2737 1499 2764 fuisset
1523 2738 1676 2764 animalium
1699 2737 1819 2769 creatio,

1030 2791 1089 2817 qua:
1112 2784 1220 2818 penuria
1240 2783 1371 2810 fructuum
1388 2784 1529 2810 laboraret.
1547 2783 1621 2810 Fecit
1635 2783 1760 2809 alimenta
1771 2802 1778 2812 ,
1793 2785 1819 2808 et

1030 2834 1089 2864 post
1102 2837 1132 2856 ea
1150 2837 1208 2864 quin
1230 2829 1262 2856 iis
1280 2830 1416 2857 alerentur
1439 2829 1578 2865 condidit;
1588 2829 1672 2864 primo
1693 2827 1724 2854 ad
1743 2834 1818 2854 usum

1030 2875 1190 2908 uewssaria,
1213 2874 1309 2902 deinde
1338 2875 1437 2902 inducit
1457 2884 1486 2903 ea
1511 2878 1579 2909 qua:~
1597 2874 1647 2900 illis
1670 2877 1816 2900 uterentur.
