2062 3128
248 163 302 192 453

251 210 350 249 Eodem
367 221 447 248 modo
470 229 501 249 se
525 221 550 248 in
565 220 709 255 Scriptnris
727 219 818 254 gessit.
833 220 1041 248 Antceessernnt

250 268 386 295 Christum
399 266 543 302 Scriptura:
555 267 640 301 ipsum
654 265 840 306 praedicantes,
852 270 879 292 et
894 269 956 292 tunc
968 266 1041 294 venit

251 316 273 341 is
294 322 373 349 quem
398 314 590 349 prmdicabaut.
613 313 813 340 Prascesseruut
830 313 996 345 testimonia,
1013 318 1041 340 ut

250 360 406 388 crederetur
417 360 454 391 ei,
468 359 502 386 de
523 367 576 394 quo
597 359 779 386 testimonium
804 358 946 385 ferebatur.
970 358 1042 385 Pric-

251 409 333 436 cessit
350 409 402 442 lex,
418 413 448 435 ut
462 407 618 442 prtcdicaret
633 407 824 442 legislatorem.
840 406 1040 434 Przeeesserunt

253 455 408 490 prophetat,
431 458 458 481 ut
480 454 553 481 illum
576 453 762 486 declararent,
781 452 815 480 de
837 460 890 487 quo
911 452 1040 479 vaticina-

251 500 359 528 bantur.

288 546 430 581 Scriptum
439 553 484 571 cur
493 543 591 571 Judwi:
605 543 708 570 relicua.
717 558 754 563 —
764 543 802 570 Ac
813 542 872 570 vide
882 542 1041 577 sapientiam

253 592 311 619 Dei.
333 591 486 625 Scripturas
509 589 699 625 prophetarum
722 597 775 616 non
798 589 859 616 sivit
880 589 905 616 in
922 588 1041 616 Ecclesia

253 638 337 665 solum
349 645 421 670 esse,
433 637 480 664 sed
493 641 520 664 et
531 637 599 672 apud
611 636 731 664 Iuda-os:
742 641 769 664 ut
778 637 814 663 illi
824 641 1040 671 coarguerentur,

249 683 359 717 reliquit
372 689 418 710 eas
430 682 499 717 apud
511 681 618 710 Iudaeos
631 681 765 717 indignos,
778 682 824 709 Dei
833 681 1041 712 hostes,Christi

252 728 446 755 inimicos.Cur
457 736 520 763 ergo
533 728 558 755 id
570 728 642 760 fecit,
654 736 704 755 nec
714 728 747 755 ab
759 729 811 755 illis
821 728 972 762 Scripturas
983 728 1036 754 abs

251 774 332 802 tulit?
347 774 464 802 Evidens
477 782 556 801 causa
569 779 620 806 est,
636 782 685 802 nec
705 774 786 801 ntulta
807 774 962 808 probatione
974 781 1042 808 opus

252 821 342 848 habet.
359 820 395 848 Ut
408 821 561 855 praedicatio
572 828 630 847 mea
643 828 694 847 non
706 825 829 855 suspecta
840 824 921 847 esset.
933 819 959 847 Si
972 819 1043 847 solus

254 867 399 902 prophetas
415 867 541 894 haberem
551 887 557 899 ,
574 872 664 901 posset
678 867 830 894 incredulus
848 866 1041 894 contradicere.

253 913 377 940 Ansusne
387 920 473 940 essem
488 920 538 948 ego
548 912 649 943 dicere,
662 913 731 939 Dixit
745 913 860 948 Moyses,
873 913 940 939 dixit
950 913 1041 945 Isaias,

253 964 297 986 aut
312 959 380 986 dixit
397 959 516 993 reliquus
529 958 719 993 prophetarum
734 958 800 986 ordo
810 979 817 991 ,
834 958 867 986 de
880 958 999 991 Christo,
1015 963 1044 985 et

253 1005 287 1031 de
301 1005 333 1032 iis
348 1012 407 1039 qua:
427 1008 548 1039 tempore
570 1004 701 1032 adventus
714 1004 773 1039 ejus
795 1008 924 1032 eventura
945 1004 1043 1031 erant?

255 1050 361 1077 Poterat
374 1049 459 1085 quivis
471 1050 651 1084 respondere:
664 1050 801 1077 Undenam
816 1050 915 1077 scimus
925 1050 1053 1085 Moysem.

255 1096 338 1123 fuisse
353 1096 528 1130 prophetam,
546 1101 573 1123 et
595 1095 653 1123 lucc
667 1096 778 1128 dixisse,
801 1101 846 1122 aut
871 1091 1042 1130 praedicasse,

255 1141 481 1176 quemadmodum
498 1141 572 1168 vobis
584 1141 743 1168 Christianis
761 1141 793 1168 ad
812 1142 1042 1168 conﬁrmationem

253 1187 384 1213 doctrinae
393 1191 488 1213 vestra:
498 1187 630 1214 blaterare
639 1187 724 1214 visum
734 1191 784 1219 est,
795 1187 938 1221 prophetas
949 1194 1045 1221 nempe

256 1231 368 1266 tngere,
382 1236 410 1259 et
432 1232 539 1259 nomina
555 1231 676 1260 fabulose
697 1233 881 1260 comminisci?
900 1241 985 1260 nosne
999 1233 1045 1260 de-

255 1278 349 1305 bemus
363 1278 431 1306 hanc
445 1281 629 1307 auctoritatem
644 1279 803 1308 admittere?
815 1280 891 1307 Nunc
905 1288 970 1308 vero
982 1288 1046 1308 con-

257 1324 413 1356 tradicenti,
434 1325 537 1352 etiamsi
562 1326 663 1360 magnis
691 1326 808 1353 munitus
835 1326 869 1353 sit
888 1327 1043 1360 ratiociniis,

252 1371 341 1397 omnis
362 1371 464 1398 sublata
487 1372 592 1398 occasio
612 1377 662 1404 est,
689 1379 721 1400 eo
740 1372 809 1408 quod
831 1372 874 1399 illa
895 1373 1044 1400 testimonia

254 1417 324 1451 apud
341 1418 413 1451 ipsos
425 1418 544 1452 deposita
558 1419 622 1451 sint,
637 1426 695 1453 qua:
709 1426 757 1445 nos
778 1418 810 1445 ad
821 1419 976 1453 dogmatum
994 1426 1044 1446 no-

254 1470 371 1491 strorum
389 1464 570 1491 defensionem
589 1464 732 1492 aﬂ'erimus.
752 1464 828 1493 Unde
849 1466 919 1492 enim
938 1465 1044 1500 coargui

254 1516 307 1537 non
318 1510 402 1545 possit
411 1518 504 1538 eorum
513 1511 623 1538 levitas?
635 1510 673 1538 Ne
685 1511 764 1546 igitur
776 1511 833 1538 lucc
841 1511 971 1544 dicantur,
984 1519 1045 1546 per-

256 1556 328 1583 misit
350 1562 378 1584 ut
392 1557 452 1584 libri
475 1557 671 1592 Scripturarum
694 1557 762 1592 apud
778 1557 838 1584 illos
860 1561 966 1588 essent,
981 1562 1009 1584 ut
1023 1558 1045 1584 si

257 1602 319 1630 mihi
340 1603 407 1630 fides
430 1607 549 1638 negetur,
563 1603 637 1638 quasi
659 1603 691 1630 ad
705 1603 873 1638 propriorum
892 1603 1045 1638 dogmatum

255 1650 365 1683 gratiam
382 1650 425 1676 illa
439 1650 612 1677 conﬁnxerim
623 1671 631 1683 ,
644 1650 696 1677 illis
711 1650 776 1677 ﬁdes
790 1650 936 1684 habeatur,
952 1650 996 1685 qui
1011 1650 1045 1677 ab

255 1695 308 1722 illis
328 1695 496 1730 dogmatibus
518 1696 671 1724 abhorrent.
685 1696 714 1724 Si
736 1696 856 1724 Judaeum
879 1697 1044 1732 interroges,

255 1748 308 1768 non
322 1741 382 1768 dico
398 1741 539 1776 quemdam
553 1741 586 1769 de
600 1742 679 1777 plebe
692 1749 722 1769 ac
741 1741 775 1770 de
791 1742 883 1775 turba,
899 1743 946 1770 sed
959 1743 1003 1778 qui
1019 1746 1046 1770 et

255 1787 336 1815 verbo
348 1787 445 1822 polleat
460 1792 487 1814 et
500 1788 586 1822 legem
601 1792 699 1820 teneat,
712 1787 794 1815 Estne
805 1788 944 1815 Christus?
954 1793 980 1815 et
991 1796 1044 1815 non

254 1833 325 1860 dicat
340 1841 392 1860 non
412 1841 472 1861 esse
482 1854 489 1866 ,
503 1833 549 1861 sed
565 1841 624 1861 esse
645 1833 763 1868 quidem,
777 1838 804 1861 at
817 1842 869 1861 non
889 1842 948 1862 esse
962 1835 1042 1868 hunc,

254 1886 333 1913 quem
347 1885 394 1905 vos
414 1877 517 1911 dicitis,
531 1879 577 1905 sed
591 1879 671 1906 alium
686 1887 694 1906 :
709 1878 837 1906 hactenus
850 1879 894 1907 ille
915 1888 971 1907 rem
990 1888 1044 1907 non

254 1923 360 1956 evertit,
377 1923 422 1950 scd
435 1931 574 1958 personam
586 1924 612 1950 in
625 1924 734 1951 dubium
749 1925 862 1951 vocavit.
875 1925 951 1952 Aliud
963 1933 1044 1960 porro

254 1974 294 1996 est
310 1977 367 1996 rem
388 1977 495 2004 negare,
512 1970 582 1996 aliud
608 1978 672 1997 vero
693 1964 844 2005 personam.
866 1971 898 1999 Ut
920 1972 941 1999 si
957 1973 1015 2006 quis
1028 1980 1044 2000 ιι

254 2022 297 2043 me
310 2015 427 2042 debitum
442 2020 573 2050 reposcat,
590 2015 660 2042 aliud
673 2021 712 2042 est
724 2016 823 2049 dicere,
833 2016 890 2044 Non
905 2017 1000 2049 debeo,
1017 2023 1044 2045 ct

252 2060 323 2086 aliud
336 2060 435 2094 dicere,
446 2060 502 2087 Non
517 2061 574 2092 tibi,
586 2061 632 2088 sed
644 2061 685 2088 alii
698 2061 792 2089 debeo.
805 2062 912 2089 Interim
923 2062 1042 2091 debitum

252 2106 278 2134 in
294 2107 418 2134 confesso
431 2112 480 2134 est.
494 2107 568 2140 Quod
581 2107 658 2142 igitur
671 2107 793 2135 Christus
806 2108 850 2139 sit,
865 2109 890 2135 id
906 2109 942 2135 illi
957 2109 1043 2136 conli-

254 2157 353 2184 tcntur,
367 2152 489 2179 dubitant
502 2157 589 2180 autem
606 2162 638 2180 an
653 2153 696 2180 hic
708 2154 753 2185 sit,
769 2154 813 2188 qui
829 2161 844 2181 a
855 2154 931 2181 nobis
946 2155 1042 2189 pracdi-

250 2203 336 2230 catur,
347 2203 442 2226 eteum
457 2200 501 2233 qui
515 2208 566 2226 non
578 2200 682 2226 exsistit
694 2200 845 2233 admittunt,
856 2200 916 2235 quia
926 2208 986 2227 eum
997 2201 1042 2235 qui

252 2253 316 2273 vere
331 2250 372 2273 est
386 2250 525 2281 negarunt.
541 2246 574 2273 Et
586 2246 709 2273 advertas
725 2247 818 2278 velim,
834 2247 919 2282 ipsum
933 2247 1039 2282 legisla-

251 2295 335 2318 torem
358 2291 475 2327 Moysem
495 2292 551 2326 ipsa
573 2291 686 2318 hominis
701 2291 859 2319 formatione
878 2292 973 2320 Filium
998 2293 1041 2320 in-

249 2338 357 2370 ducere,
368 2337 477 2373 ejusque
485 2338 674 2373 cognitionem.
683 2338 762 2371 Dixit,
772 2339 831 2365 Fiat
840 2341 1024 2374 ﬁrmamentum
1030 2351 1042 2376 ,-

251 2383 325 2415 dixit,
340 2383 467 2410 Genninet
487 2388 572 2415 terra;
584 2384 664 2417 dixit,
683 2384 800 2411 Educant
814 2393 895 2419 aqum.
909 2386 976 2413 Cum
991 2394 1040 2414 an-

250 2434 303 2456 tem
314 2430 388 2456 venit
409 2430 442 2457 ad
456 2430 590 2457 hominem
605 2431 641 2457 ait
656 2440 662 2457 :
678 2430 711 2457 Et
725 2431 788 2458 dixit
801 2431 885 2464 Deus,
903 2431 1040 2460 Faciamus

250 2476 386 2502 hominem.
398 2476 533 2511 Interrogo
543 2477 679 2504 Judaeum:
690 2476 718 2504 Si
729 2478 801 2504 solus
811 2484 861 2511 est,
874 2485 923 2505 nec
930 2483 971 2505 est
978 2486 1038 2505 cum

249 2530 282 2548 eo
306 2522 398 2554 Filius,
421 2530 499 2557 quem
525 2528 713 2557 [)I‘Iﬁdlcamllb,
739 2525 761 2551 si
785 2532 838 2551 non
861 2529 902 2552 est
925 2525 1039 2559 Spiritus

248 2572 366 2600 sanctus,
381 2575 458 2602 quem
471 2568 621 2601 adoramus,
635 2570 741 2596 cuinam
756 2570 831 2601 dixit,
844 2569 979 2597 Faciamus
993 2571 1039 2598 lto-

249 2613 361 2639 minem?
375 2613 475 2640 Caelum
488 2613 564 2648 jussu
579 2615 635 2641 solo
651 2614 722 2647 facit,
737 2620 834 2642 terram
848 2619 874 2642 et
887 2616 986 2651 reliqua
1001 2616 1038 2643 si-

247 2659 362 2686 militer:
376 2667 436 2686 cum
448 2659 582 2686 hominem
592 2666 675 2693 creat,
687 2660 851 2688 divinitatem
864 2661 922 2688 Filii
931 2661 1036 2689 demum

248 2705 342 2732 volens
351 2706 425 2740 quasi
435 2714 483 2741 per
492 2706 620 2734 fenestras
630 2708 845 2742 conspiciendam
857 2708 985 2742 przcbere,
994 2708 1036 2735 di«

247 2750 293 2783 cit,
305 2750 440 2778 Faciamus
451 2751 594 2785 hominem;
606 2757 634 2780 ut
645 2753 766 2780 ostendat
779 2753 851 2780 illum
865 2755 890 2780 in
905 2754 1037 2788 prioribus

247 2797 327 2824 etiatn
340 2797 463 2825 creandis
474 2799 523 2826 sibi
538 2800 640 2825 socium
652 2799 742 2825 fuisse.
759 2799 837 2826 Aiunt
850 2800 938 2834 itaque
952 2799 1036 2827 Judmi

246 2842 272 2870 in
287 2848 428 2879 angustum
448 2843 567 2876 redacti,
585 2851 634 2870 nec
656 2844 775 2872 valentes
799 2846 832 2872 ita
854 2850 973 2880 apertam
993 2845 1035 2872 di—

245 2889 359 2918 ctionem
375 2895 492 2924 mutare,
509 2890 595 2925 ipsum
611 2890 636 2917 id
649 2890 749 2925 angelis
770 2890 867 2918 dixisse
882 2899 887 2918 :
910 2891 1034 2926 quoniatn

975 163 1162 191 SEVERIAM

1837 170 1889 197 ιῡι

1095 220 1220 248 dictionis
1242 225 1362 248 naturam
1385 226 1478 256 aperte
1498 230 1596 258 negare
1611 230 1663 250 non
1686 229 1814 258 possunt,
1835 227 1890 254 alio

1094 267 1175 294 modo
1201 267 1370 302 negationem
1397 267 1469 295 illam
1495 268 1639 297 insinuant.
1668 270 1780 297 Cninam
1810 271 1890 306 igitur

1094 312 1171 344 dixit,
1186 312 1344 340 Faciamus?
1357 314 1476 349 Angelis,
1490 314 1620 350 inquiunt.
1636 315 1733 350 Quaero
1742 337 1749 349 ,
1762 315 1819 344 Utri
1833 325 1890 345 ma-

1091 358 1165 392 jores
1180 363 1252 390 sunt,
1276 359 1373 393 angeli,
1397 367 1430 386 an
1455 359 1680 389 homines?Sane
1703 363 1800 397 angeli.
1821 362 1888 390 Nam

1093 403 1200 438 quando
1221 405 1301 431 etiam
1326 404 1469 432 admodum
1493 406 1519 433 in
1542 406 1639 434 virtute
1661 407 1838 441 profecimus,
1855 416 1890 435 ne

1096 454 1158 476 lllllC
1172 450 1280 484 quidem
1295 450 1356 478 illos
1376 458 1544 485 superamus,
1567 452 1612 479 sed
1628 460 1704 486 pares
1725 453 1764 480 eis
1784 457 1888 480 Sumus.

1094 495 1170 522 Nunc
1187 503 1252 523 vero
1272 495 1304 523 iis
1318 501 1411 524 natura
1431 497 1508 532 longe
1528 498 1667 525 inferiores
1681 506 1783 532 sumus,
1797 499 1889 527 incor-

1093 542 1236 576 porcisque
1248 543 1348 576 angelis
1359 550 1451 570 sumus
1466 544 1591 571 minores.

1131 587 1158 614 6.
1174 588 1242 614 Audi
1259 588 1385 616 Davidem
1397 589 1447 616 hac
1458 589 1492 616 de
1505 597 1535 617 re
1548 590 1735 618 testificantem
1751 599 1757 617 :
1771 591 1840 624 Quid
1852 597 1888 618 est

1095 634 1180 666 homo,
1194 634 1261 669 quod
1271 643 1365 661 memor
1377 643 1404 661 ea
1415 636 1480 670 ejus,
1497 641 1541 662 aut
1555 635 1623 670 ﬁlius
1639 636 1757 668 hominis,
1768 637 1890 671 quoniam

1092 680 1180 706 sicitas
1203 680 1281 706 eum?
1303 680 1420 707 Minuisti
1443 689 1501 708 eum
1526 682 1603 716 paulo
1629 682 1712 708 minus
1734 681 1766 708 ab
1790 683 1888 717 angelis

1096 725 1181 760 (Psal.
1196 726 1222 752 8.
1234 726 1260 753 5.
1271 725 1309 761 6).
1321 725 1400 753 Certe
1411 726 1527 754 minores
1539 727 1639 762 angelis
1652 735 1744 754 smnus
1758 736 1765 754 :
1787 735 1835 754 nos
1849 729 1889 754 in-

1096 770 1223 804 feriores,
1237 771 1324 806 angeli
1338 771 1466 806 majores.
1481 772 1507 798 Si
1521 779 1581 799 cum
1599 772 1733 799 hominem
1747 773 1822 800 illum
1838 774 1887 800 mi-

1096 824 1188 843 norem
1215 816 1324 848 faecret,
1347 824 1414 851 opus
1437 817 1530 844 habuit
1553 817 1656 852 angelis
1679 819 1839 845 consiliariis
1861 824 1887 845 et

1096 861 1272 896 adjutoribus,
1287 869 1347 889 cum
1363 863 1478 897 majores
1492 862 1608 895 faceret,
1629 872 1681 890 non
1695 872 1777 890 unum
1792 872 1888 899 nempe

1096 907 1238 942 angelum,
1262 909 1310 935 sed
1332 908 1377 935 illa
1401 908 1481 936 millia
1503 909 1615 936 millium
1639 909 1886 941 innumerabilium;

1095 953 1322 988 quemadmodum
1337 953 1408 981 enim
1420 954 1559 981 luminaria
1574 955 1652 981 simul
1663 955 1753 982 omnia
1767 955 1837 986 fecit,
1849 956 1887 983 sic

1094 1004 1122 1026 et
1137 999 1246 1033 angelos
1260 1003 1287 1026 et
1303 999 1480 1035 archangelos
1501 1000 1598 1033 simul;
1613 1005 1641 1027 et
1653 1006 1694 1028 tot
1713 1005 1775 1028 sunt
1788 1005 1817 1028 ut
1829 1009 1887 1027 om-

1096 1053 1158 1072 nem
1179 1050 1307 1080 superent
1329 1053 1481 1079 numerum,
1504 1047 1656 1081 clamatque
1671 1047 1761 1074 Daniel
1779 1057 1785 1074 :
1801 1046 1888 1073 Decies

1096 1092 1187 1118 millies
1201 1092 1267 1119 data
1278 1092 1359 1119 millia
1369 1093 1543 1120 ministrabant
1554 1094 1587 1126 ei,
1597 1098 1621 1121 et
1631 1093 1711 1120 millia
1724 1093 1832 1120 millium
1842 1093 1888 1119 ad-

1096 1138 1196 1165 stabant
1209 1138 1232 1165 ei
1244 1138 1324 1173 (Dan.
1339 1139 1366 1166 Ί.
1380 1138 1435 1174 l0).
1450 1139 1523 1166 Dena
1537 1140 1618 1166 millia
1633 1139 1762 1166 denorum
1776 1139 1886 1166 millium

1097 1185 1254 1219 angelorum
1277 1184 1349 1218 fecit,
1371 1185 1506 1221 milliaque
1527 1185 1638 1213 millium
1657 1185 1885 1221 arcliangelorum,

1096 1238 1146 1258 nec
1167 1238 1234 1266 opus
1257 1231 1348 1258 habuit
1370 1232 1523 1259 consiliario
1546 1236 1592 1259 aut
1610 1232 1752 1267 adjutore,
1775 1237 1803 1259 et
1826 1239 1886 1259 cum

1097 1285 1179 1304 unum
1191 1277 1293 1305 laceret
1306 1277 1406 1305 luteum
1423 1278 1574 1310 hominem,
1590 1278 1701 1305 consilio
1717 1278 1815 1310 utitur,
1830 1285 1888 1305 ser-

1097 1331 1203 1351 monem
1215 1323 1328 1356 confert,
1344 1324 1484 1352 censilium
1497 1324 1563 1351 init?
1577 1323 1640 1357 Qui:
1652 1328 1688 1350 est
1699 1323 1791 1350 homo?
1802 1330 1888 1350 nonne

1096 1374 1168 1397 terra
1183 1375 1210 1398 et
1221 1370 1255 1398 de
1273 1370 1364 1398 terra?
1376 1378 1466 1397 nonne
1480 1369 1548 1397 ciuis
1570 1374 1597 1396 et
1610 1369 1715 1396 favilla?
1733 1369 1888 1402 Clamatque

1097 1415 1231 1443 Abraham
1244 1423 1319 1443 suam
1336 1416 1485 1450 prmdicans
1496 1416 1624 1443 vilitatem
1641 1423 1648 1442 ε
1665 1414 1721 1450 Ego
1733 1420 1817 1441 autent
1833 1423 1888 1441 sum

1098 1467 1165 1489 terra
1178 1466 1203 1489 et
1215 1463 1278 1489 cinis
1293 1461 1369 1497 (Gen.
1387 1462 1430 1490 18.
1446 1462 1503 1497 27).
1519 1461 1588 1495 Quid
1603 1466 1665 1489 sunt
1680 1461 1785 1496 angeli?
1800 1468 1888 1488 nonne

1097 1508 1225 1543 spiritus?
1246 1515 1336 1536 nonne
1357 1509 1446 1543 ignis?
1467 1508 1533 1535 Audi
1554 1508 1682 1536 Davidem
1703 1507 1862 1534 clamantem
1880 1516 1886 1533 :

1099 1555 1150 1587 Qui
1163 1557 1225 1591 facit
1239 1555 1342 1590 angelos
1355 1563 1414 1582 suos
1428 1555 1541 1590 spiritus,
1556 1559 1579 1581 et
1594 1555 1721 1581 ministro;
1733 1561 1793 1581 suos
1806 1554 1887 1588 ignem

1097 1605 1208 1627 urentem
1221 1600 1306 1637 (Psal.
1322 1601 1384 1628 103.
1398 1601 1438 1635 4).
1454 1600 1519 1628 Cum
1532 1600 1600 1635 ignis
1613 1604 1734 1627 naturam
1748 1599 1886 1630 conderet,

1098 1646 1277 1681 intelligentes
1291 1651 1318 1674 et
1332 1647 1504 1681 incorporeos
1516 1647 1635 1681 spiritus,
1650 1653 1702 1672 non
1715 1653 1783 1680 opus
1797 1645 1888 1672 habuit

1096 1692 1260 1725 consiliario,
1285 1700 1338 1719 non
1360 1693 1442 1725 socio,
1468 1700 1520 1720 non
1542 1692 1595 1719 alio
1617 1692 1742 1727 quopiam
1762 1691 1789 1718 in
1807 1698 1887 1725 opere

1096 1737 1219 1772 adjutore
1234 1747 1240 1764 :
1257 1743 1285 1765 et
1298 1746 1359 1765 cum
1375 1746 1436 1766 eum
1448 1739 1492 1773 qui
1507 1738 1542 1766 de
1555 1742 1626 1766 terra
1639 1743 1680 1766 est
1693 1737 1795 1770 condit,
1809 1737 1887 1764 mise-

1096 1790 1155 1809 rum
1169 1783 1254 1816 illum,
1271 1784 1365 1817 vilem,
1381 1784 1425 1818 qui
1440 1784 1513 1811 brevi
1529 1788 1619 1818 postea
1641 1788 1760 1818 tempore
1778 1791 1832 1810 non
1846 1782 1887 1809 fu-

1097 1832 1172 1855 turus
1186 1833 1237 1862 est,
1256 1829 1299 1864 qui
1315 1830 1341 1856 in
1365 1830 1488 1864 sepulcro
1511 1830 1686 1861 dissolvetur,
1701 1830 1745 1864 qui
1769 1833 1887 1864 tempore

1094 1879 1279 1908 Consumetur,
1305 1876 1445 1902 consilium
1469 1876 1526 1908 init,
1547 1876 1702 1903 consultat?
1725 1875 1823 1907 Etiam,
1848 1875 1887 1901 in-

1097 1921 1182 1956 quiet,
1194 1921 1270 1949 decet
1285 1922 1427 1949 Dominum
1442 1923 1477 1950 ob
1492 1930 1623 1950 summam
1634 1930 1710 1950 suam
1725 1923 1885 1953 bonitatem,

1094 1967 1187 1995 dicere
1202 1968 1306 1995 famulis
1319 1969 1494 2002 praesentibus
1505 1989 1513 2003 ,
1529 1969 1598 2003 Quid
1611 1969 1670 1996 fieri
1686 1969 1810 2004 oportet?
1825 1968 1886 2003 quid

1096 2014 1244 2041 faciemus?
1256 2015 1311 2042 lloc
1325 2023 1432 2050 quoque
1443 2016 1563 2043 concedo
1573 2036 1580 2048 ,
1594 2023 1625 2043 ac
1640 2020 1699 2050 post
1712 2020 1814 2042 tantum
1828 2023 1886 2042 cer-

1096 2064 1196 2092 tamen,
1210 2060 1322 2087 admitto
1332 2081 1339 2093 ,
1353 2061 1428 2094 illud,
1443 2061 1595 2094 Faciamus,
1611 2061 1644 2089 ad
1663 2062 1773 2096 angelos
1786 2061 1884 2088 dictum

1095 2106 1185 2134 fuisse.
1203 2106 1280 2139 Illud,
1295 2106 1442 2140 Faciamus,
1456 2108 1569 2140 audisti;
1582 2108 1645 2135 illud
1654 2115 1728 2141 vero,
1740 2108 1886 2135 Secundum

1095 2152 1228 2188 imaginem
1240 2157 1264 2179 et
1275 2153 1464 2180 similitudinem
1475 2162 1526 2181 non
1538 2154 1645 2181 vidisti?
1657 2154 1712 2181 Hoc
1724 2155 1794 2181 enim
1805 2154 1886 2180 verbo

1094 2198 1245 2226 Juda‘orum
1258 2203 1286 2226 et
1297 2200 1482 2227 haereticorum
1495 2208 1541 2226 ora
1554 2201 1699 2227 obstruam.
1711 2200 1802 2235 Neque
1814 2200 1884 2226 enim

1095 2244 1213 2278 Iudaeus,
1233 2253 1320 2280 neque
1333 2254 1439 2272 rursum
1458 2246 1598 2273 haereticus
1608 2266 1615 2278 ,
1631 2247 1688 2281 ipse
1704 2254 1809 2281 quoque
1823 2254 1886 2273 vero

1093 2289 1218 2323 Judacus;
1235 2291 1288 2318 imo
1302 2291 1377 2326 pejor
1393 2301 1399 2319 :
1416 2292 1451 2318 illi
1469 2299 1583 2326 namque
1596 2300 1695 2326 corpus
1711 2292 1814 2319 visibile
1825 2299 1886 2318 cru-

1094 2335 1253 2368 cilixérnnt;
1277 2336 1303 2363 hi
1330 2344 1393 2364 vero
1422 2337 1585 2364 divinitatem
1612 2337 1770 2364 inrisibilem
1798 2337 1884 2371 impu-

1093 2388 1176 2418 gnant
1185 2391 1191 2414 ;
1201 2383 1254 2410 imo
1263 2383 1450 2417 veroipsorum
1458 2383 1580 2411 salutem.
1591 2383 1690 2411 Verum
1703 2389 1730 2410 et
1740 2383 1776 2410 illi
1787 2384 1884 2417 impos-

1093 2429 1180 2457 sibilia
1200 2429 1306 2464 aggredi
1326 2429 1502 2457 demonstrati
1517 2435 1587 2457 sunt.
1599 2430 1766 2464 Quapropter
1788 2430 1882 2464 partim

1093 2483 1186 2510 pinnas
1206 2475 1284 2510 hujus
1303 2475 1429 2502 facinoris
1448 2477 1475 2503 in
1494 2477 1618 2510 praesenti
1639 2475 1780 2508 dederunt,
1801 2483 1884 2510 genus

1093 2529 1171 2548 suum
1186 2521 1307 2548 videntes
1324 2529 1371 2556 per
1387 2526 1469 2548 totum
1485 2522 1577 2549 orbem
1597 2522 1759 2557 dispersum.
1773 2522 1882 2548 Demum

1093 2572 1181 2594 autem
1203 2567 1254 2593 illis
1274 2572 1391 2594 extrema
1407 2568 1471 2594 ultio
1489 2572 1530 2594 est
1545 2567 1701 2602 intligenda,
1716 2568 1822 2602 quando
1836 2575 1882 2594 ex-

1094 2618 1209 2640 tremum
1233 2614 1351 2641 omnium
1373 2614 1502 2648 judicium
1525 2614 1690 2642 reddendum
1714 2615 1776 2641 erit.
1797 2615 1883 2647 Atque

1092 2660 1125 2686 ab
1148 2659 1212 2694 ipsis
1225 2667 1273 2686 suo
1295 2664 1416 2694 tempore
1437 2660 1590 2694 promeritae
1611 2664 1765 2694 repetentur
1785 2666 1880 2693 pinnas.

1090 2706 1158 2739 Quid
1172 2713 1261 2732 causa:
1273 2706 1353 2739 igitur
1364 2711 1415 2736 est.
1429 2713 1476 2732 cur
1488 2705 1537 2733 hos
1547 2713 1642 2733 omnes
1652 2713 1791 2733 sermones
1807 2705 1881 2732 vobis

1090 2753 1294 2787 proposuerim?
1313 2752 1380 2780 Volo
1403 2753 1475 2780 enim
1500 2761 1605 2780 rursum
1630 2753 1726 2781 seriem
1748 2758 1880 2788 repetere.

1089 2798 1147 2826 Non
1159 2799 1238 2826 audet
1249 2798 1402 2831 licerelicus,
1414 2807 1465 2826 nec
1479 2799 1558 2826 audet
1568 2799 1675 2826 Judzeus
1687 2799 1788 2832 dicere,
1803 2806 1880 2826 unam

1089 2852 1149 2872 esse
1165 2845 1212 2873 Dei
1232 2849 1258 2872 ‘et
1272 2845 1426 2879 angelorum
1449 2845 1601 2880 imaginem.
1626 2845 1694 2873 Num
1712 2846 1812 2881 angeli,
1835 2845 1879 2881 qui

1092 2891 1153 2919 facti
1164 2895 1236 2924 sunt,
1248 2891 1383 2926 adjutores
1395 2891 1441 2919 Dei
1451 2891 1568 2919 fuerint?
1576 2891 1688 2921 Ministri
1696 2892 1781 2919 solum
1794 2896 1879 2921 erant.
