2062 3128
185 187 236 211 ³Γῦ

187 243 337 273 laudantes,
353 240 452 275 gralias
467 243 586 274 agentes,
603 238 677 273 gnari
691 245 721 264 se
735 236 819 264 fat-tos
834 242 905 267 esse,
923 235 929 249 ¹
945 233 985 268 let

187 293 265 314 antea
289 294 342 313 non
367 286 464 317 fuisse,
480 293 511 312 ac
526 289 591 311 nutu
608 283 755 310 voluntatis
779 282 851 308 illius
872 283 977 307 creatos

190 332 304 368 tuisse]:
331 332 489 365 stabantque
505 329 732 364 contemplantes,
754 326 929 361 videntesque
952 332 983 352 ea

190 388 250 413 quas
270 383 330 414 post
350 378 422 412 ipsus
448 378 515 403 facta
541 376 658 403 fuerant.
682 374 814 402 Videbant
834 373 928 400 calum
952 380 984 400 ex

191 426 276 453 nihilo
290 425 396 455 factum,
409 428 435 450 et
448 423 591 458 stupebant
603 431 610 455 ;
625 429 698 449 mare
708 425 886 456 segregatum,
900 425 926 447 et
937 421 986 446 mi-

191 473 338 502 rabantur;
355 470 604 505 contemplabantur
618 474 716 496 terram
737 472 857 496 ornatam
868 488 875 499 ,
900 472 925 494 et
939 475 988 493 ex-

193 518 394 546 ltorrcscebant.
409 517 485 550 Quod
501 522 589 543 autem
603 516 689 550 angeli
712 522 763 542 non
778 515 912 549 adjutores
928 512 986 539 fue-

192 567 257 595 rint.
283 564 330 592 sed
350 563 544 596 admiratores,
560 563 597 589 ait
621 563 690 589 Deus
711 562 807 589 Jobum
828 561 986 595 alloquens:

194 610 305 644 Quando
320 609 367 644 [cci
380 609 476 641 stellas,
492 609 657 635 laudauerunt
669 616 708 634 me
718 616 803 634 omnes
816 607 899 634 anaeli
913 611 936 633 et
948 613 988 634 :2-

205 656 368 683 lcbrauerunt
392 654 458 688 (Job.
476 652 520 680 58.
545 653 582 687 7).

241 700 319 732 Illud,
332 699 482 730 Faciamus,
497 699 649 725 Trinitatem
661 702 684 724 et
693 698 819 724 unitatem
830 697 986 724 subindicat.

203 762 239 768 --
258 747 400 773 Faciamus
419 746 559 772 hominem.
576 745 680 772 Dictum
705 744 769 771 illttd
789 748 817 771 et
834 743 987 777 loquentem

204 793 338 828 signiﬁcat
359 796 385 818 et
411 791 576 818 audientem.
602 790 669 818 Vide
691 790 845 817 orthodoxa:
862 788 923 815 ﬁdei
946 796 989 814 ra-

205 839 279 866 dium
306 844 413 872 semper
431 837 640 872 splendentem:
661 840 688 863 et
707 836 746 863 sol
769 836 863 864 lucens
883 834 988 862 radium

206 891 284 910 suum
304 882 435 916 adjunxit.
461 882 599 909 Faciamus
613 882 741 908 hominem
757 880 898 907 secundum
918 880 989 907 ima-

205 929 290 962 ginem
307 933 331 954 ct
350 928 548 955 similitudinem
570 932 695 954 nostram.
719 926 899 954 Personarum
916 924 989 952 ordi-

198 984 259 1002 nem
283 977 407 1008 servavit,
423 980 450 1003 et
463 976 618 1003 substantia:
633 975 772 1003 unitatem.
793 975 930 1002 Faciamus
943 975 989 1002 Ito-

196 1021 289 1048 minem
299 1022 435 1048 secundum
449 1021 594 1056 imaginem.
611 1021 668 1048 Non
682 1020 827 1048 secundum
843 1021 990 1054 imagines:

198 1074 283 1101 neque
298 1067 369 1094 enim
381 1067 432 1094 alia
447 1072 489 1094 cst
503 1067 590 1102 imago
609 1067 707 1100 Patris,
728 1067 780 1094 alia
801 1067 872 1095 Filii.
896 1066 991 1094 Facia-

198 1121 254 1139 mus
271 1121 277 1139 :
291 1117 318 1140 tit
333 1120 506 1147 personarum
524 1113 673 1148 pluritatem
690 1113 828 1144 ostendat;
846 1113 991 1140 Secundum

197 1159 331 1193 imagincm
348 1163 459 1186 nostrain
472 1166 482 1184 .·
498 1164 527 1186 ttt
541 1159 841 1186 consubstantialilatctn
864 1159 990 1186 declaret.

198 1204 325 1238 Quisnam
340 1212 405 1232 vero
422 1209 462 1232 est
475 1205 562 1240 magni
579 1205 656 1240 hujus
670 1205 800 1232 sermonis
816 1209 844 1232 et
856 1205 992 1232 admiran-

198 1252 239 1278 du:
250 1252 392 1279 creatiunis
407 1252 514 1280 socius?
527 1252 611 1280 Judtci
626 1253 822 1285 contradicunt,
836 1261 868 1280 ac
880 1254 920 1281 vel
933 1261 994 1280 cou-

203 1298 275 1324 futati
291 1298 459 1333 impudenter
473 1305 503 1326 se
515 1303 630 1333 gerunt;
648 1299 766 1326 lucretici
784 1299 927 1332 insaniunt,
944 1307 992 1326 ve-

199 1343 264 1369 ritas
287 1343 465 1378 impugnatur,
488 1344 594 1379 pietatis
617 1344 737 1372 doctrina
752 1345 876 1372 invictam
894 1353 948 1380 pra:
964 1353 993 1373 se

199 1386 249 1414 fert
261 1387 466 1415 confessionem.
758 1419 760 1421 η

236 1433 261 1459 7.
283 1433 359 1461 Unde
377 1435 456 1469 igitur
475 1435 647 1462 ostendemus
662 1436 703 1463 cui
725 1436 831 1470 dixerit,
857 1436 992 1464 Faciamus

199 1480 347 1507 hominem?
359 1486 404 1507 aut
419 1482 478 1516 quis
490 1486 531 1509 est
544 1482 601 1515 eius
615 1483 802 1510 consiliarius?
818 1483 883 1510 Illud
901 1483 972 1511 enim
983 1505 991 1516 ,

201 1525 346 1559 Faciamus,
369 1528 537 1562 pra-sentiam
555 1529 700 1556 consiliarii
721 1530 810 1564 exigit.
840 1531 883 1557 Ait
905 1531 993 1565 itaque

199 1572 292 1599 beatus
305 1573 383 1599 Isaias
397 1573 429 1600 de
445 1574 580 1608 unigenito
594 1573 660 1602 Filio
671 1575 728 1609 Dei,
752 1575 796 1610 qui
816 1582 924 1610 propter
945 1583 993 1604 nos

200 1617 314 1645 humana
330 1618 401 1646 venit
416 1619 500 1646 forata
519 1629 525 1647 :
541 1619 610 1647 Puer
630 1626 705 1648 natus
728 1626 764 1648 est
783 1622 863 1654 nobis,
880 1622 949 1656 ﬁlius
971 1627 993 1649 et

198 1665 295 1698 iuvenis
309 1665 382 1691 datus
397 1671 433 1692 est
446 1665 523 1698 (lsai.
535 1666 561 1693 9.
572 1667 610 1702 6).
627 1667 677 1700 Qui
693 1675 744 1694 nott
761 1673 818 1694 erat
835 1676 899 1702 puer
914 1674 991 1696 natus

198 1714 258 1742 est;
276 1711 319 1745 qui
335 1715 392 1738 erat
407 1711 500 1744 Filius,
517 1711 595 1739 datus
618 1718 669 1739 est.
698 1712 732 1739 Et
752 1714 880 1740 vocabitur
902 1722 992 1741 nomen

198 1757 264 1790 ejus,
287 1757 372 1792 magni
383 1758 481 1784 consilii
495 1759 609 1793 angelus,
626 1767 721 1794 nempe
741 1760 825 1794 pueri,
841 1760 885 1795 qtti
908 1760 992 1788 Filius

199 1808 256 1830 erat
270 1808 377 1838 propter
390 1804 565 1837 divinitatem,
587 1813 652 1840 puer
667 1811 754 1833 autem
767 1812 875 1841 propter
896 1808 991 1834 huma-

199 1848 318 1875 nitatem.
336 1848 426 1884 Magni
436 1851 534 1877 consilii
557 1852 671 1886 angelus,
697 1852 854 1879 admirabilis
875 1854 991 1880 consilia-

198 1895 261 1922 rius.
279 1895 306 1922 Si
326 1903 406 1930 porro
421 1897 599 1924 consiliarium
613 1898 654 1925 cui
668 1898 743 1929 dixit,
759 1898 896 1926 Faciamus
911 1899 992 1926 [tomi-

199 1949 257 1968 nem
280 1943 417 1968 secundum
439 1943 573 1978 imaginem
596 1949 620 1970 et
641 1944 831 1971 similitudinem
857 1950 969 1971 nostram
983 1966 990 1977 ,

200 1987 287 2022 magni
302 1989 404 2015 consilii
418 1989 548 2024 Angelum
564 1997 654 2023 vocas,
676 1990 805 2023 nondum,
822 1998 838 2017 ο
852 1991 990 2025 propheta,

199 2033 356 2067 dignitatem
376 2034 433 2068 ejus
448 2035 520 2069 quia
536 2039 562 2062 te
581 2035 747 2062 consiliarius
769 2042 878 2063 vocatur
901 2037 991 2064 decla-

199 2079 275 2106 rasti.
292 2079 352 2106 Fuit
375 2081 444 2106 cnim
466 2084 493 2108 et
513 2080 617 2116 Moyses
631 2082 797 2109 consiliarius
823 2091 830 2108 :
854 2082 993 2110 videbatur

199 2125 271 2152 enim
285 2126 423 2153 consilium
437 2127 500 2154 dare
515 2135 575 2155 cum
589 2127 707 2156 diceret:
720 2128 762 2156 Ne
775 2129 875 2156 occidas
895 2138 946 2163 eos,
963 2138 993 2156 ne

199 2171 266 2205 forte
286 2171 370 2198 dicant
385 2177 469 2206 gentes
494 2180 503 2199 :
528 2172 567 2199 Eo
586 2175 653 2208 quod
674 2183 725 2201 non
745 2179 826 2210 posset
850 2175 907 2202 illas
924 2175 994 2210 prole

199 2225 300 2252 augere,
320 2218 411 2244 occidit
429 2227 480 2245 cos.
500 2219 598 2246 Verum
612 2227 646 2247 ne
661 2221 816 2248 miraculum
826 2222 859 2248 ad
869 2223 993 2249 consilia-

199 2262 268 2289 rium
282 2271 364 2297 usque
384 2265 509 2291 statueris
526 2274 532 2291 :
549 2273 582 2292 ne
601 2273 742 2294 Commune
764 2275 861 2294 nomen
885 2267 991 2301 feceris.

199 2308 250 2335 etsi
273 2309 348 2335 mttlti
361 2309 505 2336 consiliarii
525 2313 589 2343 sint,
607 2319 640 2338 tte
653 2313 812 2340 contumelia
826 2313 957 2342 afficiatur
969 2316 993 2343 is

199 2354 245 2389 qui
261 2356 334 2382 solus
352 2359 402 2382 est.
419 2357 453 2383 At
469 2357 597 2388 nondum,
613 2357 707 2392 inquit,
725 2358 782 2392 ejus
803 2359 846 2392 qui
863 2361 977 2393 prtcdica

201 2405 244 2426 tttr
260 2399 415 2435 dignitatem
430 2398 511 2429 nosti.’
533 2403 600 2430 Audi
613 2403 646 2431 de
659 2404 807 2431 admirabili
822 2406 992 2440 consiliario;

201 2446 281 2474 Isaias
297 2448 368 2474 enim
390 2449 414 2475 id
437 2449 506 2484 quod
525 2451 648 2484 sequitur
662 2451 696 2477 ab
715 2459 757 2483 eo,
772 2452 840 2487 qttod
855 2454 993 2490 praecedit,

202 2493 390 2528 interpretatur
406 2503 413 2521 :
427 2494 600 2528 Admirabilis,
622 2496 717 2531 iuqttit,
734 2498 902 2530 consiliarius,
925 2499 994 2526 Deus

202 2540 284 2573 fartis.
315 2539 398 2568 Recte
425 2541 478 2568 Deo
506 2541 688 2569 fortitudinem
717 2543 847 2578 adiunxit.
880 2544 995 2577 Quare?

201 2585 430 2619 Quemadmodum
444 2587 514 2614 enim
535 2588 611 2614 tnttlti
635 2587 708 2616 fuere
730 2590 884 2623 consiliarii,
908 2599 994 2625 nequc

203 2636 288 2658 tamen
302 2631 362 2659 ideo
375 2633 453 2659 unitts
464 2633 607 2660 consiliarii
623 2634 738 2669 dignitas
753 2635 811 2662 lmdi
824 2635 933 2668 debuit,
956 2637 994 2664 sic

201 2677 261 2710 quia
281 2677 357 2704 multi
377 2676 451 2705 fuere
470 2679 505 2705 dii
528 2679 608 2713 (nam
623 2681 678 2707 ait:
697 2680 751 2715 Ego
762 2681 824 2714 dimi,
835 2683 879 2710 Dii
889 2684 955 2715 estis,
972 2689 994 2710 et

203 2722 248 2755 ﬁlii
275 2722 397 2750 ditissimi
421 2732 506 2751 omnes
530 2724 539 2760 [
555 2725 624 2752 Psal.
642 2726 684 2752 8i.
700 2726 755 2762 6]:
788 2734 819 2754 ac
837 2736 942 2755 rursum
958 2729 994 2756 ait

204 2770 271 2796 Deus
285 2770 382 2806 Moysi,
400 2770 466 2798 Ecce
484 2773 555 2806 positi
569 2777 591 2799 le
604 2773 630 2799 in
641 2774 714 2800 deum
731 2773 874 2801 Pharaonis
895 2774 992 2811 [E.rod.

201 2815 228 2842 7.
243 2815 266 2852 Ι]
277 2817 296 2852 ),
321 2817 363 2844 hic
379 2817 423 2852 qui
439 2819 598 2852 pratdicatur
612 2828 664 2846 ιιοιι
676 2820 767 2847 debuit
781 2823 939 2849 contumelia
952 2823 992 2850 af-

234 2917 242 2932 ι
261 2917 355 2942 t-ttrasis
364 2917 480 2942 articulus
489 2919 530 2949 qui
543 2915 636 2944 uncinis
647 2918 763 2945 clauditur
772 2921 844 2946 deest
856 2921 880 2946 in
892 2921 962 2947 savii.

684 180 726 206 DE
747 177 851 207 MUNDI
870 173 1063 205 CREATIONE
1081 174 1210 202 ORATIO
1228 175 1269 203 IV.

1780 174 1833 202 456

1039 233 1092 260 ﬁci.
1106 234 1146 260 Ac
1160 240 1195 260 ne
1210 238 1286 268 putes
1301 240 1363 261 eum
1375 234 1410 261 ita
1423 233 1502 261 deutn
1517 241 1587 266 esse,
1605 237 1631 260 ut
1645 238 1702 261 erat
1716 233 1833 269 Moyses,

1038 285 1068 308 ut
1081 273 1296 315 erantapostoli,
1322 281 1434 314 addidit,
1449 280 1517 308 Deus
1537 282 1618 317 fortis.
1634 281 1740 317 Moyses
1763 281 1832 308 Dem

1039 331 1106 359 erat,
1122 334 1175 354 non
1197 326 1285 361 fortis,
1308 327 1356 355 scd
1378 327 1534 355 fortitudine
1556 327 1679 355 donatus.
1700 327 1776 354 Aliud
1793 333 1833 354 cst

1039 372 1196 400 fortitudine
1221 373 1343 406 donatus,
1371 377 1397 399 et
1423 373 1492 408 aliud
1516 372 1602 400 fortis.
1628 373 1706 400 Aliud
1722 373 1832 407 gratiam

1040 419 1222 453 commodans,
1237 420 1308 447 aliud
1317 420 1459 455 accipiens.
1476 420 1543 446 Deus
1557 419 1639 455 fortis.
1654 419 1757 455 Moyses
1769 419 1835 446 deus

1040 471 1097 493 erat
1111 466 1266 493 fortitudine
1276 466 1400 497 donatus,
1416 466 1519 492 etiamsi
1534 465 1673 500 grandiutn
1694 466 1836 492 miraculo-

1041 518 1099 538 rum
1115 515 1233 545 patrator
1246 520 1253 543 ;
1272 519 1365 538 verum
1379 512 1491 545 gratiam
1505 511 1609 546 accipit.
1635 511 1691 538 Sub
1703 516 1834 545 potestate

1040 561 1117 584 erant
1129 557 1253 591 apostoli,
1278 563 1373 591 potens
1388 563 1428 584 est
1441 558 1576 590 Servatur,
1591 562 1618 585 et
1637 558 1738 586 tribuit.
1766 558 1837 586 Deus

1041 603 1124 638 fortis.
1148 603 1238 637 Neque
1260 603 1310 630 hoc
1331 608 1432 631 tantum
1453 605 1518 631 satis
1541 604 1643 636 habuit,
1665 605 1710 631 sed
1727 605 1836 640 adjicit,

1041 654 1140 684 potens,
1166 654 1194 676 ut
1214 653 1241 676 et
1262 656 1311 676 nos
1332 655 1358 676 et
1379 650 1519 677 lucreticos
1534 650 1652 684 doceret,
1669 659 1703 678 ne
1722 651 1771 678 sub
1790 659 1838 685 po-

1041 699 1136 723 testate
1162 696 1313 723 diceremus
1336 704 1397 723 eutn
1427 697 1471 731 qui
1495 697 1544 731 ipsi
1565 698 1689 732 potestati
1712 698 1836 732 imperat.

1041 741 1119 769 Aliud
1139 746 1180 769 est
1202 742 1251 768 sub
1274 746 1404 776 potestate
1424 743 1601 775 constitutus,
1635 743 1705 770 aliud
1727 749 1834 779 potens.

1042 788 1088 816 Vis
1104 796 1182 815 nosse
1199 788 1341 816 discrimen
1361 789 1431 816 inter
1444 797 1505 816 cum
1516 790 1560 823 qui
1575 797 1610 817 ex
1626 797 1654 816 se
1675 795 1768 824 potens
1789 791 1834 823 sit,

1042 839 1069 861 et
1091 842 1151 861 ettm
1167 836 1211 869 qni
1222 835 1272 861 sub
1285 839 1415 869 potestate
1427 835 1480 862 sit?
1493 836 1611 870 Apostoli
1627 836 1676 863 sub
1694 841 1835 870 potestate,

1043 880 1172 907 Servator
1186 888 1250 908 vero
1266 886 1360 915 potens
1375 887 1442 908 erat.
1455 882 1551 908 Paulus
1565 882 1629 909 vidit
1641 882 1668 909 itt
1684 883 1836 910 Macedonia

1044 925 1158 959 puellam
1188 926 1310 959 spiritum
1331 927 1460 962 Pythonis
1482 927 1637 960 habentem,
1662 929 1836 963 omnibttsque

1044 971 1176 999 dicentem
1194 981 1201 1000 :
1217 972 1252 999 Hi
1266 973 1379 1001 homines
1391 975 1454 1000 servi
1471 973 1520 1001 Dei
1540 975 1657 1001 altissimi
1671 981 1738 1002 sunt.
1754 975 1838 1011 ngre

1044 1022 1127 1044 autem
1144 1018 1226 1052 ferens
1244 1019 1352 1050 Paulus,
1367 1028 1499 1047 cattversus
1511 1020 1575 1047 dixit
1589 1021 1689 1056 spiritui
1709 1022 1775 1057 (Act.
1792 1022 1836 1049 16.

1045 1064 1088 1090 17.
1105 1064 1168 1100 18);
1193 1073 1245 1092 non
1259 1071 1346 1093 autem
1360 1066 1466 1101 puellae,
1481 1067 1528 1094 sed
1545 1068 1657 1101 puellam
1676 1069 1835 1102 occupanti,

1044 1109 1173 1138 Denunlio
1186 1111 1229 1138 tibi
1248 1114 1275 1140 in
1290 1113 1389 1139 nomine
1403 1112 1504 1139 Domini
1516 1113 1576 1140 Jestt
1589 1112 1692 1146 Christi,
1718 1119 1744 1140 ut
1761 1123 1836 1141 exeas

1045 1157 1076 1183 ab
1096 1157 1151 1184 illa.
1183 1157 1267 1185 Vocat
1292 1159 1450 1192 Dominum,
1474 1163 1503 1186 ut
1522 1159 1644 1186 ostendat
1665 1167 1694 1187 se
1717 1168 1836 1187 servum.

1045 1202 1111 1235 Quia
1126 1211 1205 1238 supra
1221 1203 1355 1232 hominem
1373 1204 1422 1232 hoc
1441 1205 1599 1232 miraculum
1613 1210 1680 1238 erat,
1695 1207 1764 1240 quod
1780 1206 1836 1233 da:-

1045 1257 1138 1276 mones
1164 1250 1303 1278 obedireut
1326 1251 1486 1284 hominibus,
1514 1260 1547 1279 ne
1569 1253 1641 1280 visus
1657 1260 1749 1280 vocem
1761 1260 1837 1287 rape-

1045 1300 1096 1329 ret,
1119 1304 1185 1324 neve
1206 1297 1239 1330 ii,
1260 1298 1305 1332 qui
1328 1298 1374 1324 Dei
1395 1298 1508 1325 ministri
1533 1303 1625 1331 erant,
1649 1299 1685 1326 dii
1707 1307 1767 1327 esse
1789 1307 1837 1334 pu-

1047 1346 1174 1373 tarentur,
1204 1342 1340 1376 Denuntio,
1365 1343 1461 1379 inquit,
1486 1344 1530 1371 tibi
1553 1345 1579 1371 in
1601 1345 1701 1372 notitiae
1723 1345 1836 1372 Domini.

1047 1388 1121 1415 Servi
1135 1393 1177 1416 est
1190 1389 1360 1422 denuntiare,
1379 1391 1425 1418 Dei
1440 1398 1502 1418 cum
1520 1395 1651 1426 potestate
1673 1399 1763 1426 agerc.
1789 1392 1836 1418 Vi-

1046 1436 1106 1462 disti
1123 1435 1248 1463 famulum
1270 1437 1482 1470 denuntiantem,
1502 1437 1563 1464 vide
1587 1438 1726 1464 Dominum
1749 1441 1835 1472 nupe-

1046 1486 1159 1509 rantem.
1183 1481 1295 1510 Oblatas
1308 1487 1349 1510 est
1371 1483 1482 1510 Domino
1504 1483 1610 1517 quidam
1636 1483 1832 1514 dmntoniacns,

1045 1527 1141 1554 surdus
1155 1533 1181 1555 et
1197 1533 1293 1555 mttlus.
1317 1529 1374 1556 Non
1395 1529 1461 1556 dixit
1475 1529 1610 1560 Dominus,
1636 1529 1766 1556 Denttutio
1789 1529 1837 1556 tibi

1046 1573 1129 1600 surdo
1144 1579 1169 1600 et
1183 1579 1257 1601 muto
1271 1574 1421 1606 dzcmonio;
1438 1575 1494 1605 sed,
1511 1574 1565 1609 Ego
1584 1575 1628 1601 tibi
1641 1575 1769 1609 prwcipio.
1787 1575 1838 1602 lie-

1046 1619 1176 1646 nuntiatio
1203 1624 1243 1646 est
1266 1620 1351 1651 Pauli,
1380 1621 1495 1654 potentis
1518 1626 1606 1647 autem
1629 1625 1669 1647 est
1692 1621 1835 1654 imperare.

1047 1664 1102 1700 Ego
1124 1665 1168 1692 tibi
1192 1666 1322 1700 prwcipio,
1345 1667 1384 1693 exi
1409 1666 1440 1693 ab
1464 1674 1503 1699 ea,
1528 1675 1572 1693 nec
1584 1667 1837 1700 ampliusintraueris

1047 1709 1142 1741 (Marc.
1151 1711 1177 1738 9.
1187 1710 1243 1741 24).
1255 1711 1378 1738 Obrdivit
1392 1711 1507 1744 daemon,
1518 1712 1589 1738 novit
1600 1712 1670 1739 enim
1683 1713 1836 1746 potentiam.

1045 1756 1120 1783 Dicat
1132 1756 1226 1784 beatus
1235 1757 1358 1784 Ezechiel
1369 1757 1400 1784 ad
1412 1765 1574 1793 synancgam
1584 1758 1734 1785 bzcreticam
1752 1767 1759 1785 :
1775 1757 1837 1785 Viuo

1045 1810 1100 1837 ego,
1117 1802 1176 1829 dicit
1190 1802 1314 1829 Dominus
1324 1803 1486 1852 “iustiﬁcata
1509 1808 1544 1830 est
1566 1811 1638 1830 soror
1660 1809 1702 1830 tua
1723 1802 1838 1830 Sodoma

1044 1856 1121 1883 supra
1134 1853 1157 1874 te
1180 1847 1286 1883 (Ezeclt.
1299 1839 1415 1889 16:32).
1428 1849 1495 1882 Quid
1515 1854 1556 1876 est
1578 1849 1641 1877 illud
1664 1849 1836 1884 qttod~dicit?

1045 1894 1099 1921 Nisi
1116 1895 1186 1921 enim
1201 1895 1265 1922 illud
1280 1895 1415 1928 didiceris,
1441 1903 1492 1922 non
1508 1897 1607 1930 poteris
1623 1897 1714 1924 deduci
1730 1896 1762 1923 ad
1782 1897 1836 1930 spi-

1045 1942 1149 1969 ritualis
1173 1949 1266 1969 sensus
1288 1943 1501 1976 intelligentiam.
1532 1942 1677 1970 Sodomita:
1703 1943 1838 1978 desperati

1045 1991 1140 2019 erant;
1157 1988 1183 2014 in
1196 1988 1299 2015 scelere
1314 1989 1385 2015 enim
1401 1988 1479 2015 vitam
1496 1989 1677 2023 transigebant
1699 1997 1705 2015 :
1723 1989 1836 2023 ideoque

1045 2033 1170 2061 divinitus
1183 2034 1303 2061 immisso
1317 2035 1466 2069 consumpti
1482 2040 1543 2061 sunt
1558 2035 1626 2069 igne.
1651 2035 1767 2069 Eratque
1790 2034 1836 2062 Je-

1046 2081 1161 2108 rusalem
1174 2084 1236 2115 post
1253 2088 1345 2108 eorutn
1360 2081 1480 2114 exitium,
1498 2081 1623 2115 urbisque
1637 2088 1728 2107 eorum
1744 2080 1838 2107 incen-

1045 2127 1129 2159 dium,
1150 2127 1242 2153 multis
1255 2126 1482 2161 generationibus,
1507 2127 1595 2161 specie
1609 2127 1714 2160 quidem
1727 2126 1836 2158 ﬂorens,

1046 2173 1145 2208 majora
1157 2177 1244 2200 tamen
1257 2173 1356 2200 scelera
1368 2177 1536 2208 perpetratis.
1561 2172 1627 2199 Cum
1647 2174 1723 2207 igitur
1742 2171 1769 2198 hi
1789 2172 1838 2200 So-

1046 2219 1205 2246 domitarum
1230 2219 1374 2253 nequitiatn
1400 2222 1574 2253 superarent.
1597 2218 1668 2252 jurat
1697 2217 1765 2244 Deus
1790 2225 1838 2251 per

1046 2265 1214 2292 Ezcclticlcm
1235 2265 1276 2292 Itis
1300 2265 1390 2292 verbis
1417 2273 1424 2292 :
1451 2273 1460 2290 t
1479 2264 1544 2291 Vivo
1566 2271 1614 2298 ego
1634 2263 1752 2295 Adonai,
1773 2263 1839 2291 dicit

1047 2312 1185 2344 Dominus,
1197 2311 1240 2338 dic
1251 2311 1432 2345 incomposita:
1446 2310 1507 2337 ﬁlia:
1519 2310 1666 2337 Jerusalem
1682 2319 1687 2336 :
1702 2309 1758 2337 Non
1774 2317 1837 2343 pec-

1046 2359 1116 2386 cavit
1137 2366 1214 2386 soror
1242 2363 1285 2385 tua
1307 2357 1423 2385 Sodoma
1445 2357 1486 2384 vel
1509 2356 1646 2383 dimidium
1669 2361 1837 2388 chealortutI

1048 2410 1164 2437 tuorum,
1184 2411 1209 2432 et
1222 2405 1363 2440 justiﬁcata
1379 2409 1419 2430 cst
1433 2403 1548 2430 Sodoma
1561 2411 1593 2429 ex
1610 2408 1635 2430 te
1647 2412 1656 2428 ι
1671 2402 1774 2438 (Ezer/t.
1793 2402 1836 2429 16.

1047 2453 1092 2479 48.
1109 2451 1172 2486 52),
1196 2459 1227 2478 ac
1249 2451 1270 2477 si
1291 2451 1404 2482 diceret,
1427 2449 1542 2476 Sodoma
1570 2448 1769 2483 comparatione
1798 2449 1834 2475 tui

1044 2498 1115 2532 justa
1137 2501 1194 2529 est;
1217 2505 1248 2524 ac
1269 2497 1291 2523 si
1312 2496 1385 2530 quis\
1398 2495 1530 2522 lucreticis
1553 2494 1655 2521 diceret
1673 2503 1680 2522 :
1698 2493 1838 2522 Justiﬁcati

1048 2547 1110 2570 stmt
1129 2548 1156 2571 et
1167 2543 1251 2570 Iudici
1266 2550 1298 2570 ex
1315 2542 1412 2577 ingenti
1428 2542 1614 2569 htcrcticorum
1629 2540 1736 2573 furore;
1757 2540 1837 2575 justi-

1049 2591 1117 2617 ﬁcati
1142 2594 1203 2616 sunt
1225 2590 1369 2618 dicmones.
1395 2589 1455 2623 quia
1469 2588 1496 2614 hi
1512 2587 1607 2614 Filittm
1629 2588 1714 2622 ipsum
1730 2590 1836 2619 vocant.

1048 2639 1084 2666 illi
1100 2646 1163 2665 vero
1175 2637 1320 2672 opilicittm.
1340 2635 1488 2669 Justiﬁcata
1506 2639 1543 2662 est
1567 2634 1681 2662 Sodoma
1700 2642 1731 2661 ex
1745 2639 1777 2662 te.
1790 2634 1838 2661 llic

1048 2691 1136 2712 ann-tn
1160 2685 1245 2712 obiter
1258 2692 1348 2718 quer
1363 2690 1470 2710 causam
1485 2690 1533 2709 cur
1547 2682 1565 2708 ii
1578 2682 1622 2716 qui
1638 2681 1837 2708 Sodomitarum

1048 2733 1148 2759 scelera
1168 2734 1366 2766 perpetrarunt,
1387 2737 1439 2756 non
1465 2728 1600 2762 perierunt
1619 2733 1648 2755 ut
1672 2727 1836 2758 Sodomita},

1049 2765 1102 2805 inio
1121 2765 1211 2809 etiam,
1236 2777 1258 2804 si
1279 2776 1358 2810 duplo
1381 2775 1481 2808 maiora
1507 2779 1692 2808 peccaverunt,
1713 2780 1762 2800 cur
1784 2780 1837 2798 non

1048 2826 1175 2853 devastati
1190 2830 1250 2852 sunt
1265 2829 1293 2850 nt
1307 2824 1362 2850 illi?

1083 2872 1109 2899 8.
1132 2873 1200 2898 Deus
1220 2871 1308 2904 itaque
1332 2878 1384 2896 non
1409 2869 1488 2895 modo
1512 2867 1618 2895 videbat
1640 2867 1772 2900 ingentem
1789 2864 1836 2891 ,ιιι-

1051 2919 1168 2946 datorum
1183 2916 1355 2951 impietatem,
1367 2914 1414 2942 sed
1428 2914 1508 2941 etiam
1521 2921 1591 2944 eam,
1603 2919 1662 2947 quae
1677 2914 1736 2945 post
1749 2908 1837 2937 futura
