2047 3122
259 173 311 202 467

257 234 326 263 erat,
347 229 463 257 ﬁdelium
486 229 625 265 pietatem;
649 229 810 264 pra-videbat
831 228 994 264 prodituram
1015 237 1048 256 ex

257 275 349 304 ,ιιιὼυθ
363 283 423 304 esse
438 280 557 304 sanetam
571 276 711 311 Deiparam
724 275 852 311 virginem
868 285 875 303 :
890 275 1052 311 prtevidebat

257 323 370 350 chorum
393 323 588 358 apostolorum,
609 330 712 350 necnon
731 323 838 350 ordines
855 322 1049 355 confessorum,

256 376 283 396 et
298 369 380 396 multa
395 369 475 396 millia
485 368 638 396 Judteorum
648 369 692 403 qui
700 367 827 396 credituri
840 372 925 395 erant.
938 367 1051 401 Quando

257 416 327 442 enim
340 415 460 443 ascendit
474 415 572 442 Paulus
585 415 612 442 in
627 414 792 446 Jerusalem,
804 414 895 442 dicunt
913 414 937 441 ei
951 421 1050 448 coapo-

255 462 318 489 stoli
334 470 340 488 :
354 461 440 495 Vides,
453 460 535 488 Paule
550 458 645 493 frater,
657 465 715 494 quot
725 459 806 487 millia
820 465 879 487 sunt
894 458 1051 486 Judworum

255 508 300 542 qui
319 506 478 534 crediderunt
501 507 570 541 (Act.
584 505 699 541 21.20).
723 505 878 533 Praevidens
900 505 980 540 igitur
1001 511 1049 532 eos

253 553 298 588 qui
313 553 438 580 credituri
454 557 540 585 erant,
555 553 674 587 pepercit
689 552 846 584 incredulis;
866 559 918 579 non
930 552 1047 586 ipsorutn

256 599 350 633 gratia,
374 599 420 626 sed
442 604 549 633 propter
569 598 695 630 fructum,
716 599 760 633 qui
776 605 808 626 ex
824 597 877 625 illis
896 598 1047 624 nasciturus

252 650 319 672 erat.
334 645 361 672 ld
383 646 540 673 testilicatur
552 645 651 673 Isaias:
667 645 714 672 «Et
729 645 779 671 nisi
793 644 920 671 Dominus
930 642 1046 671 Sabaoth

254 691 407 726 reliquisset
421 691 498 719 nobis
513 699 615 724 semen,
632 691 707 725 quasi
721 690 835 717 Sodoma
847 689 999 723 fuissemus,
1020 693 1047 716 et

252 738 327 772 quasi
347 737 496 765 Gomorrha
511 738 613 765 similes
627 737 686 764 facti
699 744 819 765 essemus
834 745 844 763 ι
874 736 949 773 (Ιεηί.
965 737 990 763 1.
1005 736 1043 772 9).

254 783 351 810 Verum
376 782 444 810 forte
465 790 514 810 uos
533 783 604 810 dicto
629 783 682 810 vim
706 782 853 812 intulimus.
869 782 940 810 etde
951 782 1001 809 alia
1015 790 1045 810 re

252 829 370 864 loquitur
384 829 487 856 Isaias?
509 830 544 856 At
566 828 677 856 Paulum
697 828 770 860 audi,
785 827 975 867 prophetarum
989 827 1043 855 fra-

252 879 320 902 trem
335 881 359 903 et
377 876 549 910 interpretem
563 875 696 903 dicentem
709 884 718 901 ι
735 884 745 901 t
756 874 875 906 Fratres,
901 883 954 902 non
981 875 1042 903 reli—

251 920 322 955 quia:
350 921 495 948 secundum
518 921 673 948 electionem
698 920 790 955 gratim
816 920 892 947 facta:
912 924 989 950 sunt;
1015 923 1044 948 ut

250 966 369 1001 reliquia:
383 967 463 994 Salva:
474 971 574 994 essent.
592 966 626 993 Et
639 967 707 994 sicut
719 966 786 993 dixit
804 966 891 999 Isaias,
913 966 969 993 Nisi
988 966 1041 993 Do-

232 1012 339 1043 .minus
353 1012 472 1040 Sabaoth
488 1013 638 1048 reliquisset
653 1011 729 1039 nobis
743 1019 847 1044 semen,
866 1012 940 1046 quasi
954 1011 1040 1039 Sodo-

249 1065 291 1084 tna
316 1058 377 1085 facti
403 1066 524 1086 essemus
552 1068 561 1085 ι
591 1058 678 1093 (Rom.
695 1059 738 1086 11.
751 1057 778 1085 5.
793 1063 817 1084 et
830 1058 857 1086 9.
873 1056 930 1093 29).
945 1057 1041 1084 Omnia

247 1103 377 1138 siquidem
388 1103 550 1138 prmvidebat
562 1103 643 1137 Deus,
652 1108 680 1131 et
694 1111 747 1130 non
763 1103 872 1138 perinde
885 1107 966 1138 atque
979 1110 1039 1135 nos,

246 1150 291 1184 qui
306 1154 427 1185 tempore
440 1150 577 1183 dooemur,
600 1150 639 1178 sic
652 1150 722 1177 Deus
735 1157 782 1184 per
794 1149 987 1184 experientiam
1000 1148 1040 1176 di-

245 1196 306 1223 scit.
321 1196 424 1223 Rursus
439 1196 509 1229 dico,
527 1201 555 1223 ut
567 1203 639 1231 saepe
653 1196 718 1229 dixi,
738 1196 897 1223 szecu'torum
916 1195 983 1223 ﬁnes
997 1196 1039 1223 vi-

245 1244 325 1272 debat
341 1253 348 1272 :
362 1245 494 1272 Adamum
509 1244 575 1272 vidit
597 1248 760 1279 peccantem,
775 1243 944 1278 praevidebat
957 1243 1037 1270 etiam

244 1297 293 1317 eos
306 1291 350 1325 qui
366 1298 401 1318 ex
417 1290 464 1317 illo
484 1290 564 1317 futuri
585 1293 675 1317 essent
692 1288 768 1324 justi,
783 1288 891 1316 videbat
913 1295 975 1316 eum
989 1288 1037 1322 eji-

243 1335 367 1363 ciendum
381 1344 414 1364 ex
434 1335 558 1370 paradiso
571 1344 578 1362 :
600 1343 692 1363 verum
706 1334 870 1370 prtevidebat
883 1341 992 1369 regnum
1012 1334 1037 1361 ei

243 1389 303 1409 esse
325 1387 455 1416 paratum.
470 1381 599 1417 Quodque
613 1380 769 1408 admirabile
782 1385 833 1412 est,
849 1386 912 1407 ante
930 1379 1035 1414 paradi«

243 1434 302 1454 sum
316 1434 426 1462 regnum
444 1431 564 1461 paratum
577 1426 635 1453 fuit.
647 1425 751 1453 Miraris
764 1425 834 1461 quod
844 1425 927 1452 Adam
935 1425 1036 1460 ejectus

242 1473 323 1501 fuerit
343 1481 376 1500 ex
400 1473 544 1508 paradiso?
568 1473 681 1506 Mirare,
705 1473 776 1508 quod
797 1477 860 1500 autc
883 1472 1034 1507 paradisum

242 1525 361 1555 paratum
383 1521 433 1555 ipsi
455 1520 536 1548 fuerit
550 1528 661 1556 regnum
673 1520 812 1548 caelorum.
826 1519 872 1547 Ait
886 1519 1012 1551 Servatot:
1026 1528 1033 1547 :

247 1567 340 1599 Venite,
352 1567 475 1594 benedicti
499 1566 588 1594 Patri:
607 1567 656 1594 mei
668 1588 674 1599 ,
692 1567 816 1602 possidete
834 1571 952 1602 paratum
966 1567 1035 1594 vobis

239 1621 344 1648 regnum
362 1620 378 1639 a
402 1613 579 1640 constitutione
599 1613 687 1640 mundi
712 1613 818 1648 (Matth.
832 1613 878 1642 25.
895 1613 952 1649 3i).

274 1660 368 1688 Contra
382 1660 501 1688 Arianae.
520 1659 689 1696 Primogeniti
702 1665 726 1687 et
740 1661 862 1696 unigeniti
878 1661 1031 1696 differentia.

237 1720 273 1726 —
285 1705 450 1733 Erubeseant
470 1705 603 1738 haeretici,
625 1713 687 1733 cum
710 1705 821 1734 audiunt
840 1713 872 1734 ea
891 1715 953 1743 quat
971 1716 1032 1736 san—

236 1752 287 1779 ctis
308 1757 398 1787 parata
422 1755 494 1786 sunt,
515 1756 579 1779 ante
599 1752 818 1780 constitutionem
833 1754 937 1788 mundi,
951 1759 978 1783 et
988 1755 1033 1782 di-

236 1801 310 1830 eunt,
331 1797 395 1824 Erat
412 1797 554 1832 aliquando
574 1804 635 1824 cum
650 1795 735 1825 Filius
753 1805 806 1826 non
831 1803 913 1827 esset.
936 1800 1032 1835 Specie

237 1847 338 1870 tantum
364 1842 537 1877 Unigenitum
564 1842 743 1875 confitentur,
771 1843 834 1879 quia
863 1844 1030 1880 Seripturam

235 1887 325 1915 delere
340 1895 393 1914 tton
408 1891 538 1922 possunt;
560 1894 653 1915 vocem
675 1887 833 1923 largiuntur,
853 1893 881 1916 et
893 1897 950 1917 rem
967 1891 1031 1918 sub-

235 1933 353 1960 trahunt.
378 1932 406 1960 Si
426 1932 575 1960 dixerimus
601 1933 766 1968 unigenitum
792 1933 888 1961 Filium
903 1955 911 1968 ,
938 1937 1029 1964 statim

234 1979 327 2007 dicunt
342 1988 349 2006 :
365 1979 498 2014 Scriptum
513 1984 555 2007 est
567 1979 657 2013 etiam,
671 1979 861 2015 Primogenitus
874 1982 950 2009 totius
962 1983 1030 2012 orbis

233 2030 358 2052 terrarum
373 2025 440 2061 (Col.
459 2026 485 2053 t.
500 2025 556 2060 15).
574 2026 646 2061 Ergo
661 2026 805 2053 secundum
818 2026 958 2056 haereticos
971 2029 1029 2057 luce

233 2072 286 2101 duo
299 2073 370 2101 inter
382 2080 411 2100 se
425 2078 553 2108 pugnant.
564 2072 631 2100 Nam
644 2073 665 2100 si
682 2067 882 2109 primogenitus,
898 2082 951 2102 non
967 2076 1028 2103 uni-

232 2119 339 2154 genitus
350 2123 391 2145 est
408 2128 414 2146 :
430 2119 623 2154 primogenitus
633 2119 715 2152 enim,
741 2127 800 2146 cum
814 2120 911 2148 fratres
926 2121 1027 2149 habue-

233 2165 277 2197 rit,
295 2164 487 2199 primogenitus
500 2164 600 2191 dicitur
614 2173 620 2190 :
637 2165 789 2200 unigenitus
802 2173 877 2198 vero,
895 2166 918 2193 si
931 2166 1026 2195 fratres

233 2211 340 2243 habeat,
365 2210 420 2245 jam
448 2210 601 2244 unigenitus
632 2218 685 2237 non
719 2210 817 2237 dicitur
841 2221 849 2238 :
877 2211 1027 2251 unigenitus

232 2257 330 2293 quippe
349 2261 392 2284 est
405 2256 428 2283 is
447 2257 491 2291 qui
510 2264 579 2283 unus
599 2263 631 2282 ex
646 2256 736 2290 aliquo
751 2260 830 2284 natus
850 2262 908 2290 est;
931 2265 1025 2292 quem-

232 2303 375 2331 admodum
398 2307 425 2331 et
444 2302 587 2337 Scriptura.
606 2303 766 2330 testiﬁcatur
783 2302 965 2331 Abrahamum
986 2305 1026 2332 al.

235 2349 345 2385 loquens
361 2358 368 2376 :
381 2349 456 2376 Tolle
468 2349 550 2383 [ilium
566 2354 637 2374 tuum
656 2348 815 2383 unigenitum
836 2348 913 2384 (Gen.
925 2350 969 2377 22.
983 2350 1022 2386 2).

195 2394 200 2400 '
232 2396 426 2430 Primogenitus
455 2395 553 2422 dicitur
578 2395 616 2426 is,
640 2394 683 2429 qui
715 2393 812 2422 fratres
839 2395 936 2429 habet;
965 2397 1024 2424 ideo

231 2441 302 2468 enim
327 2441 428 2476 primus
442 2446 492 2471 est,
521 2439 592 2476 quod
615 2440 687 2474 prior
705 2445 781 2467 natus
803 2441 846 2467 sit.
869 2441 1024 2476 Unigeuitus

231 2493 306 2518 vero,
330 2486 392 2513 ideo
412 2485 509 2513 dicitur
529 2485 689 2520 unigenitus,
712 2485 783 2520 quod
803 2486 897 2514 fratres
910 2496 963 2516 non
977 2488 1024 2516 lta-

231 2531 301 2558 beat.
312 2531 386 2558 Alias
398 2539 503 2565 quoque
514 2531 666 2566 unigenitus
680 2536 732 2565 est,
742 2532 787 2566 qui
801 2533 874 2560 solus
888 2541 920 2560 ex
934 2535 1023 2568 aliquo

233 2581 311 2603 natus
324 2581 375 2609 est,
391 2584 443 2603 non
459 2577 503 2611 qui
518 2577 591 2604 solus
605 2576 689 2604 factus
702 2582 753 2609 est,
781 2582 808 2604 ut
822 2583 954 2613 nugantur
968 2579 1023 2607 ha:-

231 2623 318 2649 retici.
332 2621 500 2658 Unigcnitus,
517 2622 578 2658 quia
594 2624 666 2650 solus
681 2623 740 2651 talis
750 2624 834 2652 factus
845 2631 895 2652 est.
912 2626 982 2661 Ergo
996 2632 1023 2654 et

232 2668 304 2695 Elias
325 2669 487 2703 unigenitus,
502 2670 563 2705 quia
585 2670 659 2698 solus
678 2670 756 2704 talis;
779 2672 850 2706 quod
874 2680 939 2700 sane
960 2681 1022 2701 eum

232 2715 336 2742 ratione
359 2720 468 2750 pugnat.
484 2717 520 2744 At
533 2717 558 2743 in
574 2724 649 2745 more
659 2717 803 2752 Scriptum
817 2723 868 2750 est,
884 2724 914 2746 ut
928 2720 1022 2755 unige-

231 2761 316 2788 nitum
329 2761 400 2788 dicat
413 2769 485 2794 eum,
500 2762 545 2797 qui
558 2763 631 2790 solus
643 2763 677 2790 ab
691 2764 780 2798 aliquo
793 2764 898 2799 genitus
913 2769 964 2797 est,
977 2772 1022 2793 se-

232 2806 348 2834 cundum
369 2808 441 2842 prius
464 2807 672 2836 demonstratam
694 2810 768 2836 vocis
789 2809 1021 2845 significationem.

232 2852 355 2885 Attende,
373 2862 473 2888 quaeso.
488 2854 695 2890 Primogenitus,
706 2856 727 2883 si
743 2856 836 2884 fratres
846 2864 899 2884 non
914 2856 1020 2891 habeat,

232 2898 384 2933 unigenitus
403 2904 455 2928 est.
473 2900 527 2936 Ego
541 2909 594 2929 non
608 2909 700 2935 unum,
715 2909 768 2930 nou
787 2902 864 2936 duos,
881 2910 934 2931 non
949 2907 1020 2938 tres,

987 169 1028 198 SE
1034 170 1170 199 VEfllANl

1846 185 1899 213 488

1104 229 1151 256 sed
1172 229 1301 264 plurimos
1324 234 1429 267 reperio
1451 234 1653 271 primogenitos.
1685 238 1752 267 Rem
1780 246 1894 270 novant!

1104 275 1274 324 Primpgeniti
1289 278 1424 312 quomodo
1440 279 1550 314 plures?
1564 281 1650 311 Unum
1661 285 1731 312 enim
1743 294 1804 314 esse
1816 296 1898 324 opor—

1104 324 1151 347 tet.
1165 319 1323 359 Sermonem
1339 323 1464 358 produxi,
1481 326 1515 354 ob
1527 327 1587 355 illas
1600 336 1691 362 voces,
1705 319 1896 369 primogctiittts

1102 371 1129 392 et
1155 367 1306 402 unigenitus
1331 377 1338 396 :
1359 369 1546 400 difficultatem
1560 382 1625 402 vero
1645 367 1803 406 solvamus:
1816 381 1894 414 Eum,

1102 411 1145 445 qui
1161 412 1261 446 primus
1281 414 1373 443 credat
1387 416 1413 443 in
1428 424 1476 445 sua
1489 423 1578 453 aetate,
1597 421 1667 449 Deus
1687 411 1895 460 primogenitum

1102 462 1262 505 voca_t,qnon
1283 461 1353 495 quod
1374 463 1410 489 sit
1432 464 1534 498 primus
1556 466 1625 495 inter
1646 470 1712 496 alios
1725 471 1826 505 fideles,
1846 476 1895 501 sed

1101 503 1172 537 qttod
1196 503 1224 532 in
1248 505 1304 533 suis
1326 510 1490 543 temporibus
1515 512 1589 546 prius
1623 517 1795 550 apparuerit;
1820 503 1894 547 verbi

1100 549 1201 600 gratia,
1231 551 1401 600 inngypto
1423 561 1481 584 erat
1505 559 1636 593 populus,
1663 562 1726 589 dicit
1754 564 1822 591 Deus
1847 575 1895 600 per

1100 595 1215 631 Moysem
1235 607 1240 624 :
1255 598 1340 627 Filius
1362 603 1543 638 primogenita;
1556 614 1624 633 mens
1638 606 1731 635 Israel.
1755 610 1815 637 Dixi
1830 595 1894 639 .54.:

1100 642 1169 669 mitte
1192 644 1254 671 nti/ti
1278 648 1400 682 populant
1421 657 1504 677 meum
1525 651 1622 687 (Exod.
1639 654 1665 681 ι.
1681 655 1726 682 2‘2.
1743 657 1799 690 25).
1824 659 1893 686 Ecce

1099 690 1224 724 populum
1251 692 1456 729 primogenitum
1479 705 1486 723 :
1513 698 1574 732 quia
1597 699 1644 726 illo
1670 706 1790 736 tempore
1818 706 1892 739 prinr

1098 739 1161 783 erat
1173 738 1313 783 populus,
1341 741 1386 776 qui
1410 741 1493 769 Deutn
1513 750 1636 772 noverat.
1662 747 1777 776 Entersit
1801 738 1890 783 postea

1098 780 1190 829 Dat—id,
1206 788 1266 818 post
1279 784 1374 820 legem,
1391 792 1452 822 post
1468 789 1566 817 multas
1581 796 1683 825 :etatcs,
1699 801 1730 820 ac
1747 780 1891 829 pollicetur

1097 825 1123 852 ei
1139 826 1220 860 Deus,
1236 835 1268 855 ex
1284 830 1386 858 semine
1400 832 1457 867 ejus
1470 833 1605 862 Christum
1630 825 1760 866 oriturum
1780 849 1849 872 eSsc,
1865 848 1889 869 et

1096 872 1135 899 sic
1155 874 1193 900 ait
1214 883 1221 900 :
1243 874 1332 903 Inveni
1344 876 1427 905 David
1440 887 1538 907 servam
1552 890 1644 914 meum,
1664 885 1718 910 oleo
1732 891 1818 913 sancto
1829 889 1892 915 uitri

1095 926 1161 945 eum.
1173 918 1235 953 Ipse
1247 922 1371 950 invocabit
1394 933 1443 958 me,
1467 931 1539 960 pater
1551 936 1620 955 meus
1639 937 1673 956 es.
1688 930 1722 957 Et
1739 940 1783 966 ego
1796 934 1891 967 printe-

1094 965 1206 1013 genitum
1219 975 1312 1002 ponam
1326 969 1400 998 illum
1420 971 1505 1006 (Paul.
1521 973 1564 1001 88.
1580 975 1624 1002 2i.
1641 977 1685 1003 27.
1701 965 1760 1013 28).
1779 965 1853 1013 Quod
1867 982 1888 1009 si

1095 1011 1286 1061 tirimogettitus
1298 1014 1334 1043 sit
1343 1015 1436 1051 David,
1453 1018 1645 1055 primogenitus
1659 1011 1765 1058 quoque
1776 1011 1889 1061 populus

1093 1060 1144 1105 est.
1173 1057 1256 1086 Adam
1279 1061 1472 1097 primogenitus
1495 1065 1521 1092 in
1544 1057 1727 1100 generatione
1737 1057 1794 1102 sud,
1812 1057 1886 1105 ’Νοικ

1092 1101 1153 1153 8cm
1168 1104 1348 1153 primogeniti,
1363 1108 1497 1138 Abraham
1513 1112 1707 1152 primogenitus
1726 1117 1752 1143 in
1773 1101 1886 1153 genera:

1093 1148 1164 1200 tione
1179 1158 1238 1182 sua,
1253 1151 1368 1188 Moyses,
1384 1155 1476 1189 Isaias,
1500 1158 1561 1193 quia
1582 1150 1638 1187 suis
1654 1148 1816 1197 temporibus
1832 1167 1887 1200 pic-

1093 1196 1139 1223 tati
1152 1204 1182 1224 se
1195 1197 1364 1227 dediderunt.
1389 1202 1428 1229 Ex
1451 1202 1493 1231 itis
1515 1205 1607 1233 multis
1624 1196 1806 1244 printogrsnitis
1823 1196 1886 1239 con-

1090 1247 1197 1277 gregata
1216 1251 1258 1271 est
1272 1245 1392 1274 Ecclesia
1406 1256 1512 1284 magna,
1528 1258 1587 1285 qua:
1601 1257 1642 1280 est
1657 1254 1682 1280 in
1704 1256 1780 1283 caelo.
1800 1257 1885 1284 Testi-

1089 1289 1185 1316 licatur
1198 1289 1296 1319 Paulus
1311 1300 1317 1318 :
1337 1293 1516 1323 «Acce5sistis
1537 1297 1571 1325 ad
1583 1297 1647 1326 Sion
1659 1305 1787 1334 montem,
1811 1308 1837 1330 et
1851 1305 1883 1331 ad

1089 1334 1223 1363 civitatem
1243 1337 1290 1364 Dei
1312 1338 1424 1368 viventis
1446 1341 1610 1378 Jerusalem,
1637 1349 1665 1372 et
1686 1347 1718 1373 ad
1742 1349 1882 1376 multorum

1089 1380 1203 1409 millium
1225 1384 1380 1418 angelorum
1395 1384 1591 1423 frequentiam,
1613 1397 1641 1418 et
1660 1392 1805 1420 Ecclesium
1831 1397 1883 1428 pri-

1088 1426 1252 1473 mitivorum,
1274 1432 1318 1465 qtti
1331 1433 1474 1468 conscripti
1488 1440 1550 1463 sunt
1562 1436 1587 1463 in
1601 1438 1673 1465 caelis
1688 1448 1697 1464 ι
1725 1439 1816 1473 (Ilebr.
1832 1426 1880 1469 ΠΗ.

1087 1472 1145 1508 22).
1181 1475 1421 1511 Printogenitorum
1445 1480 1549 1508 illorum
1576 1491 1643 1510 unus
1669 1489 1710 1512 est
1735 1488 1878 1515 secundum

1087 1527 1195 1549 carnem
1216 1522 1348 1559 Christus,
1363 1527 1509 1555 secundum
1529 1528 1694 1558 divinitatem
1710 1531 1876 1567 Unigcnitus.

1087 1567 1154 1602 Quia
1177 1569 1248 1598 enim
1270 1578 1318 1599 eos
1335 1573 1379 1607 qui
1401 1581 1448 1608 per
1471 1575 1589 1610 singulas
1604 1581 1696 1604 aetates
1709 1579 1879 1612 profecerunt

1085 1617 1206 1649 assumit,
1229 1625 1291 1645 cum
1309 1619 1433 1647 omnibus
1446 1625 1473 1648 et
1489 1621 1546 1656 ipse
1559 1623 1750 1658 primogenitus
1771 1625 1876 1653 dicitur.

1085 1661 1149 1690 Ideo
1170 1663 1208 1690 ait
1232 1663 1330 1692 Paulus
1354 1674 1361 1693 :
1389 1665 1579 1704 Primogenitus
1600 1670 1627 1697 in
1650 1671 1735 1698 multis
1758 1673 1878 1707 fratribus

1085 1707 1274 1746 (Rom.8.29).
1289 1710 1386 1739 Verum
1405 1712 1439 1741 de
1452 1713 1560 1742 homine
1573 1716 1655 1744 multa
1670 1717 1722 1744 dici
1738 1722 1875 1752 poterant:

1084 1758 1208 1782 servatur
1219 1761 1309 1784 autem
1321 1759 1456 1787 enarratio
1471 1760 1497 1787 in
1511 1761 1582 1789 diem
1592 1767 1694 1790 sextam
1708 1770 1874 1799 sequentem,

1083 1800 1112 1827 in
1130 1809 1183 1837 qua
1202 1801 1334 1831 formatus
1356 1809 1407 1838 est,
1429 1810 1467 1839 ut,
1487 1813 1648 1843 cooperante
1667 1809 1754 1838 divina
1770 1812 1853 1846 gratia
1866 1833 1873 1844 ,

1083 1846 1192 1881 clarior,
1206 1856 1256 1883 pro
1269 1849 1339 1877 virili
1353 1855 1456 1886 nostra,
1477 1853 1563 1880 oratio
1578 1855 1686 1888 evadat;
1711 1863 1763 1884 non
1787 1865 1819 1884 ex
1844 1857 1875 1885 iis

1082 1899 1142 1926 qua:
1155 1894 1278 1929 cogitatio
1293 1900 1383 1924 nostra
1397 1898 1584 1934 suppeditabit,
1604 1900 1651 1928 sed
1666 1909 1698 1928 ex
1717 1902 1749 1929 iis
1761 1910 1821 1937 quae
1835 1903 1874 1931 di-

1082 1937 1203 1967 dicimus.
1228 1939 1384 1970 Communis
1397 1944 1494 1978 quippe
1508 1943 1567 1972 fons
1580 1951 1638 1978 est;
1652 1949 1803 1975 comtnunia
1816 1956 1873 1976 om-

1081 1983 1124 2010 nia
1143 1986 1279 2019 proposita
1300 1987 1381 2021 dona,
1402 1989 1425 2016 si
1445 1989 1525 2017 modo
1541 1998 1589 2018 nos
1603 1992 1715 2020 velimus
1727 2000 1787 2026 cum
1801 1995 1873 2022 omni

1080 2031 1218 2059 alacritate
1230 2033 1347 2061 studium
1362 2034 1501 2063 adltibere.
1525 2036 1683 2065 Sermonem
1704 2044 1794 2067 autem
1813 2048 1872 2068 ver-

1081 2084 1167 2106 tamus
1179 2079 1212 2106 ad
1225 2087 1330 2108 morum
1346 2082 1547 2110 institutionem.

1115 2124 1141 2152 9.
1163 2125 1225 2153 Heri
1242 2127 1407 2154 ostendimus
1422 2129 1556 2163 quomodo
1576 2137 1636 2157 esse
1650 2131 1745 2158 debeat
1759 2132 1871 2160 elevatio

1079 2179 1205 2200 manuum
1219 2174 1311 2209 pietati
1323 2174 1468 2201 fidentium.
1481 2176 1530 2209 Qui
1543 2177 1586 2203 dat
1600 2178 1768 2211 pauperibus,
1781 2179 1850 2206 dicat
1862 2188 1868 2205 :

1078 2216 1192 2246 Elevalio
1205 2228 1325 2247 manuum
1341 2229 1454 2248 mearum
1467 2222 1552 2256 (Paul.
1571 2223 1630 2250 MO.
1646 2223 1686 2258 2).
1702 2224 1751 2257 Qui
1767 2225 1869 2259 lapsum

1078 2265 1164 2300 erigit,
1187 2266 1267 2297 dicat,
1289 2266 1403 2294 Eleuatio
1424 2276 1545 2295 manuum
1565 2277 1687 2296 mearum.
1713 2270 1869 2303 Qumramus

1078 2309 1175 2338 Psalmi
1188 2312 1354 2346 prooemium,
1368 2313 1579 2348 quandoquidem
1593 2321 1640 2348 par
1650 2320 1689 2341 εει
1699 2322 1730 2342 ea
1743 2322 1790 2342 nos
1801 2317 1869 2343 scire

1077 2364 1136 2391 quae
1150 2358 1296 2392 psallimus.
1313 2358 1366 2385 Cur
1378 2358 1501 2391 dicimus,
1510 2358 1645 2394 Dirigatur
1659 2360 1738 2386 oratio
1754 2369 1809 2387 mea
1821 2361 1869 2388 sic-

1077 2407 1102 2428 ut
1125 2403 1251 2430 incensum
1270 2404 1296 2431 in
1319 2409 1452 2439 conspectu
1474 2404 1537 2431 tuo?
1558 2404 1615 2431 Non
1635 2405 1706 2432 enim
1730 2405 1866 2433 incensum

1076 2457 1155 2477 omne
1168 2457 1220 2477 non
1235 2449 1373 2484 dirigitur:
1391 2450 1460 2477 Deus
1482 2450 1580 2485 quippe
1595 2456 1790 2485 unguentorum
1811 2451 1867 2478 fra-

1076 2495 1178 2528 grantia
1199 2502 1251 2522 non
1271 2495 1426 2522 delectatur.
1443 2495 1510 2530 Quid
1527 2496 1606 2531 igitur
1620 2501 1660 2524 est
1675 2497 1750 2530 illud,
1763 2497 1868 2533 Dirigu-

1076 2544 1118 2566 tur
1132 2541 1212 2567 oratio
1223 2541 1297 2568 mea?
1310 2541 1445 2568 Articulus
1455 2541 1540 2573 deest,
1557 2542 1592 2569 ita
1607 2547 1636 2569 ιιι
1649 2550 1744 2570 sensus
1757 2543 1820 2570 dicti
1833 2544 1867 2570 sit

1076 2586 1136 2613 talis
1155 2597 1161 2614 :
1177 2586 1310 2622 Dirigatur
1317 2587 1396 2613 oratio
1407 2595 1462 2614 utea
1477 2587 1541 2614 sicut
1557 2589 1686 2614 incensum
1698 2589 1724 2615 in
1733 2594 1866 2624 wnspeclu

1075 2637 1129 2660 tua.
1145 2633 1228 2667 Quale
1242 2634 1397 2661 incensum?
1412 2633 1468 2661 Duo
1482 2635 1575 2661 erant‘
1588 2635 1679 2661 altaria
1694 2635 1720 2662 in
1741 2636 1863 2663 taberna-

1108 2690 1115 2705 ¹
1134 2689 1195 2714 Illud
1208 2690 1344 2714 membrum
1362 2690 1471 2720 phrasis.
1486 2689 1606 2715 Artirnlus
1619 2690 1733 2715 deest..."
1746 2689 1778 2715 sit
1794 2690 1863 2719 talis.

1074 2726 1123 2744 non
1135 2720 1224 2755 legitur
1237 2722 1261 2745 in
1273 2721 1341 2755 savii.
1355 2727 1403 2755 nec
1417 2721 1442 2744 in
1454 2721 1596 2755 Contbelisio
1606 2741 1612 2750 ,
1625 2722 1666 2752 qui
1680 2721 1770 2746 habent
1782 2728 1788 2745 :
1802 2721 1865 2755 Diri.

1073 2755 1145 2787 galur
1160 2751 1236 2787 orati}:
1248 2759 1301 2776 mea
1317 2752 1378 2787 sicut
1394 2751 1518 2777 incensum
1533 2751 1558 2776 in
1573 2751 1700 2787 conspectu
1716 2755 1756 2776 tuo
1775 2752 1864 2787 {quale

1073 2782 1197 2808 incensum
1209 2782 1220 2808 Ρ
1234 2787 1286 2807 Duo
1296 2786 1364 2807 erant
1373 2802 1379 2812 ,
1394 2787 1442 2807 etc.
1456 2787 1544 2807 Sensus
1557 2788 1602 2813 est,
1616 2785 1639 2807 ui
1652 2783 1728 2812 fallor,
1739 2782 1864 2808 articulum

1074 2817 1132 2849 ante
1144 2819 1224 2849 totum
1232 2813 1324 2849 deesse
1333 2831 1340 2843 ,
1352 2818 1379 2838 ut
1390 2815 1508 2849 indicetur
1521 2814 1646 2849 incensum
1659 2815 1778 2849 quoddam
1790 2821 1863 2846 pecn-

1075 2844 1148 2876 liare,
1160 2844 1225 2876 quod
1245 2845 1303 2876 ipse,
1317 2848 1400 2876 postea
1420 2845 1515 2870 iudicat.
1532 2845 1623 2876 Verum
1638 2844 1711 2869 etiam
1728 2845 1762 2869 sie
1778 2844 1863 2870 sensus

1074 2875 1191 2900 claudicat
1200 2893 1207 2904 ,
1220 2875 1338 2911 articulus
1347 2877 1412 2911 enim
1424 2875 1641 2911 potitcspeculiare
1657 2876 1780 2911 quidpiam
1801 2875 1860 2900 indiu

1073 2910 1149 2932 caret.
1164 2910 1220 2931 Item
1232 2913 1281 2931 non
1293 2907 1375 2938 majori
1388 2907 1564 2938 perquisitlone
1576 2906 1673 2938 dignam
1685 2907 1810 2932 mittimus.
