2047 3122
132 224 183 253 169

132 283 206 314 culo;
229 287 310 309 unum
327 280 352 307 in
375 280 444 307 atrio
463 279 588 306 exteriori
610 278 661 305 sub
681 277 740 308 die;
763 275 834 302 aliud
855 275 922 300 intra

132 333 220 355 sancta
236 327 286 354 sub
299 332 378 353 tecto.
396 325 506 353 Interius
526 325 609 351 altare
623 323 656 350 ad
679 323 814 350 incensum
837 321 923 348 solum

132 379 198 407 erat,
220 381 272 400 non
293 372 325 400 ad
346 371 503 399 ellusionem
527 369 671 405 sanguinis.
691 367 815 395 Exterius
835 371 923 393 autem

133 421 214 448 altare
228 419 261 446 ad
276 418 398 445 animalia
412 425 470 452 qum
484 415 696 446 immolabantur,
712 414 744 441 ad
766 420 847 448 panes
859 419 923 447 pro-

133 467 280 501 positionis,
296 470 323 493 et
342 465 374 491 ad
396 468 492 491 cit-tera
516 463 647 498 quaedam.
664 461 829 488 Exteriorem
850 466 922 486 aram

132 514 209 549 jussit
225 513 350 540 Dominus
365 510 446 545 Moysi
463 517 494 536 ex
516 508 642 542 impolitis
659 506 788 541 lapidibus
802 511 921 536 struere;

134 559 284 586 interiorem
300 564 363 584 vero
379 557 404 582 in
418 554 599 586 tabernaculo,
614 561 646 580 ex
666 559 730 579 auro
745 552 836 586 polito.
855 550 922 583 Quid

133 608 219 633 divina
234 605 317 640 gratia
336 611 382 639 per
396 603 453 629 lucc
464 601 624 632 subindicct,
636 607 724 634 opera:
738 598 852 633 pretium
868 596 924 624 fue-

134 654 166 681 rit
186 652 335 687 explorare.
352 651 423 677 Duos
438 655 534 683 nempe
549 646 661 681 populos
676 645 721 672 Dei
737 645 828 679 gloria:
844 643 924 670 mini-

134 703 258 729 strantes,
274 702 386 731 quorum
404 696 474 720 unus
493 692 650 723 ineruditus,
665 690 733 717 alter
752 689 834 724 probe
850 688 925 714 insti-

135 749 205 771 tutus
227 743 270 769 sit.
294 742 342 774 Qui
358 742 384 768 in
405 733 564 767 dictionibus
579 738 726 764 solmcissat
749 740 775 763 et
795 734 925 762 barbarus

133 795 182 822 est,
197 796 335 817 sermones
348 786 449 823 profert
471 790 498 812 ut
516 784 617 819 lapides
637 783 788 818 impolitos;
807 787 922 808 attamen

135 837 149 863 ii
173 837 205 862 ad
228 835 320 862 altaris
343 838 502 861 structuram
529 832 679 858 conferunt.
702 829 804 856 Rursus
829 834 922 854 aurnut

133 883 277 918 expolitum
293 882 424 916 pretiosus
437 880 532 906 dicitur
548 878 632 912 lapis;
647 883 673 903 at
687 883 771 910 neque
783 875 825 902 hic
837 874 923 902 extol-

134 932 205 964 litnr,
222 937 308 964 neque
329 929 372 955 ille
391 928 505 962 ejicitur.
522 926 587 953 Nam
602 930 628 952 et
644 925 697 952 illic
711 925 795 951 altare
819 923 875 956 Dei,
897 927 924 949 et

135 977 175 1004 hic
188 977 272 1002 altare
286 975 341 1002 Dei.
359 974 474 1008 Eratque
488 981 520 999 ex
534 977 647 1006 quatuor
657 969 795 1005 speciebus
807 975 924 1002 unguen-

134 1028 187 1049 tum
201 1022 391 1056 eompositum,
410 1028 442 1047 ex
458 1023 552 1051 stactc,
566 1026 599 1045 ex
615 1025 709 1052 onyce,
725 1024 757 1043 ex
771 1016 885 1051 galbano
899 1019 926 1042 et.

134 1069 219 1096 thure.
234 1068 299 1102 Quia
318 1067 398 1102 igitur
411 1070 572 1101 unguentum
584 1064 664 1091 variis
675 1070 706 1091 ex
722 1063 801 1090 rebus
814 1069 925 1096 compo-

135 1116 214 1147 nitur,
236 1114 373 1148 virtusque
398 1113 460 1140 item
483 1119 515 1138 ex
537 1110 617 1137 variis
639 1113 754 1141 constat,
772 1108 830 1135 ideo
851 1107 922 1140 dicit,

135 1158 265 1196 Dirigatur
280 1160 360 1187 oratio
373 1167 430 1186 mea
443 1158 506 1185 sicut
519 1158 647 1184 incensum
667 1156 692 1183 in
714 1161 846 1189 conspectu
860 1159 902 1181 tuo
916 1162 925 1180 :

132 1207 355 1243 quemadmodum
372 1205 436 1233 illud
456 1213 487 1233 ex
503 1205 594 1231 multis
608 1203 793 1238 compositum,
808 1206 835 1229 et
846 1208 923 1227 unam

132 1255 303 1290 fragrantiam
317 1254 452 1282 emittens.
475 1253 541 1287 Quia
561 1260 621 1279 cum
641 1251 760 1278 oratione
779 1248 925 1284 ingreditur

132 1303 191 1337 quis
202 1302 304 1337 jejunio
323 1306 442 1330 ornatus.
464 1300 644 1335 eleemosyna,
664 1299 724 1331 lide,
741 1298 840 1325 Similis
855 1302 923 1329 esto,

133 1349 229 1383 inquit,
244 1348 390 1383 quadrupla
407 1347 490 1374 virtus
514 1346 622 1373 incenso
645 1345 692 1376 illi,
718 1344 787 1379 quod
809 1344 834 1370 in
858 1351 924 1370 con-

133 1401 224 1429 spectu
241 1400 286 1421 tuo
304 1394 436 1429 dirigitur.
458 1393 502 1421 Sic
521 1397 546 1419 et
568 1392 659 1419 beatus
681 1391 760 1418 David
778 1390 841 1417 alibi
860 1389 895 1417 ait
915 1397 922 1416 :

133 1442 200 1468 Ecce
212 1450 286 1476 quam
301 1441 392 1467 bonum
407 1445 429 1466 et
448 1447 522 1474 quam
532 1438 686 1474 jucui-dum,
704 1437 816 1464 habitare
834 1437 924 1471 [rutra

133 1489 157 1515 in
172 1497 262 1520 unum,
280 1489 343 1515 sicut
356 1492 510 1523 unguentum
527 1487 553 1512 in
575 1486 664 1520 capite,
680 1485 747 1520 quod
760 1484 886 1511 descendit
898 1484 925 1511 in

133 1534 245 1565 barbam,
261 1533 363 1560 barbam
377 1533 461 1559 Aaron
477 1531 561 1567 (Ρδαι.
579 1532 637 1559 152.
652 1531 677 1558 1.
690 1530 717 1566 '2)
730 1531 736 1557 !
751 1530 869 1556 Similem
886 1529 925 1555 di-

133 1581 168 1607 cit
187 1580 325 1607 caritatem
349 1583 485 1613 unguento
504 1577 679 1610 sacerdotali,
707 1577 855 1603 orationem
882 1575 924 1601 in-

133 1634 214 1653 censo
229 1625 399 1653 sacerdotali.

167 1672 327 1700 Continentia
345 1671 477 1698 sacerdotii
492 1679 562 1697 soror
575 1668 838 1697 est.—C0ntinentia
854 1675 923 1701 prie-

131 1719 203 1746 ditus
229 1719 278 1745 es?
292 1717 396 1748 .Frater
418 1725 447 1744 es
472 1716 630 1744 sacerdotis.
652 1715 833 1742 Sacerdotium
857 1714 925 1740 forte

134 1771 185 1790 non
202 1764 297 1795 habeo,
309 1763 500 1791 continentiam
517 1762 612 1788 habeo.
625 1761 708 1788 Soror
725 1765 765 1788 est
787 1759 924 1787 continen-

132 1811 166 1838 tia
186 1817 244 1838 mea
260 1810 402 1838 sacerdotii
419 1810 466 1836 tui.
481 1809 556 1837 Unde
570 1808 639 1836 hoc?
660 1807 762 1835 Etenim
779 1808 851 1834 illum
866 1813 925 1833 esse

133 1862 235 1883 castum
251 1861 367 1891 oportet,
382 1857 425 1890 qui
441 1855 592 1883 sacerdotio
607 1855 732 1890 iungitur,
755 1861 781 1881 et
802 1862 855 1886 me,
880 1853 923 1888 qui

135 1903 216 1929 Deum
231 1903 327 1930 colant.
343 1903 370 1929 Si
385 1903 534 1929 castitatem
550 1902 671 1933 habeam,
687 1901 864 1928 sacerdotium
881 1908 925 1927 ac-

134 1948 212 1983 cipio.
229 1947 366 1976 Undenam
382 1947 454 1974 hoc?
468 1947 548 1973 David
565 1947 668 1982 fugiens
683 1954 697 1973 a
712 1946 791 1973 Saiile
807 1945 880 1973 venit
893 1945 924 1972 ad

134 1994 308 2022 Abialltarum
329 1994 366 2029 (α)
391 2001 523 2020 sunnntnn
544 1992 727 2023 sacerdotem,
748 1992 837 2026 aitque
858 1991 895 2017 illi
918 2001 924 2017 :

135 2041 175 2067 Da
189 2040 251 2068 mihi
265 2049 341 2076 panes
354 2041 392 2076 (l.
408 2040 472 2074 Reg.
486 2039 530 2066 21.
547 2040 573 2066 5.
587 2039 628 2073 4).
640 2039 699 2073 quia
711 2043 820 2072 repente
831 2037 927 2064 missus

135 2095 193 2115 sum
208 2096 223 2115 a
236 2095 307 2122 rege,
320 2092 345 2114 et
361 2087 453 2113 viatica
467 2094 518 2113 non
533 2086 626 2112 habeo.
643 2084 796 2119 Respondet
807 2091 927 2110 sunnuus

135 2134 261 2161 sacerdos
278 2135 364 2168 legum
384 2134 484 2168 peritus
506 2141 512 2159 :
531 2131 591 2159 Non
611 2139 647 2158 est
661 2131 731 2158 nobis
755 2130 827 2166 punis
848 2130 926 2161 alius,

136 2182 184 2208 uisi
199 2181 271 2217 pani:
285 2186 396 2210 Iunctus,
412 2188 484 2217 quem
498 2187 547 2205 non
562 2179 617 2205 licet
632 2178 685 2209 alii,
702 2186 778 2212 quam
792 2177 924 2208 sacerdoti,

136 2227 274 2254 comedere.
295 2226 363 2260 Quia
377 2226 457 2260 igitur
480 2225 665 2252 necessitatem
684 2223 801 2255 videbat,
818 2222 928 2249 timebat

137 2282 200 2300 vero
214 2281 295 2308 panes
310 2272 496 2307 propositionis
509 2271 623 2302 tradere,
635 2270 730 2305 qiurrit
741 2270 773 2297 ab
786 2270 817 2296 iis
828 2270 873 2304 qui
887 2277 929 2295 sa-

136 2320 261 2347 cerdotes
284 2327 338 2346 nou
360 2324 447 2350 erant,
468 2327 501 2345 an
526 2317 585 2352 puri
608 2322 707 2348 essent,
731 2317 848 2351 dicitque
870 2325 876 2342 ε
899 2315 929 2342 Si

138 2367 225 2394 mundi
238 2371 296 2392 sunt
309 2365 380 2401 pueri
399 2365 441 2400 qui
461 2370 542 2391 tecum
562 2369 620 2390 sunt
642 2363 671 2390 ab
695 2363 824 2395 uxoribus,
847 2371 927 2389 stunc.

137 2411 333 2439 (Zontinentiant
354 2412 423 2438 enim
439 2410 548 2446 putabat
562 2417 622 2437 esse
641 2409 782 2436 sacerdmii
797 2416 928 2435 sorori-ni.

139 2461 177 2486 Ac
199 2466 233 2486 ne
254 2459 314 2494 quis
336 2459 362 2486 in
386 2458 545 2485 calumniam
571 2457 717 2484 sacerdotis
740 2457 826 2483 trahat
850 2456 928 2487 illud,

137 2505 208 2540 quod
225 2512 307 2539 panes
317 2505 416 2532 dederit
431 2505 471 2536 iis,
484 2504 527 2538 qui
541 2503 694 2530 sacerdotes
706 2510 757 2529 non
769 2507 855 2535 erant,
868 2502 930 2529 audi

137 2552 274 2586 quomodo
287 2552 415 2579 Serv-ator
429 2552 453 2577 id
465 2551 538 2585 quasi
554 2551 636 2585 probe
653 2549 749 2576 factum
765 2557 930 2590 commemo-

139 2605 190 2626 ret.
205 2599 363 2626 lucusabant
377 2599 519 2633 aliquando
532 2597 668 2632 apostolos
681 2596 777 2627 .lnda-i,
793 2596 862 2631 quod
877 2596 931 2631 spi-

138 2652 184 2672 cas
205 2645 342 2676 vellerent,
365 2649 392 2671 et
411 2645 531 2671 manibus
549 2643 727 2670 conlricantcs
743 2642 929 2673 contraderent;

139 2690 235 2724 quibus
255 2690 292 2716 ait.
311 2690 438 2716 Senator
454 2698 460 2716 :
479 2689 538 2727 lVon
558 2690 651 2724 legistis
667 2689 726 2724 quid
742 2689 826 2723 fecerit
850 2687 932 2714 Duvid

139 2744 196 2775 cum
208 2736 334 2762 esui-iret?
349 2744 426 2770 partes
441 2736 619 2770 propoxiliouis
632 2736 748 2765 comedit,
765 2743 827 2769 quos
843 2743 891 2760 non
905 2734 932 2760 li-

140 2782 210 2808 cebat
225 2783 247 2808 ei
266 2783 405 2812 comedere,
423 2789 466 2807 nec
479 2782 510 2808 iis
522 2782 564 2816 qui
579 2790 635 2807 rum
650 2781 695 2807 illo
710 2787 790 2813 erunt,
807 2780 851 2806 sed
871 2779 932 2806 solis

139 2827 311 2855 sacerdotibus
324 2825 399 2861 (Luc.
416 2827 442 2854 6.
456 2827 481 2853 5.
498 2827 537 2863 4).
552 2827 671 2854 Vidistin'
682 2835 800 2854 sororetn
818 2834 876 2853 esse.
889 2833 932 2852 sa-

174 2919 209 2948 (u)
229 2919 341 2942 xtl-moria
355 2917 442 2941 labitur
454 2918 605 2941 Severianus.
619 2918 659 2942 llic
673 2918 736 2940 enim
753 2925 800 2941 non
811 2917 932 2946 Aliiatbar,

143 2949 185 2972 sed
198 2949 339 2973 Achittn-lec
354 2949 406 2978 ejus
419 2951 485 2977 later
498 2952 558 2971 erat.

646 219 688 246 nr:
706 217 812 245 uuam
832 211 1028 243 cnsA'rtoNt:
1048 211 1180 244 oumo'
1195 217 1238 244 tv.
1718 219 1773 246 ιτα

980 273 1089 301 cerdotii
1104 275 1273 302 castitatem?
1287 275 1402 303 vidistin‘
1414 275 1547 310 quomodo
1559 276 1628 304 Deus
1642 283 1771 311 personas

979 327 1030 345 non
1044 320 1164 355 recipiat,
1180 320 1226 347 sed
1242 321 1379 348 veritatem
1394 320 1534 356 exploret?

1014 366 1057 392 -I0.
1079 365 1263 401 l’rieparemus
1279 374 1328 394 nos
1342 374 1407 402 ergo
1420 367 1454 394 ad
1469 367 1683 401 beneﬁcentiam,
1695 373 1722 395 et
1736 368 1769 396 ad

976 411 1115 445 justitiam,
1132 417 1160 439 ut
1171 413 1299 447 jejunium
1323 414 1380 441 alas
1399 414 1520 448 accipiat.
1541 414 1770 448 Quemadmodum

978 458 1049 485 enim
1064 459 1121 486 avis
1135 460 1239 486 nonnisi
1255 460 1355 487 alarum
1375 467 1426 495 ope
1441 461 1532 488 volare
1550 466 1639 496 potest
1656 470 1663 488 :
1685 462 1724 489 sic
1744 468 1772 490 et

975 503 1105 539 jejunium
1117 505 1183 532 duas
1193 505 1273 533 habet
1283 507 1350 541 alas,
1364 507 1510 535 orationem
1522 512 1548 534 et
1558 507 1770 543 eleemosynam.

977 552 1072 585 quibus
1085 552 1239 580 destitutum
1255 560 1360 580 sursum
1378 560 1486 580 currere
1501 553 1601 587 nequit.
1619 554 1685 581 Vide
1703 554 1772 581 Cor-

979 599 1075 626 nelium
1089 607 1148 626 cum
1161 599 1263 634 jejunio
1277 599 1317 626 his
1330 607 1436 635 quoque
1447 599 1497 626 alis
1512 601 1686 634 instructum;
1702 608 1772 635 qna--

979 650 1087 680 propter
1099 650 1125 673 et
1138 653 1230 673 vocetn
1244 646 1343 673 audivit
1358 645 1391 673 de
1408 646 1474 672 czelo
1493 655 1501 673 :
1517 645 1628 679 Corneli,
1643 647 1772 674 orationes

978 697 1028 719 tua.I
1041 697 1063 718 et
1078 692 1242 726 eleemosyme
1255 697 1305 718 tua:
1316 692 1482 719 ascenderunt
1495 693 1529 718 ad
1541 691 1624 718 Deum
1641 692 1708 727 (Act.
1724 693 1767 720 10.

977 739 1016 773 At).
1035 739 1116 774 Finge
1131 740 1227 766 animal
1251 747 1310 767 8588
1329 739 1470 774 jejunium,
1491 738 1638 771 carissime,
1659 739 1770 774 ejusque
1807 737 1816 741 ”

977 788 1033 813 alas
1055 794 1115 813 esse
1135 787 1331 821 elcetitosynam
1356 790 1382 812 et
1404 786 1571 817 orationem;
1597 785 1653 812 sine
1675 785 1771 820 quibus

978 840 1082 859 sursum
1098 832 1160 860 ferri
1176 840 1228 858 non
1243 833 1336 866 possit.
1350 831 1400 865 Qui
1413 831 1472 858 talis
1485 836 1535 863 est,
1553 831 1601 858 etsi
1613 838 1667 858 non
1679 831 1771 865 loqua-

979 885 1029 910 tur,
1047 879 1177 913 justitiam
1192 886 1285 911 magna
1300 885 1366 904 voce
1381 878 1486 904 clamat.
1504 877 1596 912 Magna
1611 877 1708 911 quippe
1726 877 1772 911 ju-

978 925 1056 952 stitiae
1068 931 1175 959 patrona
1193 925 1275 951 virtus
1288 929 1338 952 est.
1356 924 1417 951 Ideo
1431 923 1494 950 dicit
1506 932 1512 950 :
1527 924 1638 956 Exaudi,
1650 924 1769 956 Domine,

977 971 1099 1005 justitiam
1115 979 1206 997 nteant.
1224 970 1341 998 Primum
1357 970 1444 1005 itaque
1457 971 1655 1005 maximumque
1670 970 1769 997 bonum

978 1023 1017 1045 est
1031 1017 1125 1048 oratio,
1140 1012 1308 1052 eleeniosyna
1324 1020 1351 1044 et
1362 1017 1480 1051 justitia;
1496 1016 1567 1051 quod
1582 1021 1671 1044 autem
1683 1021 1769 1044 tutum

978 1071 1019 1094 est
1033 1067 1261 1094 et'ineoncussum
1277 1068 1448 1101 omniumque
1470 1067 1556 1099 radix,
1573 1067 1619 1094 Dei
1640 1068 1768 1102 cognitio,

979 1113 1110 1148 Unigeniti
1136 1113 1272 1145 adoratio,
1299 1112 1413 1148 Spiritus
1439 1113 1523 1140 sancti
1549 1113 1698 1146 confessio,
1717 1121 1770 1141 una

978 1160 1043 1188 ﬁdes
1056 1161 1178 1192 indivisa,
1190 1168 1294 1190 SCCUH’I.
1307 1165 1372 1193 tuta,
1386 1160 1464 1188 nullis
1477 1161 1594 1195 partibus
1604 1161 1697 1190 scissa.
1711 1162 1769 1189 Jam

943 1235 947 1238 ,
978 1207 1075 1234 dictum
1091 1212 1133 1234 est
1151 1207 1221 1242 quod
1237 1207 1356 1234 dicturus
1378 1214 1448 1239 sum,
1470 1212 1586 1235 attamen
1609 1216 1714 1235 rursum
1730 1208 1771 1235 di-

977 1260 1045 1279 cam.
1068 1253 1138 1280 Deus
1158 1253 1265 1287 sapiens
1279 1260 1338 1280 ettm
1362 1253 1405 1285 sit,
1429 1254 1549 1288 permisit
1569 1259 1599 1280 ut
1619 1254 1734 1281 hicreses
1754 1262 1770 1281 a

977 1298 1034 1325 suis
1047 1298 1201 1325 auctoribus
1221 1298 1443 1334 dogmatibusque
1459 1307 1556 1326 nomen
1577 1299 1707 1327 haberent
1719 1321 1727 1334 ,
1742 1305 1770 1328 ut.

977 1343 1038 1372 hinc
1055 1345 1167 1379 liqueret
1189 1353 1240 1372 non
1258 1346 1302 1372 Dei
1324 1345 1489 1379 doctrinam,
1510 1346 1557 1373 sed
1574 1346 1710 1374 hominum
1726 1347 1768 1374 in—

977 1398 1086 1421 ventum
1101 1401 1160 1421 esse
1174 1394 1279 1421 illorum
1294 1394 1450 1428 opiniones;
1466 1396 1579 1429 exempli
1602 1402 1681 1422 causa
1692 1415 1699 1426 ,
1716 1395 1771 1422 Ma-

977 1440 1115 1468 cedoniani
1127 1449 1140 1467 a
1151 1440 1316 1474 Macedonio,
1329 1441 1419 1468 Ariani
1432 1442 1464 1469 ab
1479 1442 1553 1474 Ario,
1566 1429 1723 1468 Eunomiani
1735 1441 1769 1469 ab

977 1487 1117 1514 Eunomio.
1133 1487 1260 1514 Similiter
1275 1493 1300 1514 et
1315 1487 1424 1523 reliqum,
1440 1487 1566 1515 lizereses.
1579 1487 1768 1522 Apostolorum

977 1543 1040 1562 vero
1052 1534 1130 1561 [idem
1144 1542 1204 1561 cum
1217 1535 1400 1562 intemeratam
1416 1542 1524 1562 servare
1538 1535 1627 1566 vellet,
1643 1542 1694 1561 non
1711 1542 1770 1569 per-

976 1581 1049 1608 misit
1064 1585 1092 1608 ut
1103 1581 1137 1608 ab
1148 1581 1255 1609 homine
1268 1589 1364 1609 nomen
1379 1581 1489 1609 haberet
1501 1590 1508 1609 :
1521 1581 1622 1608 etiamsi
1638 1581 1707 1608 enim
1721 1589 1769 1608 nos

976 1633 1072 1655 vocent
1089 1628 1298 1659 llomousiaslas,
1315 1636 1366 1655 non
1388 1628 1436 1655 viri
1461 1633 1548 1655 tamen
1565 1635 1661 1655 nomen
1680 1628 1769 1662 profe-

977 1678 1047 1705 runt,
1066 1673 1112 1700 sed
1128 1673 1205 1700 ﬁdem
1220 1673 1373 1707 pra-dicant.
1390 1673 1466 1706 Quod
1480 1673 1549 1700 enim
1571 1673 1604 1700 ab
1620 1672 1769 1700 hominibus

975 1727 1073 1746 nomen
1095 1719 1203 1751 habere,
1227 1727 1278 1746 non
1301 1719 1335 1746 sit
1354 1719 1480 1751 ﬁdelium,
1500 1719 1545 1746 sed
1571 1718 1768 1748 bmreticorum.

977 1766 1014 1792 ait
1039 1766 1135 1793 l‘aulus
1154 1765 1308 1792 Corinthios
1329 1765 1490 1800 redarguens
1516 1774 1522 1791 :
1548 1765 1630 1791 Audio
1652 1765 1677 1791 iu
1703 1765 1770 1790 vobis

977 1812 1113 1839 schismata
1126 1821 1188 1843 esse,
1200 1821 1257 1838 nam
1268 1812 1334 1838 alius
1343 1812 1443 1847 quidem
1457 1812 1516 1837 dicit
1527 1819 1536 1837 :
1550 1810 1602 1845 Ego
1613 1819 1667 1837 sunt
1684 1809 1770 1838 Pauli»

977 1868 1022 1894 ego
1037 1864 1118 1886 autem
1134 1859 1236 1895 Apollo,
1251 1868 1296 1895 ego
1311 1868 1366 1886 vero
1380 1858 1472 1893 (Iephte
1487 1858 1524 1894 (1.
1539 1858 1596 1884 Cor.
1614 1858 1638 1884 1.
1657 1858 1699 1884 11.
1715 1857 1767 1884 l9“.

981 1907 1072 1934 \'iden'
1083 1907 1116 1934 ab
1129 1907 1280 1934 ltotninibus
1295 1906 1440 1940 nuncupari
1454 1905 1625 1932 sehismaltun
1639 1912 1698 1931 esse
1711 1912 1756 1939 pro
1766 1919 1772 1923 -

979 1954 1084 1988 prium?
1099 1954 1193 1981 Annon
1209 1952 1260 1980 lide
1276 1953 1381 1987 dignior
1396 1952 1490 1979 Petrus
1510 1951 1684 1978 Macedonio?
1697 1952 1771 1984 Apo-

979 2001 1107 2027 stolorum
1122 2001 1227 2027 nomina
1242 1999 1344 2033 fugiunt
1361 2007 1420 2033 qua:
1434 1999 1525 2033 gloria:
1544 1997 1641 2025 Christi
1657 1997 1769 2026 cedant;

980 2053 1006 2074 tu
1022 2055 1085 2074 vero
1103 2047 1203 2074 scindis
1226 2046 1314 2077 tidem,
1338 2046 1480 2072 indivisum
1499 2053 1619 2080 regnum,
1636 2045 1771 2078 insepara-

979 2093 1059 2120 bilem
1068 2091 1207 2128 ‘gloriatn?
1223 2092 1319 2119 Verum
1335 2091 1463 2118 hactenus
1479 2100 1484 2116 τ
1500 2090 1629 2117 habemus
1642 2090 1711 2117 enini
1729 2090 1771 2115 lu-

979 2147 1087 2166 cernam
1102 2142 1129 2165 et
1144 2138 1233 2164 lumen
1251 2146 1257 2163 :
1272 2146 1332 2164 itam
1348 2136 1463 2168 Lucerna
1477 2137 1580 2171 pedibus
1596 2137 1656 2162 iuris
1671 2136 1771 2162 rerbmu

981 2191 1060 2216 luunt,
1075 2189 1097 2210 et
1113 2185 1197 2210 lumen
1212 2184 1305 2210 sentitis
1319 2183 1378 2209 meis
1394 2183 1478 2218 (Psal.
1500 2183 1558 2209 ll8.
1575 2182 1648 2215 103).
1663 2181 1715 2207 Cur
1730 2181 1770 2207 1ιι-

980 2231 1078 2259 cerna?
1091 2239 1138 2257 cur
1161 2230 1220 2257 lux?
1239 2230 1358 2256 Lucerna
1381 2229 1479 2263 quippe
1503 2227 1710 2258 calechunienis,
1729 2226 1770 2253 Iuv

981 2280 1012 2306 iis
1031 2279 1074 2313 qui
1096 2277 1189 2304 initiati
1212 2276 1345 2312 mysteriis
1362 2280 1432 2302 sunt.

1015 2325 1146 2360 Iejunium
1159 2332 1216 2350 cum
1229 2323 1299 2350 bonis
1313 2323 1428 2357 operibus
1440 2322 1602 2357 conjunction
1617 2327 1670 2345 esse
1690 2319 1771 2344 debet.

981 2372 1096 2406 —Rogo
1111 2370 1248 2398 caritatem
1263 2373 1388 2401 vestram,
1405 2373 1431 2394 ut
1445 2367 1630 2394 intemeratum
1645 2364 1772 2399 jejunium

983 2424 1099 2445 vestrum
1123 2417 1246 2449 servetis,
1269 2415 1437 2450 impollutum
1463 2414 1496 2439 ab
1518 2411 1655 2446 injustitia,
1679 2417 1772 2444 purum

983 2463 1016 2490 ab
1029 2464 1149 2490 avaritia.
1166 2461 1230 2489 Vide
1251 2460 1389 2488 stultitiam
1410 2467 1511 2489 eorum,
1528 2458 1572 2492 qtti
1587 2456 1773 2484 abstinentiam

983 2518 996 2535 τι
1020 2510 1086 2536 cibis
1104 2513 1248 2537 sectantur,
1272 2514 1319 2533 nec
1341 2509 1434 2532 curant
1453 2512 1466 2530 τι
1487 2503 1607 2538 ,pcccatis
1628 2495 1773 2529 abstinere:

984 2557 1039 2583 Non
1059 2556 1130 2587 bibo,
1158 2554 1250 2588 inquit,
1274 2554 1373 2583 vinum,
1398 2560 1449 2578 non
1471 2550 1581 2577 comedo
1602 2549 1700 2581 oleum,
1723 2555 1774 2574 non

984 2602 1035 2629 edo
1049 2609 1152 2629 carnes.
1167 2600 1239 2627 Bone
1254 2607 1317 2626 sane
1331 2599 1386 2624 brec
1400 2601 1507 2631 propter
1518 2596 1599 2622 Deum
1616 2598 1756 2621 servantur
1768 2602 1775 2619 :

985 2649 1043 2676 lia-c
1057 2649 1125 2674 bona
1141 2651 1218 2678 sunt;
1233 2645 1279 2672 sed
1296 2652 1352 2672 rctn
1367 2649 1526 2678 qureramus.
1543 2641 1631 2671 Panis,
1648 2648 1726 2674 aqua,
1739 2638 1777 2664 vi-

986 2703 1058 2726 num,
1075 2702 1179 2725 carnes,
1203 2693 1301 2722 oleum,
1327 2691 1383 2717 hrcc
1403 2690 1490 2716 omnia
1513 2688 1558 2715 Dei
1582 2695 1662 2722 opera
1686 2691 1746 2712 sunt
1769 2693 1776 2711 :

985 2743 1093 2770 avaritia
1110 2747 1197 2772 “vero,
1220 2737 1347 2773 injustitia
1371 2742 1398 2764 et
1420 2737 1541 2771 impietas
1561 2742 1628 2770 opus
1646 2738 1707 2761 sunt
1722 2732 1778 2759 dia~

986 2790 1048 2817 boli.
1066 2789 1085 2816 A
1103 2789 1147 2815 Dei
1162 2787 1287 2820 operibus
1307 2784 1425 2811 abstines
1446 2787 1554 2818 propter
1566 2781 1708 2815 jejunium,
1722 2783 1748 2804 et
1761 2786 1775 2804 τι

987 2836 1082 2864 diaboli
1098 2834 1224 2870 operibus
1243 2840 1294 2858 non
1310 2832 1426 2859 abstines
1441 2834 1548 2863 propter
1565 2825 1714 2862 jejunium?
1726 2822 1776 2850 Pa-

988 2884 1039 2915 nis,
1055 2889 1157 2912 Vinum,
1171 2881 1270 2909 oleum,
1292 2883 1318 2904 et.
1337 2878 1359 2904 si
1383 2884 1433 2911 qua
1456 2875 1517 2905 alia,
1540 2874 1585 2901 Dei
1610 2876 1671 2898 sunt
1686 2878 1778 2904 opera,

989 2935 1081 2956 cuncta
1098 2930 1164 2954 bona
1181 2931 1207 2952 et
1227 2923 1369 2951 admodum
1391 2923 1468 2948 bona.
1486 2921 1529 2946 Ait
1546 2916 1644 2945 Paulus
1666 2926 1672 2944 :
1693 2915 1782 2942 Omnis
