2062 3128
201 126 253 154 ι73

201 183 255 211 vult
268 180 377 215 oiriﬁcat
389 179 399 214 (
409 178 487 206 Joan.
500 178 527 205 5.
545 177 577 204 2i
590 176 610 212 ).
624 175 694 203 Ecce
714 174 856 208 conjuncta
867 173 998 199 voluntas.

205 229 254 257 Ubi
266 233 330 262 ergo
344 225 467 253 voluntas
480 222 616 258 Spiritus?
631 220 708 249 Audi.
725 219 788 247 Ηατ
809 225 894 246 autem
916 219 1000 245 omnia

204 278 324 308 operatur
350 279 414 297 unus
428 274 502 304 alque
526 268 592 295 idem
617 267 738 302 Spiritus,
759 265 872 292 dividens
895 264 1001 300 singulis

206 323 280 355 prout
294 318 347 344 uult
361 317 407 351 (1.
433 315 491 342 Cor.
509 314 553 341 12.
566 315 593 341 11
607 314 627 348 ).
643 313 730 341 Unum
746 319 857 347 regnum
874 311 959 338 Patris
974 316 1001 337 et

207 365 266 392 Filii
279 368 307 391 et
318 362 433 397 Spiritus
447 360 542 387 sancti.
555 359 681 394 Coarguit
694 363 782 385 autem
797 358 867 384 Deus
885 363 942 387 eos,
956 356 1002 390 qui

207 411 266 438 sine
278 409 414 436 voluntate
434 406 481 433 Dei
503 404 603 440 aliquid
625 412 705 439 agere
730 408 871 431 conamur.
897 403 941 429 Ait
956 409 1003 436 per

209 454 366 490 prophetam
384 461 391 479 ι
413 452 456 478 γω
470 451 517 485 ﬁlii
540 450 686 482 desertores,
705 450 765 476 dicit
788 448 923 476 Dominus.
951 447 1002 474 Fe—
1026 476 1028 479 l

209 501 278 528 cistis
292 499 436 531 consilium,
452 505 503 524 non
516 505 560 532 per
574 503 623 528 me,
640 501 662 523 et
676 496 780 531 foedera,
792 504 842 522 non
856 503 900 530 per
916 494 1002 528 Spiri-

211 554 266 574 tum
287 554 371 573 meum
396 544 477 580 (lsai.
494 544 538 571 '50.
564 543 608 578 l).
623 543 701 570 Clare
713 547 832 570 sanctam
844 542 1002 570 Trinitatem

211 595 424 620 commonstrans
434 589 539 616 dicebat
551 588 694 616 Zacharias
705 588 834 623 prepheta
844 588 899 623 (u):
915 598 924 614 ι
932 587 1004 615 Con-

212 637 345 665 l'ortcntur
355 643 448 662 manus
459 634 615 667 Zorobabel,
630 633 694 660 dicit
707 633 845 664 Dominus,
860 637 888 660 et
898 632 1004 660 confor-

213 688 303 712 tentur
323 689 418 709 manus
437 681 551 708 .losedec
567 679 722 712 sacerdotis,
741 684 769 706 et
784 687 878 707 manus
898 679 1003 714 populi,

211 731 273 765 quia
290 737 340 764 ego
359 728 494 756 vobiscum
517 735 586 759 sum,
609 726 672 753 dicit
696 725 834 758 Dominus,
848 730 874 752 et
888 725 1004 752 Verbum

212 784 301 804 meum
323 775 439 805 bonum;
451 779 477 801 et
485 773 599 808 Spiritus
613 779 688 799 meus
711 771 737 798 in
753 770 842 798 medio
858 775 975 798 vestrum
991 779 1001 796 ι

213 822 297 859 (Agg.
317 821 343 848 2.
359 822 385 849 5.
401 820 446 856 6).
462 820 594 848 Praeterea
616 826 689 852 vero,
710 818 818 850 fratres,
839 817 1005 853 regeneratio

213 873 304 895 nostra
317 867 460 894 creationis
473 864 651 892 testimonium
667 869 717 891 est.
730 863 785 891 Nisi
805 864 919 898 Spiritus
933 863 1005 891 Patri

212 919 240 941 et
261 914 330 940 Filio
343 920 454 939 consors
467 911 559 938 luisset
573 911 598 937 in
613 910 760 941 creatione.
781 917 868 944 neque
882 909 962 936 fuerit
976 909 1003 936 in

214 959 423 994 regeneratione.
439 957 578 990 Quomodo
592 955 776 991 baptizamur?
791 955 824 982 In
841 956 940 989 nomine
952 954 1006 982 Pa-

213 1006 258 1031 tris
277 1009 301 1031 et
315 1003 378 1030 Filii
390 1008 413 1030 et
434 1003 547 1037 Spiritus
568 1003 648 1029 sancti
672 1002 787 1038 (Matth.
801 1001 846 1029 28.
863 1002 925 1037 19).
941 1002 1006 1035 Quae

215 1050 300 1085 major
312 1049 461 1084 generatio,
475 1056 508 1075 an
530 1048 686 1081 creationis,
708 1055 741 1074 an
765 1048 937 1075 initiationis?
951 1048 1007 1075 Illic

214 1096 372 1130 principium
385 1095 446 1121 vita:
460 1095 485 1121 in
500 1099 624 1127 mortem,
640 1094 683 1122 hic
698 1094 856 1129 principium
872 1095 966 1122 mortis
978 1094 1006 1122 in

158 1141 167 1185 ξ
213 1143 305 1170 vitam.
322 1142 449 1185 Quiergo
464 1141 520 1168 ﬁeri
534 1144 631 1176 potest,
646 1146 674 1168 ut
685 1142 800 1176 Spiritus
812 1146 920 1169 sanctus
934 1142 959 1168 in
974 1149 1006 1169 eo

214 1188 286 1222 quod
302 1188 388 1222 majus
401 1191 443 1215 est
456 1194 566 1215 consors
579 1188 613 1215 sit
625 1188 711 1215 Patris
733 1192 761 1215 et
775 1187 851 1220 Filii;
867 1189 894 1215 in
908 1195 1007 1223 corpo-

216 1235 263 1261 rali
274 1239 363 1261 autem
373 1234 507 1261 creatione
515 1242 529 1260 a
540 1234 674 1262 communi
684 1234 812 1269 dignitate
823 1235 1007 1262 removeatur?

216 1281 364 1315 Numquam
386 1280 486 1307 conditi
511 1280 663 1313 fuissemus,
683 1280 733 1307 nisi
756 1288 771 1307 a
791 1280 892 1315 Spiritu
914 1285 1007 1308 sancto

217 1327 322 1353 formati
337 1334 467 1353 essemus.
479 1326 514 1353 Et
527 1326 588 1361 quia
603 1326 630 1353 in
657 1326 741 1361 prima
761 1326 897 1353 creatione
917 1326 1007 1353 socius

215 1377 257 1399 est
270 1372 355 1398 Patris
377 1376 404 1399 et
427 1371 497 1404 Filii,
515 1372 637 1399 similiter
659 1376 687 1399 et
705 1372 730 1398 in
750 1372 908 1407 baptismate
919 1371 1008 1398 socius

216 1421 258 1444 est
268 1422 294 1444 et
304 1417 419 1451 adjutor.
432 1417 533 1444 llursus
543 1417 572 1444 in
585 1416 781 1446 resurrectione
801 1415 856 1444 lieri
867 1417 961 1452 nequit
980 1420 1009 1450 ut

216 1471 267 1490 nos
279 1463 333 1490 alio
349 1463 428 1490 modo
441 1470 622 1498 resurgamus,
633 1470 713 1498 quam
728 1463 807 1490 Patre
815 1463 930 1496 volente,
941 1462 1008 1490 Filio

216 1513 395 1543 cooperante,
418 1512 446 1535 et
469 1508 569 1542 Spiritu
592 1513 685 1535 sancto
703 1509 826 1535 virtutem
852 1513 1006 1543 priestante.

217 1554 286 1581 Audi
314 1554 452 1581 Dominum
484 1554 636 1587 dicentem;
663 1557 736 1582 recte
763 1554 818 1581 dixi
846 1554 1009 1581 Dominum:

217 1601 322 1628 etiamsi
339 1601 410 1628 enim
425 1600 498 1628 Pauli
521 1608 570 1627 vox
586 1601 632 1634 sit,
647 1601 750 1627 Domini
767 1605 855 1628 tamen
871 1605 912 1628 est
927 1609 933 1627 :
947 1601 1010 1628 licet

217 1646 289 1673 enim
304 1654 336 1673 ex
351 1647 408 1681 ipso
422 1646 513 1673 audire
526 1654 532 1673 :
552 1647 591 1673 An
603 1646 799 1680 experimentum
811 1647 923 1681 queritis
942 1647 1007 1682 ejus,

217 1691 260 1725 qui
270 1691 297 1718 in
309 1699 348 1718 me
361 1692 479 1725 loquitur,
491 1691 585 1719 Christi
599 1691 645 1727 (2.
658 1691 716 1718 Cor.
737 1692 781 1719 15.
794 1691 843 1727 5)?
865 1692 909 1719 Ait
930 1692 1010 1727 igitur

218 1737 244 1763 in
265 1736 348 1764 Paulo
371 1737 482 1772 loquens
499 1746 505 1763 :
525 1745 534 1762 ι
550 1736 604 1763 Vos
618 1741 707 1764 autem
723 1744 777 1764 non
793 1737 858 1764 estis
871 1737 897 1764 in
912 1744 1009 1770 carne,

217 1781 264 1809 sed
276 1782 301 1808 in
310 1782 405 1816 spiritu
419 1791 425 1810 :
437 1782 459 1809 si
469 1782 576 1817 quidem
587 1781 702 1817 Spiritus
712 1782 758 1809 Dei
772 1782 874 1810 habitat
885 1783 910 1810 in
923 1783 1009 1810 vobis.

218 1828 318 1863 Siquis
329 1833 416 1856 autem
431 1828 558 1864 Spiritum
572 1828 618 1855 Dei
633 1836 686 1855 non
703 1828 810 1860 habeat,
833 1829 876 1856 hic
894 1836 946 1856 non
970 1834 1012 1857 est

217 1875 285 1910 ejus.
309 1875 336 1903 Si
356 1879 445 1902 autem
463 1875 586 1903 Christus
597 1875 624 1902 in
639 1875 714 1902 vobis
727 1879 777 1908 est,
794 1883 891 1910 corpus
903 1875 1010 1910 quidem

218 1926 352 1949 mortuum
367 1927 409 1949 est
429 1928 540 1958 propter
565 1927 700 1957 peccatum
715 1942 723 1955 ,
748 1922 858 1957 spiritus
877 1930 941 1950 vero
957 1922 1010 1949 vita

220 1973 328 2002 propter
337 1968 478 2003 justitiam.
490 1969 565 2002 Quod
579 1969 601 1995 si
616 1968 731 2003 Spiritus
743 1969 800 2004 ejus
813 1970 859 2003 qui
874 1970 1011 1997 suscitavit

218 2013 352 2041 Christum
369 2014 470 2041 habitat
484 2014 510 2041 in
527 2014 613 2046 vobis,
628 2014 672 2048 qui
687 2014 827 2042 suscitavit
846 2015 979 2042 Christum
995 2023 1010 2042 a

218 2060 332 2087 mortuis
342 2060 484 2087 vivilicabit
494 2065 521 2087 et
530 2061 651 2087 mortalia
665 2067 775 2095 corpora
788 2064 887 2094 vestra,
903 2066 1011 2095 propter

219 2105 409 2132 inhabitantetn
424 2105 552 2140 Spiritum
564 2105 621 2139 ejus
632 2105 658 2132 in
670 2106 743 2132 vobis
755 2115 764 2131 I
778 2105 866 2140 (Rom.
880 2106 907 2133 8.
921 2105 1009 2142 9-11).

219 2150 301 2177 Extra
325 2150 429 2177 Patrem
456 2155 483 2178 et
506 2150 604 2178 Filium
630 2155 657 2178 et
681 2150 809 2186 Spiritum
825 2157 947 2178 sanctum
962 2159 1011 2179 nec

219 2196 304 2230 prima
319 2196 420 2224 creatio
432 2201 487 2232 est,~
507 2203 555 2223 nec
581 2197 697 2224 secunda
723 2198 869 2232 generatio,
894 2205 943 2224 nec
964 2205 1014 2232 po-

218 2245 318 2269 strema
330 2242 499 2269 resurrectio.
524 2241 662 2268 Faciamus
679 2242 815 2270 hominem.

254 2289 281 2315 5.
297 2288 345 2315 llic
366 2289 422 2323 jam
446 2296 493 2316 eos
511 2289 555 2323 qui
577 2288 776 2323 reprehendunt
791 2290 1008 2324 prmmonuimus.

218 2334 340 2362 llominis
357 2335 500 2369 appellatio
531 2334 660 2362 Hebraica
693 2336 781 2370 lingua
803 2335 890 2370 ignem
910 2336 1010 2370 signiti-

218 2385 262 2408 t-at
272 2379 319 2416 (ὁ).
334 2380 383 2407 Hic
393 2381 510 2407 animum
519 2380 625 2412 adhibe,
637 2388 727 2415 quaeso
737 2389 744 2407 :
754 2381 798 2415 qui
812 2381 916 2408 sincere
924 2380 1009 2414 audit,

218 2431 309 2461 utpote
320 2426 440 2454 veritatis
454 2426 555 2453 amicus
565 2426 732 2457 etalumnus,
744 2426 858 2453 salutem
871 2427 1011 2461 consequi-

219 2477 282 2499 tur:
295 2472 341 2507 qui
355 2479 418 2499 vero
434 2471 531 2506 iniquis
543 2475 585 2499 est
598 2471 784 2507 auribushnon
799 2472 895 2506 quaerit
910 2473 936 2499 in
956 2480 1009 2507 quo

218 2497 358 2559 utilitajtem
372 2497 495 2553 accipial,
508 2517 555 2546 sed
570 2518 595 2545 in
610 2525 663 2553 quo
680 2497 845 2545 etiminctur.
864 2518 948 2546 Homo
958 2497 1010 2545 ile-

219 2563 306 2590 btaica
314 2563 427 2590 dialeeto
436 2563 505 2598 ignis
513 2563 619 2591 dicitur.
631 2564 685 2591 Hoc
695 2571 796 2591 nomen
803 2571 854 2591 non
863 2566 921 2592 sine
930 2572 1010 2592 causa

219 2609 331 2637 inditum
344 2614 386 2638 est
398 2610 501 2637 Adamo
524 2619 530 2637 :
548 2610 594 2637 sed
611 2615 725 2644 quatuor
745 2615 807 2636 sunt
827 2611 958 2638 elementa
982 2611 1009 2638 in

219 2654 317 2682 mundo
330 2654 456 2690 (rursum
469 2655 503 2682 de
517 2655 596 2682 rebus
608 2662 657 2690 ago
673 2655 849 2688 naturalibus,
866 2656 946 2683 velint
962 2663 1010 2684 no-

249 2721 286 2752 (a)
301 2723 375 2746 Locus
386 2721 474 2752 citatus
486 2724 524 2745 est
534 2720 618 2752 Aggaai
628 2739 634 2749 ,
649 2724 676 2745 ut
695 2720 767 2745 Biblia
788 2721 886 2746 adeunti
906 2722 1008 2752 patebit.

251 2751 287 2788 (lt)
305 2752 355 2788 .V'iri
374 2751 505 2788 appellauit
523 2751 638 2788 ltebraica
657 2752 751 2788 amt-dit
769 2752 881 2788 atl‘ignis
899 2751 1008 2777 nomen:

218 2784 273 2809 ωτι(
292 2783 327 2807 vir
346 2783 465 2807 Hebraice
484 2783 635 2813 diciturﬂvn
655 2783 724 2813 ignis.
737 2783 781 2807 sed
794 2784 813 2807 si
827 2783 904 2814 ipsum
920 2790 1009 2808 nomen

219 2819 278 2844 ῠΊκ
287 2817 363 2843 Adam
371 2817 421 2843 \ult
432 2817 462 2842 ad
472 2817 535 2848 ignis
546 2824 634 2843 nomen
646 2819 773 2848 accedere,
781 2818 854 2850 longe
860 2822 928 2844 errat
937 2823 1010 2844 seve-

218 2859 307 2878 nauus.

365 2942 376 2969 3

727 116 771 144 DE
790 113 895 143 MUNDI
915 112 1110 141 CRE.\'l'l0NE
1130 112 1257 139 UltATlO
1279 112 1309 140 V.

1793 112 1845 141 ιη

1055 171 1121 201 lint)
1140 183 1144 197 ;
1160 176 1242 204 terra,
1253 179 1332 206 aqua,
1354 179 1408 203 aer,
1436 170 1512 206 ignis.
1542 170 1645 198 Caetera
1666 170 1798 198 elementa
1819 175 1847 198 ut

1053 222 1229 245 suntmanent
1241 225 1247 249 ;
1260 216 1373 251 exempli
1384 223 1473 247 causa,
1483 215 1505 242 si
1520 219 1596 242 terra:
1609 214 1714 249 glebam
1724 221 1846 250 sumpse-

1055 264 1101 295 ris,
1117 272 1167 290 non
1184 269 1259 298 potes
1271 271 1303 290 ex
1316 271 1345 290 ea
1365 271 1444 297 quant
1466 267 1541 289 tenes
1560 262 1665 296 glebam
1687 268 1823 296 apponere
1840 270 1847 288 :

1055 317 1118 344 ergo
1133 310 1156 336 si
1170 309 1274 344 glebam
1287 316 1402 343 sumpse:
1411 308 1443 341 is,
1457 307 1482 335 id
1496 311 1585 334 manet
1598 307 1668 342 quod
1682 312 1733 334 est.
1744 307 1849 341 Aquam

1056 363 1160 383 rursum
1174 355 1197 381 si
1210 362 1332 381 mensura
1346 354 1459 389 quadam
1475 353 1636 388 sumpseris,
1651 357 1740 380 manet
1754 353 1849 380 eadem

1055 408 1134 436 aqua,
1151 405 1322 435 augmentum
1338 409 1390 427 non
1401 400 1508 434 accipit.
1527 401 1596 427 Aere
1611 399 1633 426 si
1657 403 1742 426 utrem
1761 398 1848 433 reple-

1056 447 1137 479 veris,
1160 446 1240 473 aliain
1263 451 1349 474 utrem
1365 454 1398 473 ex
1411 446 1457 473 illo
1477 445 1589 479 implere
1606 453 1659 472 non
1675 449 1762 479 potes.
1781 444 1850 480 lgnis

1056 501 1120 521 vero
1133 501 1186 520 non
1200 497 1289 520 manet
1304 493 1390 527 qualis
1404 497 1454 520 est.
1470 492 1554 519 Parva
1565 491 1720 520 accenditur
1730 492 1849 522 lucerna,

1057 541 1262 575 innumerasque
1272 547 1305 567 ex
1321 539 1364 567 illa
1378 539 1449 566 faces
1462 538 1594 570 accendis,
1618 538 1748 574 integram
1762 538 1852 565 forna-

1056 594 1125 618 cem,
1143 586 1278 613 ﬂammam
1303 586 1448 621 ingentem,
1475 592 1526 612 nec
1550 588 1641 612 manet
1666 584 1735 619 ignis
1756 584 1850 612 cadent

1056 632 1151 665 forma,
1167 631 1214 660 sed
1229 631 1421 667 quantumlibet
1432 631 1571 658 materiam
1585 631 1758 666 corripuerit,
1772 638 1852 658 exsu-

1057 680 1195 714 perantius
1204 683 1326 714 augetur.
1341 678 1407 706 Cum
1423 678 1560 713 praescth
1579 685 1643 713 ergo
1658 678 1737 710 Deus,
1753 685 1785 705 ex
1799 685 1852 704 uno

1057 733 1171 760 corpore
1183 726 1299 752 humano
1313 725 1454 760 replendus
1477 732 1538 752 esse
1561 725 1635 752 orbis
1650 724 1780 752 terminos
1793 724 1851 759 (lu-

1058 779 1137 798 cerna
1153 771 1251 806 quippe
1267 777 1318 798 una
1333 775 1372 797 tot
1391 770 1514 798 accendit
1524 770 1605 802 faces,
1620 775 1732 805 eratque
1744 770 1850 802 oriens,

1057 817 1194 850 occidens,
1215 817 1364 851 septentrio
1378 821 1406 844 et
1418 816 1544 843 meridies
1556 816 1580 851 ),
1593 823 1691 843 nomen
1705 815 1801 843 indidit
1813 816 1852 843 rei

1057 868 1277 891 consentaneum.
1295 863 1398 891 Idcirco
1411 863 1497 897 ipsum
1517 862 1612 890 Adami
1635 869 1732 890 nomen
1758 863 1853 896 pignus

1058 913 1116 936 erat
1129 909 1202 936 orbis
1218 914 1360 936 terrarum.
1377 908 1443 942 Quia
1462 908 1534 935 enim
1549 907 1665 934 futurum
1678 913 1734 934 erat
1749 912 1778 934 ut
1789 914 1854 942 qua-
1901 931 1906 938 ,

1060 961 1120 982 tuor
1137 955 1243 982 climata
1257 963 1290 981 ex
1308 955 1365 990 ipso
1379 954 1565 989 implerentur,
1583 953 1696 988 imponit
1708 953 1734 981 ei
1755 960 1852 980 nomen

1060 1001 1143 1028 Adam
1159 1010 1165 1028 :
1181 1004 1245 1037 ἄλφοι
1256 1003 1360 1032 dmi-att;
1371 1022 1378 1033 ,
1391 1001 1482 1028 oriens
1495 1022 1503 1034 ,
1518 1003 1589 1027 δέλτα
1606 1002 1669 1031 δύσις
1680 1019 1689 1034 ,
1713 999 1851 1031 occidens,

1059 1053 1121 1084 ἄλφα
1133 1051 1226 1084 ἄρκτος,
1238 1049 1394 1083 septentrio,
1406 1053 1438 1079 μῦ
1450 1052 1592 1083 μισημιϐρια,
1604 1047 1739 1075 meridies.
1756 1046 1789 1074 El.
1801 1054 1852 1073 no-

1060 1103 1120 1121 men
1139 1094 1256 1122 etliterzu
1269 1094 1453 1127 testiﬁcantur,
1468 1093 1602 1121 hominem
1614 1093 1778 1128 repleturum
1794 1099 1854 1120 esse

1059 1141 1151 1168 orbem
1167 1146 1308 1168 terrarum.
1324 1141 1440 1168 Vocatur
1451 1148 1515 1176 ergo
1527 1140 1655 1167 llebraica
1672 1140 1760 1174 lingua
1776 1139 1852 1174 ignis.

1060 1189 1126 1221 Quia
1150 1188 1229 1223 igitur
1249 1187 1316 1222 ignis
1335 1186 1539 1221 appellationem
1560 1186 1651 1218 habet,
1675 1192 1728 1212 non
1754 1185 1856 1212 dubitat

1060 1235 1196 1269 Scriptura
1211 1234 1290 1261 etiam
1301 1234 1410 1268 angelos
1419 1233 1541 1260 homines
1550 1239 1655 1260 vocare.
1665 1231 1777 1265 Quando
1783 1230 1855 1258 enim

1061 1285 1190 1309 venerunt
1204 1279 1284 1307 Maria
1305 1284 1331 1306 et
1345 1280 1426 1307 socia:
1439 1278 1564 1306 mulieres
1580 1277 1614 1305 ad
1630 1281 1831 1304 monumentum
1848 1297 1854 1309 ,

1060 1328 1124 1355 dicit
1140 1327 1225 1354 :Ecce
1245 1327 1396 1353 adstiterant
1413 1325 1465 1352 illis
1489 1325 1540 1352 duo
1564 1324 1611 1352 viri
1632 1323 1710 1359 (Luc.
1737 1322 1856 1358 ειμι).

1062 1375 1144 1401 Erant
1157 1379 1247 1402 autem
1269 1372 1365 1407 angeli.
1388 1372 1439 1407 Ipsi
1460 1379 1526 1399 vero
1542 1371 1629 1406 angeli
1653 1377 1760 1406 quoque
1788 1369 1857 1405 ignis

1061 1425 1189 1448 vocantur
1203 1429 1209 1447 ε
1225 1427 1298 1453 nam,
1312 1419 1362 1453 Qui
1375 1419 1435 1454 facit
1454 1418 1557 1454 angelos
1570 1426 1629 1445 suos
1643 1417 1757 1452 spiritus,
1771 1421 1794 1444 et
1812 1416 1858 1443 mi-

1061 1468 1152 1494 nistros
1167 1475 1226 1494 suos
1238 1467 1321 1502 ignem
1335 1471 1447 1493 urentem
1458 1462 1543 1498 (Psal.
1557 1465 1618 1492 105.
1634 1464 1674 1499 4).
1686 1463 1767 1492 Viros
1780 1467 1859 1491 vocat

1062 1513 1131 1546 illos,
1147 1514 1209 1548 quia
1222 1519 1390 1540 communem
1405 1511 1570 1539 habentcum
1585 1510 1693 1538 homine
1708 1509 1856 1537 nOtionem.

1062 1560 1163 1595 Ecquid
1187 1558 1304 1586 mirum?
1318 1559 1378 1593 Ipse
1403 1558 1472 1585 Deus
1488 1562 1597 1584 vocatur
1610 1556 1688 1592 ignis,
1701 1560 1812 1583 vocatur
1827 1559 1855 1583 et

1063 1607 1152 1633 homo.
1169 1606 1213 1633 Ait
1225 1605 1353 1632 Servatur
1365 1605 1399 1632 de
1412 1604 1491 1631 Patre
1504 1611 1554 1630 suo
1567 1614 1573 1631 :
1589 1602 1673 1630 Homo
1690 1601 1794 1637 quidam
1803 1606 1857 1628 erat

1063 1651 1256 1688 paterfamilias,
1266 1651 1308 1686 qui
1320 1650 1442 1685 plantavit
1452 1650 1559 1676 vineam.
1572 1648 1604 1676 Et
1616 1648 1683 1676 misit
1696 1655 1778 1675 servos
1787 1654 1856 1679 suos,

1063 1703 1086 1725 et
1100 1697 1176 1725 occisi
1188 1702 1246 1724 sunt
1258 1697 1322 1724 servi
1334 1695 1443 1732 (Matth.
1456 1695 1502 1722 21.
1513 1695 1558 1722 55.
1574 1703 1627 1730 sqq.
1642 1694 1662 1730 ).
1676 1693 1764 1728 thue
1776 1700 1852 1720 com-

1063 1744 1160 1779 pendio
1173 1743 1258 1771 dicam
1272 1752 1278 1770 :
1296 1742 1328 1769 Et
1343 1742 1406 1770 dixit
1418 1741 1493 1769 homo
1505 1741 1560 1774 ille,
1579 1740 1668 1767 Adhuc
1681 1747 1761 1766 unum
1775 1738 1858 1774 [ilium

1063 1790 1267 1823 habeo;mittam
1280 1789 1364 1821 illum,
1383 1788 1405 1815 si
1427 1790 1492 1823 forte
1514 1790 1683 1814 revereantur.
1709 1784 1779 1818 Quid
1804 1783 1855 1811 sibi

1063 1837 1118 1864 vult
1145 1844 1241 1863 nomen
1271 1837 1351 1863 homo
1377 1843 1425 1870 pro
1451 1834 1560 1862 nomine
1579 1833 1691 1861 divino?
1711 1832 1771 1860 Non
1785 1831 1856 1859 enim

1063 1882 1130 1909 dixit
1145 1881 1297 1916 parabolam
1316 1890 1323 1908 :
1347 1888 1399 1907 non
1414 1879 1490 1911 dixit,
1513 1878 1604 1906 Simile
1626 1883 1682 1911 est;
1698 1877 1757 1911 sed,
1773 1876 1858 1904 Homo

1063 1927 1164 1962 quidam
1175 1932 1239 1953 erat.
1253 1926 1356 1954 Idcirco
1369 1925 1474 1960 Moyses
1486 1933 1492 1951 τ
1503 1923 1579 1959 _Deus
1590 1928 1675 1950 noster
1689 1923 1754 1959 ignis
1767 1929 1858 1949 comu-

1064 1982 1133 2001 mens
1146 1973 1241 2010 (Deut.
1255 1974 1284 2000 4.
1299 1973 1334 2000 24
1343 1972 1363 2008 ).
1375 1973 1497 1999 Salvator
1505 1978 1611 2006 quoque
1621 1974 1760 2005 postquam
1774 1975 1857 1996 vene-

1064 2024 1105 2047 rat
1118 2020 1183 2047 dicit
1199 2028 1205 2045 :
1220 2018 1310 2054 Ignem
1321 2018 1375 2045 veni
1384 2018 1480 2044 mittere
1494 2017 1520 2043 in
1534 2016 1643 2050 terram(
1654 2015 1719 2041 Luc.
1736 2013 1780 2041 12.
1791 2013 1826 2041 49
1837 2014 1855 2048 ).

1064 2065 1178 2092 Adhibet
1191 2065 1280 2100 itaque
1291 2071 1387 2091 nomen
1401 2063 1438 2090 rei
1452 2067 1672 2089 consentaneum.
1683 2060 1856 2094 Quandoqui-

1063 2111 1124 2138 dem
1153 2110 1232 2145 ignis,
1255 2114 1284 2137 ut
1293 2109 1347 2144 jam
1362 2109 1427 2141 dixi,
1442 2115 1473 2135 ex
1495 2115 1578 2142 parvo
1590 2114 1703 2142 magnus
1716 2105 1817 2139 evadit,
1832 2111 1859 2133 et

1064 2156 1170 2184 bomoa
1193 2163 1277 2191 parvo
1297 2155 1390 2183 orbem
1408 2160 1538 2181 terrarum
1552 2153 1681 2189 implevit,
1693 2157 1803 2179 vocatus
1818 2157 1859 2178 est

1064 2203 1144 2230 homo
1167 2202 1250 2237 ignis.
1266 2201 1401 2236 per'illud,
1418 2200 1555 2228 Faciamus
1568 2199 1713 2227 hominem:
1726 2207 1788 2226 nam
1803 2198 1857 2226 lle-

1064 2250 1153 2277 braice
1164 2254 1206 2276 est
1219 2257 1225 2275 :
1243 2248 1380 2275 Faciamus
1395 2249 1486 2283 ignem.

1098 2297 1193 2324 Contra
1200 2295 1470 2331 Anthropomorphitas
1480 2302 1488 2321 :
1497 2294 1565 2321 Deus
1574 2302 1624 2321 non
1633 2292 1854 2320 circumscribitur.

1063 2342 1248 2370 —Faciamus
1271 2342 1397 2369 hominem
1419 2342 1454 2368 ad
1476 2341 1612 2376 imaginem
1636 2345 1759 2367 nostram.
1782 2339 1856 2367 Multi

1063 2389 1206 2417 stultorum
1216 2393 1243 2415 et
1253 2388 1437 2423 imperitorum
1447 2391 1583 2422 putarunt,
1595 2386 1731 2414 hominem
1744 2385 1778 2414 ad
1791 2385 1858 2412 ima-

1063 2436 1152 2471 ginem
1165 2435 1211 2462 Dei
1227 2442 1297 2466 esse,
1312 2433 1382 2469 quod
1399 2433 1469 2460 Deus
1483 2439 1562 2460 nares
1576 2431 1682 2464 habeat,
1695 2437 1740 2458 aut
1753 2431 1856 2463 oculos,

1064 2481 1107 2509 vel
1120 2487 1208 2512 aures,
1223 2480 1265 2507 vel
1278 2487 1320 2512 os,
1334 2483 1362 2506 ut
1374 2486 1423 2506 nos
1439 2479 1568 2506 habemus
1583 2486 1589 2505 :
1604 2481 1632 2505 at
1646 2478 1712 2505 lalsa
1726 2476 1856 2505 absurda-

1063 2535 1115 2562 que
1126 2531 1166 2554 est
1180 2526 1238 2554 haec
1251 2525 1356 2561 opinio.
1363 2525 1463 2560 Estque
1476 2524 1606 2552 hactenus
1620 2523 1731 2552 heresis
1743 2531 1804 2559 qua:
1817 2523 1857 2550 di-

1063 2575 1100 2601 cit
1117 2573 1220 2601 Numen
1240 2572 1358 2600 divinum
1382 2572 1498 2599 hominis
1521 2571 1633 2599 formam
1658 2570 1768 2599 habere.
1789 2570 1856 2604 Quia

1063 2620 1134 2646 enim
1144 2618 1294 2650 audierunt,
1308 2617 1383 2644 Oculi
1394 2617 1507 2649 Domini,
1519 2616 1592 2644 (iures
1605 2616 1704 2643 Domini
1714 2615 1800 2650 (Psal.
1811 2616 1854 2643 55.

1064 2664 1120 2699 16),
1140 2669 1177 2696 et,
1200 2663 1328 2691 0doratus
1345 2668 1383 2690 est
1401 2662 1526 2690 Dominus
1545 2662 1620 2696 (Gen.
1638 2663 1666 2690 8.
1685 2663 1743 2698 21),
1758 2668 1796 2695 et,
1820 2662 1855 2688 0s

1064 2711 1168 2738 Domini
1181 2712 1311 2746 loquulum
1324 2715 1360 2737 est
1373 2710 1449 2745 (lsai.
1465 2710 1491 2737 l.
1507 2709 1565 2745 20),
1579 2714 1615 2743 et,
1628 2709 1722 2737 Manus
1735 2708 1784 2736 Dei
1796 2709 1856 2743 fecit

1064 2758 1135 2792 (Job.
1159 2758 1202 2785 l2.
1217 2757 1255 2792 9),
1277 2761 1314 2790 et,
1333 2756 1413 2784 Pedes
1429 2756 1477 2784 Dei
1496 2762 1616 2784 steterunt
1632 2756 1717 2792 (Psal.
1739 2756 1799 2783 151.
1814 2755 1852 2789 7).

1063 2805 1252 2839 incorporeum
1272 2811 1332 2831 cum
1358 2803 1484 2830 membris
1506 2803 1692 2842 depinxerunt,
1715 2802 1854 2829 sementim

1065 2850 1254 2879 absurditatem
1272 2858 1326 2878 non
1343 2850 1530 2886 percipientcs.
1547 2849 1614 2876 Dicit
1631 2848 1711 2882 Deus,
1725 2851 1754 2875 ut
1766 2845 1853 2890 discas
