  <div class='ocr_page' id='page_1' title='image "/cluster/home/n/w/nwhite01/storage/ocr_20150623/56/njp.32101077772646/469.png"; bbox 0 0 2047 3122; ppageno 0'>
   <div class='ocr_carea' id='block_1_1' title="bbox 202 96 1108 124">
    <p class='ocr_par' dir='ltr' id='par_1_1' title="bbox 202 96 1108 124">
     <span class='ocr_line' id='line_1_1' title="bbox 202 96 1108 124; baseline -0.002 0"><span class='ocrx_word' id='word_1_1' title='bbox 202 98 250 124; x_wconf 62' lang='grc' dir='ltr'><strong><em>ιτε</em></strong></span> <span class='ocrx_word' id='word_1_2' title='bbox 927 96 1108 124; x_wconf 72' lang='lat' dir='ltr'><strong><em>SEVElllANI</em></strong></span> 
     </span>
    </p>
   </div>
   <div class='ocr_carea' id='block_1_2' title="bbox 198 153 989 188">
    <p class='ocr_par' dir='ltr' id='par_1_2' title="bbox 198 153 989 188">
     <span class='ocr_line' id='line_1_2' title="bbox 198 153 989 188; baseline 0 -8"><span class='ocrx_word' id='word_1_3' title='bbox 198 154 297 181; x_wconf 90' lang='lat' dir='ltr'><strong><em>nullam</em></strong></span> <span class='ocrx_word' id='word_1_4' title='bbox 319 154 434 181; x_wconf 85' lang='lat' dir='ltr'><strong><em>hominis</em></strong></span> <span class='ocrx_word' id='word_1_5' title='bbox 456 162 516 181; x_wconf 91' lang='lat' dir='ltr'><strong><em>cum</em></strong></span> <span class='ocrx_word' id='word_1_6' title='bbox 533 154 586 180; x_wconf 68' lang='lat' dir='ltr'><strong><em>Duo</em></strong></span> <span class='ocrx_word' id='word_1_7' title='bbox 606 161 666 181; x_wconf 87' lang='lat' dir='ltr'><strong><em>esse</em></strong></span> <span class='ocrx_word' id='word_1_8' title='bbox 679 153 891 186; x_wconf 85' lang='lat' dir='ltr'><strong><em>similitudinem,</em></strong></span> <span class='ocrx_word' id='word_1_9' title='bbox 906 161 989 188; x_wconf 88' lang='lat' dir='ltr'><strong><em>quan—</em></strong></span> 
     </span>
    </p>
   </div>
   <div class='ocr_carea' id='block_1_3' title="bbox 198 199 989 235">
    <p class='ocr_par' dir='ltr' id='par_1_3' title="bbox 198 199 989 235">
     <span class='ocr_line' id='line_1_3' title="bbox 198 199 989 235; baseline -0.003 -7"><span class='ocrx_word' id='word_1_10' title='bbox 198 205 254 228; x_wconf 86' lang='lat' dir='ltr'><strong><em>tum</em></strong></span> <span class='ocrx_word' id='word_1_11' title='bbox 271 200 371 228; x_wconf 90' lang='lat' dir='ltr'><strong><em>scilicet</em></strong></span> <span class='ocrx_word' id='word_1_12' title='bbox 387 200 420 227; x_wconf 87' lang='lat' dir='ltr'><strong><em>ad</em></strong></span> <span class='ocrx_word' id='word_1_13' title='bbox 434 201 600 234; x_wconf 77' lang='lat' dir='ltr'><strong><em>corporalem</em></strong></span> <span class='ocrx_word' id='word_1_14' title='bbox 620 200 748 235; x_wconf 83' lang='lat' dir='ltr'><strong><em>speciem.</em></strong></span> <span class='ocrx_word' id='word_1_15' title='bbox 761 199 818 226; x_wconf 86' lang='lat' dir='ltr'><strong><em>Non</em></strong></span> <span class='ocrx_word' id='word_1_16' title='bbox 833 200 905 227; x_wconf 91' lang='lat' dir='ltr'><strong><em>enim</em></strong></span> <span class='ocrx_word' id='word_1_17' title='bbox 920 199 989 226; x_wconf 87' lang='lat' dir='ltr'><strong><em>hanc</em></strong></span> 
     </span>
    </p>
   </div>
   <div class='ocr_carea' id='block_1_4' title="bbox 198 246 990 281">
    <p class='ocr_par' dir='ltr' id='par_1_4' title="bbox 198 246 990 281">
     <span class='ocr_line' id='line_1_4' title="bbox 198 246 990 281; baseline -0.001 -7"><span class='ocrx_word' id='word_1_18' title='bbox 198 255 290 274; x_wconf 76' lang='lat' dir='ltr'><strong><em>vocem</em></strong></span> <span class='ocrx_word' id='word_1_19' title='bbox 305 247 380 280; x_wconf 90' lang='lat' dir='ltr'><strong><em>tollo,</em></strong></span> <span class='ocrx_word' id='word_1_20' title='bbox 399 247 535 274; x_wconf 75' lang='lat' dir='ltr'><strong><em>Faciamus</em></strong></span> <span class='ocrx_word' id='word_1_21' title='bbox 549 247 674 274; x_wconf 80' lang='lat' dir='ltr'><strong><em>hominem</em></strong></span> <span class='ocrx_word' id='word_1_22' title='bbox 688 248 722 273; x_wconf 85' lang='lat' dir='ltr'><strong><em>ad</em></strong></span> <span class='ocrx_word' id='word_1_23' title='bbox 732 247 876 281; x_wconf 75' lang='lat' dir='ltr'><strong><em>imaginem.</em></strong></span> <span class='ocrx_word' id='word_1_24' title='bbox 893 246 990 277; x_wconf 64' lang='lat' dir='ltr'><strong><em>\ferum</em></strong></span> 
     </span>
    </p>
   </div>
   <div class='ocr_carea' id='block_1_5' title="bbox 199 292 988 328">
    <p class='ocr_par' dir='ltr' id='par_1_5' title="bbox 199 292 988 328">
     <span class='ocr_line' id='line_1_5' title="bbox 199 292 988 328; baseline 0 -9"><span class='ocrx_word' id='word_1_25' title='bbox 199 294 409 320; x_wconf 83' lang='lat' dir='ltr'><strong><em>demonstratum</em></strong></span> <span class='ocrx_word' id='word_1_26' title='bbox 421 298 473 326; x_wconf 75' lang='lat' dir='ltr'><strong><em>est,</em></strong></span> <span class='ocrx_word' id='word_1_27' title='bbox 485 293 619 327; x_wconf 75' lang='lat' dir='ltr'><strong><em>quomodo</em></strong></span> <span class='ocrx_word' id='word_1_28' title='bbox 631 293 664 320; x_wconf 81' lang='lat' dir='ltr'><strong><em>ad</em></strong></span> <span class='ocrx_word' id='word_1_29' title='bbox 675 293 811 328; x_wconf 82' lang='lat' dir='ltr'><strong><em>imaginem</em></strong></span> <span class='ocrx_word' id='word_1_30' title='bbox 823 292 895 320; x_wconf 83' lang='lat' dir='ltr'><strong><em>dicat</em></strong></span> <span class='ocrx_word' id='word_1_31' title='bbox 909 293 988 320; x_wconf 87' lang='lat' dir='ltr'><strong><em>Deus.</em></strong></span> 
     </span>
    </p>
   </div>
   <div class='ocr_carea' id='block_1_6' title="bbox 199 339 989 374">
    <p class='ocr_par' dir='ltr' id='par_1_6' title="bbox 199 339 989 374">
     <span class='ocr_line' id='line_1_6' title="bbox 199 339 989 374; baseline -0.001 -8"><span class='ocrx_word' id='word_1_32' title='bbox 199 341 295 366; x_wconf 65' lang='lat' dir='ltr'><strong><em>titulum</em></strong></span> <span class='ocrx_word' id='word_1_33' title='bbox 309 345 330 366; x_wconf 79' lang='lat' dir='ltr'><strong><em>et</em></strong></span> <span class='ocrx_word' id='word_1_34' title='bbox 345 345 437 366; x_wconf 83' lang='lat' dir='ltr'><strong><em>(errant</em></strong></span> <span class='ocrx_word' id='word_1_35' title='bbox 457 348 502 374; x_wconf 86' lang='lat' dir='ltr'><strong><em>ego</em></strong></span> <span class='ocrx_word' id='word_1_36' title='bbox 522 340 625 374; x_wconf 86' lang='lat' dir='ltr'><strong><em>implco,</em></strong></span> <span class='ocrx_word' id='word_1_37' title='bbox 642 340 702 366; x_wconf 86' lang='lat' dir='ltr'><strong><em>dicit</em></strong></span> <span class='ocrx_word' id='word_1_38' title='bbox 723 339 846 366; x_wconf 72' lang='lat' dir='ltr'><strong><em>Dominus</em></strong></span> <span class='ocrx_word' id='word_1_39' title='bbox 864 339 929 374; x_wconf 85' lang='lat' dir='ltr'><strong><em>(Jer.</em></strong></span> <span class='ocrx_word' id='word_1_40' title='bbox 944 339 989 366; x_wconf 61' lang='lat'><strong><em>93.</em></strong></span> 
     </span>
    </p>
   </div>
   <div class='ocr_carea' id='block_1_7' title="bbox 198 385 992 422">
    <p class='ocr_par' dir='ltr' id='par_1_7' title="bbox 198 385 992 422">
     <span class='ocr_line' id='line_1_7' title="bbox 198 385 992 422; baseline -0.003 -9"><span class='ocrx_word' id='word_1_41' title='bbox 198 387 256 422; x_wconf 70' lang='grc'><strong>2-4).</strong></span> <span class='ocrx_word' id='word_1_42' title='bbox 279 387 380 414; x_wconf 74' lang='lat' dir='ltr'><strong><em>ltursus</em></strong></span> <span class='ocrx_word' id='word_1_43' title='bbox 396 387 465 413; x_wconf 88' lang='lat' dir='ltr'><strong><em>idem</em></strong></span> <span class='ocrx_word' id='word_1_44' title='bbox 481 395 486 411; x_wconf 91' lang='lat'><strong><em>:</em></strong></span> <span class='ocrx_word' id='word_1_45' title='bbox 503 385 598 413; x_wconf 66' lang='lat' dir='ltr'><strong><em>Cadunt</em></strong></span> <span class='ocrx_word' id='word_1_46' title='bbox 620 387 682 412; x_wconf 87' lang='lat' dir='ltr'><strong><em>mihi</em></strong></span> <span class='ocrx_word' id='word_1_47' title='bbox 696 386 803 418; x_wconf 77' lang='lat' dir='ltr'><strong><em>saliunt;</em></strong></span> <span class='ocrx_word' id='word_1_48' title='bbox 827 391 893 412; x_wconf 85' lang='lat' dir='ltr'><strong><em>terra</em></strong></span> <span class='ocrx_word' id='word_1_49' title='bbox 908 391 992 412; x_wconf 80' lang='lat' dir='ltr'><strong><em>autem</em></strong></span> 
     </span>
    </p>
   </div>
   <div class='ocr_carea' id='block_1_8' title="bbox 198 431 991 467">
    <p class='ocr_par' dir='ltr' id='par_1_8' title="bbox 198 431 991 467">
     <span class='ocr_line' id='line_1_8' title="bbox 198 431 991 467; baseline -0.001 -9"><span class='ocrx_word' id='word_1_50' title='bbox 198 432 337 458; x_wconf 74' lang='lat' dir='ltr'><strong><em>scabellnm</em></strong></span> <span class='ocrx_word' id='word_1_51' title='bbox 352 431 444 466; x_wconf 75' lang='lat' dir='ltr'><strong><em>pedum</em></strong></span> <span class='ocrx_word' id='word_1_52' title='bbox 465 439 578 458; x_wconf 84' lang='lat' dir='ltr'><strong><em>meorum</em></strong></span> <span class='ocrx_word' id='word_1_53' title='bbox 596 431 672 467; x_wconf 83' lang='lat' dir='ltr'><strong><em>(Isni.</em></strong></span> <span class='ocrx_word' id='word_1_54' title='bbox 690 431 734 458; x_wconf 83' lang='lat'><strong><em>66.</em></strong></span> <span class='ocrx_word' id='word_1_55' title='bbox 753 431 790 465; x_wconf 80' lang='grc' dir='ltr'><strong><em>Ι).</em></strong></span> <span class='ocrx_word' id='word_1_56' title='bbox 810 431 931 458; x_wconf 74' lang='lat' dir='ltr'><strong><em>Vocesne</em></strong></span> <span class='ocrx_word' id='word_1_57' title='bbox 945 438 991 458; x_wconf 87' lang='lat' dir='ltr'><strong><em>se-</em></strong></span> 
     </span>
    </p>
   </div>
   <div class='ocr_carea' id='block_1_9' title="bbox 198 470 992 512">
    <p class='ocr_par' dir='ltr' id='par_1_9' title="bbox 198 470 992 512">
     <span class='ocr_line' id='line_1_9' title="bbox 198 470 992 512; baseline 0.003 -9"><span class='ocrx_word' id='word_1_58' title='bbox 198 485 312 512; x_wconf 88' lang='lat' dir='ltr'><strong><em>quenmr</em></strong></span> <span class='ocrx_word' id='word_1_59' title='bbox 322 478 333 503; x_wconf 80' lang='lat' dir='ltr'><strong><em>‘l</em></strong></span> <span class='ocrx_word' id='word_1_60' title='bbox 346 477 529 505; x_wconf 82' lang='lat' dir='ltr'><strong><em>serviemusne</em></strong></span> <span class='ocrx_word' id='word_1_61' title='bbox 551 478 657 504; x_wconf 61' lang='lat' dir='ltr'><strong><em>literae?</em></strong></span> <span class='ocrx_word' id='word_1_62' title='bbox 672 477 724 505; x_wconf 86' lang='lat' dir='ltr'><strong><em>Sed</em></strong></span> <span class='ocrx_word' id='word_1_63' title='bbox 744 486 803 512; x_wconf 66' lang='lat' dir='ltr'><strong><em>qua:</em></strong></span> <span class='ocrx_word' id='word_1_64' title='bbox 819 478 880 504; x_wconf 91' lang='lat' dir='ltr'><strong><em>hinc</em></strong></span> <span class='ocrx_word' id='word_1_65' title='bbox 895 470 992 505; x_wconf 79' lang='lat' dir='ltr'><strong><em>conse—</em></strong></span> 
     </span>
    </p>
   </div>
   <div class='ocr_carea' id='block_1_10' title="bbox 198 523 990 559">
    <p class='ocr_par' dir='ltr' id='par_1_10' title="bbox 198 523 990 559">
     <span class='ocr_line' id='line_1_10' title="bbox 198 523 990 559; baseline 0 -9"><span class='ocrx_word' id='word_1_66' title='bbox 198 529 315 559; x_wconf 86' lang='lat' dir='ltr'><strong><em>quunlul&#39;</em></strong></span> <span class='ocrx_word' id='word_1_67' title='bbox 335 532 378 551; x_wconf 90' lang='lat' dir='ltr'><strong><em>me</em></strong></span> <span class='ocrx_word' id='word_1_68' title='bbox 402 523 572 558; x_wconf 69' lang='lat' dir='ltr'><strong><em>redarguam.</em></strong></span> <span class='ocrx_word' id='word_1_69' title='bbox 593 523 733 557; x_wconf 85' lang='lat' dir='ltr'><strong><em>Quomodo</em></strong></span> <span class='ocrx_word' id='word_1_70' title='bbox 750 524 872 558; x_wconf 79' lang='lat' dir='ltr'><strong><em>cogitabo</em></strong></span> <span class='ocrx_word' id='word_1_71' title='bbox 896 524 990 551; x_wconf 53' lang='lat' dir='ltr'><strong><em>ca‘lum</em></strong></span> 
     </span>
    </p>
   </div>
   <div class='ocr_carea' id='block_1_11' title="bbox 199 569 992 604">
    <p class='ocr_par' dir='ltr' id='par_1_11' title="bbox 199 569 992 604">
     <span class='ocr_line' id='line_1_11' title="bbox 199 569 992 604; baseline 0 -8"><span class='ocrx_word' id='word_1_72' title='bbox 199 570 294 597; x_wconf 86' lang='lat' dir='ltr'><strong><em>solium</em></strong></span> <span class='ocrx_word' id='word_1_73' title='bbox 314 570 393 597; x_wconf 83' lang='lat' dir='ltr'><strong><em>esse?</em></strong></span> <span class='ocrx_word' id='word_1_74' title='bbox 413 570 515 597; x_wconf 90' lang='lat' dir='ltr'><strong><em>Solium</em></strong></span> <span class='ocrx_word' id='word_1_75' title='bbox 536 570 722 604; x_wconf 73' lang='lat' dir='ltr'><strong><em>complectitur</em></strong></span> <span class='ocrx_word' id='word_1_76' title='bbox 743 569 898 601; x_wconf 84' lang='lat' dir='ltr'><strong><em>sedentem;</em></strong></span> <span class='ocrx_word' id='word_1_77' title='bbox 923 570 992 596; x_wconf 83' lang='lat' dir='ltr'><strong><em>Deus</em></strong></span> 
     </span>
    </p>
   </div>
   <div class='ocr_carea' id='block_1_12' title="bbox 200 615 992 646">
    <p class='ocr_par' dir='ltr' id='par_1_12' title="bbox 200 615 992 646">
     <span class='ocr_line' id='line_1_12' title="bbox 200 615 992 646; baseline 0 -4"><span class='ocrx_word' id='word_1_78' title='bbox 200 623 262 642; x_wconf 88' lang='lat' dir='ltr'><strong><em>vero</em></strong></span> <span class='ocrx_word' id='word_1_79' title='bbox 277 624 328 642; x_wconf 91' lang='lat' dir='ltr'><strong><em>non</em></strong></span> <span class='ocrx_word' id='word_1_80' title='bbox 346 615 584 643; x_wconf 80' lang='lat' dir='ltr'><strong><em>circumscribitur.</em></strong></span> <span class='ocrx_word' id='word_1_81' title='bbox 598 615 667 642; x_wconf 87' lang='lat' dir='ltr'><strong><em>Nihil</em></strong></span> <span class='ocrx_word' id='word_1_82' title='bbox 680 620 721 642; x_wconf 88' lang='lat' dir='ltr'><strong><em>est</em></strong></span> <span class='ocrx_word' id='word_1_83' title='bbox 737 616 807 642; x_wconf 90' lang='lat' dir='ltr'><strong><em>circa</em></strong></span> <span class='ocrx_word' id='word_1_84' title='bbox 829 615 930 646; x_wconf 84' lang='lat' dir='ltr'><strong><em>Deum;</em></strong></span> <span class='ocrx_word' id='word_1_85' title='bbox 945 615 992 642; x_wconf 85' lang='lat' dir='ltr'><strong><em>sed</em></strong></span> 
     </span>
    </p>
   </div>
   <div class='ocr_carea' id='block_1_13' title="bbox 201 660 990 696">
    <p class='ocr_par' dir='ltr' id='par_1_13' title="bbox 201 660 990 696">
     <span class='ocr_line' id='line_1_13' title="bbox 201 660 990 696; baseline -0.001 -8"><span class='ocrx_word' id='word_1_86' title='bbox 201 662 256 696; x_wconf 83' lang='lat' dir='ltr'><strong><em>ipse</em></strong></span> <span class='ocrx_word' id='word_1_87' title='bbox 279 661 363 689; x_wconf 89' lang='lat' dir='ltr'><strong><em>ambit</em></strong></span> <span class='ocrx_word' id='word_1_88' title='bbox 382 662 472 689; x_wconf 84' lang='lat' dir='ltr'><strong><em>omnia</em></strong></span> <span class='ocrx_word' id='word_1_89' title='bbox 495 665 522 689; x_wconf 89' lang='lat' dir='ltr'><strong><em>et</em></strong></span> <span class='ocrx_word' id='word_1_90' title='bbox 544 661 737 696; x_wconf 82' lang='lat' dir='ltr'><strong><em>circumcingit.</em></strong></span> <span class='ocrx_word' id='word_1_91' title='bbox 759 660 786 688; x_wconf 90' lang='lat' dir='ltr'><strong><em>Si</em></strong></span> <span class='ocrx_word' id='word_1_92' title='bbox 812 668 876 696; x_wconf 84' lang='lat' dir='ltr'><strong><em>ergo</em></strong></span> <span class='ocrx_word' id='word_1_93' title='bbox 896 661 990 688; x_wconf 78' lang='lat' dir='ltr'><strong><em>cadum</em></strong></span> 
     </span>
    </p>
   </div>
   <div class='ocr_carea' id='block_1_14' title="bbox 201 707 992 743">
    <p class='ocr_par' dir='ltr' id='par_1_14' title="bbox 201 707 992 743">
     <span class='ocr_line' id='line_1_14' title="bbox 201 707 992 743; baseline -0.001 -9"><span class='ocrx_word' id='word_1_94' title='bbox 201 707 297 734; x_wconf 87' lang='lat' dir='ltr'><strong><em>habeat</em></strong></span> <span class='ocrx_word' id='word_1_95' title='bbox 323 708 432 742; x_wconf 85' lang='lat' dir='ltr'><strong><em>solium,</em></strong></span> <span class='ocrx_word' id='word_1_96' title='bbox 457 708 592 743; x_wconf 87' lang='lat' dir='ltr'><strong><em>quomodo</em></strong></span> <span class='ocrx_word' id='word_1_97' title='bbox 618 708 712 735; x_wconf 63' lang='lat' dir='ltr'><strong><em>caelum</em></strong></span> <span class='ocrx_word' id='word_1_98' title='bbox 738 708 826 742; x_wconf 88' lang='lat' dir='ltr'><strong><em>palmo</em></strong></span> <span class='ocrx_word' id='word_1_99' title='bbox 850 707 992 734; x_wconf 80' lang='lat' dir='ltr'><strong><em>metietur?</em></strong></span> 
     </span>
    </p>
   </div>
   <div class='ocr_carea' id='block_1_15' title="bbox 198 753 992 788">
    <p class='ocr_par' dir='ltr' id='par_1_15' title="bbox 198 753 992 788">
     <span class='ocr_line' id='line_1_15' title="bbox 198 753 992 788; baseline 0 -9"><span class='ocrx_word' id='word_1_100' title='bbox 198 753 333 788; x_wconf 84' lang='lat' dir='ltr'><strong><em>quomodo</em></strong></span> <span class='ocrx_word' id='word_1_101' title='bbox 351 754 428 781; x_wconf 88' lang='lat' dir='ltr'><strong><em>sedet</em></strong></span> <span class='ocrx_word' id='word_1_102' title='bbox 448 754 474 781; x_wconf 90' lang='lat' dir='ltr'><strong><em>in</em></strong></span> <span class='ocrx_word' id='word_1_103' title='bbox 492 754 577 781; x_wconf 65' lang='lat' dir='ltr'><strong><em>exulo?</em></strong></span> <span class='ocrx_word' id='word_1_104' title='bbox 591 753 687 781; x_wconf 72' lang='lat' dir='ltr'><strong><em>(‘ielnm</em></strong></span> <span class='ocrx_word' id='word_1_105' title='bbox 703 753 765 780; x_wconf 88' lang='lat' dir='ltr'><strong><em>mihi</em></strong></span> <span class='ocrx_word' id='word_1_106' title='bbox 777 753 846 780; x_wconf 72' lang='lat' dir='ltr'><strong><em>sedes</em></strong></span> <span class='ocrx_word' id='word_1_107' title='bbox 866 757 912 783; x_wconf 81' lang='lat' dir='ltr'><strong><em>est,</em></strong></span> <span class='ocrx_word' id='word_1_108' title='bbox 927 758 992 779; x_wconf 85' lang='lat' dir='ltr'><strong><em>terra</em></strong></span> 
     </span>
    </p>
   </div>
   <div class='ocr_carea' id='block_1_16' title="bbox 198 798 991 835">
    <p class='ocr_par' dir='ltr' id='par_1_16' title="bbox 198 798 991 835">
     <span class='ocr_line' id='line_1_16' title="bbox 198 798 991 835; baseline -0.003 -9"><span class='ocrx_word' id='word_1_109' title='bbox 198 806 282 826; x_wconf 74' lang='lat' dir='ltr'><strong><em>autem</em></strong></span> <span class='ocrx_word' id='word_1_110' title='bbox 294 800 431 827; x_wconf 75' lang='lat' dir='ltr'><strong><em>scabellum</em></strong></span> <span class='ocrx_word' id='word_1_111' title='bbox 445 801 537 835; x_wconf 79' lang='lat' dir='ltr'><strong><em>pedum</em></strong></span> <span class='ocrx_word' id='word_1_112' title='bbox 548 809 658 827; x_wconf 81' lang='lat' dir='ltr'><strong><em>meorum</em></strong></span> <span class='ocrx_word' id='word_1_113' title='bbox 670 800 746 835; x_wconf 86' lang='lat' dir='ltr'><strong><em>(Isai.</em></strong></span> <span class='ocrx_word' id='word_1_114' title='bbox 756 799 800 827; x_wconf 76' lang='grc'><strong><em>40.</em></strong></span> <span class='ocrx_word' id='word_1_115' title='bbox 812 798 866 834; x_wconf 71' lang='grc'><strong><em>12).</em></strong></span> <span class='ocrx_word' id='word_1_116' title='bbox 879 799 991 826; x_wconf 87' lang='lat' dir='ltr'><strong><em>Ubinam</em></strong></span> 
     </span>
    </p>
   </div>
   <div class='ocr_carea' id='block_1_17' title="bbox 199 846 993 882">
    <p class='ocr_par' dir='ltr' id='par_1_17' title="bbox 199 846 993 882">
     <span class='ocr_line' id='line_1_17' title="bbox 199 846 993 882; baseline -0.001 -10"><span class='ocrx_word' id='word_1_117' title='bbox 199 847 294 874; x_wconf 84' lang='lat' dir='ltr'><strong><em>sedet?</em></strong></span> <span class='ocrx_word' id='word_1_118' title='bbox 308 847 334 874; x_wconf 92' lang='lat' dir='ltr'><strong><em>in</em></strong></span> <span class='ocrx_word' id='word_1_119' title='bbox 353 847 419 874; x_wconf 68' lang='lat' dir='ltr'><strong><em>carlo</em></strong></span> <span class='ocrx_word' id='word_1_120' title='bbox 435 847 504 882; x_wconf 85' lang='lat' dir='ltr'><strong><em>quod</em></strong></span> <span class='ocrx_word' id='word_1_121' title='bbox 523 847 676 874; x_wconf 89' lang='lat' dir='ltr'><strong><em>cernimus?</em></strong></span> <span class='ocrx_word' id='word_1_122' title='bbox 690 846 782 874; x_wconf 60' lang='lat' dir='ltr'><strong><em>Stellae</em></strong></span> <span class='ocrx_word' id='word_1_123' title='bbox 804 852 866 872; x_wconf 88' lang='lat' dir='ltr'><strong><em>sunt</em></strong></span> <span class='ocrx_word' id='word_1_124' title='bbox 881 846 930 872; x_wconf 84' lang='lat' dir='ltr'><strong><em>sub</em></strong></span> <span class='ocrx_word' id='word_1_125' title='bbox 949 846 993 872; x_wconf 89' lang='lat' dir='ltr'><strong><em>lir-</em></strong></span> 
     </span>
    </p>
   </div>
   <div class='ocr_carea' id='block_1_18' title="bbox 202 891 992 928">
    <p class='ocr_par' dir='ltr' id='par_1_18' title="bbox 202 891 992 928">
     <span class='ocr_line' id='line_1_18' title="bbox 202 891 992 928; baseline -0.003 -9"><span class='ocrx_word' id='word_1_126' title='bbox 202 897 355 925; x_wconf 84' lang='lat' dir='ltr'><strong><em>tramcnto;</em></strong></span> <span class='ocrx_word' id='word_1_127' title='bbox 375 901 451 928; x_wconf 66' lang='lat' dir='ltr'><strong><em>aquae</em></strong></span> <span class='ocrx_word' id='word_1_128' title='bbox 474 900 555 927; x_wconf 80' lang='lat' dir='ltr'><strong><em>super</em></strong></span> <span class='ocrx_word' id='word_1_129' title='bbox 569 893 634 920; x_wconf 88' lang='lat' dir='ltr'><strong><em>illtld</em></strong></span> <span class='ocrx_word' id='word_1_130' title='bbox 653 893 746 927; x_wconf 78' lang='lat' dir='ltr'><strong><em>posita:</em></strong></span> <span class='ocrx_word' id='word_1_131' title='bbox 766 897 836 920; x_wconf 84' lang='lat' dir='ltr'><strong><em>sunt.</em></strong></span> <span class='ocrx_word' id='word_1_132' title='bbox 861 891 887 919; x_wconf 84' lang='lat' dir='ltr'><strong><em>Si</em></strong></span> <span class='ocrx_word' id='word_1_133' title='bbox 914 899 992 926; x_wconf 86' lang='lat' dir='ltr'><strong><em>supra</em></strong></span> 
     </span>
    </p>
   </div>
   <div class='ocr_carea' id='block_1_19' title="bbox 200 938 993 973">
    <p class='ocr_par' dir='ltr' id='par_1_19' title="bbox 200 938 993 973">
     <span class='ocr_line' id='line_1_19' title="bbox 200 938 993 973; baseline 0 -9"><span class='ocrx_word' id='word_1_134' title='bbox 200 938 285 970; x_wconf 77' lang='lat' dir='ltr'><strong><em>sedet,</em></strong></span> <span class='ocrx_word' id='word_1_135' title='bbox 309 946 360 966; x_wconf 91' lang='lat' dir='ltr'><strong><em>non</em></strong></span> <span class='ocrx_word' id='word_1_136' title='bbox 383 947 464 973; x_wconf 87' lang='lat' dir='ltr'><strong><em>super</em></strong></span> <span class='ocrx_word' id='word_1_137' title='bbox 484 939 574 970; x_wconf 64' lang='lat' dir='ltr'><strong><em>eiclos,</em></strong></span> <span class='ocrx_word' id='word_1_138' title='bbox 601 939 647 966; x_wconf 85' lang='lat' dir='ltr'><strong><em>sed</em></strong></span> <span class='ocrx_word' id='word_1_139' title='bbox 669 939 694 965; x_wconf 92' lang='lat' dir='ltr'><strong><em>in</em></strong></span> <span class='ocrx_word' id='word_1_140' title='bbox 711 939 850 973; x_wconf 83' lang='lat' dir='ltr'><strong><em>superiore</em></strong></span> <span class='ocrx_word' id='word_1_141' title='bbox 872 939 948 965; x_wconf 82' lang='lat' dir='ltr'><strong><em>crrlo.</em></strong></span> <span class='ocrx_word' id='word_1_142' title='bbox 965 938 993 966; x_wconf 88' lang='lat' dir='ltr'><strong><em>Si</em></strong></span> 
     </span>
    </p>
   </div>
   <div class='ocr_carea' id='block_1_20' title="bbox 201 984 991 1019">
    <p class='ocr_par' dir='ltr' id='par_1_20' title="bbox 201 984 991 1019">
     <span class='ocr_line' id='line_1_20' title="bbox 201 984 991 1019; baseline -0.001 -8"><span class='ocrx_word' id='word_1_143' title='bbox 201 985 276 1012; x_wconf 85' lang='lat' dir='ltr'><strong><em>sedet</em></strong></span> <span class='ocrx_word' id='word_1_144' title='bbox 286 985 405 1017; x_wconf 85' lang='lat' dir='ltr'><strong><em>omnino,</em></strong></span> <span class='ocrx_word' id='word_1_145' title='bbox 418 985 497 1012; x_wconf 89' lang='lat' dir='ltr'><strong><em>etiam</em></strong></span> <span class='ocrx_word' id='word_1_146' title='bbox 514 984 593 1018; x_wconf 82' lang='lat' dir='ltr'><strong><em>pedes</em></strong></span> <span class='ocrx_word' id='word_1_147' title='bbox 606 992 690 1019; x_wconf 88' lang='lat' dir='ltr'><strong><em>usque</em></strong></span> <span class='ocrx_word' id='word_1_148' title='bbox 704 984 736 1010; x_wconf 90' lang='lat' dir='ltr'><strong><em>ad</em></strong></span> <span class='ocrx_word' id='word_1_149' title='bbox 752 988 848 1011; x_wconf 88' lang='lat' dir='ltr'><strong><em>terram</em></strong></span> <span class='ocrx_word' id='word_1_150' title='bbox 867 984 991 1018; x_wconf 88' lang='lat' dir='ltr'><strong><em>pendent.</em></strong></span> 
     </span>
    </p>
   </div>
   <div class='ocr_carea' id='block_1_21' title="bbox 201 1029 992 1065">
    <p class='ocr_par' dir='ltr' id='par_1_21' title="bbox 201 1029 992 1065">
     <span class='ocr_line' id='line_1_21' title="bbox 201 1029 992 1065; baseline -0.001 -9"><span class='ocrx_word' id='word_1_151' title='bbox 201 1030 329 1057; x_wconf 87' lang='lat' dir='ltr'><strong><em>Talcmne</em></strong></span> <span class='ocrx_word' id='word_1_152' title='bbox 352 1030 463 1065; x_wconf 73' lang='lat' dir='ltr'><strong><em>figurati)</em></strong></span> <span class='ocrx_word' id='word_1_153' title='bbox 478 1030 609 1057; x_wconf 80' lang='lat' dir='ltr'><strong><em>adscribis</em></strong></span> <span class='ocrx_word' id='word_1_154' title='bbox 628 1030 666 1062; x_wconf 87' lang='lat' dir='ltr'><strong><em>ei,</em></strong></span> <span class='ocrx_word' id='word_1_155' title='bbox 681 1029 726 1064; x_wconf 89' lang='lat' dir='ltr'><strong><em>qui</em></strong></span> <span class='ocrx_word' id='word_1_156' title='bbox 742 1030 800 1056; x_wconf 79' lang='lat' dir='ltr'><strong><em>sine</em></strong></span> <span class='ocrx_word' id='word_1_157' title='bbox 822 1030 905 1064; x_wconf 78' lang='lat' dir='ltr'><strong><em>tigura</em></strong></span> <span class='ocrx_word' id='word_1_158' title='bbox 929 1030 992 1057; x_wconf 85' lang='lat' dir='ltr'><strong><em>est?</em></strong></span> 
     </span>
    </p>
   </div>
   <div class='ocr_carea' id='block_1_22' title="bbox 201 1075 994 1110">
    <p class='ocr_par' dir='ltr' id='par_1_22' title="bbox 201 1075 994 1110">
     <span class='ocr_line' id='line_1_22' title="bbox 201 1075 994 1110; baseline 0 -8"><span class='ocrx_word' id='word_1_159' title='bbox 201 1077 297 1102; x_wconf 88' lang='lat' dir='ltr'><strong><em>Annon</em></strong></span> <span class='ocrx_word' id='word_1_160' title='bbox 312 1076 421 1110; x_wconf 90' lang='lat' dir='ltr'><strong><em>impium</em></strong></span> <span class='ocrx_word' id='word_1_161' title='bbox 437 1080 477 1103; x_wconf 89' lang='lat' dir='ltr'><strong><em>est</em></strong></span> <span class='ocrx_word' id='word_1_162' title='bbox 492 1075 554 1102; x_wconf 91' lang='lat' dir='ltr'><strong><em>illud</em></strong></span> <span class='ocrx_word' id='word_1_163' title='bbox 570 1076 604 1102; x_wconf 91' lang='lat' dir='ltr'><strong><em>ita</em></strong></span> <span class='ocrx_word' id='word_1_164' title='bbox 617 1076 752 1110; x_wconf 79' lang='lat' dir='ltr'><strong><em>cogitare?</em></strong></span> <span class='ocrx_word' id='word_1_165' title='bbox 764 1076 885 1106; x_wconf 85' lang='lat' dir='ltr'><strong><em>Demum.</em></strong></span> <span class='ocrx_word' id='word_1_166' title='bbox 901 1076 922 1102; x_wconf 83' lang='lat' dir='ltr'><strong><em>si</em></strong></span> <span class='ocrx_word' id='word_1_167' title='bbox 937 1076 994 1110; x_wconf 78' lang='lat' dir='ltr'><strong><em>ejus</em></strong></span> 
     </span>
    </p>
   </div>
   <div class='ocr_carea' id='block_1_23' title="bbox 202 1115 994 1157">
    <p class='ocr_par' dir='ltr' id='par_1_23' title="bbox 202 1115 994 1157">
     <span class='ocr_line' id='line_1_23' title="bbox 202 1115 994 1157; baseline 0 -9"><span class='ocrx_word' id='word_1_168' title='bbox 202 1121 283 1156; x_wconf 83' lang='lat' dir='ltr'><strong><em>pedes</em></strong></span> <span class='ocrx_word' id='word_1_169' title='bbox 308 1126 406 1148; x_wconf 86' lang='lat' dir='ltr'><strong><em>terram</em></strong></span> <span class='ocrx_word' id='word_1_170' title='bbox 424 1122 537 1152; x_wconf 87' lang='lat' dir='ltr'><strong><em>calcant,</em></strong></span> <span class='ocrx_word' id='word_1_171' title='bbox 559 1121 692 1155; x_wconf 88' lang='lat' dir='ltr'><strong><em>quomodo</em></strong></span> <span class='ocrx_word' id='word_1_172' title='bbox 711 1115 994 1157; x_wconf 65' lang='lat' dir='ltr'><strong><em>serimusiquommlo</em></strong></span> 
     </span>
    </p>
   </div>
   <div class='ocr_carea' id='block_1_24' title="bbox 202 1167 994 1203">
    <p class='ocr_par' dir='ltr' id='par_1_24' title="bbox 202 1167 994 1203">
     <span class='ocr_line' id='line_1_24' title="bbox 202 1167 994 1203; baseline 0.003 -9"><span class='ocrx_word' id='word_1_173' title='bbox 202 1167 348 1194; x_wconf 90' lang='lat' dir='ltr'><strong><em>metimus?</em></strong></span> <span class='ocrx_word' id='word_1_174' title='bbox 362 1168 495 1201; x_wconf 88' lang='lat' dir='ltr'><strong><em>quomodo</em></strong></span> <span class='ocrx_word' id='word_1_175' title='bbox 511 1167 714 1202; x_wconf 88' lang='lat' dir='ltr'><strong><em>pertransimus,</em></strong></span> <span class='ocrx_word' id='word_1_176' title='bbox 731 1175 779 1194; x_wconf 90' lang='lat' dir='ltr'><strong><em>nec</em></strong></span> <span class='ocrx_word' id='word_1_177' title='bbox 792 1167 819 1194; x_wconf 91' lang='lat' dir='ltr'><strong><em>in</em></strong></span> <span class='ocrx_word' id='word_1_178' title='bbox 835 1168 917 1202; x_wconf 89' lang='lat' dir='ltr'><strong><em>pedes</em></strong></span> <span class='ocrx_word' id='word_1_179' title='bbox 936 1168 994 1203; x_wconf 88' lang='lat' dir='ltr'><strong><em>ejus</em></strong></span> 
     </span>
    </p>
   </div>
   <div class='ocr_carea' id='block_1_25' title="bbox 203 1213 994 1248">
    <p class='ocr_par' dir='ltr' id='par_1_25' title="bbox 203 1213 994 1248">
     <span class='ocr_line' id='line_1_25' title="bbox 203 1213 994 1248; baseline 0.003 -9"><span class='ocrx_word' id='word_1_180' title='bbox 203 1213 392 1248; x_wconf 84' lang='lat' dir='ltr'><strong><em>impingimus‘l</em></strong></span> <span class='ocrx_word' id='word_1_181' title='bbox 414 1213 555 1246; x_wconf 86' lang='lat' dir='ltr'><strong><em>Quomodo</em></strong></span> <span class='ocrx_word' id='word_1_182' title='bbox 576 1214 669 1240; x_wconf 68' lang='lat' dir='ltr'><strong><em>crelum</em></strong></span> <span class='ocrx_word' id='word_1_183' title='bbox 696 1214 784 1248; x_wconf 88' lang='lat' dir='ltr'><strong><em>palmo</em></strong></span> <span class='ocrx_word' id='word_1_184' title='bbox 805 1221 914 1242; x_wconf 85' lang='lat' dir='ltr'><strong><em>mensus</em></strong></span> <span class='ocrx_word' id='word_1_185' title='bbox 933 1215 994 1242; x_wconf 69' lang='lat' dir='ltr'><strong><em>est?</em></strong></span> 
     </span>
    </p>
   </div>
   <div class='ocr_carea' id='block_1_26' title="bbox 202 1259 995 1294">
    <p class='ocr_par' dir='ltr' id='par_1_26' title="bbox 202 1259 995 1294">
     <span class='ocr_line' id='line_1_26' title="bbox 202 1259 995 1294; baseline 0.001 -8"><span class='ocrx_word' id='word_1_186' title='bbox 202 1267 282 1294; x_wconf 84' lang='lat' dir='ltr'><strong><em>quant</em></strong></span> <span class='ocrx_word' id='word_1_187' title='bbox 298 1267 409 1294; x_wconf 79' lang='lat' dir='ltr'><strong><em>magnos</em></strong></span> <span class='ocrx_word' id='word_1_188' title='bbox 429 1259 520 1286; x_wconf 81' lang='lat' dir='ltr'><strong><em>habuit</em></strong></span> <span class='ocrx_word' id='word_1_189' title='bbox 533 1259 629 1294; x_wconf 82' lang='lat' dir='ltr'><strong><em>digitos</em></strong></span> <span class='ocrx_word' id='word_1_190' title='bbox 643 1260 815 1294; x_wconf 83' lang='lat' dir='ltr'><strong><em>proportione</em></strong></span> <span class='ocrx_word' id='word_1_191' title='bbox 828 1260 995 1288; x_wconf 78' lang='lat' dir='ltr'><strong><em>divinitatis?</em></strong></span> 
     </span>
    </p>
   </div>
   <div class='ocr_carea' id='block_1_27' title="bbox 203 1305 991 1342">
    <p class='ocr_par' dir='ltr' id='par_1_27' title="bbox 203 1305 991 1342">
     <span class='ocr_line' id='line_1_27' title="bbox 203 1305 991 1342; baseline 0.003 -11"><span class='ocrx_word' id='word_1_192' title='bbox 203 1310 230 1332; x_wconf 81' lang='lat' dir='ltr'><strong><em>et</em></strong></span> <span class='ocrx_word' id='word_1_193' title='bbox 243 1305 377 1340; x_wconf 86' lang='lat' dir='ltr'><strong><em>quomodo</em></strong></span> <span class='ocrx_word' id='word_1_194' title='bbox 399 1305 494 1332; x_wconf 89' lang='lat' dir='ltr'><strong><em>talibus</em></strong></span> <span class='ocrx_word' id='word_1_195' title='bbox 516 1306 604 1340; x_wconf 83' lang='lat' dir='ltr'><strong><em>digitis</em></strong></span> <span class='ocrx_word' id='word_1_196' title='bbox 627 1306 736 1341; x_wconf 81' lang='lat' dir='ltr'><strong><em>exiguas</em></strong></span> <span class='ocrx_word' id='word_1_197' title='bbox 757 1306 860 1334; x_wconf 89' lang='lat' dir='ltr'><strong><em>tabulas</em></strong></span> <span class='ocrx_word' id='word_1_198' title='bbox 876 1307 991 1342; x_wconf 78' lang='lat' dir='ltr'><strong><em>scripsit,</em></strong></span> 
     </span>
    </p>
   </div>
   <div class='ocr_carea' id='block_1_28' title="bbox 205 1351 993 1386">
    <p class='ocr_par' dir='ltr' id='par_1_28' title="bbox 205 1351 993 1386">
     <span class='ocr_line' id='line_1_28' title="bbox 205 1351 993 1386; baseline 0.003 -9"><span class='ocrx_word' id='word_1_199' title='bbox 205 1359 291 1385; x_wconf 85' lang='lat' dir='ltr'><strong><em>neque</em></strong></span> <span class='ocrx_word' id='word_1_200' title='bbox 311 1351 364 1378; x_wconf 87' lang='lat' dir='ltr'><strong><em>illis</em></strong></span> <span class='ocrx_word' id='word_1_201' title='bbox 389 1351 531 1386; x_wconf 87' lang='lat' dir='ltr'><strong><em>pluribus?</em></strong></span> <span class='ocrx_word' id='word_1_202' title='bbox 545 1351 599 1378; x_wconf 88' lang='lat' dir='ltr'><strong><em>Nos</em></strong></span> <span class='ocrx_word' id='word_1_203' title='bbox 624 1352 708 1379; x_wconf 89' lang='lat' dir='ltr'><strong><em>tribus</em></strong></span> <span class='ocrx_word' id='word_1_204' title='bbox 727 1352 817 1386; x_wconf 77' lang='lat' dir='ltr'><strong><em>digitis</em></strong></span> <span class='ocrx_word' id='word_1_205' title='bbox 842 1353 993 1385; x_wconf 85' lang='lat' dir='ltr'><strong><em>scribimus,</em></strong></span> 
     </span>
    </p>
   </div>
   <div class='ocr_carea' id='block_1_29' title="bbox 203 1397 996 1432">
    <p class='ocr_par' dir='ltr' id='par_1_29' title="bbox 203 1397 996 1432">
     <span class='ocr_line' id='line_1_29' title="bbox 203 1397 996 1432; baseline 0.003 -10"><span class='ocrx_word' id='word_1_206' title='bbox 203 1397 312 1432; x_wconf 78' lang='lat' dir='ltr'><strong><em>reliquis</em></strong></span> <span class='ocrx_word' id='word_1_207' title='bbox 327 1405 435 1431; x_wconf 77' lang='lat' dir='ltr'><strong><em>operarii</em></strong></span> <span class='ocrx_word' id='word_1_208' title='bbox 447 1397 660 1430; x_wconf 77' lang='lat' dir='ltr'><strong><em>conferentibus;</em></strong></span> <span class='ocrx_word' id='word_1_209' title='bbox 677 1398 745 1425; x_wconf 83' lang='lat' dir='ltr'><strong><em>Dens</em></strong></span> <span class='ocrx_word' id='word_1_210' title='bbox 761 1405 813 1425; x_wconf 93' lang='lat' dir='ltr'><strong><em>uno</em></strong></span> <span class='ocrx_word' id='word_1_211' title='bbox 823 1397 905 1432; x_wconf 80' lang='lat' dir='ltr'><strong><em>digito</em></strong></span> <span class='ocrx_word' id='word_1_212' title='bbox 920 1397 996 1424; x_wconf 89' lang='lat' dir='ltr'><strong><em>tabu-</em></strong></span> 
     </span>
    </p>
   </div>
   <div class='ocr_carea' id='block_1_30' title="bbox 205 1444 996 1479">
    <p class='ocr_par' dir='ltr' id='par_1_30' title="bbox 205 1444 996 1479">
     <span class='ocr_line' id='line_1_30' title="bbox 205 1444 996 1479; baseline 0 -9"><span class='ocrx_word' id='word_1_213' title='bbox 205 1445 244 1471; x_wconf 92' lang='lat' dir='ltr'><strong><em>las</em></strong></span> <span class='ocrx_word' id='word_1_214' title='bbox 258 1445 375 1478; x_wconf 82' lang='lat' dir='ltr'><strong><em>scripsit.</em></strong></span> <span class='ocrx_word' id='word_1_215' title='bbox 389 1444 514 1471; x_wconf 80' lang='lat' dir='ltr'><strong><em>Vidistin&#39;</em></strong></span> <span class='ocrx_word' id='word_1_216' title='bbox 528 1444 644 1479; x_wconf 81' lang='lat' dir='ltr'><strong><em>aliquem</em></strong></span> <span class='ocrx_word' id='word_1_217' title='bbox 657 1452 709 1471; x_wconf 91' lang='lat' dir='ltr'><strong><em>uno</em></strong></span> <span class='ocrx_word' id='word_1_218' title='bbox 723 1444 805 1479; x_wconf 81' lang='lat' dir='ltr'><strong><em>digito</em></strong></span> <span class='ocrx_word' id='word_1_219' title='bbox 816 1444 996 1472; x_wconf 84' lang='lat' dir='ltr'><strong><em>scribentem?</em></strong></span> 
     </span>
    </p>
   </div>
   <div class='ocr_carea' id='block_1_31' title="bbox 203 1489 804 1524">
    <p class='ocr_par' dir='ltr' id='par_1_31' title="bbox 203 1489 804 1524">
     <span class='ocr_line' id='line_1_31' title="bbox 203 1489 804 1524; baseline 0.002 -9"><span class='ocrx_word' id='word_1_220' title='bbox 203 1489 271 1516; x_wconf 81' lang='lat' dir='ltr'><strong><em>Sunt</em></strong></span> <span class='ocrx_word' id='word_1_221' title='bbox 285 1489 342 1516; x_wconf 73' lang='lat' dir='ltr'><strong><em>ila‘c</em></strong></span> <span class='ocrx_word' id='word_1_222' title='bbox 356 1489 439 1524; x_wconf 80' lang='lat' dir='ltr'><strong><em>magis</em></strong></span> <span class='ocrx_word' id='word_1_223' title='bbox 454 1490 607 1521; x_wconf 67' lang='lat' dir='ltr'><strong><em>scnlenlizc,</em></strong></span> <span class='ocrx_word' id='word_1_224' title='bbox 622 1497 700 1524; x_wconf 87' lang='lat' dir='ltr'><strong><em>quam</em></strong></span> <span class='ocrx_word' id='word_1_225' title='bbox 713 1490 804 1517; x_wconf 88' lang='lat' dir='ltr'><strong><em>verba.</em></strong></span> 
     </span>
    </p>
   </div>
   <div class='ocr_carea' id='block_1_32' title="bbox 239 1535 997 1572">
    <p class='ocr_par' dir='ltr' id='par_1_32' title="bbox 239 1535 997 1572">
     <span class='ocr_line' id='line_1_32' title="bbox 239 1535 997 1572; baseline 0.001 -10"><span class='ocrx_word' id='word_1_226' title='bbox 239 1538 266 1563; x_wconf 71' lang='grc'><strong><em>4.</em></strong></span> <span class='ocrx_word' id='word_1_227' title='bbox 287 1535 378 1572; x_wconf 80' lang='lat' dir='ltr'><strong><em>Imago</em></strong></span> <span class='ocrx_word' id='word_1_228' title='bbox 397 1536 444 1563; x_wconf 86' lang='lat' dir='ltr'><strong><em>Dei</em></strong></span> <span class='ocrx_word' id='word_1_229' title='bbox 459 1544 555 1568; x_wconf 81' lang='lat' dir='ltr'><strong><em>sumus,</em></strong></span> <span class='ocrx_word' id='word_1_230' title='bbox 569 1537 704 1571; x_wconf 86' lang='lat' dir='ltr'><strong><em>quomodo.</em></strong></span> <span class='ocrx_word' id='word_1_231' title='bbox 716 1551 753 1556; x_wconf 86' lang='lat'><strong><em>-—</em></strong></span> <span class='ocrx_word' id='word_1_232' title='bbox 766 1535 901 1564; x_wconf 79' lang='lat' dir='ltr'><strong><em>Faciamus</em></strong></span> <span class='ocrx_word' id='word_1_233' title='bbox 916 1537 997 1563; x_wconf 85' lang='lat' dir='ltr'><strong><em>homi-</em></strong></span> 
     </span>
    </p>
   </div>
   <div class='ocr_carea' id='block_1_33' title="bbox 204 1581 995 1618">
    <p class='ocr_par' dir='ltr' id='par_1_33' title="bbox 204 1581 995 1618">
     <span class='ocr_line' id='line_1_33' title="bbox 204 1581 995 1618; baseline 0.004 -10"><span class='ocrx_word' id='word_1_234' title='bbox 204 1591 262 1609; x_wconf 74' lang='lat' dir='ltr'><strong><em>item</em></strong></span> <span class='ocrx_word' id='word_1_235' title='bbox 274 1583 307 1609; x_wconf 83' lang='lat' dir='ltr'><strong><em>ad</em></strong></span> <span class='ocrx_word' id='word_1_236' title='bbox 321 1583 457 1617; x_wconf 83' lang='lat' dir='ltr'><strong><em>imaginem</em></strong></span> <span class='ocrx_word' id='word_1_237' title='bbox 470 1587 591 1610; x_wconf 72' lang='lat' dir='ltr'><strong><em>nostram.</em></strong></span> <span class='ocrx_word' id='word_1_238' title='bbox 607 1581 670 1610; x_wconf 76' lang='lat' dir='ltr'><strong><em>Vult</em></strong></span> <span class='ocrx_word' id='word_1_239' title='bbox 685 1583 755 1610; x_wconf 90' lang='lat' dir='ltr'><strong><em>Deus</em></strong></span> <span class='ocrx_word' id='word_1_240' title='bbox 774 1587 802 1610; x_wconf 89' lang='lat' dir='ltr'><strong><em>ut</em></strong></span> <span class='ocrx_word' id='word_1_241' title='bbox 820 1588 947 1618; x_wconf 90' lang='lat' dir='ltr'><strong><em>quantum</em></strong></span> <span class='ocrx_word' id='word_1_242' title='bbox 962 1586 995 1611; x_wconf 88' lang='lat' dir='ltr'><strong><em>ad</em></strong></span> 
     </span>
    </p>
   </div>
   <div class='ocr_carea' id='block_1_34' title="bbox 205 1627 996 1664">
    <p class='ocr_par' dir='ltr' id='par_1_34' title="bbox 205 1627 996 1664">
     <span class='ocr_line' id='line_1_34' title="bbox 205 1627 996 1664; baseline 0.001 -9"><span class='ocrx_word' id='word_1_243' title='bbox 205 1629 330 1655; x_wconf 83' lang='lat' dir='ltr'><strong><em>virtutem</em></strong></span> <span class='ocrx_word' id='word_1_244' title='bbox 349 1628 450 1656; x_wconf 88' lang='lat' dir='ltr'><strong><em>similes</em></strong></span> <span class='ocrx_word' id='word_1_245' title='bbox 464 1628 513 1663; x_wconf 90' lang='lat' dir='ltr'><strong><em>ipsi</em></strong></span> <span class='ocrx_word' id='word_1_246' title='bbox 526 1629 620 1655; x_wconf 86' lang='lat' dir='ltr'><strong><em>simus.</em></strong></span> <span class='ocrx_word' id='word_1_247' title='bbox 632 1627 700 1661; x_wconf 88' lang='lat' dir='ltr'><strong><em>Quid</em></strong></span> <span class='ocrx_word' id='word_1_248' title='bbox 714 1634 764 1661; x_wconf 88' lang='lat' dir='ltr'><strong><em>est,</em></strong></span> <span class='ocrx_word' id='word_1_249' title='bbox 786 1629 826 1655; x_wconf 83' lang='lat' dir='ltr'><strong><em>Ad</em></strong></span> <span class='ocrx_word' id='word_1_250' title='bbox 842 1630 996 1664; x_wconf 70' lang='lat' dir='ltr'><strong><em>imaginem!</em></strong></span> 
     </span>
    </p>
   </div>
   <div class='ocr_carea' id='block_1_35' title="bbox 207 1674 995 1710">
    <p class='ocr_par' dir='ltr' id='par_1_35' title="bbox 207 1674 995 1710">
     <span class='ocr_line' id='line_1_35' title="bbox 207 1674 995 1710; baseline 0.003 -10"><span class='ocrx_word' id='word_1_251' title='bbox 207 1675 276 1702; x_wconf 82' lang='lat' dir='ltr'><strong><em>Deus</em></strong></span> <span class='ocrx_word' id='word_1_252' title='bbox 293 1680 401 1702; x_wconf 85' lang='lat' dir='ltr'><strong><em>sanctus</em></strong></span> <span class='ocrx_word' id='word_1_253' title='bbox 424 1679 481 1707; x_wconf 82' lang='lat' dir='ltr'><strong><em>est;</em></strong></span> <span class='ocrx_word' id='word_1_254' title='bbox 503 1674 525 1701; x_wconf 90' lang='lat' dir='ltr'><strong><em>si</em></strong></span> <span class='ocrx_word' id='word_1_255' title='bbox 541 1675 626 1701; x_wconf 88' lang='lat' dir='ltr'><strong><em>sancti</em></strong></span> <span class='ocrx_word' id='word_1_256' title='bbox 647 1674 783 1707; x_wconf 78' lang='lat' dir='ltr'><strong><em>fuerimus,</em></strong></span> <span class='ocrx_word' id='word_1_257' title='bbox 801 1675 833 1702; x_wconf 88' lang='lat' dir='ltr'><strong><em>ad</em></strong></span> <span class='ocrx_word' id='word_1_258' title='bbox 853 1675 995 1710; x_wconf 79' lang='lat' dir='ltr'><strong><em>imaginem</em></strong></span> 
     </span>
    </p>
   </div>
   <div class='ocr_carea' id='block_1_36' title="bbox 206 1716 997 1756">
    <p class='ocr_par' dir='ltr' id='par_1_36' title="bbox 206 1716 997 1756">
     <span class='ocr_line' id='line_1_36' title="bbox 206 1716 997 1756; baseline 0.001 -9"><span class='ocrx_word' id='word_1_259' title='bbox 206 1720 253 1748; x_wconf 85' lang='lat' dir='ltr'><strong><em>Dei</em></strong></span> <span class='ocrx_word' id='word_1_260' title='bbox 268 1728 369 1748; x_wconf 72' lang='lat' dir='ltr'><strong><em>smnus.</em></strong></span> <span class='ocrx_word' id='word_1_261' title='bbox 387 1720 463 1753; x_wconf 89' lang='lat' dir='ltr'><strong><em>Nam,</em></strong></span> <span class='ocrx_word' id='word_1_262' title='bbox 482 1719 570 1747; x_wconf 71' lang='lat' dir='ltr'><strong><em>Estote</em></strong></span> <span class='ocrx_word' id='word_1_263' title='bbox 586 1721 676 1751; x_wconf 74' lang='lat' dir='ltr'><strong><em>sancti,</em></strong></span> <span class='ocrx_word' id='word_1_264' title='bbox 691 1722 749 1755; x_wconf 85' lang='lat' dir='ltr'><strong><em>quia</em></strong></span> <span class='ocrx_word' id='word_1_265' title='bbox 764 1729 808 1756; x_wconf 81' lang='lat' dir='ltr'><strong><em>ego</em></strong></span> <span class='ocrx_word' id='word_1_266' title='bbox 821 1726 923 1748; x_wconf 78' lang='lat' dir='ltr'><strong><em>sanctus</em></strong></span> <span class='ocrx_word' id='word_1_267' title='bbox 941 1716 997 1749; x_wconf 67' lang='lat' dir='ltr'><strong><em>sum</em></strong></span> 
     </span>
    </p>
   </div>
   <div class='ocr_carea' id='block_1_37' title="bbox 208 1766 997 1801">
    <p class='ocr_par' dir='ltr' id='par_1_37' title="bbox 208 1766 997 1801">
     <span class='ocr_line' id='line_1_37' title="bbox 208 1766 997 1801; baseline 0.003 -9"><span class='ocrx_word' id='word_1_268' title='bbox 208 1766 298 1797; x_wconf 68' lang='lat' dir='ltr'><strong><em>(Levii.</em></strong></span> <span class='ocrx_word' id='word_1_269' title='bbox 322 1767 365 1794; x_wconf 73' lang='grc'><strong><em>19.</em></strong></span> <span class='ocrx_word' id='word_1_270' title='bbox 388 1766 428 1800; x_wconf 75' lang='grc'><strong><em>2).</em></strong></span> <span class='ocrx_word' id='word_1_271' title='bbox 446 1766 515 1793; x_wconf 90' lang='lat' dir='ltr'><strong><em>Deus</em></strong></span> <span class='ocrx_word' id='word_1_272' title='bbox 528 1766 617 1800; x_wconf 87' lang='lat' dir='ltr'><strong><em>justus</em></strong></span> <span class='ocrx_word' id='word_1_273' title='bbox 639 1770 698 1798; x_wconf 87' lang='lat' dir='ltr'><strong><em>est;</em></strong></span> <span class='ocrx_word' id='word_1_274' title='bbox 720 1767 742 1793; x_wconf 91' lang='lat' dir='ltr'><strong><em>si</em></strong></span> <span class='ocrx_word' id='word_1_275' title='bbox 757 1767 886 1801; x_wconf 89' lang='lat' dir='ltr'><strong><em>justitiam</em></strong></span> <span class='ocrx_word' id='word_1_276' title='bbox 909 1772 997 1795; x_wconf 84' lang='lat' dir='ltr'><strong><em>secte-</em></strong></span> 
     </span>
    </p>
   </div>
   <div class='ocr_carea' id='block_1_38' title="bbox 208 1812 998 1847">
    <p class='ocr_par' dir='ltr' id='par_1_38' title="bbox 208 1812 998 1847">
     <span class='ocr_line' id='line_1_38' title="bbox 208 1812 998 1847; baseline 0 -8"><span class='ocrx_word' id='word_1_277' title='bbox 208 1820 277 1844; x_wconf 87' lang='lat' dir='ltr'><strong><em>mur,</em></strong></span> <span class='ocrx_word' id='word_1_278' title='bbox 296 1812 382 1847; x_wconf 74' lang='lat' dir='ltr'><strong><em>imago</em></strong></span> <span class='ocrx_word' id='word_1_279' title='bbox 398 1812 443 1839; x_wconf 91' lang='lat' dir='ltr'><strong><em>Dei</em></strong></span> <span class='ocrx_word' id='word_1_280' title='bbox 457 1820 559 1839; x_wconf 88' lang='lat' dir='ltr'><strong><em>sumus.</em></strong></span> <span class='ocrx_word' id='word_1_281' title='bbox 582 1812 647 1838; x_wconf 85' lang='lat' dir='ltr'><strong><em>Nam</em></strong></span> <span class='ocrx_word' id='word_1_282' title='bbox 661 1812 750 1839; x_wconf 73' lang='lat' dir='ltr'><strong><em>Justus</em></strong></span> <span class='ocrx_word' id='word_1_283' title='bbox 764 1812 896 1844; x_wconf 79' lang='lat' dir='ltr'><strong><em>Dominus,</em></strong></span> <span class='ocrx_word' id='word_1_284' title='bbox 922 1814 998 1847; x_wconf 80' lang='lat' dir='ltr'><strong><em>etju-</em></strong></span> 
     </span>
    </p>
   </div>
   <div class='ocr_carea' id='block_1_39' title="bbox 208 1858 995 1894">
    <p class='ocr_par' dir='ltr' id='par_1_39' title="bbox 208 1858 995 1894">
     <span class='ocr_line' id='line_1_39' title="bbox 208 1858 995 1894; baseline 0 -8"><span class='ocrx_word' id='word_1_285' title='bbox 208 1861 302 1887; x_wconf 80' lang='lat' dir='ltr'><strong><em>stitiam</em></strong></span> <span class='ocrx_word' id='word_1_286' title='bbox 317 1860 405 1886; x_wconf 74' lang='lat' dir='ltr'><strong><em>dilexit</em></strong></span> <span class='ocrx_word' id='word_1_287' title='bbox 428 1859 513 1894; x_wconf 71' lang='lat' dir='ltr'><strong><em>(Prol.</em></strong></span> <span class='ocrx_word' id='word_1_288' title='bbox 532 1860 573 1886; x_wconf 76' lang='grc'><strong><em>10.</em></strong></span> <span class='ocrx_word' id='word_1_289' title='bbox 588 1859 627 1894; x_wconf 85' lang='grc'><strong><em>8).</em></strong></span> <span class='ocrx_word' id='word_1_290' title='bbox 650 1858 678 1886; x_wconf 90' lang='lat' dir='ltr'><strong><em>Si</em></strong></span> <span class='ocrx_word' id='word_1_291' title='bbox 700 1859 887 1886; x_wconf 87' lang='lat' dir='ltr'><strong><em>tuisericordcs</em></strong></span> <span class='ocrx_word' id='word_1_292' title='bbox 902 1860 995 1892; x_wconf 89' lang='lat' dir='ltr'><strong><em>simus,</em></strong></span> 
     </span>
    </p>
   </div>
   <div class='ocr_carea' id='block_1_40' title="bbox 208 1905 997 1941">
    <p class='ocr_par' dir='ltr' id='par_1_40' title="bbox 208 1905 997 1941">
     <span class='ocr_line' id='line_1_40' title="bbox 208 1905 997 1941; baseline -0.003 -8"><span class='ocrx_word' id='word_1_293' title='bbox 208 1908 295 1941; x_wconf 74' lang='lat' dir='ltr'><strong><em>imago</em></strong></span> <span class='ocrx_word' id='word_1_294' title='bbox 310 1914 404 1933; x_wconf 85' lang='lat' dir='ltr'><strong><em>sumus</em></strong></span> <span class='ocrx_word' id='word_1_295' title='bbox 418 1906 474 1933; x_wconf 88' lang='lat' dir='ltr'><strong><em>Dei.</em></strong></span> <span class='ocrx_word' id='word_1_296' title='bbox 488 1905 531 1932; x_wconf 86' lang='lat' dir='ltr'><strong><em>Ait</em></strong></span> <span class='ocrx_word' id='word_1_297' title='bbox 543 1906 614 1932; x_wconf 87' lang='lat' dir='ltr'><strong><em>enim</em></strong></span> <span class='ocrx_word' id='word_1_298' title='bbox 634 1905 761 1932; x_wconf 84' lang='lat' dir='ltr'><strong><em>Servatur</em></strong></span> <span class='ocrx_word' id='word_1_299' title='bbox 776 1914 782 1932; x_wconf 87' lang='lat'><strong>:</strong></span> <span class='ocrx_word' id='word_1_300' title='bbox 797 1905 884 1932; x_wconf 75' lang='lat' dir='ltr'><strong><em>Eslole</em></strong></span> <span class='ocrx_word' id='word_1_301' title='bbox 899 1906 997 1932; x_wconf 78' lang='lat' dir='ltr'><strong><em>miseri-</em></strong></span> 
     </span>
    </p>
   </div>
   <div class='ocr_carea' id='block_1_41' title="bbox 209 1951 996 1987">
    <p class='ocr_par' dir='ltr' id='par_1_41' title="bbox 209 1951 996 1987">
     <span class='ocr_line' id='line_1_41' title="bbox 209 1951 996 1987; baseline 0 -9"><span class='ocrx_word' id='word_1_302' title='bbox 209 1953 308 1984; x_wconf 81' lang='lat' dir='ltr'><strong><em>cordes,</em></strong></span> <span class='ocrx_word' id='word_1_303' title='bbox 328 1952 391 1979; x_wconf 82' lang='lat' dir='ltr'><strong><em>sicut</em></strong></span> <span class='ocrx_word' id='word_1_304' title='bbox 407 1951 484 1978; x_wconf 86' lang='lat' dir='ltr'><strong><em>Pater</em></strong></span> <span class='ocrx_word' id='word_1_305' title='bbox 497 1956 576 1978; x_wconf 73' lang='lat' dir='ltr'><strong><em>vester</em></strong></span> <span class='ocrx_word' id='word_1_306' title='bbox 597 1951 737 1978; x_wconf 76' lang='lat' dir='ltr'><strong><em>misericors</em></strong></span> <span class='ocrx_word' id='word_1_307' title='bbox 757 1956 792 1978; x_wconf 82' lang='lat' dir='ltr'><strong><em>est</em></strong></span> <span class='ocrx_word' id='word_1_308' title='bbox 807 1951 881 1986; x_wconf 90' lang='lat' dir='ltr'><strong><em>(an.</em></strong></span> <span class='ocrx_word' id='word_1_309' title='bbox 898 1953 923 1979; x_wconf 87' lang='lat'><strong><em>6.</em></strong></span> <span class='ocrx_word' id='word_1_310' title='bbox 940 1952 996 1987; x_wconf 81' lang='grc'><strong><em>56).</em></strong></span> 
     </span>
    </p>
   </div>
   <div class='ocr_carea' id='block_1_42' title="bbox 209 1997 998 2033">
    <p class='ocr_par' dir='ltr' id='par_1_42' title="bbox 209 1997 998 2033">
     <span class='ocr_line' id='line_1_42' title="bbox 209 1997 998 2033; baseline -0.001 -8"><span class='ocrx_word' id='word_1_311' title='bbox 209 1998 290 2025; x_wconf 80' lang='lat' dir='ltr'><strong><em>Vides</em></strong></span> <span class='ocrx_word' id='word_1_312' title='bbox 312 2006 363 2033; x_wconf 86' lang='lat' dir='ltr'><strong><em>qua</em></strong></span> <span class='ocrx_word' id='word_1_313' title='bbox 386 1998 411 2024; x_wconf 92' lang='lat' dir='ltr'><strong><em>in</em></strong></span> <span class='ocrx_word' id='word_1_314' title='bbox 426 2002 500 2032; x_wconf 84' lang='lat' dir='ltr'><strong><em>parte</em></strong></span> <span class='ocrx_word' id='word_1_315' title='bbox 523 1998 558 2024; x_wconf 85' lang='lat' dir='ltr'><strong><em>sit</em></strong></span> <span class='ocrx_word' id='word_1_316' title='bbox 579 1997 687 2031; x_wconf 75' lang='lat' dir='ltr'><strong><em>imago?</em></strong></span> <span class='ocrx_word' id='word_1_317' title='bbox 710 1997 832 2024; x_wconf 86' lang='lat' dir='ltr'><strong><em>Ostendit</em></strong></span> <span class='ocrx_word' id='word_1_318' title='bbox 854 2002 881 2024; x_wconf 85' lang='lat' dir='ltr'><strong><em>el.</em></strong></span> <span class='ocrx_word' id='word_1_319' title='bbox 901 1997 998 2024; x_wconf 85' lang='lat' dir='ltr'><strong><em>Paulus</em></strong></span> 
     </span>
    </p>
   </div>
   <div class='ocr_carea' id='block_1_43' title="bbox 209 2043 999 2078">
    <p class='ocr_par' dir='ltr' id='par_1_43' title="bbox 209 2043 999 2078">
     <span class='ocr_line' id='line_1_43' title="bbox 209 2043 999 2078; baseline -0.003 -7"><span class='ocrx_word' id='word_1_320' title='bbox 209 2045 351 2078; x_wconf 73' lang='lat' dir='ltr'><strong><em>imaginem</em></strong></span> <span class='ocrx_word' id='word_1_321' title='bbox 364 2052 371 2076; x_wconf 90' lang='lat'><strong>;</strong></span> <span class='ocrx_word' id='word_1_322' title='bbox 384 2044 421 2071; x_wconf 87' lang='lat' dir='ltr'><strong><em>ait</em></strong></span> <span class='ocrx_word' id='word_1_323' title='bbox 436 2044 506 2070; x_wconf 87' lang='lat' dir='ltr'><strong><em>enim</em></strong></span> <span class='ocrx_word' id='word_1_324' title='bbox 521 2053 527 2070; x_wconf 86' lang='lat'>:</span> <span class='ocrx_word' id='word_1_325' title='bbox 541 2043 633 2070; x_wconf 69' lang='lat' dir='ltr'><strong><em>Exuite</em></strong></span> <span class='ocrx_word' id='word_1_326' title='bbox 653 2051 696 2070; x_wconf 79' lang='lat' dir='ltr'><strong><em>vos</em></strong></span> <span class='ocrx_word' id='word_1_327' title='bbox 710 2048 816 2070; x_wconf 75' lang='lat' dir='ltr'><strong><em>celerem</em></strong></span> <span class='ocrx_word' id='word_1_328' title='bbox 836 2043 962 2070; x_wconf 79' lang='lat' dir='ltr'><strong><em>hominem</em></strong></span> <span class='ocrx_word' id='word_1_329' title='bbox 976 2049 999 2069; x_wconf 81' lang='lat' dir='ltr'><strong><em>et</em></strong></span> 
     </span>
    </p>
   </div>
   <div class='ocr_carea' id='block_1_44' title="bbox 207 2089 999 2125">
    <p class='ocr_par' dir='ltr' id='par_1_44' title="bbox 207 2089 999 2125">
     <span class='ocr_line' id='line_1_44' title="bbox 207 2089 999 2125; baseline 0 -9"><span class='ocrx_word' id='word_1_330' title='bbox 207 2091 305 2118; x_wconf 84' lang='lat' dir='ltr'><strong><em>induite</em></strong></span> <span class='ocrx_word' id='word_1_331' title='bbox 316 2099 417 2123; x_wconf 77' lang='lat' dir='ltr'><strong><em>nouunt,</em></strong></span> <span class='ocrx_word' id='word_1_332' title='bbox 433 2091 476 2125; x_wconf 89' lang='lat' dir='ltr'><strong><em>qui</em></strong></span> <span class='ocrx_word' id='word_1_333' title='bbox 484 2090 622 2117; x_wconf 84' lang='lat' dir='ltr'><strong><em>secundum</em></strong></span> <span class='ocrx_word' id='word_1_334' title='bbox 638 2089 718 2116; x_wconf 77' lang='lat' dir='ltr'><strong><em>Deum</em></strong></span> <span class='ocrx_word' id='word_1_335' title='bbox 729 2095 827 2116; x_wconf 74' lang='lat' dir='ltr'><strong><em>creatus</em></strong></span> <span class='ocrx_word' id='word_1_336' title='bbox 839 2095 875 2116; x_wconf 81' lang='lat' dir='ltr'><strong><em>est</em></strong></span> <span class='ocrx_word' id='word_1_337' title='bbox 889 2089 915 2116; x_wconf 84' lang='lat' dir='ltr'><strong><em>in</em></strong></span> <span class='ocrx_word' id='word_1_338' title='bbox 927 2090 999 2124; x_wconf 85' lang='lat' dir='ltr'><strong><em>agni—</em></strong></span> 
     </span>
    </p>
   </div>
   <div class='ocr_carea' id='block_1_45' title="bbox 209 2135 999 2172">
    <p class='ocr_par' dir='ltr' id='par_1_45' title="bbox 209 2135 999 2172">
     <span class='ocr_line' id='line_1_45' title="bbox 209 2135 999 2172; baseline -0.005 -7"><span class='ocrx_word' id='word_1_339' title='bbox 209 2139 276 2165; x_wconf 87' lang='lat' dir='ltr'><strong><em>Iione</em></strong></span> <span class='ocrx_word' id='word_1_340' title='bbox 296 2138 418 2169; x_wconf 73' lang='lat' dir='ltr'><strong><em>veritatis,</em></strong></span> <span class='ocrx_word' id='word_1_341' title='bbox 443 2137 582 2163; x_wconf 81' lang='lat' dir='ltr'><strong><em>secundum</em></strong></span> <span class='ocrx_word' id='word_1_342' title='bbox 609 2136 742 2172; x_wconf 83' lang='lat' dir='ltr'><strong><em>imaginem</em></strong></span> <span class='ocrx_word' id='word_1_343' title='bbox 765 2136 819 2170; x_wconf 74' lang='lat' dir='ltr'><strong><em>eius</em></strong></span> <span class='ocrx_word' id='word_1_344' title='bbox 842 2136 885 2170; x_wconf 87' lang='lat' dir='ltr'><strong><em>qui</em></strong></span> <span class='ocrx_word' id='word_1_345' title='bbox 907 2135 999 2162; x_wconf 80' lang='lat' dir='ltr'><strong><em>creavit</em></strong></span> 
     </span>
    </p>
   </div>
   <div class='ocr_carea' id='block_1_46' title="bbox 208 2181 999 2221">
    <p class='ocr_par' dir='ltr' id='par_1_46' title="bbox 208 2181 999 2221">
     <span class='ocr_line' id='line_1_46' title="bbox 208 2181 999 2221; baseline -0.005 -10"><span class='ocrx_word' id='word_1_346' title='bbox 208 2194 264 2212; x_wconf 75' lang='lat' dir='ltr'><strong><em>cum</em></strong></span> <span class='ocrx_word' id='word_1_347' title='bbox 285 2184 352 2221; x_wconf 85' lang='lat' dir='ltr'><strong><em>(Col.</em></strong></span> <span class='ocrx_word' id='word_1_348' title='bbox 368 2185 394 2211; x_wconf 78' lang='grc'><strong><em>5.</em></strong></span> <span class='ocrx_word' id='word_1_349' title='bbox 418 2186 444 2212; x_wconf 88' lang='lat'><strong><em>9.</em></strong></span> <span class='ocrx_word' id='word_1_350' title='bbox 465 2183 521 2219; x_wconf 81' lang='grc'><strong><em>10).</em></strong></span> <span class='ocrx_word' id='word_1_351' title='bbox 543 2183 624 2210; x_wconf 77' lang='lat' dir='ltr'><strong><em>Vides</em></strong></span> <span class='ocrx_word' id='word_1_352' title='bbox 650 2183 790 2210; x_wconf 82' lang='lat' dir='ltr'><strong><em>virtutibus</em></strong></span> <span class='ocrx_word' id='word_1_353' title='bbox 817 2182 905 2214; x_wconf 85' lang='lat' dir='ltr'><strong><em>tribui,</em></strong></span> <span class='ocrx_word' id='word_1_354' title='bbox 929 2181 999 2216; x_wconf 88' lang='lat' dir='ltr'><strong><em>quod</em></strong></span> 
     </span>
    </p>
   </div>
   <div class='ocr_carea' id='block_1_47' title="bbox 209 2228 1000 2266">
    <p class='ocr_par' dir='ltr' id='par_1_47' title="bbox 209 2228 1000 2266">
     <span class='ocr_line' id='line_1_47' title="bbox 209 2228 1000 2266; baseline -0.006 -8"><span class='ocrx_word' id='word_1_355' title='bbox 209 2232 347 2266; x_wconf 80' lang='lat' dir='ltr'><strong><em>Scriptura</em></strong></span> <span class='ocrx_word' id='word_1_356' title='bbox 369 2230 443 2261; x_wconf 80' lang='lat' dir='ltr'><strong><em>dicit,</em></strong></span> <span class='ocrx_word' id='word_1_357' title='bbox 469 2229 509 2255; x_wconf 76' lang='lat' dir='ltr'><strong><em>Ad</em></strong></span> <span class='ocrx_word' id='word_1_358' title='bbox 531 2229 664 2264; x_wconf 83' lang='lat' dir='ltr'><strong><em>imaginem</em></strong></span> <span class='ocrx_word' id='word_1_359' title='bbox 684 2229 815 2254; x_wconf 67' lang='lat' dir='ltr'><strong><em>nostrum?</em></strong></span> <span class='ocrx_word' id='word_1_360' title='bbox 839 2228 867 2254; x_wconf 86' lang='lat' dir='ltr'><strong><em>in</em></strong></span> <span class='ocrx_word' id='word_1_361' title='bbox 889 2235 942 2261; x_wconf 90' lang='lat' dir='ltr'><strong><em>quo</em></strong></span> <span class='ocrx_word' id='word_1_362' title='bbox 961 2233 1000 2254; x_wconf 70' lang='lat' dir='ltr'><strong><em>Cal</em></strong></span> 
     </span>
    </p>
   </div>
   <div class='ocr_carea' id='block_1_48' title="bbox 209 2273 1001 2312">
    <p class='ocr_par' dir='ltr' id='par_1_48' title="bbox 209 2273 1001 2312">
     <span class='ocr_line' id='line_1_48' title="bbox 209 2273 1001 2312; baseline -0.008 -7"><span class='ocrx_word' id='word_1_363' title='bbox 209 2279 276 2305; x_wconf 89' lang='lat' dir='ltr'><strong><em>ratio</em></strong></span> <span class='ocrx_word' id='word_1_364' title='bbox 300 2276 440 2312; x_wconf 77' lang='lat' dir='ltr'><strong><em>imaginis?</em></strong></span> <span class='ocrx_word' id='word_1_365' title='bbox 456 2276 482 2302; x_wconf 88' lang='lat' dir='ltr'><strong><em>in</em></strong></span> <span class='ocrx_word' id='word_1_366' title='bbox 497 2280 627 2310; x_wconf 84' lang='lat' dir='ltr'><strong><em>potestate</em></strong></span> <span class='ocrx_word' id='word_1_367' title='bbox 648 2275 710 2302; x_wconf 87' lang='lat' dir='ltr'><strong><em>item</em></strong></span> <span class='ocrx_word' id='word_1_368' title='bbox 724 2284 730 2300; x_wconf 90' lang='lat'><strong>:</strong></span> <span class='ocrx_word' id='word_1_369' title='bbox 743 2273 870 2308; x_wconf 83' lang='lat' dir='ltr'><strong><em>Imperent</em></strong></span> <span class='ocrx_word' id='word_1_370' title='bbox 892 2274 1001 2309; x_wconf 77' lang='lat' dir='ltr'><strong><em>piscibus</em></strong></span> 
     </span>
    </p>
   </div>
   <div class='ocr_carea' id='block_1_49' title="bbox 209 2320 999 2359">
    <p class='ocr_par' dir='ltr' id='par_1_49' title="bbox 209 2320 999 2359">
     <span class='ocr_line' id='line_1_49' title="bbox 209 2320 999 2359; baseline -0.006 -8"><span class='ocrx_word' id='word_1_371' title='bbox 209 2326 297 2358; x_wconf 73' lang='lat' dir='ltr'><strong><em>maris,</em></strong></span> <span class='ocrx_word' id='word_1_372' title='bbox 312 2329 339 2359; x_wconf 63' lang='lat' dir='ltr'><strong><em>et</em></strong></span> <span class='ocrx_word' id='word_1_373' title='bbox 347 2323 490 2351; x_wconf 73' lang='lat' dir='ltr'><strong><em>volatilibus</em></strong></span> <span class='ocrx_word' id='word_1_374' title='bbox 504 2322 570 2354; x_wconf 70' lang='lat' dir='ltr'><strong><em>cwli,</em></strong></span> <span class='ocrx_word' id='word_1_375' title='bbox 584 2328 606 2349; x_wconf 83' lang='lat' dir='ltr'><strong><em>et</em></strong></span> <span class='ocrx_word' id='word_1_376' title='bbox 620 2321 710 2352; x_wconf 72' lang='lat' dir='ltr'><strong><em>bestiis,</em></strong></span> <span class='ocrx_word' id='word_1_377' title='bbox 726 2325 748 2347; x_wconf 88' lang='lat' dir='ltr'><strong><em>et</em></strong></span> <span class='ocrx_word' id='word_1_378' title='bbox 762 2320 902 2355; x_wconf 75' lang='lat' dir='ltr'><strong><em>reptilibus,</em></strong></span> <span class='ocrx_word' id='word_1_379' title='bbox 919 2325 941 2347; x_wconf 86' lang='lat' dir='ltr'><strong><em>et</em></strong></span> <span class='ocrx_word' id='word_1_380' title='bbox 952 2323 999 2355; x_wconf 85' lang='lat' dir='ltr'><strong><em>ju-</em></strong></span> 
     </span>
    </p>
   </div>
   <div class='ocr_carea' id='block_1_50' title="bbox 209 2366 1002 2403">
    <p class='ocr_par' dir='ltr' id='par_1_50' title="bbox 209 2366 1002 2403">
     <span class='ocr_line' id='line_1_50' title="bbox 209 2366 1002 2403; baseline -0.003 -7"><span class='ocrx_word' id='word_1_381' title='bbox 209 2372 306 2402; x_wconf 76' lang='lat' dir='ltr'><strong><em>mmtis.</em></strong></span> <span class='ocrx_word' id='word_1_382' title='bbox 322 2376 344 2397; x_wconf 83' lang='lat' dir='ltr'><strong><em>et</em></strong></span> <span class='ocrx_word' id='word_1_383' title='bbox 367 2371 488 2396; x_wconf 75' lang='lat' dir='ltr'><strong><em>tmiversa:</em></strong></span> <span class='ocrx_word' id='word_1_384' title='bbox 502 2375 575 2396; x_wconf 70' lang='lat' dir='ltr'><strong><em>terra:</em></strong></span> <span class='ocrx_word' id='word_1_385' title='bbox 588 2366 665 2403; x_wconf 84' lang='lat' dir='ltr'><strong><em>(Gen.</em></strong></span> <span class='ocrx_word' id='word_1_386' title='bbox 689 2369 714 2394; x_wconf 81' lang='grc' dir='ltr'><strong><em>Ι,</em></strong></span> <span class='ocrx_word' id='word_1_387' title='bbox 735 2366 790 2402; x_wconf 77' lang='grc'><strong><em>26).</em></strong></span> <span class='ocrx_word' id='word_1_388' title='bbox 807 2366 829 2394; x_wconf 96' lang='grc' dir='ltr'><strong>Ο</strong></span> <span class='ocrx_word' id='word_1_389' title='bbox 843 2367 889 2394; x_wconf 86' lang='lat' dir='ltr'><strong><em>Dei</em></strong></span> <span class='ocrx_word' id='word_1_390' title='bbox 905 2375 1002 2394; x_wconf 83' lang='lat' dir='ltr'><strong><em>conse-</em></strong></span> 
     </span>
    </p>
   </div>
   <div class='ocr_carea' id='block_1_51' title="bbox 209 2413 999 2449">
    <p class='ocr_par' dir='ltr' id='par_1_51' title="bbox 209 2413 999 2449">
     <span class='ocr_line' id='line_1_51' title="bbox 209 2413 999 2449; baseline -0.003 -7"><span class='ocrx_word' id='word_1_391' title='bbox 209 2421 335 2449; x_wconf 84' lang='lat' dir='ltr'><strong><em>quentem</em></strong></span> <span class='ocrx_word' id='word_1_392' title='bbox 347 2416 486 2443; x_wconf 82' lang='lat' dir='ltr'><strong><em>ordinem!</em></strong></span> <span class='ocrx_word' id='word_1_393' title='bbox 503 2422 518 2442; x_wconf 87' lang='grc' dir='ltr'>ο</span> <span class='ocrx_word' id='word_1_394' title='bbox 533 2414 672 2441; x_wconf 78' lang='lat' dir='ltr'><strong><em>verborum</em></strong></span> <span class='ocrx_word' id='word_1_395' title='bbox 687 2417 838 2440; x_wconf 85' lang='lat' dir='ltr'><strong><em>accuratam</em></strong></span> <span class='ocrx_word' id='word_1_396' title='bbox 853 2413 999 2440; x_wconf 86' lang='lat' dir='ltr'><strong><em>rationem!</em></strong></span> 
     </span>
    </p>
   </div>
   <div class='ocr_carea' id='block_1_52' title="bbox 209 2458 1000 2496">
    <p class='ocr_par' dir='ltr' id='par_1_52' title="bbox 209 2458 1000 2496">
     <span class='ocr_line' id='line_1_52' title="bbox 209 2458 1000 2496; baseline -0.005 -8"><span class='ocrx_word' id='word_1_397' title='bbox 209 2463 262 2489; x_wconf 67' lang='lat' dir='ltr'><strong><em>Cur</em></strong></span> <span class='ocrx_word' id='word_1_398' title='bbox 278 2462 345 2488; x_wconf 81' lang='lat' dir='ltr'><strong><em>dixit</em></strong></span> <span class='ocrx_word' id='word_1_399' title='bbox 370 2462 454 2496; x_wconf 88' lang='lat' dir='ltr'><strong><em>prius,</em></strong></span> <span class='ocrx_word' id='word_1_400' title='bbox 478 2460 587 2487; x_wconf 64' lang='lat' dir='ltr'><strong><em>Prius-int</em></strong></span> <span class='ocrx_word' id='word_1_401' title='bbox 608 2459 716 2493; x_wconf 79' lang='lat' dir='ltr'><strong><em>piscibus</em></strong></span> <span class='ocrx_word' id='word_1_402' title='bbox 736 2458 832 2484; x_wconf 75' lang='lat' dir='ltr'><strong><em>muris?</em></strong></span> <span class='ocrx_word' id='word_1_403' title='bbox 849 2458 1000 2485; x_wconf 82' lang='lat' dir='ltr'><strong><em>Secundum</em></strong></span> 
     </span>
    </p>
   </div>
   <div class='ocr_carea' id='block_1_53' title="bbox 209 2504 999 2537">
    <p class='ocr_par' dir='ltr' id='par_1_53' title="bbox 209 2504 999 2537">
     <span class='ocr_line' id='line_1_53' title="bbox 209 2504 999 2537; baseline -0.003 -5"><span class='ocrx_word' id='word_1_404' title='bbox 209 2508 331 2535; x_wconf 81' lang='lat' dir='ltr'><strong><em>ordinem</em></strong></span> <span class='ocrx_word' id='word_1_405' title='bbox 359 2507 503 2534; x_wconf 86' lang='lat' dir='ltr'><strong><em>creationis</em></strong></span> <span class='ocrx_word' id='word_1_406' title='bbox 538 2510 579 2532; x_wconf 78' lang='lat' dir='ltr'><strong><em>est</em></strong></span> <span class='ocrx_word' id='word_1_407' title='bbox 608 2505 675 2531; x_wconf 90' lang='lat' dir='ltr'><strong><em>ordo</em></strong></span> <span class='ocrx_word' id='word_1_408' title='bbox 702 2504 902 2531; x_wconf 86' lang='lat' dir='ltr'><strong><em>dominationis.</em></strong></span> <span class='ocrx_word' id='word_1_409' title='bbox 933 2505 999 2537; x_wconf 84' lang='lat' dir='ltr'><strong><em>Quia</em></strong></span> 
     </span>
    </p>
   </div>
   <div class='ocr_carea' id='block_1_54' title="bbox 212 2550 1000 2587">
    <p class='ocr_par' dir='ltr' id='par_1_54' title="bbox 212 2550 1000 2587">
     <span class='ocr_line' id='line_1_54' title="bbox 212 2550 1000 2587; baseline -0.005 -7"><span class='ocrx_word' id='word_1_410' title='bbox 212 2553 288 2587; x_wconf 81' lang='lat' dir='ltr'><strong><em>primi</em></strong></span> <span class='ocrx_word' id='word_1_411' title='bbox 304 2561 336 2580; x_wconf 79' lang='lat' dir='ltr'><strong><em>ex</em></strong></span> <span class='ocrx_word' id='word_1_412' title='bbox 352 2553 418 2579; x_wconf 88' lang='lat' dir='ltr'><strong><em>mari</em></strong></span> <span class='ocrx_word' id='word_1_413' title='bbox 434 2551 496 2579; x_wconf 88' lang='lat' dir='ltr'><strong><em>facti</em></strong></span> <span class='ocrx_word' id='word_1_414' title='bbox 522 2556 583 2578; x_wconf 87' lang='lat' dir='ltr'><strong><em>sunt</em></strong></span> <span class='ocrx_word' id='word_1_415' title='bbox 604 2553 691 2586; x_wconf 75' lang='lat' dir='ltr'><strong><em>pisces</em></strong></span> <span class='ocrx_word' id='word_1_416' title='bbox 715 2555 742 2578; x_wconf 90' lang='lat' dir='ltr'><strong><em>et</em></strong></span> <span class='ocrx_word' id='word_1_417' title='bbox 762 2550 891 2582; x_wconf 79' lang='lat' dir='ltr'><strong><em>volatilia,</em></strong></span> <span class='ocrx_word' id='word_1_418' title='bbox 909 2554 1000 2584; x_wconf 86' lang='lat' dir='ltr'><strong><em>postea</em></strong></span> 
     </span>
    </p>
   </div>
   <div class='ocr_carea' id='block_1_55' title="bbox 210 2595 1000 2632">
    <p class='ocr_par' dir='ltr' id='par_1_55' title="bbox 210 2595 1000 2632">
     <span class='ocr_line' id='line_1_55' title="bbox 210 2595 1000 2632; baseline -0.006 -6"><span class='ocrx_word' id='word_1_419' title='bbox 210 2607 275 2626; x_wconf 73' lang='lat' dir='ltr'><strong><em>vero</em></strong></span> <span class='ocrx_word' id='word_1_420' title='bbox 296 2606 329 2626; x_wconf 76' lang='lat' dir='ltr'><strong><em>ex</em></strong></span> <span class='ocrx_word' id='word_1_421' title='bbox 345 2603 413 2625; x_wconf 87' lang='lat' dir='ltr'><strong><em>terra</em></strong></span> <span class='ocrx_word' id='word_1_422' title='bbox 428 2596 613 2632; x_wconf 83' lang='lat' dir='ltr'><strong><em>quadrupedes</em></strong></span> <span class='ocrx_word' id='word_1_423' title='bbox 636 2600 663 2623; x_wconf 85' lang='lat' dir='ltr'><strong><em>et</em></strong></span> <span class='ocrx_word' id='word_1_424' title='bbox 679 2596 778 2631; x_wconf 89' lang='lat' dir='ltr'><strong><em>reliqua</em></strong></span> <span class='ocrx_word' id='word_1_425' title='bbox 800 2602 905 2630; x_wconf 83' lang='lat' dir='ltr'><strong><em>pecora,</em></strong></span> <span class='ocrx_word' id='word_1_426' title='bbox 922 2595 1000 2622; x_wconf 84' lang='lat' dir='ltr'><strong><em>indu-</em></strong></span> 
     </span>
    </p>
   </div>
   <div class='ocr_carea' id='block_1_56' title="bbox 210 2641 1000 2680">
    <p class='ocr_par' dir='ltr' id='par_1_56' title="bbox 210 2641 1000 2680">
     <span class='ocr_line' id='line_1_56' title="bbox 210 2641 1000 2680; baseline -0.006 -9"><span class='ocrx_word' id='word_1_427' title='bbox 210 2647 246 2672; x_wconf 78' lang='lat' dir='ltr'><strong><em>cit.</em></strong></span> <span class='ocrx_word' id='word_1_428' title='bbox 262 2645 334 2680; x_wconf 88' lang='lat' dir='ltr'><strong><em>prius</em></strong></span> <span class='ocrx_word' id='word_1_429' title='bbox 353 2652 384 2671; x_wconf 88' lang='lat' dir='ltr'><strong><em>ea</em></strong></span> <span class='ocrx_word' id='word_1_430' title='bbox 399 2651 458 2679; x_wconf 65' lang='lat' dir='ltr'><strong><em>qua:</em></strong></span> <span class='ocrx_word' id='word_1_431' title='bbox 472 2644 558 2679; x_wconf 87' lang='lat' dir='ltr'><strong><em>priora</em></strong></span> <span class='ocrx_word' id='word_1_432' title='bbox 573 2642 640 2670; x_wconf 83' lang='lat' dir='ltr'><strong><em>facta</em></strong></span> <span class='ocrx_word' id='word_1_433' title='bbox 656 2646 728 2670; x_wconf 90' lang='lat' dir='ltr'><strong><em>sunt.</em></strong></span> <span class='ocrx_word' id='word_1_434' title='bbox 750 2641 860 2668; x_wconf 72' lang='lat' dir='ltr'><strong><em>Prmint</em></strong></span> <span class='ocrx_word' id='word_1_435' title='bbox 881 2641 1000 2675; x_wconf 76' lang='lat' dir='ltr'><strong><em>piscibus,</em></strong></span> 
     </span>
    </p>
   </div>
   <div class='ocr_carea' id='block_1_57' title="bbox 210 2688 999 2725">
    <p class='ocr_par' dir='ltr' id='par_1_57' title="bbox 210 2688 999 2725">
     <span class='ocr_line' id='line_1_57' title="bbox 210 2688 999 2725; baseline -0.008 -6"><span class='ocrx_word' id='word_1_436' title='bbox 210 2699 232 2719; x_wconf 79' lang='lat' dir='ltr'><strong><em>et</em></strong></span> <span class='ocrx_word' id='word_1_437' title='bbox 257 2691 411 2725; x_wconf 78' lang='lat' dir='ltr'><strong><em>volatilibus,</em></strong></span> <span class='ocrx_word' id='word_1_438' title='bbox 438 2696 462 2718; x_wconf 86' lang='lat' dir='ltr'><strong><em>et</em></strong></span> <span class='ocrx_word' id='word_1_439' title='bbox 487 2691 579 2723; x_wconf 68' lang='lat' dir='ltr'><strong><em>bestiis,</em></strong></span> <span class='ocrx_word' id='word_1_440' title='bbox 606 2695 630 2717; x_wconf 81' lang='lat' dir='ltr'><strong><em>et</em></strong></span> <span class='ocrx_word' id='word_1_441' title='bbox 662 2688 802 2724; x_wconf 73' lang='lat' dir='ltr'><strong><em>reptilibus,</em></strong></span> <span class='ocrx_word' id='word_1_442' title='bbox 823 2693 847 2715; x_wconf 86' lang='lat' dir='ltr'><strong><em>et</em></strong></span> <span class='ocrx_word' id='word_1_443' title='bbox 867 2688 999 2723; x_wconf 73' lang='lat' dir='ltr'><strong><em>jumcntia.</em></strong></span> 
     </span>
    </p>
   </div>
   <div class='ocr_carea' id='block_1_58' title="bbox 210 2733 1001 2772">
    <p class='ocr_par' dir='ltr' id='par_1_58' title="bbox 210 2733 1001 2772">
     <span class='ocr_line' id='line_1_58' title="bbox 210 2733 1001 2772; baseline -0.008 -7"><span class='ocrx_word' id='word_1_444' title='bbox 210 2737 388 2772; x_wconf 82' lang='lat' dir='ltr'><strong><em>Quamobrem</em></strong></span> <span class='ocrx_word' id='word_1_445' title='bbox 400 2742 454 2764; x_wconf 89' lang='lat' dir='ltr'><strong><em>tres</em></strong></span> <span class='ocrx_word' id='word_1_446' title='bbox 468 2736 543 2771; x_wconf 91' lang='lat' dir='ltr'><strong><em>pueri</em></strong></span> <span class='ocrx_word' id='word_1_447' title='bbox 559 2735 746 2764; x_wconf 89' lang='lat' dir='ltr'><strong><em>benedicentes</em></strong></span> <span class='ocrx_word' id='word_1_448' title='bbox 761 2735 786 2761; x_wconf 88' lang='lat' dir='ltr'><strong><em>in</em></strong></span> <span class='ocrx_word' id='word_1_449' title='bbox 803 2734 910 2761; x_wconf 80' lang='lat' dir='ltr'><strong><em>fornace</em></strong></span> <span class='ocrx_word' id='word_1_450' title='bbox 925 2733 1001 2760; x_wconf 89' lang='lat' dir='ltr'><strong><em>ordi-</em></strong></span> 
     </span>
    </p>
   </div>
   <div class='ocr_carea' id='block_1_59' title="bbox 209 2779 1002 2814">
    <p class='ocr_par' dir='ltr' id='par_1_59' title="bbox 209 2779 1002 2814">
     <span class='ocr_line' id='line_1_59' title="bbox 209 2779 1002 2814; baseline -0.01 -1"><span class='ocrx_word' id='word_1_451' title='bbox 209 2793 270 2813; x_wconf 88' lang='lat' dir='ltr'><strong><em>nem</em></strong></span> <span class='ocrx_word' id='word_1_452' title='bbox 292 2788 418 2811; x_wconf 86' lang='lat' dir='ltr'><strong><em>servant:</em></strong></span> <span class='ocrx_word' id='word_1_453' title='bbox 436 2792 444 2808; x_wconf 74' lang='grc' dir='ltr'>ι</span> <span class='ocrx_word' id='word_1_454' title='bbox 460 2781 627 2814; x_wconf 83' lang='lat' dir='ltr'><strong><em>Benedicite,</em></strong></span> <span class='ocrx_word' id='word_1_455' title='bbox 653 2780 735 2807; x_wconf 87' lang='lat' dir='ltr'><strong><em>maria</em></strong></span> <span class='ocrx_word' id='word_1_456' title='bbox 756 2783 783 2806; x_wconf 85' lang='lat' dir='ltr'><strong><em>et</em></strong></span> <span class='ocrx_word' id='word_1_457' title='bbox 803 2779 921 2810; x_wconf 80' lang='lat' dir='ltr'><strong><em>ﬂumina,</em></strong></span> <span class='ocrx_word' id='word_1_458' title='bbox 948 2779 1002 2805; x_wconf 86' lang='lat' dir='ltr'><strong><em>Do-</em></strong></span> 
     </span>
    </p>
   </div>
   <div class='ocr_carea' id='block_1_60' title="bbox 212 2827 1000 2862">
    <p class='ocr_par' dir='ltr' id='par_1_60' title="bbox 212 2827 1000 2862">
     <span class='ocr_line' id='line_1_60' title="bbox 212 2827 1000 2862; baseline -0.008 -2"><span class='ocrx_word' id='word_1_459' title='bbox 212 2832 295 2860; x_wconf 87' lang='lat' dir='ltr'><strong><em>mino.</em></strong></span> <span class='ocrx_word' id='word_1_460' title='bbox 319 2830 480 2862; x_wconf 77' lang='lat' dir='ltr'><strong><em>Bcncdicitc,</em></strong></span> <span class='ocrx_word' id='word_1_461' title='bbox 501 2833 558 2857; x_wconf 80' lang='lat' dir='ltr'><strong><em>cete</em></strong></span> <span class='ocrx_word' id='word_1_462' title='bbox 582 2833 607 2856; x_wconf 89' lang='lat' dir='ltr'><strong><em>et</em></strong></span> <span class='ocrx_word' id='word_1_463' title='bbox 629 2827 717 2855; x_wconf 82' lang='lat' dir='ltr'><strong><em>omnia</em></strong></span> <span class='ocrx_word' id='word_1_464' title='bbox 733 2834 792 2860; x_wconf 77' lang='lat' dir='ltr'><strong><em>qua:</em></strong></span> <span class='ocrx_word' id='word_1_465' title='bbox 814 2832 954 2854; x_wconf 83' lang='lat' dir='ltr'><strong><em>moventur</em></strong></span> <span class='ocrx_word' id='word_1_466' title='bbox 975 2827 1000 2854; x_wconf 92' lang='lat' dir='ltr'><strong><em>in</em></strong></span> 
     </span>
    </p>
   </div>
   <div class='ocr_carea' id='block_1_61' title="bbox 264 2942 270 2954">
    <p class='ocr_par' dir='ltr' id='par_1_61' title="bbox 264 2942 270 2954">
     <span class='ocr_line' id='line_1_61' title="bbox 264 2942 270 2954; baseline 0 0"><span class='ocrx_word' id='word_1_467' title='bbox 264 2942 270 2954; x_wconf 83' lang='lat'><em>\</em></span> 
     </span>
    </p>
   </div>
   <div class='ocr_carea' id='block_1_62' title="bbox 1785 101 1838 127">
    <p class='ocr_par' dir='ltr' id='par_1_62' title="bbox 1785 101 1838 127">
     <span class='ocr_line' id='line_1_62' title="bbox 1785 101 1838 127; baseline -0.019 0"><span class='ocrx_word' id='word_1_468' title='bbox 1785 101 1838 127; x_wconf 72' lang='grc'><strong><em>476</em></strong></span> 
     </span>
    </p>
   </div>
   <div class='ocr_carea' id='block_1_63' title="bbox 1043 152 1838 191">
    <p class='ocr_par' dir='ltr' id='par_1_63' title="bbox 1043 152 1838 191">
     <span class='ocr_line' id='line_1_63' title="bbox 1043 152 1838 191; baseline 0.009 -12"><span class='ocrx_word' id='word_1_469' title='bbox 1043 153 1129 187; x_wconf 75' lang='lat' dir='ltr'><strong><em>aquis,</em></strong></span> <span class='ocrx_word' id='word_1_470' title='bbox 1146 152 1268 180; x_wconf 86' lang='lat' dir='ltr'><strong><em>Domino.</em></strong></span> <span class='ocrx_word' id='word_1_471' title='bbox 1283 155 1442 188; x_wconf 75' lang='lat' dir='ltr'><strong><em>Benedicitc,</em></strong></span> <span class='ocrx_word' id='word_1_472' title='bbox 1454 163 1548 183; x_wconf 80' lang='lat' dir='ltr'><strong><em>omnes</em></strong></span> <span class='ocrx_word' id='word_1_473' title='bbox 1563 157 1685 185; x_wconf 80' lang='lat' dir='ltr'><strong><em>volucres</em></strong></span> <span class='ocrx_word' id='word_1_474' title='bbox 1699 158 1768 191; x_wconf 68' lang='lat' dir='ltr'><strong><em>celi,</em></strong></span> <span class='ocrx_word' id='word_1_475' title='bbox 1784 159 1838 186; x_wconf 84' lang='lat' dir='ltr'><strong><em>Do-</em></strong></span> 
     </span>
    </p>
   </div>
   <div class='ocr_carea' id='block_1_64' title="bbox 1047 198 1836 237">
    <p class='ocr_par' dir='ltr' id='par_1_64' title="bbox 1047 198 1836 237">
     <span class='ocr_line' id='line_1_64' title="bbox 1047 198 1836 237; baseline 0.01 -13"><span class='ocrx_word' id='word_1_476' title='bbox 1047 199 1128 225; x_wconf 88' lang='lat' dir='ltr'><strong><em>mino.</em></strong></span> <span class='ocrx_word' id='word_1_477' title='bbox 1147 198 1307 233; x_wconf 64' lang='lat' dir='ltr'><strong><em>Bcnedirite,</em></strong></span> <span class='ocrx_word' id='word_1_478' title='bbox 1325 201 1415 227; x_wconf 79' lang='lat' dir='ltr'><strong><em>bestiae</em></strong></span> <span class='ocrx_word' id='word_1_479' title='bbox 1437 206 1463 228; x_wconf 86' lang='lat' dir='ltr'><strong><em>et</em></strong></span> <span class='ocrx_word' id='word_1_480' title='bbox 1484 210 1591 236; x_wconf 87' lang='lat' dir='ltr'><strong><em>pecora.</em></strong></span> <span class='ocrx_word' id='word_1_481' title='bbox 1614 203 1775 237; x_wconf 81' lang='lat' dir='ltr'><strong><em>Benedicite,</em></strong></span> <span class='ocrx_word' id='word_1_482' title='bbox 1791 206 1836 233; x_wconf 85' lang='lat' dir='ltr'><strong><em>ﬁlii</em></strong></span> 
     </span>
    </p>
   </div>
   <div class='ocr_carea' id='block_1_65' title="bbox 1045 245 1836 283">
    <p class='ocr_par' dir='ltr' id='par_1_65' title="bbox 1045 245 1836 283">
     <span class='ocr_line' id='line_1_65' title="bbox 1045 245 1836 283; baseline 0.009 -12"><span class='ocrx_word' id='word_1_483' title='bbox 1045 245 1180 272; x_wconf 83' lang='lat' dir='ltr'><strong><em>hominum</em></strong></span> <span class='ocrx_word' id='word_1_484' title='bbox 1194 256 1203 271; x_wconf 74' lang='grc' dir='ltr'><strong><em>ι</em></strong></span> <span class='ocrx_word' id='word_1_485' title='bbox 1221 246 1300 282; x_wconf 77' lang='lat' dir='ltr'><strong><em>(Dan.</em></strong></span> <span class='ocrx_word' id='word_1_486' title='bbox 1310 246 1461 282; x_wconf 70' lang='lat'><strong><em>2.78.—82).</em></strong></span> <span class='ocrx_word' id='word_1_487' title='bbox 1479 248 1535 274; x_wconf 87' lang='lat' dir='ltr'><strong><em>Alia</em></strong></span> <span class='ocrx_word' id='word_1_488' title='bbox 1545 255 1701 283; x_wconf 84' lang='lat' dir='ltr'><strong><em>supererant</em></strong></span> <span class='ocrx_word' id='word_1_489' title='bbox 1711 251 1836 278; x_wconf 38' lang='lat' dir='ltr'><strong><em>conside‘</em></strong></span> 
     </span>
    </p>
   </div>
   <div class='ocr_carea' id='block_1_66' title="bbox 1044 292 1839 331">
    <p class='ocr_par' dir='ltr' id='par_1_66' title="bbox 1044 292 1839 331">
     <span class='ocr_line' id='line_1_66' title="bbox 1044 292 1839 331; baseline 0.006 -13"><span class='ocrx_word' id='word_1_490' title='bbox 1044 292 1144 323; x_wconf 88' lang='lat' dir='ltr'><strong><em>randa;</em></strong></span> <span class='ocrx_word' id='word_1_491' title='bbox 1164 293 1209 319; x_wconf 89' lang='lat' dir='ltr'><strong><em>sed</em></strong></span> <span class='ocrx_word' id='word_1_492' title='bbox 1229 293 1262 320; x_wconf 90' lang='lat' dir='ltr'><strong><em>ad</em></strong></span> <span class='ocrx_word' id='word_1_493' title='bbox 1282 294 1447 328; x_wconf 83' lang='lat' dir='ltr'><strong><em>propositum</em></strong></span> <span class='ocrx_word' id='word_1_494' title='bbox 1471 298 1645 322; x_wconf 61' lang='lat' dir='ltr'><strong><em>rexertmnur.</em></strong></span> <span class='ocrx_word' id='word_1_495' title='bbox 1672 295 1705 322; x_wconf 80' lang='lat' dir='ltr'><strong><em>Et</em></strong></span> <span class='ocrx_word' id='word_1_496' title='bbox 1720 297 1839 331; x_wconf 78' lang='lat' dir='ltr'><strong><em>formavit</em></strong></span> 
     </span>
    </p>
   </div>
   <div class='ocr_carea' id='block_1_67' title="bbox 1044 337 1839 374">
    <p class='ocr_par' dir='ltr' id='par_1_67' title="bbox 1044 337 1839 374">
     <span class='ocr_line' id='line_1_67' title="bbox 1044 337 1839 374; baseline 0.008 -11"><span class='ocrx_word' id='word_1_497' title='bbox 1044 337 1114 364; x_wconf 65' lang='lat' dir='ltr'><strong><em>Dens</em></strong></span> <span class='ocrx_word' id='word_1_498' title='bbox 1127 337 1251 364; x_wconf 78' lang='lat' dir='ltr'><strong><em>hominem</em></strong></span> <span class='ocrx_word' id='word_1_499' title='bbox 1266 338 1339 374; x_wconf 72' lang='lat' dir='ltr'><strong><em>(Gen.</em></strong></span> <span class='ocrx_word' id='word_1_500' title='bbox 1353 338 1380 365; x_wconf 72' lang='lat'><strong><em>2.</em></strong></span> <span class='ocrx_word' id='word_1_501' title='bbox 1398 340 1436 373; x_wconf 90' lang='lat'><strong><em>7).</em></strong></span> <span class='ocrx_word' id='word_1_502' title='bbox 1452 339 1510 366; x_wconf 68' lang='lat' dir='ltr'><strong><em>Non</em></strong></span> <span class='ocrx_word' id='word_1_503' title='bbox 1529 341 1686 374; x_wconf 78' lang='lat' dir='ltr'><strong><em>simpliciter</em></strong></span> <span class='ocrx_word' id='word_1_504' title='bbox 1698 341 1775 374; x_wconf 71' lang='lat' dir='ltr'><strong><em>dixit,</em></strong></span> <span class='ocrx_word' id='word_1_505' title='bbox 1789 342 1839 369; x_wconf 72' lang='lat' dir='ltr'><strong><em>Fr-</em></strong></span> 
     </span>
    </p>
   </div>
   <div class='ocr_carea' id='block_1_68' title="bbox 1044 383 1839 416">
    <p class='ocr_par' dir='ltr' id='par_1_68' title="bbox 1044 383 1839 416">
     <span class='ocr_line' id='line_1_68' title="bbox 1044 383 1839 416; baseline 0.009 -7"><span class='ocrx_word' id='word_1_506' title='bbox 1044 383 1096 414; x_wconf 86' lang='lat' dir='ltr'><strong><em>cit;</em></strong></span> <span class='ocrx_word' id='word_1_507' title='bbox 1117 383 1174 414; x_wconf 80' lang='lat' dir='ltr'><strong><em>sed.</em></strong></span> <span class='ocrx_word' id='word_1_508' title='bbox 1201 383 1340 410; x_wconf 85' lang='lat' dir='ltr'><strong><em>Formavit.</em></strong></span> <span class='ocrx_word' id='word_1_509' title='bbox 1367 384 1504 412; x_wconf 84' lang='lat' dir='ltr'><strong><em>Formatio</em></strong></span> <span class='ocrx_word' id='word_1_510' title='bbox 1521 385 1618 413; x_wconf 77' lang='lat' dir='ltr'><strong><em>dicitur</em></strong></span> <span class='ocrx_word' id='word_1_511' title='bbox 1638 386 1672 413; x_wconf 87' lang='lat' dir='ltr'><strong><em>de</em></strong></span> <span class='ocrx_word' id='word_1_512' title='bbox 1691 386 1789 416; x_wconf 81' lang='lat' dir='ltr'><strong><em>decore</em></strong></span> <span class='ocrx_word' id='word_1_513' title='bbox 1812 393 1839 416; x_wconf 86' lang='lat' dir='ltr'><strong><em>et</em></strong></span> 
     </span>
    </p>
   </div>
   <div class='ocr_carea' id='block_1_69' title="bbox 1018 430 1836 467">
    <p class='ocr_par' dir='ltr' id='par_1_69' title="bbox 1018 430 1836 467">
     <span class='ocr_line' id='line_1_69' title="bbox 1018 430 1836 467; baseline 0.005 -12"><span class='ocrx_word' id='word_1_514' title='bbox 1018 455 1022 459; x_wconf 80' lang='grc'><em>,</em></span> <span class='ocrx_word' id='word_1_515' title='bbox 1044 434 1157 458; x_wconf 82' lang='lat' dir='ltr'><strong><em>ornatu;</em></strong></span> <span class='ocrx_word' id='word_1_516' title='bbox 1175 434 1203 456; x_wconf 88' lang='lat' dir='ltr'><strong><em>ut</em></strong></span> <span class='ocrx_word' id='word_1_517' title='bbox 1215 430 1320 464; x_wconf 84' lang='lat' dir='ltr'><strong><em>quando</em></strong></span> <span class='ocrx_word' id='word_1_518' title='bbox 1339 430 1435 465; x_wconf 82' lang='lat' dir='ltr'><strong><em>aliquis</em></strong></span> <span class='ocrx_word' id='word_1_519' title='bbox 1450 431 1542 458; x_wconf 83' lang='lat' dir='ltr'><strong><em>videns</em></strong></span> <span class='ocrx_word' id='word_1_520' title='bbox 1563 432 1709 460; x_wconf 68' lang='lat' dir='ltr'><strong><em>formusum</em></strong></span> <span class='ocrx_word' id='word_1_521' title='bbox 1723 434 1836 467; x_wconf 84' lang='lat' dir='ltr'><strong><em>vultum,</em></strong></span> 
     </span>
    </p>
   </div>
   <div class='ocr_carea' id='block_1_70' title="bbox 1045 476 1838 510">
    <p class='ocr_par' dir='ltr' id='par_1_70' title="bbox 1045 476 1838 510">
     <span class='ocr_line' id='line_1_70' title="bbox 1045 476 1838 510; baseline 0.008 -9"><span class='ocrx_word' id='word_1_522' title='bbox 1045 476 1105 509; x_wconf 90' lang='lat' dir='ltr'><strong><em>quia</em></strong></span> <span class='ocrx_word' id='word_1_523' title='bbox 1121 476 1230 510; x_wconf 87' lang='lat' dir='ltr'><strong><em>pulchre</em></strong></span> <span class='ocrx_word' id='word_1_524' title='bbox 1245 476 1411 504; x_wconf 80' lang='lat' dir='ltr'><strong><em>ell&#39;ormatum</em></strong></span> <span class='ocrx_word' id='word_1_525' title='bbox 1433 482 1483 510; x_wconf 85' lang='lat' dir='ltr'><strong><em>est,</em></strong></span> <span class='ocrx_word' id='word_1_526' title='bbox 1508 478 1581 509; x_wconf 84' lang='lat' dir='ltr'><strong><em>dicit,</em></strong></span> <span class='ocrx_word' id='word_1_527' title='bbox 1597 478 1666 505; x_wconf 75' lang='lat' dir='ltr'><strong><em>Nihil</em></strong></span> <span class='ocrx_word' id='word_1_528' title='bbox 1680 478 1744 506; x_wconf 85' lang='lat' dir='ltr'><strong><em>fecit</em></strong></span> <span class='ocrx_word' id='word_1_529' title='bbox 1768 479 1838 507; x_wconf 86' lang='lat' dir='ltr'><strong><em>Deus</em></strong></span> 
     </span>
    </p>
   </div>
   <div class='ocr_carea' id='block_1_71' title="bbox 1045 521 1837 557">
    <p class='ocr_par' dir='ltr' id='par_1_71' title="bbox 1045 521 1837 557">
     <span class='ocr_line' id='line_1_71' title="bbox 1045 521 1837 557; baseline 0.006 -9"><span class='ocrx_word' id='word_1_530' title='bbox 1045 521 1198 556; x_wconf 88' lang='lat' dir='ltr'><strong><em>incorpore</em></strong></span> <span class='ocrx_word' id='word_1_531' title='bbox 1223 527 1318 557; x_wconf 70' lang='lat' dir='ltr'><strong><em>prwtcr</em></strong></span> <span class='ocrx_word' id='word_1_532' title='bbox 1332 523 1468 555; x_wconf 87' lang='lat' dir='ltr'><strong><em>decorum,</em></strong></span> <span class='ocrx_word' id='word_1_533' title='bbox 1493 524 1540 551; x_wconf 80' lang='lat' dir='ltr'><strong><em>Sed</em></strong></span> <span class='ocrx_word' id='word_1_534' title='bbox 1563 529 1591 551; x_wconf 87' lang='lat' dir='ltr'><strong><em>et</em></strong></span> <span class='ocrx_word' id='word_1_535' title='bbox 1610 523 1709 552; x_wconf 85' lang='lat' dir='ltr'><strong><em>decoro</em></strong></span> <span class='ocrx_word' id='word_1_536' title='bbox 1732 530 1759 553; x_wconf 88' lang='lat' dir='ltr'><strong><em>et</em></strong></span> <span class='ocrx_word' id='word_1_537' title='bbox 1779 527 1837 553; x_wconf 85' lang='lat' dir='ltr'><strong><em>usui</em></strong></span> 
     </span>
    </p>
   </div>
   <div class='ocr_carea' id='block_1_72' title="bbox 1045 571 1838 606">
    <p class='ocr_par' dir='ltr' id='par_1_72' title="bbox 1045 571 1838 606">
     <span class='ocr_line' id='line_1_72' title="bbox 1045 571 1838 606; baseline 0.006 -11"><span class='ocrx_word' id='word_1_538' title='bbox 1045 571 1189 604; x_wconf 61' lang='lat' dir='ltr'><strong><em>prospexit.</em></strong></span> <span class='ocrx_word' id='word_1_539' title='bbox 1206 571 1324 605; x_wconf 77' lang='lat' dir='ltr'><strong><em>Exempli</em></strong></span> <span class='ocrx_word' id='word_1_540' title='bbox 1338 579 1428 603; x_wconf 88' lang='lat' dir='ltr'><strong><em>causa,</em></strong></span> <span class='ocrx_word' id='word_1_541' title='bbox 1444 571 1536 598; x_wconf 86' lang='lat' dir='ltr'><strong><em>oculus</em></strong></span> <span class='ocrx_word' id='word_1_542' title='bbox 1551 571 1605 598; x_wconf 87' lang='lat' dir='ltr'><strong><em>duo</em></strong></span> <span class='ocrx_word' id='word_1_543' title='bbox 1619 572 1708 606; x_wconf 83' lang='lat' dir='ltr'><strong><em>habet,</em></strong></span> <span class='ocrx_word' id='word_1_544' title='bbox 1721 580 1797 600; x_wconf 86' lang='lat' dir='ltr'><strong><em>usum</em></strong></span> <span class='ocrx_word' id='word_1_545' title='bbox 1812 578 1838 600; x_wconf 86' lang='lat' dir='ltr'><strong><em>et</em></strong></span> 
     </span>
    </p>
   </div>
   <div class='ocr_carea' id='block_1_73' title="bbox 1045 617 1837 652">
    <p class='ocr_par' dir='ltr' id='par_1_73' title="bbox 1045 617 1837 652">
     <span class='ocr_line' id='line_1_73' title="bbox 1045 617 1837 652; baseline 0.004 -9"><span class='ocrx_word' id='word_1_546' title='bbox 1045 617 1167 644; x_wconf 83' lang='lat' dir='ltr'><strong><em>decorem</em></strong></span> <span class='ocrx_word' id='word_1_547' title='bbox 1184 627 1189 643; x_wconf 92' lang='lat'>:</span> <span class='ocrx_word' id='word_1_548' title='bbox 1207 626 1266 644; x_wconf 86' lang='lat' dir='ltr'><strong><em>nam</em></strong></span> <span class='ocrx_word' id='word_1_549' title='bbox 1286 623 1312 645; x_wconf 84' lang='lat' dir='ltr'><strong><em>et</em></strong></span> <span class='ocrx_word' id='word_1_550' title='bbox 1325 618 1407 648; x_wconf 60' lang='lat' dir='ltr'><strong><em>videt.</em></strong></span> <span class='ocrx_word' id='word_1_551' title='bbox 1424 623 1451 645; x_wconf 88' lang='lat' dir='ltr'><strong><em>et</em></strong></span> <span class='ocrx_word' id='word_1_552' title='bbox 1471 623 1609 646; x_wconf 73' lang='lat' dir='ltr'><strong><em>venustum</em></strong></span> <span class='ocrx_word' id='word_1_553' title='bbox 1625 619 1710 646; x_wconf 87' lang='lat' dir='ltr'><strong><em>reddit</em></strong></span> <span class='ocrx_word' id='word_1_554' title='bbox 1724 619 1837 652; x_wconf 81' lang='lat' dir='ltr'><strong><em>vultum,</em></strong></span> 
     </span>
    </p>
   </div>
   <div class='ocr_carea' id='block_1_74' title="bbox 1045 661 1838 698">
    <p class='ocr_par' dir='ltr' id='par_1_74' title="bbox 1045 661 1838 698">
     <span class='ocr_line' id='line_1_74' title="bbox 1045 661 1838 698; baseline 0.004 -10"><span class='ocrx_word' id='word_1_555' title='bbox 1045 661 1192 697; x_wconf 77' lang='lat' dir='ltr'><strong><em>faciemque</em></strong></span> <span class='ocrx_word' id='word_1_556' title='bbox 1213 668 1302 694; x_wconf 86' lang='lat' dir='ltr'><strong><em>ornat,</em></strong></span> <span class='ocrx_word' id='word_1_557' title='bbox 1326 664 1469 698; x_wconf 85' lang='lat' dir='ltr'><strong><em>omniaque</em></strong></span> <span class='ocrx_word' id='word_1_558' title='bbox 1494 664 1632 697; x_wconf 78' lang='lat' dir='ltr'><strong><em>conspicit.</em></strong></span> <span class='ocrx_word' id='word_1_559' title='bbox 1660 664 1738 691; x_wconf 75' lang='lat' dir='ltr'><strong><em>Auris</em></strong></span> <span class='ocrx_word' id='word_1_560' title='bbox 1762 672 1838 692; x_wconf 79' lang='lat' dir='ltr'><strong><em>nsum</em></strong></span> 
     </span>
    </p>
   </div>
   <div class='ocr_carea' id='block_1_75' title="bbox 1046 709 1837 744">
    <p class='ocr_par' dir='ltr' id='par_1_75' title="bbox 1046 709 1837 744">
     <span class='ocr_line' id='line_1_75' title="bbox 1046 709 1837 744; baseline 0.001 -8"><span class='ocrx_word' id='word_1_561' title='bbox 1046 709 1137 740; x_wconf 83' lang='lat' dir='ltr'><strong><em>habet,</em></strong></span> <span class='ocrx_word' id='word_1_562' title='bbox 1156 711 1443 744; x_wconf 77' lang='lat' dir='ltr'><strong><em>aspcctuquejucmida</em></strong></span> <span class='ocrx_word' id='word_1_563' title='bbox 1466 715 1507 736; x_wconf 88' lang='lat' dir='ltr'><strong><em>est</em></strong></span> <span class='ocrx_word' id='word_1_564' title='bbox 1519 719 1526 736; x_wconf 75' lang='grc' dir='ltr'>ε</span> <span class='ocrx_word' id='word_1_565' title='bbox 1539 710 1609 744; x_wconf 88' lang='lat' dir='ltr'><strong><em>quod</em></strong></span> <span class='ocrx_word' id='word_1_566' title='bbox 1630 710 1700 737; x_wconf 89' lang='lat' dir='ltr'><strong><em>enim</em></strong></span> <span class='ocrx_word' id='word_1_567' title='bbox 1721 711 1837 738; x_wconf 87' lang='lat' dir='ltr'><strong><em>circum-</em></strong></span> 
     </span>
    </p>
   </div>
   <div class='ocr_carea' id='block_1_76' title="bbox 1046 756 1839 791">
    <p class='ocr_par' dir='ltr' id='par_1_76' title="bbox 1046 756 1839 791">
     <span class='ocr_line' id='line_1_76' title="bbox 1046 756 1839 791; baseline 0.004 -10"><span class='ocrx_word' id='word_1_568' title='bbox 1046 756 1160 789; x_wconf 87' lang='lat' dir='ltr'><strong><em>positum</em></strong></span> <span class='ocrx_word' id='word_1_569' title='bbox 1183 760 1224 782; x_wconf 81' lang='lat' dir='ltr'><strong><em>est</em></strong></span> <span class='ocrx_word' id='word_1_570' title='bbox 1237 756 1385 791; x_wconf 88' lang='lat' dir='ltr'><strong><em>cymbalum</em></strong></span> <span class='ocrx_word' id='word_1_571' title='bbox 1404 756 1501 782; x_wconf 90' lang='lat' dir='ltr'><strong><em>animal</em></strong></span> <span class='ocrx_word' id='word_1_572' title='bbox 1517 760 1638 783; x_wconf 78' lang='lat' dir='ltr'><strong><em>exornat.</em></strong></span> <span class='ocrx_word' id='word_1_573' title='bbox 1659 756 1839 788; x_wconf 62' lang='lat' dir='ltr'><strong><em>Similiterque</em></strong></span> 
     </span>
    </p>
   </div>
   <div class='ocr_carea' id='block_1_77' title="bbox 1047 801 1838 836">
    <p class='ocr_par' dir='ltr' id='par_1_77' title="bbox 1047 801 1838 836">
     <span class='ocr_line' id='line_1_77' title="bbox 1047 801 1838 836; baseline 0.004 -9"><span class='ocrx_word' id='word_1_574' title='bbox 1047 808 1126 827; x_wconf 91' lang='lat' dir='ltr'><strong><em>nasus</em></strong></span> <span class='ocrx_word' id='word_1_575' title='bbox 1150 801 1247 828; x_wconf 84' lang='lat' dir='ltr'><strong><em>olfactu</em></strong></span> <span class='ocrx_word' id='word_1_576' title='bbox 1274 801 1427 828; x_wconf 87' lang='lat' dir='ltr'><strong><em>necessario</em></strong></span> <span class='ocrx_word' id='word_1_577' title='bbox 1451 801 1577 836; x_wconf 79' lang='lat' dir='ltr'><strong><em>praeditus</em></strong></span> <span class='ocrx_word' id='word_1_578' title='bbox 1599 803 1664 833; x_wconf 79' lang='lat' dir='ltr'><strong><em>est;&#39;</em></strong></span> <span class='ocrx_word' id='word_1_579' title='bbox 1680 801 1738 833; x_wconf 59' lang='lat' dir='ltr'><strong><em>sud,</em></strong></span> <span class='ocrx_word' id='word_1_580' title='bbox 1760 809 1838 830; x_wconf 70' lang='lat' dir='ltr'><strong><em>secus</em></strong></span> 
     </span>
    </p>
   </div>
   <div class='ocr_carea' id='block_1_78' title="bbox 1045 846 1839 881">
    <p class='ocr_par' dir='ltr' id='par_1_78' title="bbox 1045 846 1839 881">
     <span class='ocr_line' id='line_1_78' title="bbox 1045 846 1839 881; baseline 0.003 -9"><span class='ocrx_word' id='word_1_581' title='bbox 1045 853 1124 880; x_wconf 87' lang='lat' dir='ltr'><strong><em>quam</em></strong></span> <span class='ocrx_word' id='word_1_582' title='bbox 1141 846 1166 872; x_wconf 91' lang='lat' dir='ltr'><strong><em>in</em></strong></span> <span class='ocrx_word' id='word_1_583' title='bbox 1179 846 1283 873; x_wconf 67' lang='lat' dir='ltr'><strong><em>caneris</em></strong></span> <span class='ocrx_word' id='word_1_584' title='bbox 1296 847 1466 878; x_wconf 82' lang='lat' dir='ltr'><strong><em>animalibus,</em></strong></span> <span class='ocrx_word' id='word_1_585' title='bbox 1483 846 1555 873; x_wconf 88' lang='lat' dir='ltr'><strong><em>velut</em></strong></span> <span class='ocrx_word' id='word_1_586' title='bbox 1571 847 1689 874; x_wconf 88' lang='lat' dir='ltr'><strong><em>medium</em></strong></span> <span class='ocrx_word' id='word_1_587' title='bbox 1711 848 1839 881; x_wconf 85' lang='lat' dir='ltr'><strong><em>parietem</em></strong></span> 
     </span>
    </p>
   </div>
   <div class='ocr_carea' id='block_1_79' title="bbox 1045 891 1838 927">
    <p class='ocr_par' dir='ltr' id='par_1_79' title="bbox 1045 891 1838 927">
     <span class='ocr_line' id='line_1_79' title="bbox 1045 891 1838 927; baseline 0 -8"><span class='ocrx_word' id='word_1_588' title='bbox 1045 891 1126 919; x_wconf 83' lang='lat' dir='ltr'><strong><em>efﬁcit</em></strong></span> <span class='ocrx_word' id='word_1_589' title='bbox 1141 892 1174 919; x_wconf 89' lang='lat' dir='ltr'><strong><em>ad</em></strong></span> <span class='ocrx_word' id='word_1_590' title='bbox 1187 892 1312 919; x_wconf 84' lang='lat' dir='ltr'><strong><em>decorem</em></strong></span> <span class='ocrx_word' id='word_1_591' title='bbox 1326 891 1513 927; x_wconf 89' lang='lat' dir='ltr'><strong><em>complendum</em></strong></span> <span class='ocrx_word' id='word_1_592' title='bbox 1527 900 1533 918; x_wconf 88' lang='lat'>:</span> <span class='ocrx_word' id='word_1_593' title='bbox 1549 891 1574 919; x_wconf 88' lang='lat' dir='ltr'><strong><em>id</em></strong></span> <span class='ocrx_word' id='word_1_594' title='bbox 1588 892 1657 919; x_wconf 90' lang='lat' dir='ltr'><strong><em>enim</em></strong></span> <span class='ocrx_word' id='word_1_595' title='bbox 1679 893 1723 920; x_wconf 90' lang='lat' dir='ltr'><strong><em>uni</em></strong></span> <span class='ocrx_word' id='word_1_596' title='bbox 1739 893 1838 920; x_wconf 88' lang='lat' dir='ltr'><strong><em>homini</em></strong></span> 
     </span>
    </p>
   </div>
   <div class='ocr_carea' id='block_1_80' title="bbox 1046 939 1838 974">
    <p class='ocr_par' dir='ltr' id='par_1_80' title="bbox 1046 939 1838 974">
     <span class='ocr_line' id='line_1_80' title="bbox 1046 939 1838 974; baseline 0.001 -9"><span class='ocrx_word' id='word_1_597' title='bbox 1046 939 1173 974; x_wconf 88' lang='lat' dir='ltr'><strong><em>competit</em></strong></span> <span class='ocrx_word' id='word_1_598' title='bbox 1188 948 1195 966; x_wconf 88' lang='lat'><strong>:</strong></span> <span class='ocrx_word' id='word_1_599' title='bbox 1207 944 1303 966; x_wconf 68' lang='lat' dir='ltr'><strong><em>cratera</em></strong></span> <span class='ocrx_word' id='word_1_600' title='bbox 1314 939 1549 974; x_wconf 75' lang='lat' dir='ltr'><strong><em>quippe&#39;animalia</em></strong></span> <span class='ocrx_word' id='word_1_601' title='bbox 1560 947 1651 966; x_wconf 85' lang='lat' dir='ltr'><strong><em>nasum</em></strong></span> <span class='ocrx_word' id='word_1_602' title='bbox 1663 948 1715 966; x_wconf 87' lang='lat' dir='ltr'><strong><em>non</em></strong></span> <span class='ocrx_word' id='word_1_603' title='bbox 1729 939 1838 973; x_wconf 86' lang='lat' dir='ltr'><strong><em>habent,</em></strong></span> 
     </span>
    </p>
   </div>
   <div class='ocr_carea' id='block_1_81' title="bbox 1046 985 1840 1023">
    <p class='ocr_par' dir='ltr' id='par_1_81' title="bbox 1046 985 1840 1023">
     <span class='ocr_line' id='line_1_81' title="bbox 1046 985 1840 1023; baseline 0.003 -12"><span class='ocrx_word' id='word_1_604' title='bbox 1046 985 1092 1011; x_wconf 76' lang='lat' dir='ltr'><strong><em>sed</em></strong></span> <span class='ocrx_word' id='word_1_605' title='bbox 1109 994 1189 1012; x_wconf 84' lang='lat' dir='ltr'><strong><em>unam</em></strong></span> <span class='ocrx_word' id='word_1_606' title='bbox 1203 990 1303 1012; x_wconf 89' lang='lat' dir='ltr'><strong><em>tantum</em></strong></span> <span class='ocrx_word' id='word_1_607' title='bbox 1320 986 1423 1013; x_wconf 88' lang='lat' dir='ltr'><strong><em>narium</em></strong></span> <span class='ocrx_word' id='word_1_608' title='bbox 1443 985 1613 1020; x_wconf 81' lang='lat' dir='ltr'><strong><em>positionem.</em></strong></span> <span class='ocrx_word' id='word_1_609' title='bbox 1629 985 1685 1012; x_wconf 86' lang='lat' dir='ltr'><strong><em>Hoc</em></strong></span> <span class='ocrx_word' id='word_1_610' title='bbox 1698 992 1765 1023; x_wconf 80' lang='lat' dir='ltr'><strong><em>vero</em></strong></span> <span class='ocrx_word' id='word_1_611' title='bbox 1781 993 1840 1013; x_wconf 82' lang='lat' dir='ltr'><strong><em>eam</em></strong></span> 
     </span>
    </p>
   </div>
   <div class='ocr_carea' id='block_1_82' title="bbox 1046 1030 1838 1065">
    <p class='ocr_par' dir='ltr' id='par_1_82' title="bbox 1046 1030 1838 1065">
     <span class='ocr_line' id='line_1_82' title="bbox 1046 1030 1838 1065; baseline -0.001 -7"><span class='ocrx_word' id='word_1_612' title='bbox 1046 1033 1082 1058; x_wconf 91' lang='lat' dir='ltr'><strong><em>ob</em></strong></span> <span class='ocrx_word' id='word_1_613' title='bbox 1092 1039 1147 1058; x_wconf 88' lang='lat' dir='ltr'><strong><em>rem</em></strong></span> <span class='ocrx_word' id='word_1_614' title='bbox 1162 1031 1286 1058; x_wconf 78' lang='lat' dir='ltr'><strong><em>formavit</em></strong></span> <span class='ocrx_word' id='word_1_615' title='bbox 1303 1031 1383 1058; x_wconf 85' lang='lat' dir='ltr'><strong><em>Deus.</em></strong></span> <span class='ocrx_word' id='word_1_616' title='bbox 1398 1031 1461 1058; x_wconf 88' lang='lat' dir='ltr'><strong><em>Ideo</em></strong></span> <span class='ocrx_word' id='word_1_617' title='bbox 1480 1031 1574 1062; x_wconf 76' lang='lat' dir='ltr'><strong><em>David,</em></strong></span> <span class='ocrx_word' id='word_1_618' title='bbox 1593 1030 1643 1062; x_wconf 78' lang='lat' dir='ltr'><strong><em>Qui</em></strong></span> <span class='ocrx_word' id='word_1_619' title='bbox 1656 1030 1779 1065; x_wconf 76' lang='lat' dir='ltr'><strong><em>plantavit</em></strong></span> <span class='ocrx_word' id='word_1_620' title='bbox 1793 1039 1838 1057; x_wconf 81' lang='lat' dir='ltr'><strong><em>au-</em></strong></span> 
     </span>
    </p>
   </div>
   <div class='ocr_carea' id='block_1_83' title="bbox 1047 1077 1839 1112">
    <p class='ocr_par' dir='ltr' id='par_1_83' title="bbox 1047 1077 1839 1112">
     <span class='ocr_line' id='line_1_83' title="bbox 1047 1077 1839 1112; baseline 0 -10"><span class='ocrx_word' id='word_1_621' title='bbox 1047 1085 1110 1110; x_wconf 85' lang='lat' dir='ltr'><strong><em>rem,</em></strong></span> <span class='ocrx_word' id='word_1_622' title='bbox 1121 1085 1172 1103; x_wconf 82' lang='lat' dir='ltr'><strong><em>non</em></strong></span> <span class='ocrx_word' id='word_1_623' title='bbox 1186 1077 1295 1104; x_wconf 79' lang='lat' dir='ltr'><strong><em>audiet?</em></strong></span> <span class='ocrx_word' id='word_1_624' title='bbox 1307 1082 1352 1103; x_wconf 87' lang='lat' dir='ltr'><strong><em>aut</em></strong></span> <span class='ocrx_word' id='word_1_625' title='bbox 1366 1077 1408 1112; x_wconf 85' lang='lat' dir='ltr'><strong><em>qui</em></strong></span> <span class='ocrx_word' id='word_1_626' title='bbox 1422 1077 1495 1110; x_wconf 73' lang='lat' dir='ltr'><strong><em>ﬁnxit</em></strong></span> <span class='ocrx_word' id='word_1_627' title='bbox 1510 1077 1622 1110; x_wconf 84' lang='lat' dir='ltr'><strong><em>oculum,</em></strong></span> <span class='ocrx_word' id='word_1_628' title='bbox 1637 1085 1687 1103; x_wconf 87' lang='lat' dir='ltr'><strong><em>non</em></strong></span> <span class='ocrx_word' id='word_1_629' title='bbox 1699 1077 1839 1103; x_wconf 73' lang='lat' dir='ltr'><strong><em>considerat</em></strong></span> 
     </span>
    </p>
   </div>
   <div class='ocr_carea' id='block_1_84' title="bbox 1049 1122 1839 1157">
    <p class='ocr_par' dir='ltr' id='par_1_84' title="bbox 1049 1122 1839 1157">
     <span class='ocr_line' id='line_1_84' title="bbox 1049 1122 1839 1157; baseline 0.001 -8"><span class='ocrx_word' id='word_1_630' title='bbox 1049 1123 1133 1156; x_wconf 83' lang='lat' dir='ltr'><strong><em>(Psal.</em></strong></span> <span class='ocrx_word' id='word_1_631' title='bbox 1149 1123 1192 1150; x_wconf 76' lang='grc'><strong><em>95.</em></strong></span> <span class='ocrx_word' id='word_1_632' title='bbox 1208 1123 1256 1157; x_wconf 85' lang='lat'><strong><em>9)?</em></strong></span> <span class='ocrx_word' id='word_1_633' title='bbox 1278 1123 1321 1150; x_wconf 87' lang='lat' dir='ltr'><strong><em>Sic</em></strong></span> <span class='ocrx_word' id='word_1_634' title='bbox 1346 1129 1444 1150; x_wconf 83' lang='lat' dir='ltr'><strong><em>terram</em></strong></span> <span class='ocrx_word' id='word_1_635' title='bbox 1467 1122 1527 1150; x_wconf 85' lang='lat' dir='ltr'><strong><em>fecit</em></strong></span> <span class='ocrx_word' id='word_1_636' title='bbox 1551 1122 1583 1149; x_wconf 87' lang='lat' dir='ltr'><strong><em>ad</em></strong></span> <span class='ocrx_word' id='word_1_637' title='bbox 1608 1129 1730 1149; x_wconf 82' lang='lat' dir='ltr'><strong><em>ornatum</em></strong></span> <span class='ocrx_word' id='word_1_638' title='bbox 1755 1127 1782 1149; x_wconf 87' lang='lat' dir='ltr'><strong><em>et</em></strong></span> <span class='ocrx_word' id='word_1_639' title='bbox 1807 1122 1839 1150; x_wconf 79' lang='lat' dir='ltr'><strong><em>ad</em></strong></span> 
     </span>
    </p>
   </div>
   <div class='ocr_carea' id='block_1_85' title="bbox 1048 1168 1840 1203">
    <p class='ocr_par' dir='ltr' id='par_1_85' title="bbox 1048 1168 1840 1203">
     <span class='ocr_line' id='line_1_85' title="bbox 1048 1168 1840 1203; baseline 0 -8"><span class='ocrx_word' id='word_1_640' title='bbox 1048 1177 1135 1195; x_wconf 73' lang='lat' dir='ltr'><strong><em>usum.</em></strong></span> <span class='ocrx_word' id='word_1_641' title='bbox 1151 1169 1231 1195; x_wconf 85' lang='lat' dir='ltr'><strong><em>Acnc</em></strong></span> <span class='ocrx_word' id='word_1_642' title='bbox 1252 1169 1325 1203; x_wconf 87' lang='lat' dir='ltr'><strong><em>plura</em></strong></span> <span class='ocrx_word' id='word_1_643' title='bbox 1348 1169 1394 1195; x_wconf 91' lang='lat' dir='ltr'><strong><em>tibi</em></strong></span> <span class='ocrx_word' id='word_1_644' title='bbox 1413 1168 1508 1195; x_wconf 84' lang='lat' dir='ltr'><strong><em>decora</em></strong></span> <span class='ocrx_word' id='word_1_645' title='bbox 1522 1175 1685 1199; x_wconf 84' lang='lat' dir='ltr'><strong><em>recenseam,</em></strong></span> <span class='ocrx_word' id='word_1_646' title='bbox 1702 1172 1840 1202; x_wconf 79' lang='lat' dir='ltr'><strong><em>postquam</em></strong></span> 
     </span>
    </p>
   </div>
   <div class='ocr_carea' id='block_1_86' title="bbox 1049 1214 1840 1251">
    <p class='ocr_par' dir='ltr' id='par_1_86' title="bbox 1049 1214 1840 1251">
     <span class='ocr_line' id='line_1_86' title="bbox 1049 1214 1840 1251; baseline -0.003 -9"><span class='ocrx_word' id='word_1_647' title='bbox 1049 1223 1128 1242; x_wconf 88' lang='lat' dir='ltr'><strong><em>mmm</em></strong></span> <span class='ocrx_word' id='word_1_648' title='bbox 1143 1215 1235 1243; x_wconf 78' lang='lat' dir='ltr'><strong><em>dixero</em></strong></span> <span class='ocrx_word' id='word_1_649' title='bbox 1249 1215 1463 1251; x_wconf 76' lang='lat' dir='ltr'><strong><em>prmtergrediar.</em></strong></span> <span class='ocrx_word' id='word_1_650' title='bbox 1481 1215 1557 1242; x_wconf 86' lang='lat' dir='ltr'><strong><em>Dedit</em></strong></span> <span class='ocrx_word' id='word_1_651' title='bbox 1572 1215 1640 1242; x_wconf 83' lang='lat' dir='ltr'><strong><em>Deus</em></strong></span> <span class='ocrx_word' id='word_1_652' title='bbox 1656 1214 1768 1248; x_wconf 82' lang='lat' dir='ltr'><strong><em>homini,</em></strong></span> <span class='ocrx_word' id='word_1_653' title='bbox 1785 1215 1840 1242; x_wconf 89' lang='lat' dir='ltr'><strong><em>viro</em></strong></span> 
     </span>
    </p>
   </div>
   <div class='ocr_carea' id='block_1_87' title="bbox 1048 1259 1841 1293">
    <p class='ocr_par' dir='ltr' id='par_1_87' title="bbox 1048 1259 1841 1293">
     <span class='ocr_line' id='line_1_87' title="bbox 1048 1259 1841 1293; baseline -0.001 -6"><span class='ocrx_word' id='word_1_654' title='bbox 1048 1260 1158 1293; x_wconf 87' lang='lat' dir='ltr'><strong><em>scilicet,</em></strong></span> <span class='ocrx_word' id='word_1_655' title='bbox 1171 1269 1231 1287; x_wconf 91' lang='lat' dir='ltr'><strong><em>eum</em></strong></span> <span class='ocrx_word' id='word_1_656' title='bbox 1244 1260 1303 1287; x_wconf 80' lang='lat' dir='ltr'><strong><em>aliis</em></strong></span> <span class='ocrx_word' id='word_1_657' title='bbox 1318 1260 1397 1287; x_wconf 84' lang='lat' dir='ltr'><strong><em>etiam</em></strong></span> <span class='ocrx_word' id='word_1_658' title='bbox 1415 1260 1525 1288; x_wconf 84' lang='lat' dir='ltr'><strong><em>uberum</em></strong></span> <span class='ocrx_word' id='word_1_659' title='bbox 1541 1260 1761 1287; x_wconf 85' lang='lat' dir='ltr'><strong><em>concinnitatem.</em></strong></span> <span class='ocrx_word' id='word_1_660' title='bbox 1778 1259 1841 1287; x_wconf 85' lang='lat' dir='ltr'><strong><em>Viro</em></strong></span> 
     </span>
    </p>
   </div>
   <div class='ocr_carea' id='block_1_88' title="bbox 1047 1305 1841 1334">
    <p class='ocr_par' dir='ltr' id='par_1_88' title="bbox 1047 1305 1841 1334">
     <span class='ocr_line' id='line_1_88' title="bbox 1047 1305 1841 1334; baseline -0.001 -1"><span class='ocrx_word' id='word_1_661' title='bbox 1047 1313 1095 1333; x_wconf 89' lang='lat' dir='ltr'><strong><em>cur</em></strong></span> <span class='ocrx_word' id='word_1_662' title='bbox 1106 1306 1207 1333; x_wconf 88' lang='lat' dir='ltr'><strong><em>ubera?</em></strong></span> <span class='ocrx_word' id='word_1_663' title='bbox 1220 1306 1329 1333; x_wconf 87' lang='lat' dir='ltr'><strong><em>Decoris</em></strong></span> <span class='ocrx_word' id='word_1_664' title='bbox 1345 1314 1434 1334; x_wconf 88' lang='lat' dir='ltr'><strong><em>causa.</em></strong></span> <span class='ocrx_word' id='word_1_665' title='bbox 1453 1305 1519 1333; x_wconf 87' lang='lat' dir='ltr'><strong><em>Nam</em></strong></span> <span class='ocrx_word' id='word_1_666' title='bbox 1536 1311 1593 1333; x_wconf 90' lang='lat' dir='ltr'><strong><em>esto</em></strong></span> <span class='ocrx_word' id='word_1_667' title='bbox 1610 1306 1714 1333; x_wconf 87' lang='lat' dir='ltr'><strong><em>mulieri</em></strong></span> <span class='ocrx_word' id='word_1_668' title='bbox 1730 1313 1841 1333; x_wconf 89' lang='lat' dir='ltr'><strong><em>conces-</em></strong></span> 
     </span>
    </p>
   </div>
   <div class='ocr_carea' id='block_1_89' title="bbox 1049 1351 1840 1381">
    <p class='ocr_par' dir='ltr' id='par_1_89' title="bbox 1049 1351 1840 1381">
     <span class='ocr_line' id='line_1_89' title="bbox 1049 1351 1840 1381; baseline -0.001 -2"><span class='ocrx_word' id='word_1_669' title='bbox 1049 1352 1114 1380; x_wconf 84' lang='lat' dir='ltr'><strong><em>serit</em></strong></span> <span class='ocrx_word' id='word_1_670' title='bbox 1126 1353 1206 1379; x_wconf 87' lang='lat' dir='ltr'><strong><em>ubera</em></strong></span> <span class='ocrx_word' id='word_1_671' title='bbox 1218 1352 1252 1379; x_wconf 92' lang='lat' dir='ltr'><strong><em>ob</em></strong></span> <span class='ocrx_word' id='word_1_672' title='bbox 1267 1358 1370 1379; x_wconf 68' lang='lat' dir='ltr'><strong><em>natura:</em></strong></span> <span class='ocrx_word' id='word_1_673' title='bbox 1391 1352 1588 1381; x_wconf 78' lang='lat' dir='ltr'><strong><em>necessitatem.</em></strong></span> <span class='ocrx_word' id='word_1_674' title='bbox 1605 1351 1638 1378; x_wconf 87' lang='lat' dir='ltr'><strong><em>ad</em></strong></span> <span class='ocrx_word' id='word_1_675' title='bbox 1652 1351 1727 1378; x_wconf 87' lang='lat' dir='ltr'><strong><em>lactis</em></strong></span> <span class='ocrx_word' id='word_1_676' title='bbox 1740 1351 1840 1378; x_wconf 89' lang='lat' dir='ltr'><strong><em>submi-</em></strong></span> 
     </span>
    </p>
   </div>
   <div class='ocr_carea' id='block_1_90' title="bbox 1049 1397 1840 1438">
    <p class='ocr_par' dir='ltr' id='par_1_90' title="bbox 1049 1397 1840 1438">
     <span class='ocr_line' id='line_1_90' title="bbox 1049 1397 1840 1438; baseline -0.003 -12"><span class='ocrx_word' id='word_1_677' title='bbox 1049 1399 1231 1427; x_wconf 85' lang='lat' dir='ltr'><strong><em>nistrationem</em></strong></span> <span class='ocrx_word' id='word_1_678' title='bbox 1243 1407 1250 1432; x_wconf 86' lang='lat'><strong>;</strong></span> <span class='ocrx_word' id='word_1_679' title='bbox 1263 1399 1319 1426; x_wconf 90' lang='lat' dir='ltr'><strong><em>viro</em></strong></span> <span class='ocrx_word' id='word_1_680' title='bbox 1334 1406 1382 1426; x_wconf 90' lang='lat' dir='ltr'><strong><em>cur</em></strong></span> <span class='ocrx_word' id='word_1_681' title='bbox 1394 1399 1491 1426; x_wconf 78' lang='lat' dir='ltr'><strong><em>ubera?</em></strong></span> <span class='ocrx_word' id='word_1_682' title='bbox 1507 1398 1546 1426; x_wconf 80' lang='lat' dir='ltr'><strong><em>Ad</em></strong></span> <span class='ocrx_word' id='word_1_683' title='bbox 1561 1398 1700 1438; x_wconf 83' lang='lat' dir='ltr'><strong><em>decorum,</em></strong></span> <span class='ocrx_word' id='word_1_684' title='bbox 1713 1397 1746 1425; x_wconf 86' lang='lat' dir='ltr'><strong><em>ad</em></strong></span> <span class='ocrx_word' id='word_1_685' title='bbox 1760 1405 1840 1424; x_wconf 88' lang='lat' dir='ltr'><strong><em>orna-</em></strong></span> 
     </span>
    </p>
   </div>
   <div class='ocr_carea' id='block_1_91' title="bbox 1050 1444 1841 1479">
    <p class='ocr_par' dir='ltr' id='par_1_91' title="bbox 1050 1444 1841 1479">
     <span class='ocr_line' id='line_1_91' title="bbox 1050 1444 1841 1479; baseline -0.003 -6"><span class='ocrx_word' id='word_1_686' title='bbox 1050 1452 1115 1473; x_wconf 90' lang='lat' dir='ltr'><strong><em>tum.</em></strong></span> <span class='ocrx_word' id='word_1_687' title='bbox 1129 1445 1358 1479; x_wconf 85' lang='lat' dir='ltr'><strong><em>Quemadmodum</em></strong></span> <span class='ocrx_word' id='word_1_688' title='bbox 1382 1445 1454 1473; x_wconf 88' lang='lat' dir='ltr'><strong><em>enim</em></strong></span> <span class='ocrx_word' id='word_1_689' title='bbox 1478 1445 1503 1472; x_wconf 92' lang='lat' dir='ltr'><strong><em>in</em></strong></span> <span class='ocrx_word' id='word_1_690' title='bbox 1519 1445 1639 1472; x_wconf 80' lang='lat' dir='ltr'><strong><em>:rdiiiciis</em></strong></span> <span class='ocrx_word' id='word_1_691' title='bbox 1658 1445 1709 1472; x_wconf 86' lang='lat' dir='ltr'><strong><em>alia</em></strong></span> <span class='ocrx_word' id='word_1_692' title='bbox 1724 1444 1790 1472; x_wconf 81' lang='lat' dir='ltr'><strong><em>fiunt</em></strong></span> <span class='ocrx_word' id='word_1_693' title='bbox 1807 1445 1841 1472; x_wconf 90' lang='lat' dir='ltr'><strong><em>ob</em></strong></span> 
     </span>
    </p>
   </div>
   <div class='ocr_carea' id='block_1_92' title="bbox 1049 1492 1840 1526">
    <p class='ocr_par' dir='ltr' id='par_1_92' title="bbox 1049 1492 1840 1526">
     <span class='ocr_line' id='line_1_92' title="bbox 1049 1492 1840 1526; baseline -0.003 -6"><span class='ocrx_word' id='word_1_694' title='bbox 1049 1493 1246 1526; x_wconf 81' lang='lat' dir='ltr'><strong><em>necessitatem,</em></strong></span> <span class='ocrx_word' id='word_1_695' title='bbox 1260 1493 1309 1520; x_wconf 88' lang='lat' dir='ltr'><strong><em>alia</em></strong></span> <span class='ocrx_word' id='word_1_696' title='bbox 1323 1493 1357 1520; x_wconf 89' lang='lat' dir='ltr'><strong><em>ob</em></strong></span> <span class='ocrx_word' id='word_1_697' title='bbox 1367 1493 1493 1520; x_wconf 91' lang='lat' dir='ltr'><strong><em>decorum</em></strong></span> <span class='ocrx_word' id='word_1_698' title='bbox 1508 1501 1516 1518; x_wconf 94' lang='lat'><strong>:</strong></span> <span class='ocrx_word' id='word_1_699' title='bbox 1531 1492 1568 1519; x_wconf 92' lang='lat' dir='ltr'><strong><em>sic</em></strong></span> <span class='ocrx_word' id='word_1_700' title='bbox 1583 1492 1652 1519; x_wconf 88' lang='lat' dir='ltr'><strong><em>Deus</em></strong></span> <span class='ocrx_word' id='word_1_701' title='bbox 1666 1497 1693 1519; x_wconf 91' lang='lat' dir='ltr'><strong><em>et</em></strong></span> <span class='ocrx_word' id='word_1_702' title='bbox 1708 1492 1840 1518; x_wconf 87' lang='lat' dir='ltr'><strong><em>hominem</em></strong></span> 
     </span>
    </p>
   </div>
   <div class='ocr_carea' id='block_1_93' title="bbox 1050 1537 1842 1574">
    <p class='ocr_par' dir='ltr' id='par_1_93' title="bbox 1050 1537 1842 1574">
     <span class='ocr_line' id='line_1_93' title="bbox 1050 1537 1842 1574; baseline -0.003 -8"><span class='ocrx_word' id='word_1_703' title='bbox 1050 1539 1163 1570; x_wconf 82' lang='lat' dir='ltr'><strong><em>ornavit,</em></strong></span> <span class='ocrx_word' id='word_1_704' title='bbox 1177 1543 1204 1566; x_wconf 89' lang='lat' dir='ltr'><strong><em>et</em></strong></span> <span class='ocrx_word' id='word_1_705' title='bbox 1215 1539 1264 1574; x_wconf 87' lang='lat' dir='ltr'><strong><em>ipsi</em></strong></span> <span class='ocrx_word' id='word_1_706' title='bbox 1277 1539 1309 1565; x_wconf 92' lang='lat' dir='ltr'><strong><em>ad</em></strong></span> <span class='ocrx_word' id='word_1_707' title='bbox 1324 1547 1398 1565; x_wconf 92' lang='lat' dir='ltr'><strong><em>usum</em></strong></span> <span class='ocrx_word' id='word_1_708' title='bbox 1411 1538 1561 1565; x_wconf 83' lang='lat' dir='ltr'><strong><em>necessaria</em></strong></span> <span class='ocrx_word' id='word_1_709' title='bbox 1572 1538 1694 1565; x_wconf 89' lang='lat' dir='ltr'><strong><em>contulit.</em></strong></span> <span class='ocrx_word' id='word_1_710' title='bbox 1707 1537 1842 1564; x_wconf 81' lang='lat' dir='ltr'><strong><em>Formavit</em></strong></span> 
     </span>
    </p>
   </div>
   <div class='ocr_carea' id='block_1_94' title="bbox 1050 1583 1839 1619">
    <p class='ocr_par' dir='ltr' id='par_1_94' title="bbox 1050 1583 1839 1619">
     <span class='ocr_line' id='line_1_94' title="bbox 1050 1583 1839 1619; baseline -0.003 -7"><span class='ocrx_word' id='word_1_711' title='bbox 1050 1594 1111 1612; x_wconf 89' lang='lat' dir='ltr'><strong><em>eum</em></strong></span> <span class='ocrx_word' id='word_1_712' title='bbox 1127 1590 1236 1619; x_wconf 82' lang='lat' dir='ltr'><strong><em>accepto</em></strong></span> <span class='ocrx_word' id='word_1_713' title='bbox 1252 1585 1360 1619; x_wconf 84' lang='lat' dir='ltr'><strong><em>pulvere</em></strong></span> <span class='ocrx_word' id='word_1_714' title='bbox 1374 1585 1407 1612; x_wconf 88' lang='lat' dir='ltr'><strong><em>de</em></strong></span> <span class='ocrx_word' id='word_1_715' title='bbox 1426 1589 1507 1612; x_wconf 89' lang='lat' dir='ltr'><strong><em>terra.</em></strong></span> <span class='ocrx_word' id='word_1_716' title='bbox 1523 1584 1612 1611; x_wconf 79' lang='lat' dir='ltr'><strong><em>Beata:</em></strong></span> <span class='ocrx_word' id='word_1_717' title='bbox 1626 1583 1839 1610; x_wconf 85' lang='lat' dir='ltr'><strong><em>Christianorum</em></strong></span> 
     </span>
    </p>
   </div>
   <div class='ocr_carea' id='block_1_95' title="bbox 1050 1629 1841 1665">
    <p class='ocr_par' dir='ltr' id='par_1_95' title="bbox 1050 1629 1841 1665">
     <span class='ocr_line' id='line_1_95' title="bbox 1050 1629 1841 1665; baseline -0.003 -7"><span class='ocrx_word' id='word_1_718' title='bbox 1050 1639 1121 1665; x_wconf 84' lang='lat' dir='ltr'><strong><em>spes,</em></strong></span> <span class='ocrx_word' id='word_1_719' title='bbox 1146 1631 1167 1657; x_wconf 90' lang='lat' dir='ltr'><strong><em>si</em></strong></span> <span class='ocrx_word' id='word_1_720' title='bbox 1196 1630 1406 1657; x_wconf 79' lang='lat' dir='ltr'><strong><em>intellexerimus</em></strong></span> <span class='ocrx_word' id='word_1_721' title='bbox 1429 1638 1460 1657; x_wconf 91' lang='lat' dir='ltr'><strong><em>ea</em></strong></span> <span class='ocrx_word' id='word_1_722' title='bbox 1480 1637 1539 1664; x_wconf 61' lang='lat' dir='ltr'><strong><em>qua!</em></strong></span> <span class='ocrx_word' id='word_1_723' title='bbox 1559 1629 1691 1656; x_wconf 90' lang='lat' dir='ltr'><strong><em>audimus.</em></strong></span> <span class='ocrx_word' id='word_1_724' title='bbox 1715 1629 1768 1656; x_wconf 89' lang='lat' dir='ltr'><strong><em>Cur</em></strong></span> <span class='ocrx_word' id='word_1_725' title='bbox 1789 1636 1841 1656; x_wconf 90' lang='lat' dir='ltr'><strong><em>non</em></strong></span> 
     </span>
    </p>
   </div>
   <div class='ocr_carea' id='block_1_96' title="bbox 1050 1674 1842 1711">
    <p class='ocr_par' dir='ltr' id='par_1_96' title="bbox 1050 1674 1842 1711">
     <span class='ocr_line' id='line_1_96' title="bbox 1050 1674 1842 1711; baseline -0.001 -8"><span class='ocrx_word' id='word_1_726' title='bbox 1050 1676 1127 1706; x_wconf 72' lang='lat' dir='ltr'><strong><em>dixit,</em></strong></span> <span class='ocrx_word' id='word_1_727' title='bbox 1141 1676 1251 1711; x_wconf 82' lang='lat' dir='ltr'><strong><em>Accepit</em></strong></span> <span class='ocrx_word' id='word_1_728' title='bbox 1262 1676 1366 1710; x_wconf 82' lang='lat' dir='ltr'><strong><em>glebam</em></strong></span> <span class='ocrx_word' id='word_1_729' title='bbox 1381 1676 1415 1703; x_wconf 92' lang='lat' dir='ltr'><strong><em>de</em></strong></span> <span class='ocrx_word' id='word_1_730' title='bbox 1429 1676 1517 1702; x_wconf 84' lang='lat' dir='ltr'><strong><em>terra?</em></strong></span> <span class='ocrx_word' id='word_1_731' title='bbox 1532 1675 1645 1702; x_wconf 84' lang='lat' dir='ltr'><strong><em>Tantum</em></strong></span> <span class='ocrx_word' id='word_1_732' title='bbox 1652 1674 1750 1710; x_wconf 80' lang='lat' dir='ltr'><strong><em>corpus</em></strong></span> <span class='ocrx_word' id='word_1_733' title='bbox 1762 1674 1842 1702; x_wconf 75' lang='lat' dir='ltr'><strong><em>effor-</em></strong></span> 
     </span>
    </p>
   </div>
   <div class='ocr_carea' id='block_1_97' title="bbox 1050 1720 1843 1757">
    <p class='ocr_par' dir='ltr' id='par_1_97' title="bbox 1050 1720 1843 1757">
     <span class='ocr_line' id='line_1_97' title="bbox 1050 1720 1843 1757; baseline -0.003 -7"><span class='ocrx_word' id='word_1_734' title='bbox 1050 1723 1132 1750; x_wconf 84' lang='lat' dir='ltr'><strong><em>mavit</em></strong></span> <span class='ocrx_word' id='word_1_735' title='bbox 1147 1732 1153 1749; x_wconf 88' lang='lat'><strong>:</strong></span> <span class='ocrx_word' id='word_1_736' title='bbox 1166 1729 1196 1749; x_wconf 88' lang='lat' dir='ltr'><strong><em>ac</em></strong></span> <span class='ocrx_word' id='word_1_737' title='bbox 1220 1730 1252 1749; x_wconf 86' lang='lat' dir='ltr'><strong><em>ne</em></strong></span> <span class='ocrx_word' id='word_1_738' title='bbox 1273 1721 1349 1756; x_wconf 80' lang='lat' dir='ltr'><strong><em>gleba</em></strong></span> <span class='ocrx_word' id='word_1_739' title='bbox 1364 1721 1472 1757; x_wconf 87' lang='lat' dir='ltr'><strong><em>quidem</em></strong></span> <span class='ocrx_word' id='word_1_740' title='bbox 1485 1728 1552 1756; x_wconf 91' lang='lat' dir='ltr'><strong><em>opus</em></strong></span> <span class='ocrx_word' id='word_1_741' title='bbox 1575 1721 1676 1753; x_wconf 88' lang='lat' dir='ltr'><strong><em>habuit,</em></strong></span> <span class='ocrx_word' id='word_1_742' title='bbox 1692 1721 1738 1748; x_wconf 90' lang='lat' dir='ltr'><strong><em>sed</em></strong></span> <span class='ocrx_word' id='word_1_743' title='bbox 1754 1720 1843 1756; x_wconf 61' lang='lat' dir='ltr'><strong><em>pulte</em></strong></span> 
     </span>
    </p>
   </div>
   <div class='ocr_carea' id='block_1_98' title="bbox 1050 1766 1842 1802">
    <p class='ocr_par' dir='ltr' id='par_1_98' title="bbox 1050 1766 1842 1802">
     <span class='ocr_line' id='line_1_98' title="bbox 1050 1766 1842 1802; baseline -0.004 -7"><span class='ocrx_word' id='word_1_744' title='bbox 1050 1775 1107 1796; x_wconf 87' lang='lat' dir='ltr'><strong><em>rem</em></strong></span> <span class='ocrx_word' id='word_1_745' title='bbox 1128 1768 1249 1802; x_wconf 86' lang='lat' dir='ltr'><strong><em>accepit?</em></strong></span> <span class='ocrx_word' id='word_1_746' title='bbox 1266 1768 1335 1794; x_wconf 85' lang='lat' dir='ltr'><strong><em>Deus</em></strong></span> <span class='ocrx_word' id='word_1_747' title='bbox 1356 1766 1477 1802; x_wconf 63' lang='lat' dir='ltr'><strong><em>praevidit</em></strong></span> <span class='ocrx_word' id='word_1_748' title='bbox 1499 1766 1587 1793; x_wconf 88' lang='lat' dir='ltr'><strong><em>futura</em></strong></span> <span class='ocrx_word' id='word_1_749' title='bbox 1609 1773 1640 1793; x_wconf 89' lang='lat' dir='ltr'><strong><em>ac</em></strong></span> <span class='ocrx_word' id='word_1_750' title='bbox 1665 1766 1687 1793; x_wconf 90' lang='lat' dir='ltr'><strong><em>si</em></strong></span> <span class='ocrx_word' id='word_1_751' title='bbox 1703 1766 1842 1800; x_wconf 66' lang='lat' dir='ltr'><strong><em>prtesentia</em></strong></span> 
     </span>
    </p>
   </div>
   <div class='ocr_carea' id='block_1_99' title="bbox 1051 1813 1841 1849">
    <p class='ocr_par' dir='ltr' id='par_1_99' title="bbox 1051 1813 1841 1849">
     <span class='ocr_line' id='line_1_99' title="bbox 1051 1813 1841 1849; baseline -0.003 -8"><span class='ocrx_word' id='word_1_752' title='bbox 1051 1818 1151 1841; x_wconf 88' lang='lat' dir='ltr'><strong><em>essent.</em></strong></span> <span class='ocrx_word' id='word_1_753' title='bbox 1166 1814 1232 1847; x_wconf 85' lang='lat' dir='ltr'><strong><em>Quia</em></strong></span> <span class='ocrx_word' id='word_1_754' title='bbox 1247 1814 1408 1849; x_wconf 68' lang='lat' dir='ltr'><strong><em>prtcvidcbat</em></strong></span> <span class='ocrx_word' id='word_1_755' title='bbox 1423 1813 1473 1840; x_wconf 90' lang='lat' dir='ltr'><strong><em>hoc</em></strong></span> <span class='ocrx_word' id='word_1_756' title='bbox 1483 1813 1582 1840; x_wconf 86' lang='lat' dir='ltr'><strong><em>animal</em></strong></span> <span class='ocrx_word' id='word_1_757' title='bbox 1600 1819 1659 1839; x_wconf 81' lang='lat' dir='ltr'><strong><em>esse</em></strong></span> <span class='ocrx_word' id='word_1_758' title='bbox 1675 1813 1841 1845; x_wconf 84' lang='lat' dir='ltr'><strong><em>moriturum,</em></strong></span> 
     </span>
    </p>
   </div>
   <div class='ocr_carea' id='block_1_100' title="bbox 1052 1858 1842 1894">
    <p class='ocr_par' dir='ltr' id='par_1_100' title="bbox 1052 1858 1842 1894">
     <span class='ocr_line' id='line_1_100' title="bbox 1052 1858 1842 1894; baseline 0 -8"><span class='ocrx_word' id='word_1_759' title='bbox 1052 1864 1079 1887; x_wconf 86' lang='lat' dir='ltr'><strong><em>et</em></strong></span> <span class='ocrx_word' id='word_1_760' title='bbox 1095 1860 1121 1886; x_wconf 90' lang='lat' dir='ltr'><strong><em>in</em></strong></span> <span class='ocrx_word' id='word_1_761' title='bbox 1136 1860 1273 1894; x_wconf 86' lang='lat' dir='ltr'><strong><em>pulverem</em></strong></span> <span class='ocrx_word' id='word_1_762' title='bbox 1295 1859 1535 1892; x_wconf 78' lang='lat' dir='ltr'><strong><em>transmutandum,</em></strong></span> <span class='ocrx_word' id='word_1_763' title='bbox 1560 1859 1612 1892; x_wconf 86' lang='lat' dir='ltr'><strong><em>iam</em></strong></span> <span class='ocrx_word' id='word_1_764' title='bbox 1635 1858 1699 1885; x_wconf 91' lang='lat' dir='ltr'><strong><em>olim</em></strong></span> <span class='ocrx_word' id='word_1_765' title='bbox 1721 1859 1747 1885; x_wconf 88' lang='lat' dir='ltr'><strong><em>in</em></strong></span> <span class='ocrx_word' id='word_1_766' title='bbox 1767 1865 1842 1886; x_wconf 80' lang='lat' dir='ltr'><strong><em>erea-</em></strong></span> 
     </span>
    </p>
   </div>
   <div class='ocr_carea' id='block_1_101' title="bbox 1052 1905 1842 1940">
    <p class='ocr_par' dir='ltr' id='par_1_101' title="bbox 1052 1905 1842 1940">
     <span class='ocr_line' id='line_1_101' title="bbox 1052 1905 1842 1940; baseline 0 -9"><span class='ocrx_word' id='word_1_767' title='bbox 1052 1906 1125 1932; x_wconf 91' lang='lat' dir='ltr'><strong><em>tione</em></strong></span> <span class='ocrx_word' id='word_1_768' title='bbox 1139 1913 1214 1940; x_wconf 73' lang='lat' dir='ltr'><strong><em>spem</em></strong></span> <span class='ocrx_word' id='word_1_769' title='bbox 1229 1905 1432 1932; x_wconf 88' lang='lat' dir='ltr'><strong><em>resurrectionis</em></strong></span> <span class='ocrx_word' id='word_1_770' title='bbox 1444 1905 1570 1932; x_wconf 90' lang='lat' dir='ltr'><strong><em>ostendit.</em></strong></span> <span class='ocrx_word' id='word_1_771' title='bbox 1588 1905 1691 1938; x_wconf 84' lang='lat' dir='ltr'><strong><em>Accipit</em></strong></span> <span class='ocrx_word' id='word_1_772' title='bbox 1707 1905 1842 1939; x_wconf 78' lang='lat' dir='ltr'><strong><em>pulverem</em></strong></span> 
     </span>
    </p>
   </div>
   <div class='ocr_carea' id='block_1_102' title="bbox 1052 1950 1844 1984">
    <p class='ocr_par' dir='ltr' id='par_1_102' title="bbox 1052 1950 1844 1984">
     <span class='ocr_line' id='line_1_102' title="bbox 1052 1950 1844 1984; baseline -0.003 -6"><span class='ocrx_word' id='word_1_773' title='bbox 1052 1951 1086 1978; x_wconf 91' lang='lat' dir='ltr'><strong><em>de</em></strong></span> <span class='ocrx_word' id='word_1_774' title='bbox 1101 1957 1182 1981; x_wconf 85' lang='lat' dir='ltr'><strong><em>terra.</em></strong></span> <span class='ocrx_word' id='word_1_775' title='bbox 1201 1955 1229 1977; x_wconf 88' lang='lat' dir='ltr'><strong><em>ut</em></strong></span> <span class='ocrx_word' id='word_1_776' title='bbox 1242 1958 1302 1978; x_wconf 91' lang='lat' dir='ltr'><strong><em>cum</em></strong></span> <span class='ocrx_word' id='word_1_777' title='bbox 1325 1951 1424 1978; x_wconf 87' lang='lat' dir='ltr'><strong><em>videris</em></strong></span> <span class='ocrx_word' id='word_1_778' title='bbox 1448 1951 1473 1977; x_wconf 91' lang='lat' dir='ltr'><strong><em>in</em></strong></span> <span class='ocrx_word' id='word_1_779' title='bbox 1494 1950 1617 1984; x_wconf 85' lang='lat' dir='ltr'><strong><em>sepulcro</em></strong></span> <span class='ocrx_word' id='word_1_780' title='bbox 1632 1950 1778 1983; x_wconf 84' lang='lat' dir='ltr'><strong><em>pulverem,</em></strong></span> <span class='ocrx_word' id='word_1_781' title='bbox 1799 1957 1844 1976; x_wconf 91' lang='lat' dir='ltr'><strong><em>no-</em></strong></span> 
     </span>
    </p>
   </div>
   <div class='ocr_carea' id='block_1_103' title="bbox 1053 1997 1843 2032">
    <p class='ocr_par' dir='ltr' id='par_1_103' title="bbox 1053 1997 1843 2032">
     <span class='ocr_line' id='line_1_103' title="bbox 1053 1997 1843 2032; baseline -0.001 -8"><span class='ocrx_word' id='word_1_782' title='bbox 1053 1998 1122 2024; x_wconf 84' lang='lat' dir='ltr'><strong><em>veris</em></strong></span> <span class='ocrx_word' id='word_1_783' title='bbox 1137 2005 1209 2029; x_wconf 83' lang='lat' dir='ltr'><strong><em>eum,</em></strong></span> <span class='ocrx_word' id='word_1_784' title='bbox 1225 1998 1269 2032; x_wconf 86' lang='lat' dir='ltr'><strong><em>qui</em></strong></span> <span class='ocrx_word' id='word_1_785' title='bbox 1292 1997 1356 2024; x_wconf 91' lang='lat' dir='ltr'><strong><em>illud</em></strong></span> <span class='ocrx_word' id='word_1_786' title='bbox 1372 1997 1529 2029; x_wconf 79' lang='lat' dir='ltr'><strong><em>ell‘ormavit,</em></strong></span> <span class='ocrx_word' id='word_1_787' title='bbox 1546 1997 1596 2024; x_wconf 91' lang='lat' dir='ltr'><strong><em>hoc</em></strong></span> <span class='ocrx_word' id='word_1_788' title='bbox 1609 2004 1714 2032; x_wconf 78' lang='lat' dir='ltr'><strong><em>quoque</em></strong></span> <span class='ocrx_word' id='word_1_789' title='bbox 1733 1997 1843 2024; x_wconf 87' lang='lat' dir='ltr'><strong><em>suscita-</em></strong></span> 
     </span>
    </p>
   </div>
   <div class='ocr_carea' id='block_1_104' title="bbox 1052 2041 1845 2077">
    <p class='ocr_par' dir='ltr' id='par_1_104' title="bbox 1052 2041 1845 2077">
     <span class='ocr_line' id='line_1_104' title="bbox 1052 2041 1845 2077; baseline -0.003 -7"><span class='ocrx_word' id='word_1_790' title='bbox 1052 2048 1140 2071; x_wconf 86' lang='lat' dir='ltr'><strong><em>turum</em></strong></span> <span class='ocrx_word' id='word_1_791' title='bbox 1161 2051 1231 2071; x_wconf 86' lang='lat' dir='ltr'><strong><em>esse.</em></strong></span> <span class='ocrx_word' id='word_1_792' title='bbox 1250 2043 1383 2070; x_wconf 82' lang='lat' dir='ltr'><strong><em>Formauit</em></strong></span> <span class='ocrx_word' id='word_1_793' title='bbox 1405 2043 1531 2069; x_wconf 84' lang='lat' dir='ltr'><strong><em>hominem</em></strong></span> <span class='ocrx_word' id='word_1_794' title='bbox 1545 2047 1646 2077; x_wconf 73' lang='lat' dir='ltr'><strong><em>surrupta</em></strong></span> <span class='ocrx_word' id='word_1_795' title='bbox 1661 2042 1692 2069; x_wconf 84' lang='lat' dir='ltr'><strong><em>de</em></strong></span> <span class='ocrx_word' id='word_1_796' title='bbox 1710 2046 1777 2068; x_wconf 83' lang='lat' dir='ltr'><strong><em>terra</em></strong></span> <span class='ocrx_word' id='word_1_797' title='bbox 1790 2041 1845 2076; x_wconf 86' lang='lat' dir='ltr'><strong><em>pul-</em></strong></span> 
     </span>
    </p>
   </div>
   <div class='ocr_carea' id='block_1_105' title="bbox 1052 2087 1840 2124">
    <p class='ocr_par' dir='ltr' id='par_1_105' title="bbox 1052 2087 1840 2124">
     <span class='ocr_line' id='line_1_105' title="bbox 1052 2087 1840 2124; baseline -0.003 -8"><span class='ocrx_word' id='word_1_798' title='bbox 1052 2097 1117 2120; x_wconf 81' lang='lat' dir='ltr'><strong><em>vere,</em></strong></span> <span class='ocrx_word' id='word_1_799' title='bbox 1127 2094 1149 2115; x_wconf 91' lang='lat' dir='ltr'><strong><em>et</em></strong></span> <span class='ocrx_word' id='word_1_800' title='bbox 1157 2089 1289 2124; x_wconf 74' lang='lat' dir='ltr'><strong><em>insufflauit</em></strong></span> <span class='ocrx_word' id='word_1_801' title='bbox 1302 2089 1328 2115; x_wconf 85' lang='lat' dir='ltr'><strong><em>in</em></strong></span> <span class='ocrx_word' id='word_1_802' title='bbox 1340 2089 1429 2123; x_wconf 80' lang='lat' dir='ltr'><strong><em>faciem</em></strong></span> <span class='ocrx_word' id='word_1_803' title='bbox 1439 2089 1493 2124; x_wconf 77' lang='lat' dir='ltr'><strong><em>ejus</em></strong></span> <span class='ocrx_word' id='word_1_804' title='bbox 1503 2088 1657 2123; x_wconf 81' lang='lat' dir='ltr'><strong><em>spiraculum</em></strong></span> <span class='ocrx_word' id='word_1_805' title='bbox 1667 2089 1724 2115; x_wconf 72' lang='lat' dir='ltr'><strong><em>vim:</em></strong></span> <span class='ocrx_word' id='word_1_806' title='bbox 1734 2087 1808 2124; x_wconf 84' lang='lat' dir='ltr'><strong><em>(Gen.</em></strong></span> <span class='ocrx_word' id='word_1_807' title='bbox 1817 2087 1840 2115; x_wconf 76' lang='lat'><strong><em>2.</em></strong></span> 
     </span>
    </p>
   </div>
   <div class='ocr_carea' id='block_1_106' title="bbox 1053 2133 1845 2170">
    <p class='ocr_par' dir='ltr' id='par_1_106' title="bbox 1053 2133 1845 2170">
     <span class='ocr_line' id='line_1_106' title="bbox 1053 2133 1845 2170; baseline -0.004 -8"><span class='ocrx_word' id='word_1_808' title='bbox 1053 2135 1091 2170; x_wconf 87' lang='lat'><strong><em>7).</em></strong></span> <span class='ocrx_word' id='word_1_809' title='bbox 1109 2134 1175 2162; x_wconf 80' lang='lat' dir='ltr'><strong><em>Vide</em></strong></span> <span class='ocrx_word' id='word_1_810' title='bbox 1194 2135 1336 2162; x_wconf 88' lang='lat' dir='ltr'><strong><em>discrimen</em></strong></span> <span class='ocrx_word' id='word_1_811' title='bbox 1360 2134 1430 2161; x_wconf 91' lang='lat' dir='ltr'><strong><em>inter</em></strong></span> <span class='ocrx_word' id='word_1_812' title='bbox 1444 2134 1566 2161; x_wconf 89' lang='lat' dir='ltr'><strong><em>homines</em></strong></span> <span class='ocrx_word' id='word_1_813' title='bbox 1589 2138 1616 2161; x_wconf 89' lang='lat' dir='ltr'><strong><em>et</em></strong></span> <span class='ocrx_word' id='word_1_814' title='bbox 1637 2134 1726 2163; x_wconf 87' lang='lat' dir='ltr'><strong><em>bruta.</em></strong></span> <span class='ocrx_word' id='word_1_815' title='bbox 1746 2133 1845 2161; x_wconf 65' lang='lat' dir='ltr'><strong><em>Caetera</em></strong></span> 
     </span>
    </p>
   </div>
   <div class='ocr_carea' id='block_1_107' title="bbox 1053 2179 1843 2214">
    <p class='ocr_par' dir='ltr' id='par_1_107' title="bbox 1053 2179 1843 2214">
     <span class='ocr_line' id='line_1_107' title="bbox 1053 2179 1843 2214; baseline -0.003 -7"><span class='ocrx_word' id='word_1_816' title='bbox 1053 2181 1141 2208; x_wconf 87' lang='lat' dir='ltr'><strong><em>omnia</em></strong></span> <span class='ocrx_word' id='word_1_817' title='bbox 1155 2187 1215 2207; x_wconf 91' lang='lat' dir='ltr'><strong><em>cum</em></strong></span> <span class='ocrx_word' id='word_1_818' title='bbox 1232 2180 1331 2207; x_wconf 88' lang='lat' dir='ltr'><strong><em>faceret</em></strong></span> <span class='ocrx_word' id='word_1_819' title='bbox 1346 2180 1425 2213; x_wconf 88' lang='lat' dir='ltr'><strong><em>Deus,</em></strong></span> <span class='ocrx_word' id='word_1_820' title='bbox 1439 2179 1518 2207; x_wconf 86' lang='lat' dir='ltr'><strong><em>simul</em></strong></span> <span class='ocrx_word' id='word_1_821' title='bbox 1532 2179 1620 2207; x_wconf 87' lang='lat' dir='ltr'><strong><em>omnia</em></strong></span> <span class='ocrx_word' id='word_1_822' title='bbox 1637 2179 1770 2214; x_wconf 77' lang='lat' dir='ltr'><strong><em>produxit,</em></strong></span> <span class='ocrx_word' id='word_1_823' title='bbox 1784 2186 1843 2206; x_wconf 90' lang='lat' dir='ltr'><strong><em>cum</em></strong></span> 
     </span>
    </p>
   </div>
   <div class='ocr_carea' id='block_1_108' title="bbox 1053 2224 1844 2262">
    <p class='ocr_par' dir='ltr' id='par_1_108' title="bbox 1053 2224 1844 2262">
     <span class='ocr_line' id='line_1_108' title="bbox 1053 2224 1844 2262; baseline -0.003 -8"><span class='ocrx_word' id='word_1_824' title='bbox 1053 2234 1167 2262; x_wconf 87' lang='lat' dir='ltr'><strong><em>corpore</em></strong></span> <span class='ocrx_word' id='word_1_825' title='bbox 1179 2227 1305 2253; x_wconf 87' lang='lat' dir='ltr'><strong><em>animam.</em></strong></span> <span class='ocrx_word' id='word_1_826' title='bbox 1322 2226 1519 2258; x_wconf 87' lang='lat' dir='ltr'><strong><em>Animadverte,</em></strong></span> <span class='ocrx_word' id='word_1_827' title='bbox 1537 2232 1638 2261; x_wconf 68' lang='lat' dir='ltr'><strong><em>quasso.</em></strong></span> <span class='ocrx_word' id='word_1_828' title='bbox 1655 2224 1729 2253; x_wconf 84' lang='lat' dir='ltr'><strong><em>Fecit</em></strong></span> <span class='ocrx_word' id='word_1_829' title='bbox 1747 2225 1844 2252; x_wconf 87' lang='lat' dir='ltr'><strong><em>natati-</em></strong></span> 
     </span>
    </p>
   </div>
   <div class='ocr_carea' id='block_1_109' title="bbox 1055 2272 1841 2307">
    <p class='ocr_par' dir='ltr' id='par_1_109' title="bbox 1055 2272 1841 2307">
     <span class='ocr_line' id='line_1_109' title="bbox 1055 2272 1841 2307; baseline -0.003 -7"><span class='ocrx_word' id='word_1_830' title='bbox 1055 2274 1100 2306; x_wconf 88' lang='lat' dir='ltr'><strong><em>lia,</em></strong></span> <span class='ocrx_word' id='word_1_831' title='bbox 1114 2273 1193 2300; x_wconf 89' lang='lat' dir='ltr'><strong><em>simul</em></strong></span> <span class='ocrx_word' id='word_1_832' title='bbox 1206 2274 1321 2300; x_wconf 87' lang='lat' dir='ltr'><strong><em>animam</em></strong></span> <span class='ocrx_word' id='word_1_833' title='bbox 1336 2277 1363 2300; x_wconf 87' lang='lat' dir='ltr'><strong><em>et</em></strong></span> <span class='ocrx_word' id='word_1_834' title='bbox 1381 2280 1488 2307; x_wconf 88' lang='lat' dir='ltr'><strong><em>corpus.</em></strong></span> <span class='ocrx_word' id='word_1_835' title='bbox 1505 2272 1604 2300; x_wconf 83' lang='lat' dir='ltr'><strong><em>Educat</em></strong></span> <span class='ocrx_word' id='word_1_836' title='bbox 1627 2277 1693 2299; x_wconf 85' lang='lat' dir='ltr'><strong><em>terra</em></strong></span> <span class='ocrx_word' id='word_1_837' title='bbox 1706 2272 1841 2304; x_wconf 84' lang='lat' dir='ltr'><strong><em>animalia,</em></strong></span> 
     </span>
    </p>
   </div>
   <div class='ocr_carea' id='block_1_110' title="bbox 1055 2318 1845 2354">
    <p class='ocr_par' dir='ltr' id='par_1_110' title="bbox 1055 2318 1845 2354">
     <span class='ocr_line' id='line_1_110' title="bbox 1055 2318 1845 2354; baseline -0.004 -7"><span class='ocrx_word' id='word_1_838' title='bbox 1055 2319 1142 2354; x_wconf 86' lang='lat' dir='ltr'><strong><em>prodit</em></strong></span> <span class='ocrx_word' id='word_1_839' title='bbox 1163 2320 1242 2346; x_wconf 86' lang='lat' dir='ltr'><strong><em>simul</em></strong></span> <span class='ocrx_word' id='word_1_840' title='bbox 1266 2327 1327 2347; x_wconf 93' lang='lat' dir='ltr'><strong><em>cum</em></strong></span> <span class='ocrx_word' id='word_1_841' title='bbox 1352 2326 1464 2353; x_wconf 88' lang='lat' dir='ltr'><strong><em>corpore</em></strong></span> <span class='ocrx_word' id='word_1_842' title='bbox 1489 2319 1587 2346; x_wconf 90' lang='lat' dir='ltr'><strong><em>anima.</em></strong></span> <span class='ocrx_word' id='word_1_843' title='bbox 1614 2318 1736 2345; x_wconf 87' lang='lat' dir='ltr'><strong><em>Hominis</em></strong></span> <span class='ocrx_word' id='word_1_844' title='bbox 1761 2318 1845 2353; x_wconf 91' lang='lat' dir='ltr'><strong><em>primo</em></strong></span> 
     </span>
    </p>
   </div>
   <div class='ocr_carea' id='block_1_111' title="bbox 1055 2363 1846 2401">
    <p class='ocr_par' dir='ltr' id='par_1_111' title="bbox 1055 2363 1846 2401">
     <span class='ocr_line' id='line_1_111' title="bbox 1055 2363 1846 2401; baseline -0.006 -8"><span class='ocrx_word' id='word_1_845' title='bbox 1055 2374 1150 2401; x_wconf 89' lang='lat' dir='ltr'><strong><em>corpus</em></strong></span> <span class='ocrx_word' id='word_1_846' title='bbox 1164 2366 1235 2399; x_wconf 86' lang='lat' dir='ltr'><strong><em>facit,</em></strong></span> <span class='ocrx_word' id='word_1_847' title='bbox 1252 2365 1348 2392; x_wconf 88' lang='lat' dir='ltr'><strong><em>deinde</em></strong></span> <span class='ocrx_word' id='word_1_848' title='bbox 1358 2366 1484 2392; x_wconf 89' lang='lat' dir='ltr'><strong><em>animam.</em></strong></span> <span class='ocrx_word' id='word_1_849' title='bbox 1501 2364 1582 2399; x_wconf 86' lang='lat' dir='ltr'><strong><em>Cujus</em></strong></span> <span class='ocrx_word' id='word_1_850' title='bbox 1596 2364 1652 2398; x_wconf 86' lang='lat' dir='ltr'><strong><em>spei</em></strong></span> <span class='ocrx_word' id='word_1_851' title='bbox 1666 2363 1764 2390; x_wconf 83' lang='lat' dir='ltr'><strong><em>causa?</em></strong></span> <span class='ocrx_word' id='word_1_852' title='bbox 1774 2363 1846 2397; x_wconf 82' lang='lat' dir='ltr'><strong><em>Qua-</em></strong></span> 
     </span>
    </p>
   </div>
   <div class='ocr_carea' id='block_1_112' title="bbox 1057 2410 1846 2444">
    <p class='ocr_par' dir='ltr' id='par_1_112' title="bbox 1057 2410 1846 2444">
     <span class='ocr_line' id='line_1_112' title="bbox 1057 2410 1846 2444; baseline -0.004 -6"><span class='ocrx_word' id='word_1_853' title='bbox 1057 2411 1088 2438; x_wconf 88' lang='lat' dir='ltr'><strong><em>lis</em></strong></span> <span class='ocrx_word' id='word_1_854' title='bbox 1103 2411 1237 2444; x_wconf 85' lang='lat' dir='ltr'><strong><em>formatio,</em></strong></span> <span class='ocrx_word' id='word_1_855' title='bbox 1258 2411 1317 2437; x_wconf 89' lang='lat' dir='ltr'><strong><em>talis</em></strong></span> <span class='ocrx_word' id='word_1_856' title='bbox 1331 2411 1440 2437; x_wconf 84' lang='lat' dir='ltr'><strong><em>solutio.</em></strong></span> <span class='ocrx_word' id='word_1_857' title='bbox 1466 2410 1527 2437; x_wconf 89' lang='lat' dir='ltr'><strong><em>Ideo</em></strong></span> <span class='ocrx_word' id='word_1_858' title='bbox 1542 2410 1691 2436; x_wconf 88' lang='lat' dir='ltr'><strong><em>animantes</em></strong></span> <span class='ocrx_word' id='word_1_859' title='bbox 1714 2416 1788 2444; x_wconf 90' lang='lat' dir='ltr'><strong><em>spem</em></strong></span> <span class='ocrx_word' id='word_1_860' title='bbox 1802 2416 1846 2436; x_wconf 89' lang='lat' dir='ltr'><strong><em>re-</em></strong></span> 
     </span>
    </p>
   </div>
   <div class='ocr_carea' id='block_1_113' title="bbox 1056 2455 1846 2491">
    <p class='ocr_par' dir='ltr' id='par_1_113' title="bbox 1056 2455 1846 2491">
     <span class='ocr_line' id='line_1_113' title="bbox 1056 2455 1846 2491; baseline -0.004 -7"><span class='ocrx_word' id='word_1_861' title='bbox 1056 2457 1230 2484; x_wconf 88' lang='lat' dir='ltr'><strong><em>surrectionis</em></strong></span> <span class='ocrx_word' id='word_1_862' title='bbox 1245 2465 1298 2484; x_wconf 91' lang='lat' dir='ltr'><strong><em>non</em></strong></span> <span class='ocrx_word' id='word_1_863' title='bbox 1313 2457 1423 2489; x_wconf 77' lang='lat' dir='ltr'><strong><em>imbelli,</em></strong></span> <span class='ocrx_word' id='word_1_864' title='bbox 1440 2457 1502 2491; x_wconf 91' lang='lat' dir='ltr'><strong><em>quia</em></strong></span> <span class='ocrx_word' id='word_1_865' title='bbox 1518 2463 1571 2491; x_wconf 91' lang='lat' dir='ltr'><strong><em>quo</em></strong></span> <span class='ocrx_word' id='word_1_866' title='bbox 1584 2455 1665 2483; x_wconf 89' lang='lat' dir='ltr'><strong><em>modo</em></strong></span> <span class='ocrx_word' id='word_1_867' title='bbox 1685 2455 1760 2482; x_wconf 58' lang='lat' dir='ltr'><strong><em>facta!</em></strong></span> <span class='ocrx_word' id='word_1_868' title='bbox 1774 2459 1846 2488; x_wconf 88' lang='lat' dir='ltr'><strong><em>sunt,</em></strong></span> 
     </span>
    </p>
   </div>
   <div class='ocr_carea' id='block_1_114' title="bbox 1056 2500 1847 2536">
    <p class='ocr_par' dir='ltr' id='par_1_114' title="bbox 1056 2500 1847 2536">
     <span class='ocr_line' id='line_1_114' title="bbox 1056 2500 1847 2536; baseline -0.005 -6"><span class='ocrx_word' id='word_1_869' title='bbox 1056 2504 1149 2530; x_wconf 85' lang='lat' dir='ltr'><strong><em>eodem</em></strong></span> <span class='ocrx_word' id='word_1_870' title='bbox 1164 2503 1242 2529; x_wconf 85' lang='lat' dir='ltr'><strong><em>modo</em></strong></span> <span class='ocrx_word' id='word_1_871' title='bbox 1261 2504 1418 2529; x_wconf 90' lang='lat' dir='ltr'><strong><em>moriuntur.</em></strong></span> <span class='ocrx_word' id='word_1_872' title='bbox 1434 2502 1519 2529; x_wconf 90' lang='lat' dir='ltr'><strong><em>Simul</em></strong></span> <span class='ocrx_word' id='word_1_873' title='bbox 1533 2508 1631 2536; x_wconf 88' lang='lat' dir='ltr'><strong><em>corpus</em></strong></span> <span class='ocrx_word' id='word_1_874' title='bbox 1643 2505 1671 2528; x_wconf 89' lang='lat' dir='ltr'><strong><em>et</em></strong></span> <span class='ocrx_word' id='word_1_875' title='bbox 1682 2501 1770 2527; x_wconf 87' lang='lat' dir='ltr'><strong><em>anima</em></strong></span> <span class='ocrx_word' id='word_1_876' title='bbox 1784 2500 1847 2527; x_wconf 76' lang='lat' dir='ltr'><strong><em>abo~</em></strong></span> 
     </span>
    </p>
   </div>
   <div class='ocr_carea' id='block_1_115' title="bbox 1056 2546 1887 2583">
    <p class='ocr_par' dir='ltr' id='par_1_115' title="bbox 1056 2546 1887 2583">
     <span class='ocr_line' id='line_1_115' title="bbox 1056 2546 1887 2583; baseline -0.001 -8"><span class='ocrx_word' id='word_1_877' title='bbox 1056 2549 1154 2576; x_wconf 86' lang='lat' dir='ltr'><strong><em>lentur.</em></strong></span> <span class='ocrx_word' id='word_1_878' title='bbox 1167 2548 1270 2583; x_wconf 90' lang='lat' dir='ltr'><strong><em>Corpus</em></strong></span> <span class='ocrx_word' id='word_1_879' title='bbox 1281 2548 1396 2575; x_wconf 89' lang='lat' dir='ltr'><strong><em>hominis</em></strong></span> <span class='ocrx_word' id='word_1_880' title='bbox 1407 2548 1439 2575; x_wconf 89' lang='lat' dir='ltr'><strong><em>de</em></strong></span> <span class='ocrx_word' id='word_1_881' title='bbox 1455 2552 1524 2574; x_wconf 89' lang='lat' dir='ltr'><strong><em>terra</em></strong></span> <span class='ocrx_word' id='word_1_882' title='bbox 1535 2547 1647 2582; x_wconf 85' lang='lat' dir='ltr'><strong><em>accepit,</em></strong></span> <span class='ocrx_word' id='word_1_883' title='bbox 1660 2547 1777 2574; x_wconf 88' lang='lat' dir='ltr'><strong><em>animam</em></strong></span> <span class='ocrx_word' id='word_1_884' title='bbox 1790 2546 1848 2581; x_wconf 85' lang='lat' dir='ltr'><strong><em>ipse</em></strong></span> <span class='ocrx_word' id='word_1_885' title='bbox 1883 2567 1887 2570; x_wconf 87' lang='lat'><strong><em>.</em></strong></span> 
     </span>
    </p>
   </div>
   <div class='ocr_carea' id='block_1_116' title="bbox 1057 2592 1846 2628">
    <p class='ocr_par' dir='ltr' id='par_1_116' title="bbox 1057 2592 1846 2628">
     <span class='ocr_line' id='line_1_116' title="bbox 1057 2592 1846 2628; baseline -0.004 -6"><span class='ocrx_word' id='word_1_886' title='bbox 1057 2595 1149 2622; x_wconf 89' lang='lat' dir='ltr'><strong><em>tribuit</em></strong></span> <span class='ocrx_word' id='word_1_887' title='bbox 1162 2594 1288 2626; x_wconf 81' lang='lat' dir='ltr'><strong><em>creando,</em></strong></span> <span class='ocrx_word' id='word_1_888' title='bbox 1306 2602 1359 2621; x_wconf 93' lang='lat' dir='ltr'><strong><em>non</em></strong></span> <span class='ocrx_word' id='word_1_889' title='bbox 1375 2602 1407 2621; x_wconf 79' lang='lat' dir='ltr'><strong><em>ex</em></strong></span> <span class='ocrx_word' id='word_1_890' title='bbox 1421 2601 1469 2620; x_wconf 87' lang='lat' dir='ltr'><strong><em>sua</em></strong></span> <span class='ocrx_word' id='word_1_891' title='bbox 1488 2593 1638 2621; x_wconf 86' lang='lat' dir='ltr'><strong><em>substantia</em></strong></span> <span class='ocrx_word' id='word_1_892' title='bbox 1653 2592 1825 2628; x_wconf 88' lang='lat' dir='ltr'><strong><em>producendo</em></strong></span> <span class='ocrx_word' id='word_1_893' title='bbox 1838 2600 1846 2619; x_wconf 88' lang='lat'><strong>:</strong></span> 
     </span>
    </p>
   </div>
   <div class='ocr_carea' id='block_1_117' title="bbox 1056 2638 1848 2674">
    <p class='ocr_par' dir='ltr' id='par_1_117' title="bbox 1056 2638 1848 2674">
     <span class='ocr_line' id='line_1_117' title="bbox 1056 2638 1848 2674; baseline -0.001 -8"><span class='ocrx_word' id='word_1_894' title='bbox 1056 2646 1086 2668; x_wconf 87' lang='lat' dir='ltr'><strong><em>ut</em></strong></span> <span class='ocrx_word' id='word_1_895' title='bbox 1106 2649 1166 2668; x_wconf 89' lang='lat' dir='ltr'><strong><em>cum</em></strong></span> <span class='ocrx_word' id='word_1_896' title='bbox 1186 2645 1318 2667; x_wconf 91' lang='lat' dir='ltr'><strong><em>mortuum</em></strong></span> <span class='ocrx_word' id='word_1_897' title='bbox 1340 2640 1420 2667; x_wconf 86' lang='lat' dir='ltr'><strong><em>fuerit</em></strong></span> <span class='ocrx_word' id='word_1_898' title='bbox 1434 2647 1543 2674; x_wconf 89' lang='lat' dir='ltr'><strong><em>corpus,</em></strong></span> <span class='ocrx_word' id='word_1_899' title='bbox 1565 2640 1621 2667; x_wconf 85' lang='lat' dir='ltr'><strong><em>sive</em></strong></span> <span class='ocrx_word' id='word_1_900' title='bbox 1634 2638 1727 2672; x_wconf 89' lang='lat' dir='ltr'><strong><em>homo,</em></strong></span> <span class='ocrx_word' id='word_1_901' title='bbox 1752 2645 1786 2666; x_wconf 87' lang='lat' dir='ltr'><strong><em>ne</em></strong></span> <span class='ocrx_word' id='word_1_902' title='bbox 1800 2638 1848 2665; x_wconf 87' lang='lat' dir='ltr'><strong><em>de-</em></strong></span> 
     </span>
    </p>
   </div>
   <div class='ocr_carea' id='block_1_118' title="bbox 1056 2685 1846 2723">
    <p class='ocr_par' dir='ltr' id='par_1_118' title="bbox 1056 2685 1846 2723">
     <span class='ocr_line' id='line_1_118' title="bbox 1056 2685 1846 2723; baseline -0.005 -8"><span class='ocrx_word' id='word_1_903' title='bbox 1056 2695 1194 2723; x_wconf 87' lang='lat' dir='ltr'><strong><em>speremus</em></strong></span> <span class='ocrx_word' id='word_1_904' title='bbox 1213 2688 1247 2715; x_wconf 87' lang='lat' dir='ltr'><strong><em>de</em></strong></span> <span class='ocrx_word' id='word_1_905' title='bbox 1267 2687 1365 2714; x_wconf 89' lang='lat' dir='ltr'><strong><em>anima.</em></strong></span> <span class='ocrx_word' id='word_1_906' title='bbox 1388 2686 1457 2720; x_wconf 92' lang='lat' dir='ltr'><strong><em>Quid</em></strong></span> <span class='ocrx_word' id='word_1_907' title='bbox 1478 2686 1562 2719; x_wconf 83' lang='lat' dir='ltr'><strong><em>enim,</em></strong></span> <span class='ocrx_word' id='word_1_908' title='bbox 1584 2685 1653 2721; x_wconf 89' lang='lat' dir='ltr'><strong><em>quod</em></strong></span> <span class='ocrx_word' id='word_1_909' title='bbox 1677 2686 1703 2712; x_wconf 93' lang='lat' dir='ltr'><strong><em>in</em></strong></span> <span class='ocrx_word' id='word_1_910' title='bbox 1725 2685 1846 2720; x_wconf 83' lang='lat' dir='ltr'><strong><em>sepulcro</em></strong></span> 
     </span>
    </p>
   </div>
   <div class='ocr_carea' id='block_1_119' title="bbox 1056 2732 1845 2769">
    <p class='ocr_par' dir='ltr' id='par_1_119' title="bbox 1056 2732 1845 2769">
     <span class='ocr_line' id='line_1_119' title="bbox 1056 2732 1845 2769; baseline -0.005 -8"><span class='ocrx_word' id='word_1_911' title='bbox 1056 2734 1206 2769; x_wconf 89' lang='lat' dir='ltr'><strong><em>depositum</em></strong></span> <span class='ocrx_word' id='word_1_912' title='bbox 1218 2734 1252 2760; x_wconf 86' lang='lat' dir='ltr'><strong><em>sit</em></strong></span> <span class='ocrx_word' id='word_1_913' title='bbox 1269 2733 1385 2768; x_wconf 84' lang='lat' dir='ltr'><strong><em>corpus?</em></strong></span> <span class='ocrx_word' id='word_1_914' title='bbox 1397 2733 1436 2759; x_wconf 83' lang='lat' dir='ltr'><strong><em>Ne</em></strong></span> <span class='ocrx_word' id='word_1_915' title='bbox 1451 2733 1584 2767; x_wconf 87' lang='lat' dir='ltr'><strong><em>putaveris</em></strong></span> <span class='ocrx_word' id='word_1_916' title='bbox 1599 2732 1635 2759; x_wconf 91' lang='lat' dir='ltr'><strong><em>ibi</em></strong></span> <span class='ocrx_word' id='word_1_917' title='bbox 1649 2739 1709 2758; x_wconf 84' lang='lat' dir='ltr'><strong><em>esse</em></strong></span> <span class='ocrx_word' id='word_1_918' title='bbox 1721 2732 1845 2758; x_wconf 76' lang='lat' dir='ltr'><strong><em>annnam.</em></strong></span> 
     </span>
    </p>
   </div>
   <div class='ocr_carea' id='block_1_120' title="bbox 1056 2778 1845 2813">
    <p class='ocr_par' dir='ltr' id='par_1_120' title="bbox 1056 2778 1845 2813">
     <span class='ocr_line' id='line_1_120' title="bbox 1056 2778 1845 2813; baseline -0.005 -6"><span class='ocrx_word' id='word_1_919' title='bbox 1056 2780 1114 2807; x_wconf 85' lang='lat' dir='ltr'><strong><em>Non</em></strong></span> <span class='ocrx_word' id='word_1_920' title='bbox 1128 2780 1199 2807; x_wconf 90' lang='lat' dir='ltr'><strong><em>enim</em></strong></span> <span class='ocrx_word' id='word_1_921' title='bbox 1214 2779 1247 2806; x_wconf 89' lang='lat' dir='ltr'><strong><em>de</em></strong></span> <span class='ocrx_word' id='word_1_922' title='bbox 1261 2784 1329 2806; x_wconf 85' lang='lat' dir='ltr'><strong><em>terra</em></strong></span> <span class='ocrx_word' id='word_1_923' title='bbox 1350 2782 1454 2813; x_wconf 86' lang='lat' dir='ltr'><strong><em>sumpta</em></strong></span> <span class='ocrx_word' id='word_1_924' title='bbox 1470 2783 1521 2812; x_wconf 87' lang='lat' dir='ltr'><strong><em>est,</em></strong></span> <span class='ocrx_word' id='word_1_925' title='bbox 1543 2785 1592 2805; x_wconf 90' lang='lat' dir='ltr'><strong><em>nec</em></strong></span> <span class='ocrx_word' id='word_1_926' title='bbox 1606 2778 1632 2805; x_wconf 91' lang='lat' dir='ltr'><strong><em>in</em></strong></span> <span class='ocrx_word' id='word_1_927' title='bbox 1647 2783 1744 2804; x_wconf 85' lang='lat' dir='ltr'><strong><em>terram</em></strong></span> <span class='ocrx_word' id='word_1_928' title='bbox 1761 2784 1845 2804; x_wconf 84' lang='lat' dir='ltr'><strong><em>rever-</em></strong></span> 
     </span>
    </p>
   </div>
   <div class='ocr_carea' id='block_1_121' title="bbox 1059 2822 1850 2862">
    <p class='ocr_par' dir='ltr' id='par_1_121' title="bbox 1059 2822 1850 2862">
     <span class='ocr_line' id='line_1_121' title="bbox 1059 2822 1850 2862; baseline -0.008 -7"><span class='ocrx_word' id='word_1_929' title='bbox 1059 2833 1136 2855; x_wconf 81' lang='lat' dir='ltr'><strong><em>tetur.</em></strong></span> <span class='ocrx_word' id='word_1_930' title='bbox 1155 2827 1234 2862; x_wconf 83' lang='lat' dir='ltr'><strong><em>Spem</em></strong></span> <span class='ocrx_word' id='word_1_931' title='bbox 1251 2833 1314 2860; x_wconf 81' lang='lat' dir='ltr'><strong><em>ergo</em></strong></span> <span class='ocrx_word' id='word_1_932' title='bbox 1327 2825 1426 2852; x_wconf 86' lang='lat' dir='ltr'><strong><em>statuit.</em></strong></span> <span class='ocrx_word' id='word_1_933' title='bbox 1446 2824 1506 2853; x_wconf 88' lang='lat' dir='ltr'><strong><em>Ideo</em></strong></span> <span class='ocrx_word' id='word_1_934' title='bbox 1520 2824 1600 2853; x_wconf 87' lang='lat' dir='ltr'><strong><em>etiam</em></strong></span> <span class='ocrx_word' id='word_1_935' title='bbox 1625 2823 1648 2851; x_wconf 92' lang='lat' dir='ltr'><strong><em>in</em></strong></span> <span class='ocrx_word' id='word_1_936' title='bbox 1667 2822 1790 2851; x_wconf 77' lang='lat' dir='ltr'><strong><em>Ezechiel</em></strong></span> <span class='ocrx_word' id='word_1_937' title='bbox 1805 2829 1850 2850; x_wconf 87' lang='lat' dir='ltr'><strong><em>re-</em></strong></span> 
     </span>
    </p>
   </div>
  </div>
