2062 3128
194 143 244 170 477
740 142 783 170 DE
803 143 909 171 MUNDI
929 144 985 171 CRl

1038 143 1123 172 ~IONE
1144 144 1270 172 οιιΛΤιυ
1288 146 1317 171 ν.
1739 156 1748 161 ‘
1780 154 1831 181 Ms

193 199 385 226 surrectionem
401 198 559 226 vaticinatur
574 198 614 225 his
635 198 725 225 verbis
739 207 745 224 :
763 200 870 227 [normis
889 201 985 227 ossibus

193 254 286 280 corpus
299 247 393 280 factum
405 249 441 272 est
456 244 560 280 (Ezech.
577 245 620 272 57.
637 244 675 280 9).
692 245 791 271 Deinde
804 245 839 271 ait
852 255 859 272 :
875 245 915 272 Ex
924 254 986 279 qua-

193 296 251 317 tuor
269 291 347 317 uentis
366 291 447 317 ueniat
468 291 582 325 spiritus,
607 296 631 316 et
649 290 807 325 ingredimur
828 291 854 317 in
876 296 987 317 mortuos

193 338 249 370 Itos,
265 342 288 363 et
307 337 400 364 vivant.
419 337 463 363 Sic
480 341 506 363 et
523 337 603 363 David
619 337 715 363 clamat
730 345 736 362 :
753 336 857 370 Auferes
872 337 987 371 spiritum

192 391 289 416 (orum,
311 388 334 409 et
348 382 477 416 tle/hient,
501 388 523 409 et
544 382 568 408 in
584 382 710 415 pulverem
733 390 806 408 suum
822 387 985 408 reuertentur.

195 428 300 455 Entittt's
316 427 441 462 Spiritum
455 432 536 461 tuum,
552 432 573 454 ct
589 428 749 460 creabantur,
766 432 789 453 et
802 427 932 453 reuuvabis
943 427 986 460 [a-

192 474 255 500 riam
268 472 436 509 terra:(l’sal.
454 473 516 500 105.
531 472 576 500 29.
592 472 648 506 50).
665 472 757 499 Vidisti
770 472 896 508 Spiritum
910 480 985 499 crea-

194 525 278 546 torem
290 519 301 544 ’ἐ
315 519 402 545 vidisti
416 527 475 545 cum
493 519 547 546 Deo
557 519 733 552 operantem?

233 565 260 592 5.
282 565 333 591 Sed
353 565 384 590 ad
401 564 565 599 propositqu
581 571 754 590 revertamur.
772 563 922 599 lusu/ﬂavit.
936 563 986 591 Per

193 610 277 642 illud,
301 609 460 645 lusu/ﬂuvit,
487 610 583 636 anima:
614 609 810 644 simplicitatem
837 609 955 636 ostendit
979 619 986 637 :

193 656 253 683 ideo
267 663 315 682 nec
329 656 418 682 multis
432 656 616 682 concinnatur.
632 654 747 682 Attende
758 654 823 688 jam.
837 655 902 688 Quia
912 663 987 682 crca-

193 707 251 729 tura
266 702 470 733 inveteraverat,
484 701 556 728 illam
569 701 691 728 Christus
704 701 729 727 in
741 701 938 735 dispensatione
950 701 986 736 (τι)

195 748 334 775 instaurat.
362 748 504 775 Formatns
523 753 564 774 est
586 747 670 774 Adam
693 747 726 774 de
749 752 818 774 terra
841 746 988 774 :l‘ormavit

191 795 314 822 Christus
334 795 397 822 Circi
421 795 513 822 oculos
530 802 562 821 ex
576 795 632 821 luto
642 815 648 827 ,
665 799 693 822 ut
708 794 770 822 hinc
785 796 893 822 noveris
907 802 966 822 eum
979 816 986 828 ,

192 841 237 875 qui
258 841 360 875 accepit
375 840 507 874 pulverem
520 840 553 866 de
568 845 637 867 terra
648 862 655 874 ,
670 845 697 867 et
712 841 845 867 formavit.
862 840 984 867 lusul'lla-

178 885 230 912 'vit
252 887 321 913 Deus
341 886 368 913 in
387 886 481 913 faciem
496 885 580 912 Adam
605 886 736 920 spiracula
752 887 828 918 vitie;
845 886 987 913 insumavit

189 931 312 960 Christus
338 932 363 959 in
383 931 477 959 faciem
500 923 698 966 apostolorum,
720 937 748 960 et
766 932 834 959 divit
856 933 989 967 :At-cipite

191 978 318 1013 Spiritum
339 983 453 1004 sanctum
477 977 566 1013 (Jaau.
586 978 631 1005 20.
645 979 702 1014 92).
718 979 781 1005 Eam
797 987 857 1014 qua:
873 980 988 1013 perierat

190 1024 286 1050 Adami
309 1023 534 1056 insnlﬂaliouem,
558 1023 679 1051 Christus
705 1024 838 1056 restituit,
860 1029 887 1051 ct
901 1024 987 1051 factus

190 1073 232 1095 cst
250 1076 342 1095 rursus
355 1068 436 1096 homo
449 1069 474 1095 in
486 1069 601 1095 animam
615 1069 759 1096 viventem.
775 1069 824 1096 llic
836 1070 914 1096 seriei
927 1070 985 1096 ani-

190 1122 262 1141 mum
285 1114 391 1141 adhibe.
417 1113 529 1142 Etiamsi
552 1114 622 1141 enim
639 1115 709 1141 vocis
732 1123 860 1150 organum
877 1114 982 1148 deﬁcit,

188 1166 316 1189 consueta
342 1166 429 1188 tamen
456 1169 508 1197 spe,
528 1169 713 1197 praecurrens,
738 1162 985 1197 fratrumque‘vota

188 1209 360 1242 accelerans,
385 1209 466 1236 credo
488 1209 603 1236 dandum
628 1209 692 1236 mihi
710 1217 770 1237 esse
785 1209 894 1236 verbum
908 1230 914 1242 ,
932 1217 984 1236 non

189 1254 279 1280 meriti
304 1254 357 1281 mei
378 1262 476 1287 causa,
498 1254 544 1281 sed
565 1254 711 1282 alacritatis
723 1254 874 1282 auditorum
888 1255 983 1288 gratia.

189 1299 301 1326 Etiamsi
316 1300 415 1327 sanctis
427 1308 478 1326 non
491 1301 575 1327 simus
590 1300 763 1335 comparandi
774 1309 781 1332 ;
793 1305 820 1328 at
830 1301 866 1327 illi
880 1308 986 1336 quoque

189 1346 251 1372 talia
273 1350 335 1372 sunt
354 1347 439 1380 passi,
455 1347 629 1380 corporisque
642 1345 840 1373 inﬁrmitatibus
855 1346 985 1381 impedic-

186 1392 294 1419 bantur.
315 1392 342 1418 Id
365 1393 521 1419 testiﬁcatur
542 1392 625 1418 David
646 1392 737 1419 dicens
759 1401 766 1418 :
786 1392 911 1419 Laboraui
929 1393 984 1418 cla-

188 1447 261 1464 mans
271 1459 277 1470 ,
290 1446 373 1465 raucae
386 1439 461 1472 facta:
474 1443 532 1465 sunt
544 1439 630 1473 fauces
645 1446 707 1465 mea:
721 1437 806 1474 (Psal.
823 1439 867 1466 68.
883 1438 920 1474 4).
932 1438 985 1466 Mc-

188 1485 239 1512 lius
263 1492 341 1519 porro
362 1490 403 1512 est
422 1493 499 1512 rauca
515 1492 581 1512 voce
594 1489 666 1512 recta
681 1485 770 1512 dicere
780 1505 786 1517 ,
801 1493 879 1520 quam
890 1506 898 1518 ,
912 1491 984 1512 recta

188 1539 272 1563 voce,
294 1531 383 1557 animo
399 1539 555 1565 perversum
570 1538 638 1557 csse.
657 1530 784 1557 Plantavit
800 1530 866 1557 Deus
881 1531 986 1566 paradi-

187 1586 243 1604 sum
256 1577 281 1603 in
295 1577 373 1603 Edent
387 1578 420 1603 ad
431 1579 550 1604 orientem
564 1576 638 1613 (Gen.
655 1576 682 1604 2.
699 1577 738 1611 8).
751 1577 818 1610 Quid
830 1582 871 1604 est
882 1577 984 1605 Edem?

189 1623 272 1650 Edent
288 1624 418 1658 signiﬁcat
433 1623 542 1650 delicias
556 1631 564 1655 ;
580 1631 611 1650 ac
625 1623 648 1650 si
661 1623 720 1657 quis
730 1623 841 1656 diceret,
855 1623 985 1650 Plantavit

190 1669 343 1703 paradisum
360 1669 384 1695 in
400 1669 503 1696 deliciis
514 1690 520 1701 ,
534 1669 590 1696 sive
605 1669 630 1695 in
646 1669 774 1695 delicioso
788 1669 863 1700 loco,
882 1669 907 1695 in
925 1669 983 1703 pul-

189 1716 255 1742 chro
276 1716 343 1742 loco.
367 1716 480 1750 Ideoque
500 1716 526 1742 in
547 1715 598 1742 ﬁne
610 1715 675 1742 dicit
691 1723 697 1741 :
715 1714 748 1741 Et
762 1715 832 1750 ejecit
845 1715 925 1741 Adam
938 1735 945 1747 ,
962 1720 985 1742 et

190 1762 320 1788 collocavit
336 1769 392 1788 eum
406 1769 437 1788 ea:
450 1761 553 1788 aduerso
568 1760 679 1796 paradisi
692 1759 837 1794 uoluptatis.
854 1759 984 1787 Plantavit

189 1807 258 1834 Deus
269 1807 415 1842 paradisum
429 1807 455 1832 in
470 1805 551 1833 Edem
564 1806 598 1832 ad
610 1806 729 1832 orientem
740 1805 816 1841 (Gen.
828 1806 854 1833 5.
865 1805 984 1841 24).Cur

190 1861 242 1879 non
257 1853 282 1879 in
296 1853 348 1879 alio
361 1852 478 1883 climate,
491 1851 536 1878 sed
548 1851 581 1878 ad
592 1851 723 1878 orientem
737 1850 896 1884 paradisus?
908 1850 984 1878 Unde

190 1899 292 1926 initium
308 1906 403 1926 cursus
414 1897 582 1924 luminarium
592 1918 599 1930 ,
614 1897 676 1924 inde
688 1897 846 1932 principium
861 1899 922 1924 vita:
934 1898 983 1924 lio-

190 1947 300 1973 minnm.
314 1945 505 1981 Praesigniﬁcat
520 1945 588 1972 Deus
603 1944 722 1972 futurum
739 1954 745 1971 :
761 1945 794 1971 ad
809 1945 940 1971 orientem
958 1945 984 1971 in

191 1992 313 2026 paradiso
337 1992 412 2026 ponit
435 1992 583 2023 hominem,
608 1996 637 2017 ut
655 1990 795 2022 ostendat,
810 1990 983 2025 quemadmo-

190 2037 252 2064 dum
274 2038 415 2064 luminaria
438 2037 481 2064 illa
500 2037 613 2064 orientia
629 2041 739 2063 currunt
753 2035 786 2062 ad
801 2035 1002 2066 occidentem,-

189 2088 217 2110 et
229 2083 353 2111 occidunt
374 2092 381 2110 :
397 2083 432 2110 ita
456 2087 483 2110 et
502 2082 572 2109 hunc
591 2086 718 2116 oportere
731 2089 746 2108 a
760 2081 811 2107 vita
828 2081 855 2107 in
871 2085 983 2108 mortem

191 2136 300 2156 currere
313 2128 479 2161 etoccidcre,
493 2127 873 2163 quemadmodumluminaria,
886 2126 984 2152 alium-

190 2182 243 2209 que
273 2178 380 2202 rursum
415 2175 544 2201 orientem
580 2181 686 2200 sumere
724 2180 757 2200 ex
790 2173 984 2199 resurrectione

190 2224 367 2247 mortuorum.
390 2219 513 2246 Cucurrit
531 2218 614 2246 Adam
638 2218 671 2244 ad
690 2217 873 2250 occidentem,
889 2217 985 2244 occidit

191 2267 218 2294 iu
241 2267 389 2301 sepulcrum
413 2276 419 2293 :
443 2270 562 2300 sequuta
586 2269 648 2292 sunt
668 2265 740 2291 illum
759 2271 802 2290 res
833 2267 929 2295 terra),
957 2267 985 2290 et

190 2320 252 2340 cum
275 2313 320 2340 illo
339 2311 478 2339 occidente
500 2311 610 2346 sepulta:
629 2314 699 2336 sunt.
717 2308 943 2340 VenitChristus,
958 2313 986 2335 et

190 2366 252 2386 enim
264 2358 307 2392 qui
319 2357 454 2384 occiderat
465 2357 529 2384 oriri
544 2356 655 2383 curavit.
670 2355 731 2382 ideo
742 2354 806 2381 dicit
820 2354 853 2381 de
866 2354 911 2380 illo
924 2361 986 2388 prn-

192 2406 271 2440 pheta
287 2414 293 2431 :
310 2404 376 2431 Ecce
385 2405 422 2431 vir
432 2425 440 2437 ,
458 2403 546 2430 Oriens
559 2410 650 2429 nomen
664 2402 728 2436 ejus,
740 2406 763 2427 et
776 2402 822 2427 sub
832 2401 876 2426 illo
891 2400 986 2426 orietur

194 2452 284 2488 (Zaclt.
306 2452 332 2479 6.
359 2452 404 2486 12)
417 2460 423 2483 ;
446 2458 542 2485 nempe
554 2458 586 2477 ex
601 2448 739 2483 sepulcris.
754 2447 781 2474 lu
796 2447 898 2473 Adamo
912 2447 983 2472 orci-

191 2498 231 2525 dit
250 2497 347 2528 homo,
371 2497 397 2523 in
420 2497 526 2523 Christo
545 2500 619 2522 ortus
630 2499 670 2521 est
687 2503 693 2520 :
708 2493 733 2520 id
750 2493 904 2520 testiﬁcatur
918 2491 985 2518 Pau-

193 2544 235 2571 lus
259 2552 266 2570 :
293 2553 302 2569 ‹
319 2543 384 2570 Nam
405 2543 474 2570 sicut
487 2543 512 2569 in
528 2541 612 2568 Adam
628 2547 722 2568 omnes
735 2539 892 2570 moriuntur,
909 2538 944 2564 ita
957 2541 985 2564 et

192 2591 219 2617 in
233 2591 338 2617 Christo
349 2597 442 2616 omnes
451 2589 653 2616 viviﬁcabuntur
668 2596 678 2612 ›
695 2587 732 2622 (1.
742 2585 799 2612 Cor.
813 2584 936 2618 15.22).‹
952 2584 986 2611 Ει

192 2637 296 2671 accepit
312 2636 380 2662 Deus
394 2635 541 2668 hominem,
556 2641 634 2668 quem
649 2633 756 2665 iecerat,
769 2636 796 2659 et
812 2631 896 2666 posuit
911 2630 984 2657 illum

193 2683 219 2710 in
232 2682 353 2717 paradiso
366 2691 375 2708 ι
390 2681 465 2717 (Gen.
477 2680 569 2714 2.15).
584 2680 673 2707 Intulit
684 2678 757 2705 illum
773 2678 798 2704 in
813 2681 930 2712 paratam
941 2676 985 2702 do-

194 2737 277 2756 mum.
293 2727 521 2762 Quemadmodnm
537 2727 575 2759 is,
589 2727 633 2761 qui
646 2726 760 2760 aliquem
772 2725 865 2752 invitat
877 2724 910 2750 ad
920 2731 985 2751 con-

196 2775 310 2807 vivium,
334 2774 419 2809 primo
441 2777 552 2808 apparat
571 2772 659 2806 :edes,
678 2776 705 2798 et
724 2776 785 2798 tunc
807 2769 909 2797 inducit
923 2776 983 2796 eum

226 2851 264 2882 (α)
279 2848 372 2876 Scilicet
381 2870 388 2879 ι
406 2850 439 2882 in,
451 2849 613 2882 incarnatione
628 2855 680 2882 sua.
693 2851 741 2872 Mos
750 2851 798 2882 .cst
814 2845 984 2882 ecclesiasticts

195 2876 351 2913 ςίὶιίιοτὼυε
361 2876 404 2913 per
415 2880 624 2912 dispensationem,
635 2878 823 2904 incarnationem
833 2876 982 2907 intelligere.

1040 209 1118 234 quem
1139 201 1260 228 invitavit
1276 212 1281 228 :
1298 203 1337 230 sic
1351 207 1378 230 et
1393 203 1435 231 hic
1450 212 1555 239 quoque
1570 214 1576 232 :
1590 207 1691 240 paravit
1706 208 1744 234 illi
1760 209 1831 236 a‘dcs

1041 248 1213 281 magniﬁcas,
1242 248 1416 283 paradisum,
1440 254 1467 276 et.
1492 250 1531 277 sic
1555 251 1694 278 invitatum
1718 253 1829 280 induxit.

1040 292 1152 320 Ubinam
1177 293 1304 321 formatus
1329 295 1393 321 est?
1415 295 1442 322 lu
1464 301 1531 323 terra
1546 318 1553 329 ,
1573 303 1646 325 extra
1670 302 1829 333 paradisum.

1040 338 1272 370 Quemadmodum
1293 340 1363 367 enim
1381 341 1518 368 luminaria
1530 364 1537 375 ,
1555 343 1617 372 alibi
1632 344 1698 371 facta
1712 351 1791 379 sunt,
1806 353 1829 373 et

1041 384 1124 418 posita
1146 389 1207 410 sunt
1227 385 1252 411 in
1266 386 1333 413 caelo
1349 395 1356 413 :
1370 387 1408 413 sic
1423 392 1450 414 et
1464 388 1547 416 Adam
1560 394 1634 417 extra
1650 391 1777 418 formatus
1791 397 1829 418 est

1041 429 1065 455 in
1088 429 1138 456 alia
1164 435 1241 458 terra:
1264 436 1355 466 parte,
1376 437 1402 460 et
1422 437 1484 461 tunc
1499 434 1620 462 inducttls
1633 441 1674 463 cst
1687 437 1712 463 in
1727 438 1830 472 paradi-

1039 481 1108 500 sum.
1130 474 1268 502 llndenam
1293 476 1364 504 huc?
1386 478 1430 505 Ait
1455 479 1590 514 Scriptura
1604 480 1630 508 in
1644 481 1832 517 ﬁne,quando

1039 520 1140 553 ejectus
1160 526 1201 548 cst
1220 522 1304 549 Adam
1319 532 1325 550 :
1345 533 1353 549 Ι
1371 524 1404 551 Ει
1418 525 1506 552 emisit
1522 525 1590 553 Deus
1605 527 1689 554 Adam
1705 529 1739 556 de
1753 537 1832 564 para-

1039 566 1098 594 diso
1114 568 1266 602 voluptatis,
1280 574 1308 596 nt
1318 576 1474 604 operaretur
1484 577 1591 606 terram,
1601 573 1634 600 de
1642 582 1694 609 qua
1707 582 1829 610 sumptus
1838 601 1851 610 ,

1039 613 1206 660 cstﬁPusuit
1220 615 1292 642 illum
1312 616 1337 642 in
1354 617 1476 651 paradiso
1490 600 1691 653 voluptatis,lut
1706 600 1932 657 operare-ab“
1943 615 1969 647 ’ὃ
1982 616 1990 649 λ
2006 621 2020 639 ι
2035 611 2049 636 ’ί

1041 662 1083 684 tur
1097 663 1124 685 et
1138 660 1285 687 custodiret
1300 661 1389 688 illunn
1406 661 1598 700 (Gem-0.43%).
1615 665 1650 693 Ut
1665 673 1830 701 operaretur.
1866 690 1883 701 ,,

1039 703 1107 736 Quid
1128 704 1153 730 in
1176 705 1299 739 paradiso
1320 707 1539 736 desiderabatur?
1559 711 1598 737 sin
1619 713 1742 746 operario
1764 722 1832 749 opus

1039 754 1097 775 erat
1109 770 1116 782 ,
1142 751 1273 777 undenam
1297 754 1434 779 aratrum?
1459 755 1528 782 unde
1540 756 1590 782 alia
1605 758 1776 791 agricultura.-
1790 760 1832 786 iu-

1039 796 1205 822 strumenla?
1217 796 1325 830 Oper-ari
1341 804 1365 824 et
1379 800 1513 828 custodire
1528 807 1687 837 pra-cepturi:
1700 804 1764 838 Dei,
1779 805 1832 832 illi<
1848 800 1854 803 ’

1039 848 1090 875 que
1110 841 1240 873 credere,
1265 843 1311 870 Dei
1329 851 1396 878 opus
1419 850 1485 872 erat.
1506 846 1550 873 Ait
1563 847 1688 875 Servatur
1704 858 1710 876 :
1728 849 1784 877 Hoc
1796 856 1833 878 est

1039 894 1103 919 opus
1115 885 1177 917 Dei,
1195 891 1221 913 ut
1236 888 1344 914 credatis
1357 889 1382 915 iu
1398 898 1467 922 eum,
1483 899 1554 925 quem
1565 893 1632 920 misit
1643 894 1686 920 ille
1701 895 1789 930 (Joan.
1804 897 1831 923 6.

1038 931 1094 967 ‘29).
1115 931 1343 965 Quemadmodum
1361 934 1440 969 igitur
1452 936 1558 964 Christo
1571 939 1682 966 credere
1696 948 1762 975 opus
1773 947 1831 976 est,

1038 977 1077 1004 sic
1090 978 1169 1004 etiam
1186 979 1296 1007 credere
1308 987 1440 1016 priet-opto
1449 1003 1456 1015 ,
1475 984 1633 1011 moriturum
1646 993 1706 1012 esse
1715 1006 1724 1019 ,
1736 987 1757 1013 si
1770 988 1832 1014 teli-

1038 1024 1122 1058 gerit;
1138 1024 1286 1058 victurum,
1304 1027 1325 1052 si
1342 1035 1393 1054 non
1409 1028 1533 1062 tetigerit.
1553 1031 1626 1064 Opus
1638 1036 1696 1057 erat
1708 1031 1833 1066 spiritua-

1039 1070 1101 1096 lium
1114 1071 1254 1098 verborum
1269 1073 1429 1100 obscrvatio.
1443 1075 1515 1102 Pauli
1526 1083 1593 1110 opus
1604 1077 1757 1111 quodnam".l
1768 1087 1832 1108 num

1038 1116 1152 1150 agricola
1166 1117 1263 1145 Paulus
1278 1124 1335 1145 erat
1348 1119 1359 1146 ’ἰ
1374 1127 1438 1146 num
1451 1121 1528 1147 aliam
1542 1121 1633 1149 habuit
1645 1123 1833 1152 vocationem?

1038 1170 1127 1190 nonne
1150 1167 1232 1190 totum
1252 1165 1310 1199 ejus
1324 1173 1390 1199 opus
1404 1172 1458 1193 erat
1470 1186 1477 1198 ,
1491 1167 1601 1194 verbum
1613 1167 1625 1194 ?
1639 1176 1725 1196 nonne
1738 1171 1834 1204 pr:edi-

1037 1210 1130 1236 catio?
1147 1210 1214 1237 Dicit
1229 1215 1315 1238 tamen
1331 1212 1469 1246 discipulis
1479 1233 1487 1245 ,
1503 1212 1575 1247 Opus
1587 1223 1667 1240 metuit
1676 1222 1718 1241 vos
1734 1216 1792 1242 estis
1805 1217 1831 1243 in

1037 1254 1146 1282 Domino
1157 1255 1261 1290 (LCor.
1276 1256 1302 1284 9.
1319 1257 1356 1290 1).
1373 1257 1407 1284 Ut
1422 1263 1579 1292 operaretur,
1597 1260 1695 1295 inquit,
1712 1265 1736 1287 et
1751 1267 1834 1289 custo-

1038 1301 1102 1328 diret
1114 1302 1197 1328 illum.
1215 1302 1237 1328 A
1254 1303 1389 1336 quonam?
1402 1303 1455 1330 Fur
1469 1312 1522 1331 non
1536 1310 1609 1337 erat,
1626 1306 1711 1333 viator
1726 1307 1813 1334 nullus
1824 1328 1832 1340 ,

1038 1347 1175 1374 insidiator
1189 1348 1276 1375 nullus
1290 1358 1296 1375 :
1311 1356 1325 1375 a
1341 1357 1394 1384 quo
1408 1349 1576 1377 custodiret?
1591 1350 1625 1378 Ut
1638 1352 1785 1379 custodiret
1799 1353 1831 1379 il-

1038 1393 1090 1420 lum
1112 1394 1181 1426 sibi;
1202 1401 1236 1421 ne
1251 1395 1440 1429 prievaricatus
1450 1393 1599 1427 amitteret;
1615 1396 1660 1424 sed
1676 1401 1703 1423 ut
1717 1397 1830 1425 manda-

1037 1445 1092 1467 tum
1113 1440 1267 1467 custodiens
1290 1446 1410 1468 servaret
1430 1441 1480 1469 sibi
1504 1442 1666 1477 paradisum.
1692 1443 1749 1471 Una
1772 1452 1833 1472 cum

1037 1494 1102 1514 voce
1116 1494 1191 1514 mens
1204 1487 1312 1514 deﬁcit:
1329 1495 1419 1515 verum
1435 1489 1574 1515 sententiis
1590 1489 1755 1517 insistamus.
1770 1490 1832 1517 Ρο-

1035 1533 1086 1559 suit
1104 1533 1176 1559 illum
1195 1533 1222 1559 in
1237 1534 1367 1568 paradiso.
1386 1533 1516 1568 Deinceps
1529 1533 1666 1569 Scriptura
1681 1536 1759 1563 exiis
1772 1544 1832 1571 qua:

1036 1583 1232 1613 prwcesserunt
1252 1579 1403 1606 subindicat
1421 1579 1520 1606 futura.
1537 1580 1644 1607 Flavius
1658 1586 1742 1608 autem
1753 1590 1832 1617 egre—

1036 1624 1152 1650 diebatur
1173 1632 1205 1651 ex
1224 1624 1319 1657 Edem,
1344 1625 1454 1660 irrigans
1477 1626 1622 1660 paradisum
1634 1626 1712 1662 (Gen.
1728 1627 1755 1654 2.
1773 1628 1830 1662 10).

1036 1670 1104 1696 Hinc
1123 1669 1197 1697 disce
1211 1678 1263 1697 non
1278 1670 1413 1697 hortulum
1429 1670 1512 1698 fuisse
1527 1672 1679 1706 paradisum
1690 1693 1697 1704 ,
1712 1674 1832 1708 angustis

1036 1716 1158 1742 terminis
1171 1716 1414 1750 circumscriptum?
1427 1716 1534 1744 Fluvius
1548 1722 1637 1744 tantus
1649 1718 1792 1754 irrigabat,
1804 1724 1832 1746 ut

1036 1769 1069 1789 ex
1087 1762 1145 1797 ejus
1164 1761 1338 1790 redundantia
1350 1767 1464 1798 quatuor
1477 1763 1548 1791 ﬂuvii
1561 1764 1705 1791 orirentur.
1721 1763 1831 1792 Flavius

1037 1814 1122 1835 autent
1142 1809 1315 1844 egrediebatur
1334 1817 1367 1836 ea:
1391 1809 1470 1836 Edem
1481 1830 1488 1843 ,
1503 1815 1530 1836 ut
1542 1810 1658 1845 irrigaret
1671 1811 1829 1845 paradisum.

1038 1855 1138 1882 Deinde
1152 1861 1288 1890 postquam
1310 1855 1479 1889 irrigavcrat,
1496 1855 1664 1882 dividebatur
1677 1856 1703 1882 in
1717 1861 1830 1891 quatuor

1035 1901 1120 1935 capita
1135 1909 1142 1933 ;
1165 1901 1190 1927 in
1215 1900 1330 1935 Tigrim,
1354 1901 1379 1927 in
1402 1901 1489 1927 Nilum
1501 1921 1508 1933 ,
1526 1901 1551 1927 in
1568 1900 1746 1936 Euphratem,
1763 1906 1790 1929 et
1805 1902 1831 1928 in

1037 1947 1178 1974 Phisonem
1190 1967 1197 1980 ,
1218 1947 1258 1974 sic
1275 1948 1300 1974 in
1320 1947 1457 1982 Scriptura
1477 1947 1594 1981 dictum,
1609 1955 1688 1982 quem
1701 1955 1772 1975 nunc
1786 1956 1829 1974 vo-

1036 1997 1097 2019 cant
1109 1992 1268 2019 Danubium.

1072 2039 1098 2064 6.
1123 2037 1174 2065 Cur
1191 2043 1242 2064 tant
1259 2037 1308 2064 late
1326 2043 1421 2071 pateret
1434 2038 1583 2072 paradisus,
1597 2046 1655 2064 cum
1666 2038 1748 2064 Adam
1761 2039 1832 2066 solus

1036 2085 1197 2111 inhabitaret.
1222 2084 1370 2111 Flauiorum
1381 2091 1412 2110 ea:
1422 2084 1541 2118 paradiso
1552 2084 1708 2110 manantium
1719 2084 1834 2119 explica—

1037 2131 1071 2158 tia
1090 2131 1237 2166 singularis.
1253 2145 1288 2150 —
1303 2130 1367 2156 Vide
1390 2129 1601 2164 magnitudinem
1622 2129 1695 2156 ﬂuvii
1710 2130 1786 2157 divisi
1804 2129 1831 2156 in

1037 2183 1150 2213 quatuor
1171 2177 1280 2204 ﬂumina
1305 2185 1311 2203 :
1338 2177 1433 2211 lticque
1455 2177 1528 2203 solus
1552 2176 1643 2211 irrigat
1667 2175 1828 2210 paradisum.

1037 2225 1169 2257 Quorsum
1197 2222 1279 2250 talis?
1303 2223 1375 2250 solus
1399 2226 1459 2249 erat
1481 2222 1583 2254 Adam;
1605 2229 1664 2256 qua:
1686 2221 1831 2249 necessitas

1039 2271 1103 2298 tanti
1124 2270 1216 2297 fluvii?
1234 2269 1286 2296 Sed
1308 2276 1361 2296 non
1382 2269 1426 2295 uni
1449 2273 1549 2294 tantum
1573 2267 1711 2302 paradisus
1724 2272 1831 2302 paratus

1037 2323 1110 2351 erat,
1130 2324 1221 2344 verum
1248 2316 1343 2343 ﬁnibus
1364 2320 1451 2342 teme.
1466 2315 1632 2350 Praeparalus
1646 2319 1703 2341 erat
1717 2313 1830 2348 patriar-

1037 2365 1094 2392 chis
1105 2385 1112 2397 ,
1128 2363 1264 2399 prophetis
1273 2383 1281 2395 ,
1293 2362 1420 2397 apostolis
1431 2382 1437 2392 ,
1450 2353 1622 2395 evanéelistis
1633 2379 1641 2393 ,
1656 2359 1829 2395 martyribus,

1037 2410 1235 2439 confessor-ibus
1246 2409 1355 2440 sanctis,
1372 2408 1504 2440 ﬁdelibus,
1518 2407 1560 2441 pie
1571 2406 1730 2438 viventibus,
1743 2406 1831 2432 omni-

1038 2458 1087 2485 bus
1098 2457 1188 2492 justis.
1202 2456 1229 2484 Si
1241 2455 1311 2483 enim
1325 2454 1421 2482 latroni
1435 2461 1484 2480 una
1499 2453 1563 2480 hora
1579 2452 1716 2479 conﬁtenti
1729 2452 1832 2486 paradi-

1038 2511 1096 2531 Sum
1115 2503 1241 2530 Servatur
1255 2500 1376 2536 promisit
1396 2500 1487 2527 dicens
1509 2507 1516 2525 :
1539 2498 1622 2525 llodie
1635 2506 1733 2524 mecum
1744 2498 1792 2524 eris
1808 2498 1832 2523 in

1038 2551 1157 2586 paradiso
1180 2548 1254 2585 (Luc.
1275 2548 1321 2575 25.
1343 2547 1407 2582 45);
1421 2546 1493 2581 quia
1508 2546 1646 2580 iuventute
1660 2545 1830 2575 laborarunt,

1039 2598 1189 2628 Abraham,
1213 2595 1302 2626 Isaac,
1323 2593 1420 2626 Jacob,
1446 2593 1525 2627 hujus
1542 2591 1588 2618 ﬁlii
1604 2590 1759 2626 patriarclne
1771 2610 1778 2621 ,
1794 2590 1832 2623 (ιι)

1037 2643 1123 2680 [illum
1140 2642 1230 2677 utique
1240 2645 1302 2668 sunt
1314 2638 1494 2674 consequuti.]
1509 2639 1540 2664 At
1556 2642 1618 2664 ante
1630 2636 1679 2664 hos
1689 2643 1783 2663 omnes
1795 2637 1831 2662 la-

1039 2694 1081 2716 tro
1092 2687 1242 2724 paradisum
1254 2684 1434 2720 consequitur.
1446 2683 1532 2718 Opera
1547 2691 1610 2717 ergo
1622 2682 1692 2709 Deus
1704 2680 1768 2712 edit,
1780 2688 1831 2706 non

1039 2736 1096 2770 ejus
1113 2742 1192 2762 causa
1206 2732 1276 2769 quod
1291 2737 1415 2767 apparet,
1433 2732 1479 2758 sed
1492 2730 1551 2765 ejus
1565 2729 1635 2764 quod
1650 2732 1828 2763 exspectatur.

1038 2783 1091 2809 Cur
1110 2786 1209 2808 tantam
1231 2783 1311 2806 terra:
1324 2777 1490 2805 latitudinem
1504 2774 1580 2803 fecit?
1594 2783 1627 2802 an
1644 2777 1751 2809 propter
1761 2771 1829 2799 Ada—

1040 2836 1129 2860 mum,
1152 2834 1186 2854 an
1206 2831 1314 2861 propter
1332 2832 1379 2851 eos
1399 2823 1444 2858 qui
1460 2823 1532 2850 illam
1546 2830 1616 2849 nunc
1631 2818 1828 2848 inhabitabant?

1074 2874 1110 2904 (a)
1127 2878 1182 2903 tutas
1196 2872 1288 2897 uncinis
1299 2870 1450 2899 clauduntur.
1463 2869 1553 2894 desunt
1564 2868 1587 2892 in
1599 2870 1689 2891 Graeco.

1948 670 2056 705 ρης
