2047 3122
239 153 288 181 I79
956 148 1027 176 SEVI

1083 150 1137 177 ΑΝΙ
1829 163 1882 190 tso

238 215 302 242 Inde
313 213 433 241 dividitur
446 214 471 240 in
486 217 591 248 quatuor
606 212 743 247 principia.
758 210 814 237 Non
826 209 908 239 dixit,
924 209 950 235 In
966 216 1030 243 qua-

238 268 297 288 tuor
319 267 434 296 expansa
454 259 561 286 llutniua
572 279 579 291 ,
604 258 650 285 sed
674 259 700 284 in
716 262 828 292 quatuor
843 255 970 290 principia
984 276 991 287 ,
1005 255 1030 281 id

240 312 281 334 est
293 328 300 339 ,
322 306 417 333 fontes.
433 305 534 332 Nomen
550 304 592 330 uni
606 303 721 334 Phison,
736 310 814 337 quem
831 301 909 328 modo
925 301 1030 328 diceba-

238 362 296 380 mus
312 362 319 386 ;
337 352 433 380 deinde
448 352 540 379 Gehon
553 372 560 383 ,
581 351 622 377 hic
637 356 675 377 est
691 351 774 377 Nilus.
790 349 883 377 Gchnn
897 354 970 376 vetus
984 357 1032 375 nu-

237 409 296 427 un-n
317 400 374 434 ejus
395 403 435 425 est
454 407 460 424 :
482 398 506 424 id
525 397 679 424 testiticatur
698 395 826 423 Ieremias
838 396 929 422 dicens
943 405 948 422 :
964 395 1031 427 Quid

237 450 281 476 tibi
295 453 318 475 et
334 449 379 474 vice
391 447 509 482 {Eg/gitti,
522 451 548 472 ut
561 446 630 472 bibas
643 453 733 479 aquam
746 444 831 470 Cia/wn
844 443 910 479 thr.
924 438 950 470 ‘2.
967 442 1030 478 I8)?

237 494 284 520 llie
308 493 424 520 animum
447 491 553 518 adltibe.
578 491 668 524 Cogita
693 490 761 516 hunc
784 497 843 516 esse
866 489 1027 523 paradisum.

238 541 299 566 ll;cc
313 540 383 566 enim
397 538 489 564 melius
500 542 607 572 aspectu
619 544 696 571 quam
710 535 791 562 verbo
804 538 952 562 traduntur.
966 535 1030 561 Prn-

235 586 274 612 dit
295 585 387 619 ingens
408 584 520 614 ﬂuvius,
543 583 653 617 copioso
676 582 799 616 pra'ditus
820 581 1031 615 alveo,etrigat

237 631 400 664 paradisum.
424 629 486 656 Inde
512 630 536 655 in
560 629 762 655 subterraneum
775 627 914 662 quemdam
930 627 1028 653 hiatum

237 676 331 708 fertur,
348 676 557 710 immensamque
569 675 618 701 sub
632 679 700 701 terra
714 678 834 709 penetrat
844 673 927 704 viam,
940 678 967 699 ut
981 681 1029 699 no-

237 722 275 749 \it
289 723 311 749 is
325 722 369 757 qui
386 723 453 748 viam
467 722 559 748 stravit
573 722 700 748 Deminus
716 741 721 745 .
739 721 876 756 ﬂexusque
890 721 935 748 diu
949 721 1028 753 latet,

235 775 316 804 atque
332 770 356 795 in
371 769 475 796 diversa
492 770 546 795 loca
561 769 704 801 dividitur,
721 768 904 802 inveniturque
920 767 988 795 alius
1004 769 1029 794 in

236 816 387 850 intltiOpia,
410 815 477 842 alius
495 816 521 842 in
541 815 678 842 occidente
691 836 697 846 ,
714 815 780 841 alius
795 815 820 840 in
837 815 938 841 oriente
951 835 958 846 ,
976 814 1030 841 Deo

235 863 274 889 sic
290 870 336 896 per
349 863 551 889 subterranemn
567 861 671 887 alveum
687 861 816 892 trahente,
832 860 971 895 primoque
982 859 1030 886 Ilu-

236 908 279 934 vio
297 912 437 934 extraneos
460 907 544 934 fontes
568 912 688 934 curante.
707 907 759 933 Cur
773 906 828 932 ita?
841 905 1028 933 Nelluviorum

237 954 347 989 vestigia
369 959 526 988 sequentes,
551 953 700 987 paradisum
716 952 880 983 invenirent,
897 960 928 979 ne
943 957 1030 986 posset

238 1000 388 1026 hominibus
411 1001 517 1034 pervius
541 1007 609 1026 esse.
625 999 690 1026 Nam
705 999 725 1026 si
743 1007 774 1025 eo
790 999 842 1025 iter
854 1006 913 1025 esse
930 1003 1028 1033 posset,

238 1054 317 1074 nemo
329 1053 389 1074 ante
403 1047 498 1074 divites
515 1047 664 1081 paradisum
681 1046 810 1072 inveniret
829 1055 835 1071 :
853 1054 943 1072 verum
959 1046 1029 1073 Deus

236 1094 348 1121 occlusit
360 1101 411 1120 tam
426 1093 585 1128 pauperibus
597 1113 605 1123 .
619 1101 696 1127 quam
711 1092 846 1123 divitibus,
862 1098 890 1118 ut
903 1092 959 1118 sola
975 1092 1029 1118 vir-

238 1145 293 1167 tute
307 1141 374 1166 viam
397 1141 554 1167 invenirent.
571 1140 702 1173 Quantum
717 1139 815 1166 laboris
829 1146 969 1173 suscepere
985 1146 1030 1173 pa-

238 1185 377 1218 triarchm,
399 1185 549 1220 prophetie,
574 1184 673 1218 salicti,
691 1190 839 1218 quaa‘cntes
857 1185 1028 1219 paradisum,

238 1240 287 1258 nec
298 1231 466 1258 IIIVL‘IICI‘UIII.
480 1231 560 1258 Latro
572 1252 578 1262 ,
595 1231 638 1265 qui
651 1231 676 1257 Ill
691 1231 733 1257 illa
749 1233 789 1257 via
807 1238 858 1258 non
873 1231 1028 1264 incesserat,

238 1277 283 1304 sed
307 1277 433 1308 credidit.
455 1285 517 1304 vere
532 1278 599 1304 viam
615 1277 732 1308 invenit,
749 1284 808 1304 eum
824 1284 918 1311 nempe
932 1277 975 1311 qui
991 1277 1030 1304 di-

239 1325 290 1355 xit,
317 1323 371 1359 Ego
394 1332 448 1349 sum
464 1324 512 1350 via.
528 1324 629 1351 Invenit
645 1323 794 1357 paradisum
806 1344 813 1354 ,
828 1331 906 1357 quem
922 1323 1029 1350 inobse-

238 1371 344 1404 quentia
362 1371 446 1404 primo
462 1369 563 1396 homini
576 1370 687 1396 occlusit
701 1368 789 1403 (.Iaan.
806 1369 847 1396 l4.
863 1369 902 1403 6).
917 1369 1029 1396 Causam

237 1422 325 1443 autem
354 1424 445 1451 qturro
473 1424 520 1442 cur
544 1415 794 1450 historiographus,
821 1419 1030 1442 commemorato

239 1463 324 1496 primo
346 1462 442 1494 fluvio,
456 1461 552 1488 dixerit
569 1471 573 1488 :
590 1460 629 1487 Illi
642 1467 676 1487 cst
693 1469 784 1487 aurum
798 1461 904 1492 honuni,
920 1461 1029 1487 carbun-

237 1510 308 1535 t‘ulus
328 1513 350 1535 ct
370 1509 434 1543 lupis
448 1508 564 1543 prasinus
578 1507 652 1541 (Gen.
669 1508 695 1534 2.
711 1507 766 1540 l2).
782 1507 808 1534 Si
825 1513 935 1541 prorsus
947 1511 1030 1534 terra-

239 1564 296 1581 rum
321 1555 412 1581 ()lI)CllI
434 1554 613 1585 describeret,
628 1558 763 1587 Oporterct
783 1560 847 1580 sane
866 1553 891 1580 in
912 1552 1030 1587 qualibet

239 1601 346 1635 I't'gitute
365 1600 454 1627 dicere
468 1607 526 1634 qtne
541 1599 593 1626 illic
609 1599 678 1626 bona
693 1599 843 1631 orirentur,
859 1597 1028 1632 smaragdos,

238 1647 410 1683 hyacinthos,
427 1647 470 1673 ubi
487 1647 631 1681 lopazium,
647 1646 691 1673 ubi
702 1646 814 1673 diversre
826 1645 877 1672 illa:
891 1646 1027 1677 materiae;

238 1694 285 1720 sed
300 1701 393 1720 aurum
407 1697 508 1720 tantum
521 1701 552 1720 ac
565 1693 633 1720 duos
647 1692 748 1727 lapides
761 1693 871 1719 assutnit
881 1713 888 1725 ,
905 1692 1028 1719 sacerdo-

237 1740 265 1765 tii
281 1739 419 1773 primitias,
431 1741 490 1773 quia
505 1739 630 1766 sacerdos
643 1747 749 1766 auream
764 1739 886 1766 laminam
897 1739 1027 1774 gestabat,

237 1788 263 1812 in
286 1794 336 1820 qua
363 1786 408 1812 Dei
430 1793 526 1812 nomen
540 1791 596 1812 erat
615 1785 780 1820 inscriptum.
794 1785 875 1812 Erant
888 1785 1027 1812 duodecim

238 1832 337 1865 lapides
361 1839 440 1866 supra
463 1832 608 1859 sacerdotis
630 1836 735 1866 pectus,
757 1831 877 1864 sardius,
893 1831 1027 1865 topazius,

237 1877 392 1911 sinaragdus
401 1898 409 1910 ,
425 1877 616 1908 carbunculus,
631 1877 786 1911 sapphirns,
795 1877 879 1912 jaspis
889 1897 895 1908 ,
908 1876 1025 1912 ligurius,

236 1923 359 1954 achates,
383 1922 548 1958 amethystus
560 1944 567 1954 ,
591 1922 788 1958 chrysolithus,
807 1923 940 1958 beryllus,
957 1931 1027 1958 onyx

239 1967 335 2003 (Exod.
356 1967 400 1995 28.
418 1968 521 2002 17-20).
538 1967 576 1994 Ex
591 1967 632 1994 his
645 1967 783 1994 duodecim
800 1968 929 2002 lapidibus
945 1968 1026 2003 prasi-

237 2021 287 2040 nus
306 2019 459 2048 scgregatus
478 2018 518 2040 est
533 2013 612 2040 tribui
625 2014 798 2047 sacerdotali,
814 2019 839 2042 et
852 2015 1028 2043 carbunculus

237 2060 326 2095 rcgim.
348 2060 414 2093 Quid
434 2060 469 2087 ita
481 2060 492 2086 ?
506 2060 569 2093 Quia
584 2061 651 2095 ignis
665 2062 798 2096 proprium
813 2066 853 2088 est
867 2069 943 2089 urere
956 2067 983 2088 et
998 2062 1028 2089 il-

237 2108 365 2135 luminare
389 2116 396 2134 :
419 2107 541 2142 regisque
563 2108 697 2142 proprium
712 2107 868 2136 benefacere
882 2113 909 2136 et
923 2109 1025 2144 punire.

236 2154 314 2180 l’onit
326 2153 420 2180 Ruben
434 2154 545 2188 primam
561 2154 656 2180 tribum
671 2154 697 2180 in
712 2154 808 2186 sardio,
825 2154 985 2190 Symconcm
999 2155 1026 2182 in

237 2200 353 2234 lopazio,
370 2199 432 2227 Levi
447 2200 472 2226 in
485 2199 570 2233 lapide
582 2200 688 2234 prasino
699 2220 706 2232 ,
721 2199 831 2231 Judam,
843 2208 876 2227 ex
889 2208 940 2235 quo
951 2200 1027 2227 Chri—

236 2250 303 2277 stus,
319 2246 343 2271 in
358 2244 517 2272 carbunculo
531 2244 685 2271 rubicundo.
701 2245 778 2272 Certe
792 2245 871 2272 Isaias
886 2249 944 2278 post
957 2246 1025 2276 ntul-

236 2296 260 2316 ta
285 2290 374 2324 elapsa
387 2295 503 2324 tempora
518 2289 763 2324 dicitJerosolytn:c
778 2299 784 2316 :
797 2288 830 2316 In
841 2290 955 2317 manibus
967 2291 1027 2318 meis

235 2335 338 2369 depinxi
349 2343 432 2361 muros
444 2340 509 2366 tuos,
523 2340 546 2361 et
559 2335 584 2361 in
597 2339 728 2369 conspectu
743 2343 796 2361 mea
805 2343 830 2361 es
843 2344 951 2370 semper.
962 2335 1026 2363 Ecce

236 2389 352 2415 prwparo
365 2380 544 2407 carbunculum
558 2380 668 2414 lapidem
680 2385 748 2406 tuum
757 2379 832 2416 (Isai.
845 2381 888 2408 49.
901 2382 1024 2410 I6.e15&.

238 2427 298 2463 ll),
313 2427 481 2454 Servatorem
496 2425 657 2460 significans.
675 2425 740 2452 Ecce
753 2427 818 2453 enim
831 2447 838 2458 ,
862 2427 962 2462 inquit,
978 2436 1026 2463 po-

236 2480 294 2498 nam
308 2472 334 2498 in
349 2471 413 2498 Sion
426 2471 535 2506 lapidem
552 2472 715 2506 angularem,
732 2472 850 2505 electum,
866 2474 1000 2507 pretiosum
1016 2484 1025 2501 :

234 2522 258 2543 et
281 2518 324 2551 qui
346 2517 429 2544 credet
443 2517 468 2543 in
483 2525 556 2548 eum,
573 2525 623 2542 non
636 2517 803 2551 confundetur
818 2517 892 2553 (limi.
908 2519 954 2546 28.
970 2520 1024 2554 16).

236 2563 416 2591 Carbunculus
437 2570 500 2597 ergo
515 2567 666 2597 segregatus
679 2567 720 2590 est
733 2564 811 2599 regiae
826 2564 904 2592 tribui
919 2573 926 2597 ;
939 2566 1027 2600 prasi-

236 2617 286 2636 nus
309 2609 465 2636 sacerdotali
490 2616 496 2634 :
518 2616 577 2634 nam
601 2609 738 2636 sacerdotii
759 2614 799 2637 est
813 2615 884 2638 recte
903 2615 1022 2647 πράττειν,

235 2663 324 2690 agere.
345 2656 365 2681 Α
381 2654 459 2681 ﬂuvio
473 2654 519 2682 illo
532 2654 691 2682 dirimuntur
702 2661 814 2691 quatuor
826 2656 911 2684 fontes
924 2657 1025 2685 ﬂuvio—

236 2708 305 2727 rum.
320 2699 374 2727 (Ζυπ-
387 2707 450 2734 ergo
460 2707 527 2733 aqua
538 2707 630 2727 eorum
643 2708 695 2727 non
706 2702 814 2736 mqualis
824 2702 884 2729 est?
896 2703 1025 2736 Quaerunt

236 2745 306 2772 enim
321 2746 448 2777 studiosi,
464 2746 486 2772 si
498 2745 532 2772 ab
544 2754 596 2774 uno
609 2746 688 2774 ﬂuvio
698 2768 705 2780 ,
719 2754 762 2774 aut
774 2748 807 2775 ab
818 2756 870 2775 uno
881 2748 964 2781 fonte,
976 2757 1024 2776 cur

238 2798 289 2818 nou
313 2799 365 2819 una
389 2793 506 2818 omnium
525 2793 659 2827 qualitas?
673 2793 741 2826 Quid
755 2802 818 2829 ergo
832 2795 869 2822 rei
883 2797 944 2822 est?
960 2796 1026 2823 Affi-

233 2838 342 2865 ciuntur
355 2837 500 2865 secundum
517 2843 624 2871 terram,
639 2845 665 2867 ct
677 2840 818 2875 qualitates
832 2841 960 2876 locorum,
977 2850 1023 2877 per

235 2890 293 2917 qua:
307 2887 452 2911 transeunt.
464 2883 690 2918 Quemadmodum
705 2887 758 2922 ipsa
775 2895 839 2922 aqua
852 2896 929 2916 unam
945 2889 1022 2918 habet

1086 215 1206 238 naturam
1231 217 1258 239 et
1280 214 1452 248 qualitatem,
1478 215 1525 243 scd
1548 217 1569 243 si
1584 217 1762 250 absinthium,
1777 221 1798 247 si
1815 230 1880 249 ane-

1087 255 1175 288 thum,
1190 258 1211 284 si
1227 263 1283 285 ruta
1300 259 1451 286 infundatur
1462 282 1468 292 ,
1484 261 1561 288 aliam
1577 264 1691 298 aequirit
1703 265 1878 300 qualitatem;

1086 310 1115 327 ac
1131 307 1222 329 natura
1238 304 1343 338 quidem
1359 313 1410 332 una
1421 326 1428 338 ,
1443 307 1489 333 sed
1504 308 1621 335 materia:
1637 313 1822 338 transmutaut.
1835 312 1879 340 Sic

1085 350 1163 375 etiam
1178 348 1204 376 in
1220 350 1321 382 ﬂuviis,
1333 352 1392 386 quia
1410 360 1456 386 per
1465 358 1590 381 extranea
1603 355 1658 381 loca
1673 362 1797 390 manant;
1812 358 1880 386 alius

1087 402 1132 427 per
1153 399 1264 428 terram,
1290 404 1348 431 quae
1368 397 1500 424 diversam
1521 398 1600 426 habet
1621 401 1791 435 qualitatem,
1813 403 1880 430 alius

1086 447 1132 472 per
1145 441 1220 467 aliam
1233 461 1239 473 ,
1257 449 1270 467 a
1286 442 1349 469 locis
1363 443 1522 471 inlicittntur.

1121 486 1146 512 7.
1161 485 1210 513 Ubi
1226 495 1239 513 a
1254 488 1384 521 positione
1400 489 1518 516 locnrnm
1535 490 1642 518 ﬂumina
1657 492 1827 526 qualitatibus
1839 495 1875 522 af-

1085 533 1191 564 fecerat,
1206 534 1312 561 demum
1336 536 1361 562 in
1385 536 1506 570 paradiso
1520 538 1583 564 facit
1599 537 1680 565 Omne
1702 539 1796 574 lignum
1818 542 1877 575 pul-

1084 579 1171 605 chrum
1184 580 1247 613 visu,
1263 586 1284 607 et
1299 581 1332 607 ad
1346 590 1428 608 escam
1437 591 1512 609 suave
1525 583 1600 616 (Cen.
1616 584 1641 610 2.
1656 584 1693 619 9).
1709 585 1878 614 Piinstraus~

1083 626 1214 659 gressoris
1235 628 1434 655 excusationem
1462 629 1579 657 abstulit.
1601 631 1667 662 Quia
1682 632 1752 658 cnitn
1774 632 1806 660 de
1822 642 1878 660 mu-

1084 671 1148 700 liere
1162 673 1238 706 dixit,
1262 673 1330 700 Vidit
1352 675 1442 701 mulier
1462 675 1568 711 lignum,
1583 677 1652 711 quod
1666 678 1801 712 pulchrum
1824 681 1877 706 vim

1084 725 1157 753 esset,
1177 728 1198 748 et
1213 721 1246 746 ad
1261 722 1408 748 vescendum
1421 731 1498 750 suave
1512 722 1587 757 (Gen.
1603 725 1629 751 5.
1644 724 1671 756 6)
1685 733 1691 752 :
1708 733 1740 752 ne
1755 727 1815 760 quis
1830 734 1876 760 pu-

1085 772 1162 798 taret.
1175 768 1244 795 inter
1255 768 1305 795 alia
1320 769 1388 803 ligna
1404 769 1454 796 hoc
1468 770 1554 796 solum
1568 771 1693 798 decorum
1707 771 1797 804 fuisse,
1811 773 1878 800 hanc

1085 815 1265 847 pra‘stantiam
1285 815 1407 842 omnibus
1430 816 1518 843 inesse
1538 816 1691 844 testificatus
1705 822 1757 851 est,
1777 824 1803 845 et
1820 820 1876 846 visu

1083 859 1223 894 elegantia,
1238 864 1265 886 et
1278 860 1353 887 valde
1367 861 1446 893 bona,
1464 866 1491 889 ut
1504 862 1589 889 discas
1603 870 1663 889 eum
1681 871 1731 890 non
1747 872 1778 890 ex
1792 873 1875 899 penu-

1083 905 1120 931 ria
1144 910 1337 940 transgrcssum
1360 914 1435 938 esse,
1458 907 1503 934 sed
1518 908 1543 935 in
1566 907 1699 936 afﬂuentia
1723 917 1784 937 cum
1807 916 1875 938 esset

1083 956 1242 985 prostratum
1257 951 1348 979 fuisse.
1359 952 1391 979 Et
1403 953 1499 988 lignum
1513 954 1580 986 vitm,
1594 955 1722 989 inqtnt,in
1736 957 1816 983 medio
1829 966 1874 991 ρας

1082 997 1171 1029 radisi,
1187 1002 1209 1023 et
1224 998 1319 1032 lignum
1333 999 1442 1025 scicntia:
1453 998 1512 1025 boni
1524 1004 1548 1026 et
1560 1001 1621 1026 mali
1631 1000 1706 1035 tGen.
1721 1001 1748 1028 2.
1762 1001 1800 1037 9).
1815 1001 1875 1030 Tria

1084 1043 1213 1077 lignorum
1236 1044 1390 1071 discrimina
1405 1054 1411 1071 :
1427 1045 1476 1072 alia
1494 1046 1531 1073 illi
1553 1046 1614 1074 data
1630 1051 1701 1080 sunt,
1715 1053 1743 1074 ut
1758 1049 1875 1081 viveret;

1082 1089 1143 1120 alia,
1161 1093 1189 1115 ut
1208 1089 1275 1117 bene
1296 1090 1414 1123 viveret;
1434 1091 1496 1124 alia,
1521 1097 1549 1118 ut
1563 1099 1668 1127 semper
1688 1094 1798 1121 viveret.
1812 1095 1878 1122 Erat

1083 1134 1152 1161 unde
1161 1135 1235 1162 bene
1244 1135 1353 1168 viveret,
1368 1145 1399 1164 cx
1412 1137 1507 1172 quibus
1521 1137 1600 1166 edere
1614 1139 1725 1172 licebat;
1739 1145 1794 1168 erat
1807 1141 1875 1169 unde

1082 1180 1150 1208 bene
1164 1181 1311 1213 viveret,ex
1327 1182 1475 1216 prohibitis.
1491 1183 1598 1212 Poterat
1610 1185 1680 1212 enim
1696 1185 1762 1214 bene
1774 1187 1874 1219 vivere,

1082 1227 1103 1253 si
1118 1227 1246 1262 tetigisset
1262 1235 1314 1255 non
1329 1229 1471 1263 prohibita,
1487 1234 1574 1258 etnon
1591 1232 1719 1266 tetigisset
1735 1233 1875 1267 prohibita.

1083 1272 1146 1300 Illud
1163 1278 1219 1300 erat
1238 1274 1305 1301 bene
1318 1275 1416 1307 vivere,
1437 1275 1490 1303 Deo
1504 1277 1624 1312 obsequi.
1643 1278 1759 1306 Positum
1774 1285 1830 1306 erat
1847 1281 1878 1307 li—

1081 1326 1161 1353 guunt
1177 1320 1235 1346 vitat
1249 1320 1273 1346 in
1296 1321 1393 1353 taedio,
1407 1321 1482 1356 quasi
1499 1324 1652 1356 prtemium;
1670 1324 1769 1359 lignum
1789 1326 1878 1353 scien-

1083 1365 1125 1391 tia:
1137 1385 1144 1396 ,
1161 1371 1189 1392 ut
1204 1365 1337 1400 pala-stra,
1354 1372 1382 1393 ut
1405 1368 1580 1402 gymnasium.
1595 1368 1622 1396 Si
1649 1370 1800 1397 mandatum
1821 1379 1878 1397 ser-

1082 1418 1128 1438 ves
1138 1411 1207 1438 eirca
1221 1411 1319 1446 lignum
1333 1413 1394 1446 hoc,
1414 1414 1513 1448 accipis
1528 1415 1679 1448 praemium.
1692 1419 1731 1443 Ac
1744 1416 1804 1444 vide
1828 1417 1877 1444 mi-

1082 1458 1211 1485 raculum.
1229 1458 1344 1486 I’aradisi
1359 1460 1428 1494 ligna
1439 1460 1538 1493 omnia,
1551 1461 1647 1495 ubique
1658 1461 1682 1488 in
1697 1462 1807 1490 circuitu
1817 1470 1878 1490 ver-

1082 1504 1187 1534 nantia,
1216 1505 1312 1538 ubique
1337 1504 1470 1533 fructifera
1495 1515 1501 1532 :
1527 1506 1579 1533 duo
1605 1511 1705 1534 tantum
1734 1508 1760 1535 in
1789 1508 1876 1536 medio

1081 1554 1164 1581 erant,
1182 1549 1214 1576 ad
1225 1550 1389 1585 gymnasium
1404 1556 1431 1578 et
1444 1551 1566 1578 stadium.
1583 1552 1646 1586 Quae
1664 1553 1689 1580 in
1705 1553 1816 1581 circuitu
1829 1554 1877 1581 ali-

1082 1599 1199 1622 mentum
1223 1595 1392 1630 prazbehant;
1410 1597 1507 1624 Verum
1533 1599 1750 1634 transgressionis
1769 1604 1797 1627 et
1813 1600 1875 1636 ligni

1081 1648 1169 1668 sermo
1189 1641 1260 1669 aliud
1275 1642 1299 1668 in
1317 1647 1420 1677 tempus
1434 1647 1598 1676 reservetur;
1612 1645 1773 1679 propositum
1787 1651 1876 1674 autem

1082 1686 1131 1713 hoc
1142 1687 1196 1721 jam
1217 1692 1257 1714 est
1275 1696 1281 1713 :
1296 1687 1403 1715 adducit
1422 1689 1491 1716 Deus
1503 1690 1625 1717 animalia
1648 1691 1736 1718 omnia
1750 1691 1783 1719 ad
1807 1692 1876 1719 Ada-

1082 1740 1163 1759 mum.
1193 1733 1307 1760 Audiant
1321 1733 1436 1762 hrcretici
1453 1743 1458 1761 :
1477 1743 1526 1762 nec
1548 1736 1653 1764 mireris
1674 1737 1696 1764 si
1716 1737 1749 1764 ad
1772 1738 1874 1773 singula

1081 1779 1149 1806 dicta
1163 1800 1170 1812 ,
1191 1780 1223 1806 ad
1247 1781 1364 1815 singulas
1386 1789 1464 1809 voces
1487 1787 1579 1810 contra
1603 1782 1742 1811 lucreticos
1764 1789 1874 1819 agatur;

1080 1833 1128 1860 per
1155 1834 1262 1853 omnem
1294 1827 1364 1854 enim
1399 1828 1566 1856 occasionem
1598 1829 1827 1864 reprehenduntur
1856 1832 1874 1858 ii

1081 1871 1124 1906 qui
1153 1877 1245 1899 contra
1273 1873 1418 1907 gloriosum
1441 1882 1551 1908 regnum
1575 1875 1722 1910 insurgunt.
1742 1876 1820 1910 Lapis
1844 1885 1874 1904 ea:

1081 1925 1152 1943 niuro
1173 1917 1266 1944 clamat
1283 1917 1394 1952 (Habac.
1416 1919 1443 1946 2.
1460 1919 1520 1955 ll);
1537 1928 1589 1947 non
1612 1920 1681 1954 dico,
1705 1922 1816 1949 verbum
1840 1930 1872 1950 ex

1081 1963 1229 1998 Scriptura,
1253 1964 1311 1992 Iota
1326 1974 1415 1999 unum,
1429 1971 1472 1993 aut
1487 1974 1549 1994 unus
1563 1975 1627 2002 apex
1640 1968 1746 2003 (Matth.
1768 1969 1796 1997 5.
1817 1970 1871 2004 I8),

1082 2010 1220 2038 haeretiCOs
1237 2011 1384 2047 inculpatos
1403 2021 1454 2040 non
1468 2013 1574 2045 sinunt;
1600 2014 1633 2041 ab
1653 2015 1776 2042 omnibus
1796 2023 1873 2043 accu-

1080 2060 1172 2082 santur
1195 2057 1239 2091 qui
1259 2062 1357 2092 negant
1370 2058 1487 2085 omnium
1510 2059 1664 2087 Dominum.
1687 2060 1873 2089 Animadverte

1081 2102 1170 2137 igitur.
1183 2102 1278 2130 Videre
1290 2108 1348 2131 erat
1357 2111 1413 2132 rem
1425 2105 1593 2140 stupendam,
1605 2106 1736 2133 Adamum
1747 2110 1871 2142 stantem,

1080 2153 1107 2175 et
1128 2149 1209 2176 Deum
1232 2150 1308 2184 quasi
1321 2150 1470 2177 ministrum
1486 2151 1518 2178 ad
1534 2151 1664 2178 Adamum
1684 2152 1871 2182 adducentem.

1081 2195 1189 2222 Addurit
1203 2196 1274 2223 enim
1288 2196 1357 2223 Deus
1369 2197 1501 2224 animalia.
1517 2197 1564 2224 Hic
1584 2197 1701 2232 attende,
1724 2206 1776 2226 non
1792 2199 1870 2232 dicta,

1081 2241 1126 2268 sed
1147 2242 1316 2269 sententiam.
1337 2242 1429 2277 Cogita
1443 2243 1527 2270 Deum
1542 2247 1668 2275 stantem,
1692 2249 1719 2271 et
1740 2245 1871 2272 Adannun

1080 2287 1273 2321 exploranter“.
1285 2287 1402 2314 Adduxit
1414 2288 1483 2316 Deus
1495 2288 1594 2320 onmia,
1609 2289 1711 2316 Adamo
1722 2289 1790 2316 dixit
1801 2290 1872 2317 verbi

1080 2333 1163 2367 gratia
1180 2342 1186 2359 ε
1202 2333 1260 2366 Quo
1278 2333 1385 2360 nomine
1401 2332 1443 2360 hic
1458 2333 1504 2360 tibi
1527 2333 1630 2361 videtur
1644 2334 1778 2361 vocandus
1792 2342 1852 2362 esse
1865 2335 1875 2360 ‘I

1082 2373 1157 2413 Isque
1171 2379 1208 2405 ait
1225 2387 1231 2404 :
1258 2378 1370 2406 Vocetur
1393 2378 1445 2406 leo.
1463 2379 1518 2406 lloc
1540 2379 1610 2406 Deus
1622 2380 1720 2406 sanxit.
1745 2380 1792 2406 llic
1809 2388 1872 2408 vero

1081 2433 1133 2459 quo
1149 2425 1277 2452 nomine?
1291 2425 1393 2452 Taurus
1410 2430 1528 2452 vocetur.
1541 2425 1623 2454 Recte
1637 2427 1762 2454 statuisti.
1775 2427 1872 2455 Simili—

1082 2476 1173 2506 terque
1187 2472 1348 2506 singuloruin
1365 2472 1472 2499 nomina
1485 2472 1556 2499 Deus
1569 2472 1727 2507 obsignavit.
1742 2473 1786 2500 Ait
1801 2474 1870 2500 enim

1080 2519 1215 2555 Scriptura
1232 2529 1238 2546 :
1255 2519 1369 2546 Adduxit
1384 2527 1413 2546 ea
1426 2519 1459 2545 ad
1472 2519 1566 2551 Adam,
1584 2524 1610 2546 ut
1627 2520 1730 2552 videret,
1751 2520 1814 2554 quid
1827 2528 1870 2547 vo-

1081 2571 1148 2592 caret
1161 2574 1199 2592 ea.
1215 2565 1249 2592 Et
1272 2573 1345 2592 autne
1362 2565 1429 2600 quod
1443 2565 1538 2592 vocat-it
1553 2565 1645 2598 Adam,
1661 2566 1708 2592 hoc
1726 2570 1761 2592 eu
1781 2574 1871 2592 nomen

1079 2613 1143 2646 ejus.
1162 2611 1237 2639 Vide.
1254 2611 1319 2646 Quia
1335 2611 1367 2638 ad
1391 2611 1532 2646 imaginem
1548 2611 1634 2646 ipsum
1654 2616 1802 2644 creaverat,
1825 2619 1871 2638 ro-

1079 2659 1127 2685 luit
1141 2663 1168 2685 et
1181 2657 1308 2685 honorem
1323 2658 1348 2684 in
1361 2662 1534 2692 conspectum
1548 2657 1679 2692 proferre,
1693 2662 1720 2685 et
1730 2657 1870 2685 ostendere

1079 2712 1142 2732 vere
1154 2704 1240 2739 ipsum
1255 2704 1395 2739 imaginem
1408 2705 1545 2740 sapientiae
1557 2703 1636 2732 ferre.
1655 2705 1693 2732 Ac
1707 2712 1763 2732 rem
1777 2705 1870 2732 miram

1079 2751 1149 2778 vide.
1166 2751 1235 2779 Deus
1255 2751 1305 2778 sibi
1328 2751 1435 2778 nomina
1457 2755 1520 2778 ante
1541 2750 1691 2782 deﬁnierat,
1714 2751 1869 2786 volebatqun

1079 2805 1127 2832 per
1150 2798 1290 2832 imaginem
1313 2805 1387 2824 suam
1402 2797 1553 2829 ostendere,
1577 2797 1668 2824 Adami
1684 2797 1790 2825 decreta
1811 2805 1869 2824 cum

1080 2844 1126 2871 Dei
1142 2844 1275 2871 voluntate
1289 2844 1451 2871 consentire.
1470 2843 1548 2871 Certe
1561 2851 1621 2870 cum
1636 2843 1716 2870 vellet
1729 2842 1868 2871 ostendere

1079 2891 1222 2926 Scriptura,
1239 2890 1295 2918 huc
1308 2898 1366 2926 qua:
1382 2890 1499 2918 Adamus
1514 2890 1639 2926 imposuit
1654 2891 1771 2923 nomina,
1788 2890 1868 2930 Deum
