2047 3122
156 160 202 188 481
679 159 723 187 DE
743 156 848 186 MUNDl
868 156 1064 184 CliEi'l‘lUNl-I
1083 157 1211 186 ()RA'I'iO
1231 158 1262 186 ν.

157 218 310 253 prmﬁnissc,
327 218 384 246 ait:
399 218 432 246 Et
446 226 519 246 omne
536 219 602 253 quod
625 219 719 245 vocavit
732 217 824 249 Atiam,
844 217 890 243 hoc
912 220 947 241 est

155 272 244 290 nomen
258 264 331 298 ejus;
351 271 382 291 ac
402 264 423 290 si
443 263 524 296 dicat,
548 263 710 290 Praelinitum
730 267 797 294 erat,
815 262 864 289 hoc
880 261 949 288 Deus

154 311 320 338 decreverat.

189 355 284 384 Contra
304 355 424 384 Arianae.
437 369 473 375 —
484 356 583 383 Verum
598 355 630 382 ad
649 356 812 390 propositum
832 359 950 382 reverta-

155 410 224 430 mur.
238 402 298 430 Stat
316 401 412 434 Adam,
433 406 461 430 et
473 402 542 429 Deus
563 401 672 429 adducit
689 402 726 428 illi
741 401 875 433 attimalia,
899 409 949 428 nec

154 449 279 477 dedecori
292 452 334 476 est
347 448 471 481 Domino,
485 447 556 483 qttod
570 447 683 475 adducat
697 447 730 474 ad
746 454 861 474 servum.
879 447 912 474 Et
926 446 949 474 si

154 496 262 523 audiam
276 495 406 527 hteretici,
422 495 558 523 Christum
574 502 622 521 nos
636 494 768 521 adducere
780 493 813 520 ad
827 493 947 525 Patrem,

154 542 242 569 statim
264 541 356 569 dicttnt
371 549 378 568 :
393 540 486 568 Viden‘
508 540 581 567 illum
605 547 665 567 esse
687 539 814 567 servum?
836 539 949 565 Adduxit

154 588 200 615 illa
213 588 247 614 ad
260 587 352 614 Adam.
367 586 459 614 Stabat
472 594 564 614 servus
576 585 708 620 judicans,
722 590 750 612 et
762 585 889 612 Dominus
902 585 949 612 ad-

156 634 266 662 ducens.
278 634 316 661 Ac
328 634 397 661 Deus
407 633 513 668 quidem
526 633 629 660 Adamo
642 632 776 659 adducens
789 640 841 659 non
854 631 946 666 injuria

154 681 335 710 afﬁciebatur:
350 680 484 708 Christum
495 687 559 707 vero
573 680 594 706 si
605 678 712 706 atuliaut
726 678 842 706 lueretici
853 678 886 705 ad
898 678 947 705 Pa-

157 732 224 754 trem
240 727 383 759 adducere,
398 727 486 753 statim
501 726 526 752 in
547 725 660 752 ministri
674 729 701 752 et
720 724 810 751 famuli
826 724 946 751 ordinem

156 773 271 800 trahunt.
286 772 313 800 Si
333 772 405 800 dicat
420 771 555 803 Servatur,
579 770 661 798 Nemo
683 772 749 798 venit
775 770 808 796 ad
833 770 945 802 Patrem,

153 819 202 846 nisi
217 827 261 854 per
275 827 314 845 me
333 818 419 853 (Joatt.
443 818 486 845 M.
501 818 530 853 6)
552 826 559 845 :
575 817 663 845 statim
687 817 803 844 hmrctici
824 818 946 848 arrectis,
970 826 977 832 -

155 865 208 892 imo
229 865 361 900 perversis
383 867 455 891 stant
473 863 592 890 auribus.
608 862 748 889 Adducens
766 863 799 888 ad
815 861 945 888 Adamum

153 910 277 937 animalia
301 910 379 941 Deus,
398 914 505 936 nonest
524 909 582 943 ejus
605 908 741 940 minister;
766 907 900 934 hominem
924 908 945 934 si

156 957 224 984 Deus
238 956 292 983 Deo
306 956 409 987 otl‘erat,
424 956 537 983 ministri
553 955 633 982 ltabet
647 954 788 982 ordinem?
807 954 845 982 Ne
857 959 944 981 autem

154 1002 274 1030 morbum
289 1008 363 1029 ttttttn
377 1003 431 1029 alat
445 1002 586 1029 verborum
602 1001 765 1036 ignorantia;
780 1008 830 1035 ego
843 1001 898 1028 scio
920 1006 946 1027 et

154 1048 248 1075 Filium
264 1048 361 1076 offerre
377 1048 458 1080 Patri,
473 1053 497 1075 et
514 1048 620 1075 Patrem
637 1047 716 1075 Folio.
731 1047 796 1074 Cum
811 1047 921 1074 dixisset
937 1056 943 1074 :

153 1093 234 1121 Nemo
246 1095 309 1121 venit
319 1094 352 1120 ad
365 1094 476 1124 Patrem.
489 1095 538 1121 nisi
549 1102 592 1128 per
602 1102 641 1120 me
657 1093 744 1128 (Jaatt.
761 1094 786 1120 6.
800 1094 862 1128 44);
875 1093 944 1120 idem

153 1147 244 1167 rursus
264 1140 322 1167 ait:
340 1139 422 1167 Nemo
443 1141 507 1167 venit
524 1141 558 1166 ad
578 1148 626 1173 me,
652 1140 700 1166 nisi
718 1140 796 1167 Pater
810 1148 878 1167 meus
896 1148 946 1167 etz-

153 1186 220 1213 lectis
232 1187 335 1213 traxerit
345 1195 410 1213 eum.
422 1186 473 1214 Sed
485 1187 554 1222 quod
563 1187 616 1221 jatn
631 1191 692 1214 ante
706 1195 748 1214 tne
761 1187 860 1214 dixisse
874 1187 944 1220 scin;

152 1240 243 1260 verum
255 1232 306 1260 hoc
319 1233 351 1260 ad
363 1241 418 1260 rem
428 1233 482 1266 jam
493 1234 603 1268 quadrat
616 1243 621 1260 :
633 1234 762 1268 contingit
774 1239 862 1262 autern
873 1241 945 1268 stupe

153 1282 181 1305 ιιι
192 1285 244 1305 non
257 1278 389 1311 audiatur,
401 1283 427 1306 et
439 1287 508 1306 nunc
522 1279 601 1306 etiam
615 1279 683 1306 dico.
699 1279 792 1314 Cogita
806 1283 870 1314 quot
883 1275 945 1306 simt

152 1323 355 1358 quadrupedes;
375 1324 421 1352 sed
437 1328 523 1352 tecum
544 1329 635 1358 reputa
649 1332 708 1359 quae
722 1325 775 1352 sint
795 1329 943 1357 mansueta,

151 1377 210 1404 quae
225 1370 290 1403 fera,
309 1377 368 1405 quae
382 1370 408 1397 in
428 1371 572 1402 montibus,
587 1379 645 1406 qua:
667 1371 692 1398 in
709 1371 827 1406 planitie,
842 1379 902 1406 qua:
917 1372 942 1398 in

151 1415 253 1448 Galliis,
269 1423 329 1450 qua:
342 1416 368 1442 in
383 1416 466 1448 india,
484 1424 543 1451 qua:
558 1417 583 1443 in
597 1417 721 1444 omnibus
743 1417 815 1444 orbis
830 1417 943 1444 climati-

151 1462 200 1489 bus
215 1471 221 1488 :
236 1470 341 1489 rursum
357 1462 475 1498 reptilia;
487 1471 579 1490 eorutn
593 1471 691 1499 genera
703 1469 730 1491 et
741 1464 855 1499 species,
872 1464 945 1492 vola-

151 1507 206 1534 tilia
220 1508 319 1540 omnia,
334 1508 471 1541 natatilia;
488 1516 661 1543 quascumque
674 1514 736 1536 sunt
750 1509 775 1535 in
792 1510 868 1542 mari,
883 1517 942 1544 qua:

151 1553 176 1580 in
192 1554 302 1589 stagnis,
317 1563 376 1589 qum
391 1555 417 1581 itt
432 1554 519 1582 ﬂuviis
536 1565 543 1582 :
559 1555 616 1583 lucc
628 1556 717 1583 omnia
732 1555 942 1589 adducebantur,

150 1603 177 1626 et
198 1599 309 1634 singulis
333 1600 439 1628 nomina
460 1601 613 1635 imponebat
635 1602 729 1634 Adam,
745 1602 867 1637 Deusque
889 1610 942 1630 non
959 1638 963 1643 1

150 1646 357 1679 contradicebat,
381 1646 429 1674 sed
451 1648 645 1682 acquiescebat.
669 1648 807 1675 innumera
835 1649 941 1676 nomina

150 1697 220 1724 sunt,
232 1692 326 1727 hisque
337 1693 479 1728 acquiescit
492 1693 580 1720 Deus:
595 1702 674 1721 unum
687 1702 783 1722 nomen
796 1695 859 1722 dicit
874 1696 942 1722 Deus

150 1745 180 1764 ex
204 1738 270 1765 cado
286 1738 446 1766 testiﬁcans:
467 1738 516 1766 llic
540 1744 576 1767 est
599 1739 681 1767 Filius
703 1749 771 1767 meus
791 1741 898 1774 (lllatt/t.
914 1742 940 1768 ὃ.

151 1783 194 1818 i't')
211 1793 217 1810 :
233 1789 259 1811 et
274 1784 342 1812 hanc
356 1793 448 1812 vocem
465 1793 545 1819 prave
558 1785 718 1820 detorquent
735 1786 862 1817 haeretici,
883 1795 941 1822 qua;

151 1830 193 1856 ιιιιί
210 1834 311 1857 tantum
335 1831 435 1858 nomini
451 1831 630 1858 testimonium
648 1833 750 1866 pra-bet
764 1841 771 1859 :
786 1833 858 1860 illam
878 1838 942 1861 sau-

150 1880 218 1903 ctatn
231 1884 335 1908 vocem,
347 1885 406 1912 qua:
417 1878 556 1905 innumera
567 1880 686 1913 suscepit
701 1879 809 1907 nomina
825 1881 942 1908 nullum-

149 1929 200 1956 que
214 1921 323 1949 delevit.
339 1923 459 1951 Adducta
473 1929 534 1950 sunt
549 1924 684 1956 animalia,
700 1929 728 1952 et
739 1925 846 1952 notnina
866 1934 943 1953 acce-

152 1973 255 2002 perunt.
268 1968 327 1996 Jam
342 1969 387 1997 ille
401 1970 488 1997 stabat
502 1974 530 1997 ut
545 1978 602 1998 rex.

183 2013 209 2040 8.
225 2013 452 2047 Quemadmodum
464 2023 523 2043 cum
534 2016 631 2044 milites
641 2017 856 2050 conscribuntur,
868 2019 943 2053 regio

149 2059 286 2095 signaculo
301 2065 426 2088 notantur
440 2069 446 2088 :
462 2062 501 2088 sic
522 2062 583 2096 quia
598 2062 714 2090 debebat
736 2063 771 2090 illi
794 2063 941 2091 dominium

151 2105 266 2139 tradere,
279 2106 303 2133 id
315 2106 397 2133 efﬁcit
408 2111 436 2134 ut
449 2107 556 2134 nomina
571 2108 687 2142 imponat
699 2113 728 2135 ut
739 2108 863 2136 dominus
875 2118 882 2136 :
895 2118 943 2137 no-

150 2151 218 2179 mina
239 2151 338 2187 quippe
351 2152 457 2180 nonnisi
471 2153 599 2180 Dominus
620 2153 731 2188 imponit
748 2159 775 2181 et
790 2155 877 2182 Pater.
895 2156 942 2182 At-

149 2197 237 2226 tende.
258 2197 370 2225 Nomina
389 2198 440 2226 alia
457 2199 584 2234 imposuit
598 2199 678 2232 Deus,
694 2200 744 2226 alia
761 2200 854 2228 Adam.
872 2201 942 2229 Deus

149 2244 251 2271 vocavit
271 2244 377 2277 caelum,
395 2249 503 2277 terram,
525 2252 609 2277 mare,
636 2246 842 2278 ﬁrmamentum,
857 2247 940 2280 diem,

149 2290 244 2322 lucem,
258 2295 375 2324 noctem,
392 2291 516 2323 fructum,
530 2291 651 2322 herbam,
669 2291 779 2324 faenum,
794 2292 862 2327 ligna
875 2301 883 2324 ;
901 2300 942 2327 pe-

147 2343 208 2363 c0ra
223 2341 311 2363 autem
323 2341 350 2364 et
363 2337 477 2364 volatilia
490 2336 575 2364 Adam
586 2337 701 2368 vocavit,
717 2344 859 2371 pavonem,
871 2338 942 2372 aqui-

149 2382 210 2415 lam,
223 2382 346 2416 vitulum,
362 2390 438 2410 ovem
454 2392 460 2409 :
475 2382 517 2409 hic
529 2383 643 2416 species,
660 2382 713 2409 illic
725 2390 834 2417 genera,
848 2392 880 2411 ne
893 2384 941 2411 fal-

147 2436 204 2455 sum
215 2428 460 2464 deprehenderetur
470 2428 522 2456 hoc
533 2429 632 2456 dictum
646 2437 653 2455 :
669 2429 805 2456 Faciamus
815 2430 941 2458 hominem

148 2474 180 2500 ad
194 2475 329 2508 imaginem
342 2480 454 2502 nostram
470 2474 543 2510 (Gen.
563 2476 587 2502 1.
604 2475 661 2509 26).
681 2476 749 2502 Deus
770 2477 876 2503 ttomiua
891 2477 941 2503 int-

149 2520 222 2554 ponit
237 2520 421 2552 luminarihus,
439 2520 544 2553 Ursam,
560 2520 687 2548 Orionem
698 2541 705 2553 ,
724 2521 854 2548 Plciadem
865 2543 871 2554 ,
890 2522 940 2550 \‘e-

147 2574 274 2600 sperum,
294 2566 456 2595 Luciferum.
483 2566 546 2594 [Itec
571 2567 658 2594 omnia
687 2567 756 2595 Deus
782 2569 936 2596 nominavit.

147 2613 234 2641 Testis
253 2619 293 2641 est
316 2614 396 2642 David
415 2614 508 2642 dicens
526 2622 534 2642 ;
551 2613 600 2647 Ωιιὶ
623 2619 735 2641 numerat
755 2615 939 2642 multitudinem

147 2660 274 2687 stellarum
296 2666 318 2687 et
333 2661 447 2688 omnibus
462 2662 497 2688 eis
518 2662 619 2688 nomina
634 2666 703 2688 vocat
717 2660 800 2696 (Paul.
825 2662 885 2689 H6.
900 2663 940 2695 6).

150 2706 218 2733 Deus
230 2707 336 2734 nomina
353 2707 419 2734 indit
432 2708 563 2742 supernis,
578 2707 661 2734 Adam
675 2708 798 2735 terrenis.
814 2707 939 2734 Nominat

151 2750 220 2778 Deus
232 2752 336 2784 αυιιιιιι,
354 2757 462 2785 terram,
476 2757 571 2780 cuncta
587 2753 646 2784 alia,
665 2753 759 2783 Adam,
776 2753 873 2788 ignem,
890 2753 938 2779 ho.

149 2803 255 2824 mutem.
270 2798 388 2824 Adamus
403 2806 466 2824 vero
477 2798 540 2833 quid
556 2798 694 2825 nominat?
708 2798 821 2832 lmpouit
841 2806 936 2825 nomen

149 2842 282 2877 iumentis,
299 2843 447 2877 reptilihus,
465 2843 566 2870 bestiis.

183 2890 262 2918 Altam
277 2890 415 2924 prophetia:
424 2891 516 2916 donum
529 2896 666 2924 acceperat.
679 2906 712 2911 —--
723 2891 825 2919 Novum
840 2900 935 2919 nomen

1741 164 1793 192 483

1008 215 1123 244 Atlamus
1137 223 1224 251 vocat,
1239 226 1279 252 os,
1298 226 1417 253 carnem,
1433 219 1465 247 do
1482 220 1593 248 muliere
1612 221 1720 254 dicens;
1741 223 1798 250 Hm-

1006 269 1071 288 nunc
1084 271 1111 288 os
1124 271 1155 289 ex
1165 264 1261 291 ossibus
1274 265 1345 296 meis,
1361 270 1384 291 et
1397 273 1456 292 coro
1470 266 1501 292 tle
1512 274 1587 293 conte
1600 270 1674 302 nteu(
1689 267 1752 294 Gen.
1766 268 1795 295 δὲ.

1005 307 1062 342 25).
1078 308 1146 336 Dens
1160 310 1230 336 enim
1245 318 1304 337 cum
1321 312 1406 345 ipsum
1420 311 1553 345 formavit,
1575 321 1628 339 non
1643 313 1720 346 dixit,
1743 313 1797 341 for-

1006 362 1094 382 masse
1114 355 1187 382 illum
1201 364 1233 383 ex
1246 357 1351 390 ossibus
1368 362 1392 384 et
1408 365 1497 385 carne.
1518 358 1619 386 Rursus
1633 359 1696 386 dicit
1717 361 1796 390 Deus.

1005 399 1151 431 Masculus;
1177 401 1220 428 hic
1241 403 1315 436 dicit,
1329 403 1394 430 Vir:
1412 403 1480 431 Deus
1504 404 1576 435 dicit,
1602 405 1732 437 Femina;
1754 405 1797 433 hic

1005 445 1079 478 dicit,
1096 447 1198 474 Mulier.
1210 448 1338 483 Quodque
1350 450 1445 476 mirum
1457 455 1507 482 est,
1519 451 1580 484 quia
1591 451 1690 485 Spiritu
1704 457 1797 479 sancto

1005 492 1098 526 plenus
1113 498 1180 525 erat,
1202 494 1370 529 nondumque
1393 495 1474 522 miser
1496 501 1676 531 transgressus
1691 498 1794 531 fuerat;

1005 538 1051 564 sed
1067 539 1149 572 gratia
1164 539 1280 573 repletus
1293 545 1360 574 erat,
1373 542 1522 575 pmpltetia,
1540 550 1617 576 quam
1631 544 1720 578 paucis
1733 550 1795 571 ante

1003 583 1098 611 diebus
1111 584 1179 618 apud
1196 591 1310 613 vestram
1332 588 1467 614 caritatem
1481 588 1686 623 distinguebam,
1703 594 1755 616 tota
1770 590 1795 617 in

1004 629 1061 663 ipso
1075 635 1141 656 erat.
1165 631 1269 659 Sciebat
1285 632 1355 658 enim
1373 634 1516 666 prodet-ita,
1533 634 1632 661 sciebat
1656 636 1796 669 prmscntia

1003 680 1030 702 et
1043 675 1138 703 futura.
1153 677 1292 711 Quomodo
1308 679 1446 712 przrsetttia
1464 679 1582 706 sciebat?
1600 680 1626 707 in
1639 688 1751 714 corpore
1765 689 1796 707 os

1003 728 1078 749 extra
1092 730 1143 750 non
1159 729 1282 757 apparet;
1295 725 1340 751 St‘d
1355 725 1415 759 quia
1429 725 1555 760 Spiritum
1571 726 1695 759 habebat,
1709 727 1774 754 dicit
1787 736 1794 755 :

1005 767 1060 794 Iloc
1076 777 1142 795 nunc
1165 777 1193 796 οε
1206 778 1237 796 ea:
1250 771 1347 797 ossibus
1361 771 1431 797 meis.
1448 772 1589 804 Quomodo
1610 773 1719 805 sciebat,
1746 773 1796 800 nisi

1003 813 1117 847 Spiritus
1129 820 1236 842 sancttts
1249 815 1298 850 ipsi
1313 816 1475 844 revelaSset?
1491 816 1544 844 Cur
1554 825 1618 853 ergo
1631 818 1744 852 primum
1765 826 1796 845 os

1001 865 1028 886 et
1044 864 1098 887 tum
1112 868 1219 888 carnem
1234 862 1372 889 nominat?
1384 863 1449 896 Quia
1467 864 1552 897 primo
1564 870 1663 891 eostam
1679 865 1737 899 ejus
1753 873 1797 892 ac-

1000 906 1080 940 cepit.
1099 905 1170 939 "rec,
1193 907 1286 942 inquit,
1303 908 1430 935 vocabitur
1445 910 1543 941 mulier,
1560 910 1618 943 quia
1639 911 1671 936 de
1684 911 1736 936 viro
1750 919 1796 938 suo

999 958 1101 987 sumpta
1117 959 1153 980 est
1170 954 1233 980 liter.
1251 954 1414 982 Vaticinatur
1430 956 1572 990 prmterita,
1596 956 1663 983 dixit
1677 965 1796 992 pra-scn-

1001 999 1054 1031 tia;
1073 999 1201 1034 dtcitjam
1222 1000 1318 1027 futura.
1341 1001 1508 1034 Quamobrem
1522 1003 1644 1037 relinquet
1659 1004 1733 1030 homo
1747 1012 1796 1037 pa—

1002 1049 1064 1071 trem
1076 1050 1098 1071 et
1110 1051 1215 1072 matrem
1233 1045 1241 1080 (
1254 1046 1318 1073 Gen.
1334 1047 1361 1073 ‘2.
1377 1047 1433 1081 24).
1449 1047 1572 1075 Nondum
1588 1053 1645 1075 erat
1659 1049 1796 1076 matrimo-

1001 1091 1084 1123 nium,
1099 1096 1126 1118 et
1139 1092 1207 1119 unde
1223 1098 1296 1127 pater
1309 1097 1335 1120 et
1346 1094 1449 1121 mater?
1464 1094 1578 1122 Rursum
1590 1096 1698 1122 audiant
1712 1096 1796 1124 lucre-

1002 1138 1055 1164 tici.
1071 1137 1159 1165 Voluit
1175 1138 1244 1165 Dens
1258 1140 1360 1166 Adamo
1375 1147 1486 1166 uxorem
1510 1140 1650 1168 elformare
1664 1149 1670 1168 :
1686 1141 1796 1168 Immisit

1000 1184 1113 1210 ecstasim
1129 1184 1154 1210 in
1174 1183 1266 1216 Adam,
1290 1190 1312 1211 et
1334 1185 1481 1211 obdormivit
1495 1185 1572 1219 (Ibid.
1589 1186 1616 1212 2.
1635 1186 1693 1220 21).
1709 1186 1795 1214 Omtte

1002 1229 1047 1256 Dei
1061 1230 1170 1257 verbum
1184 1230 1320 1264 antiquum
1338 1231 1427 1266 regula
1443 1236 1544 1258 naturae
1559 1232 1617 1258 fuit.
1633 1232 1728 1259 Docuit
1739 1233 1794 1268 pri-

1000 1277 1035 1302 mi
1049 1277 1181 1311 cxemplo,
1196 1277 1330 1311 quomodo
1341 1282 1463 1312 suscepta
1478 1278 1566 1312 proles
1585 1278 1618 1305 ab
1634 1278 1739 1306 homine
1753 1278 1794 1306 di-

1000 1321 1050 1348 vidi
1065 1321 1170 1348 deheat.
1188 1321 1300 1348 Immisit
1313 1321 1378 1349 ιλιι-ς
1390 1331 1505 1350 somnum
1516 1323 1542 1350 in
1559 1324 1649 1350 Adam.
1665 1325 1730 1352 Rem
1746 1326 1795 1351 tni-

1001 1375 1056 1394 ram
1069 1368 1075 1394 !
1093 1367 1208 1402 Tempus
1218 1368 1291 1401 dicit,
1304 1376 1356 1403 quo
1369 1369 1565 1397 matrimonium
1578 1371 1666 1398 initur.
1680 1373 1795 1399 Somnus

999 1414 1109 1440 ecstasis
1123 1419 1241 1447 vocatur,
1255 1414 1315 1449 quia
1331 1414 1410 1442 hotno
1420 1416 1495 1450 quasi
1510 1421 1584 1443 extra
1600 1418 1717 1452 scipsum
1731 1423 1794 1446 tttnc

998 1464 1050 1486 est.
1072 1459 1142 1486 Intus
1163 1460 1250 1486 anima
1273 1465 1323 1493 est,
1339 1466 1366 1487 et
1389 1466 1498 1488 nonest
1519 1462 1597 1489 intus.
1622 1462 1680 1489 Non
1702 1464 1794 1496 sentit,

999 1512 1052 1531 non
1067 1505 1197 1539 intelligit,
1211 1506 1321 1533 audiens
1333 1515 1384 1534 nun
1397 1507 1478 1534 audit.
1490 1507 1567 1534 Velut
1580 1508 1659 1535 hodie
1669 1509 1792 1543 dicimus,

999 1550 1100 1578 Ecstasi
1117 1559 1179 1579 usus
1194 1558 1244 1585 cst,
1267 1553 1335 1588 qttnd
1352 1558 1425 1580 extra
1445 1555 1549 1589 negotia
1564 1555 1644 1582 fuerit
1662 1565 1668 1582 :
1683 1557 1721 1583 sic
1734 1557 1793 1583 ani-

998 1606 1051 1630 tna,
1065 1606 1124 1625 cum
1139 1603 1212 1626 extra
1229 1607 1324 1626 sensus
1337 1599 1424 1633 fuerit,
1438 1601 1463 1627 itt
1478 1602 1573 1628 ecstasi
1589 1607 1639 1629 est.
1657 1601 1690 1629 Et
1703 1603 1792 1630 obdor-

997 1644 1076 1675 mivit,
1094 1644 1188 1678 inquit,
1205 1651 1227 1671 et
1240 1646 1296 1671 tulit
1313 1645 1381 1672 Deus
1395 1654 1472 1672 unam
1485 1646 1517 1673 de
1531 1647 1606 1673 costis
1619 1647 1684 1682 ejus.
1703 1648 1739 1675 lle
1752 1648 1793 1676 his

998 1689 1194 1724 interrogentur
1216 1690 1333 1718 heretici
1350 1700 1356 1718 :
1373 1692 1513 1725 Quomodo
1536 1692 1594 1719 tulit
1613 1693 1702 1720 Deus?
1723 1702 1792 1728 quo-

997 1735 1076 1763 modo
1096 1737 1179 1764 Adam
1199 1736 1317 1765 dolorem
1332 1746 1384 1765 non
1396 1738 1498 1766 sensit?
1513 1740 1646 1773 quomodo
1661 1748 1713 1768 non
1728 1748 1791 1768 cru—

996 1783 1081 1810 ciatus
1094 1783 1157 1810 est?
1172 1783 1200 1810 Si
1216 1784 1257 1810 vel
1273 1785 1341 1818 pilus
1353 1792 1367 1810 a
1382 1792 1494 1820 corpore
1509 1786 1632 1819 vellatur,
1649 1786 1790 1820 dolemus;

996 1829 1116 1864 quamvis
1129 1830 1184 1857 alto
1204 1830 1263 1864 quis
1281 1838 1378 1865 sopore
1397 1831 1521 1863 dormiat,
1538 1832 1637 1859 doloris
1653 1833 1678 1859 vi
1697 1841 1792 1868 exper-

995 1875 1104 1910 giscitur
1118 1876 1162 1910 qui
1176 1876 1289 1908 dormit;
1305 1881 1406 1904 tantum
1429 1878 1530 1908 tollitur
1545 1879 1703 1912 membrum,
1721 1885 1792 1906 tanta

996 1921 1118 1948 evellitur
1131 1927 1214 1953 costa,
1230 1930 1279 1949 nec
1291 1923 1426 1950 dormiens
1441 1931 1456 1950 a
1467 1932 1561 1950 somno
1574 1924 1723 1952 excitatur?
1734 1925 1791 1952 Non

997 1967 1019 1993 vi
1041 1967 1146 2000 avulsit,
1167 1973 1196 1994 ut
1218 1969 1424 2003 expcrgisceret,
1448 1977 1500 1996 non
1517 1969 1674 2004 discerpsit;
1699 1979 1790 1997 verum

995 2013 1142 2048 Scriptum,
1167 2019 1195 2041 ut
1216 2015 1332 2042 Artiﬁcis
1354 2012 1517 2042 celeritatc’m
1540 2016 1678 2047 ostendat,
1703 2016 1790 2047 Tulit,

997 2059 1091 2094 inquit.
1108 2059 1207 2086 Soluite
1221 2065 1282 2086 sunt
1295 2067 1447 2095 compages,
1463 2065 1490 2088 et
1503 2069 1555 2087 non
1569 2061 1669 2088 sensit?

1031 2105 1057 2132 9.
1073 2104 1144 2131 Tulit
1157 2109 1269 2136 costum,
1284 2110 1312 2131 ut
1327 2105 1423 2131 tulerat
1436 2105 1582 2139 pulverem.
1597 2105 1625 2133 Si
1638 2106 1707 2133 alius
1719 2111 1791 2133 esset

995 2153 1040 2188 qui
1053 2159 1232 2188 compegerat,
1244 2153 1312 2180 alius
1326 2153 1371 2187 qui
1387 2152 1477 2185 solvit,
1491 2160 1578 2188 pugna
1589 2157 1678 2186 esset;
1691 2153 1731 2180 sin
1742 2161 1790 2181 au‘

996 2202 1049 2225 tem
1064 2198 1108 2233 qui
1126 2198 1252 2233 ligaverat
1266 2198 1361 2229 solvit,
1376 2198 1398 2225 is
1408 2203 1484 2235 certe
1498 2195 1601 2232 placide
1615 2199 1703 2225 solvit.
1721 2198 1790 2226 Tulit

995 2248 1100 2275 costam.
1115 2249 1139 2271 et
1152 2244 1255 2278 replevit
1268 2251 1313 2278 pro
1326 2252 1355 2270 ea
1369 2251 1479 2270 carnem.
1492 2243 1568 2270 Unde
1581 2243 1711 2278 replevit?
1724 2251 1788 2271 num

994 2299 1027 2318 ex
1048 2291 1150 2326 reliquo
1163 2291 1243 2318 traxit
1259 2290 1393 2325 corpore?
1405 2290 1485 2324 Atqui
1501 2297 1579 2316 omne
1590 2297 1685 2324 corpus
1694 2311 1703 2322 ,
1717 2291 1788 2325 quod

996 2338 1110 2365 trahitur
1124 2343 1151 2365 et
1165 2337 1340 2369 distenditur,
1361 2337 1484 2364 subtilius
1502 2336 1626 2363 efﬁcitur.
1647 2336 1788 2370 Quomodo

995 2385 1124 2420 replevit?
1140 2385 1176 2412 Dc
1191 2392 1305 2419 corpore
1324 2384 1466 2418 loquimur,
1481 2388 1508 2410 et
1527 2391 1578 2410 non
1599 2383 1788 2417 intelligimus;

994 2431 1027 2459 de
1043 2431 1097 2458 Deo
1114 2431 1258 2466 loquimur,
1271 2435 1298 2457 ct
1311 2430 1441 2457 curiosius
1455 2429 1642 2463 exploramus?
1657 2428 1690 2455 Et
1702 2430 1788 2463 adiﬁ-

994 2477 1058 2504 carit
1072 2476 1196 2503 Dominus
1210 2481 1304 2503 costam
1315 2495 1322 2508 ,
1337 2483 1412 2510 quant
1425 2475 1515 2502 tulerat
1531 2475 1561 2502 de
1575 2475 1674 2507 Adam,
1689 2475 1715 2501 in
1728 2484 1787 2501 ntu-

993 2523 1078 2550 lierem
1093 2522 1176 2557 (Gen.
1190 2522 1216 2549 2.
1230 2521 1294 2556 22).
1309 2521 1449 2555 Quomodo
1462 2521 1531 2548 oculi
1546 2529 1578 2548 ex
1594 2525 1667 2548 casta
1680 2521 1786 2548 fortunati

993 2569 1075 2595 sunt?
1091 2568 1160 2595 unde
1174 2575 1220 2594 cor
1233 2567 1374 2602 cogitans?
1390 2567 1459 2593 unde
1474 2567 1562 2601 lingua
1577 2566 1707 2601 loquens?
1720 2574 1787 2601 quo—
1819 2597 1826 2601 ἢ

993 2615 1072 2641 modo
1090 2614 1237 2641 distensunt
1260 2618 1301 2640 est
1320 2621 1352 2639 ex
1372 2618 1444 2639 costa
1459 2612 1633 2639 intestinum?
1651 2612 1786 2646 quomodo

993 2669 1025 2688 ex
1044 2665 1116 2688 costa
1139 2660 1213 2694 jecur
1234 2658 1330 2686 factum
1350 2659 1407 2686 est?
1421 2658 1483 2685 llaec
1499 2657 1634 2692 quomodo
1649 2657 1717 2685 facta
1731 2657 1787 2685 sint

993 2715 1088 2741 capere
1101 2714 1154 2733 non
1170 2711 1258 2740 potes.
1273 2709 1300 2732 et
1313 2705 1448 2732 Artiﬁcem
1462 2705 1567 2732 curiose
1581 2705 1718 2733 scrutaris!
1733 2704 1786 2732 Ve-

992 2761 1050 2779 rutn
1074 2752 1132 2779 vide
1152 2752 1293 2786 imaginem
1315 2750 1412 2778 Christi
1431 2750 1538 2785 ubique.
1561 2750 1617 2777 Non
1638 2751 1712 2785 prius
1727 2749 1786 2776 tulit

992 2799 1062 2826 Dens
1075 2805 1177 2825 cosmm
1191 2800 1224 2825 de
1240 2798 1352 2828 Adamn.
1367 2805 1446 2832 quam
1461 2797 1508 2831 ipsi
1522 2804 1644 2824 somnum
1661 2795 1786 2822 immitte-

991 2849 1041 2872 ret.
1057 2843 1164 2878 Quare?
1181 2844 1218 2870 Ex
1232 2849 1304 2870 costa
1327 2848 1464 2878 peccatum
1479 2843 1610 2869 oriturum
1625 2846 1698 2871 erat;
1713 2839 1783 2873 quod

995 2899 1089 2927 nempe
1104 2899 1150 2926 per
1169 2891 1308 2918 mulierem
1323 2891 1440 2918 Intravit.
1457 2890 1532 2917 Venit
1546 2889 1671 2917 Serv-ator
1683 2895 1698 2915 c
1710 2892 1784 2915 costa
