2062 3128
251 179 264 205 4
269 179 302 205 κδ

247 244 342 272 aquam
358 236 445 263 ferens
459 240 486 263 et
498 234 671 270 sanguinem;
686 241 780 268 aquam
795 240 854 267 qiizr
870 237 976 267 peccata
993 230 1040 256 ab-

249 283 344 315 lueret,
359 283 513 317 sanguinem
525 281 569 316 qui
583 281 738 316 mysterium
751 279 827 306 nobis
839 278 964 305 traderet.
978 276 1043 304 Vide

249 329 369 363 ﬁguram.
385 328 538 355 Dormieute
556 326 667 357 Adamo,
682 330 756 352 costa
771 325 911 351 tollebatur
928 333 933 350 :
949 331 1042 350 somno

248 375 353 410 corpori
368 374 467 401 Christi
487 373 692 407 superveniente
702 393 709 403 ,
725 376 799 398 costa
815 370 1000 405 aperiebatur,
1016 374 1044 396 ut

249 427 364 448 veterem
379 419 534 454 tragmdiam
547 419 661 446 solveret
675 426 722 452 per
733 425 826 444 novam
841 416 977 443 historiam
992 424 997 441 :
1010 415 1043 442 de

249 474 344 494 somno
359 467 452 501 loquor
468 473 519 500 quo
534 465 559 492 in
575 472 654 491 cruce
672 468 812 498 correptus
828 468 877 490 est.
894 461 1043 496 Ediﬁcavit

249 518 342 539 costam
357 513 382 538 in
394 512 532 541 mulierem,
549 511 654 537 adduxit
668 518 722 536 eam
737 509 771 536 ad
782 509 873 535 Adoni.
888 510 909 535 0
924 509 1043 542 benigni-

250 563 330 584 tatem
347 557 468 584 Domini!
483 556 585 589 Quanta
602 555 673 586 facit,
687 555 795 587 format,
812 559 875 588 quot
890 553 1043 580 [vulneribus

249 603 350 630 allicit?
363 602 477 629 Adducit
492 602 615 628 animalia
627 623 633 633 ,
650 608 775 635 sponsam
790 600 877 626 tradit.
893 600 957 633 Quia
971 599 1041 625 enim

249 649 333 676 Adam
349 649 424 683 quasi
440 648 555 683 pupillus
568 653 634 680 erat,
650 652 676 674 ct
690 647 743 674 Eva
758 647 839 682 virgo,
856 647 913 673 sine
928 652 1002 680 patre
1018 650 1044 672 et

249 701 351 725 matre,
367 695 412 729 qui
430 693 547 720 ofliciuiu
564 697 739 727 praislarcut:
756 693 824 719 Deus
841 691 921 726 patris
936 691 1042 717 matris-

249 749 301 775 que
321 739 485 767 iunctionem
499 739 564 766 obit.
585 740 624 766 Ac
643 739 702 765 vide
725 738 809 772 legem
826 747 832 764 :
847 737 933 764 omnis
947 737 1044 771 quippe

249 794 300 812 vox
324 786 369 812 Dei
392 785 518 820 pi'iniaava
541 790 641 812 natura:
664 792 755 811 norma
776 788 826 811 est.
848 783 960 810 Additin
977 783 1044 809 Deus

250 831 382 857 mulierem
395 830 429 856 ad
442 830 523 856 Adam
537 837 546 857 :
560 835 586 857 et
601 830 642 856 lex
657 830 699 856 illa
715 823 812 856 mansit
829 829 861 855 ad
879 830 947 855 hunc.
962 837 1044 863 iiSque

251 877 333 909 diem,
349 881 378 903 ut
393 884 460 903 uxor
476 876 560 903 virum
576 875 662 907 adeat,
678 882 731 902 non
748 875 832 902 virum
848 876 879 901 ad
894 883 1002 901 uxorem
1019 874 1044 901 in

251 930 379 957 sponsum
390 922 506 949 adducit.
517 921 598 947 Erant
610 921 683 954 nudi,
693 927 714 947 et
725 930 775 948 non
785 921 958 948 erubescebat"
968 921 1043 954 (Gen.

251 967 279 994 2.
291 967 348 1002 25).
362 968 449 994 Manet
459 967 560 1001 regula,
573 967 615 993 lex
625 967 731 993 clamat.
743 967 840 993 ()mucs
852 967 890 992 vir
901 967 1043 999 erubescit,

253 1018 350 1046 praeter
363 1013 496 1047 propriam
512 1020 633 1044 uxorein,
645 1020 739 1039 omnes
752 1020 818 1039 uxor
831 1012 964 1040 erubescit
979 1021 1045 1046 ιιι-,ιι-

253 1064 293 1085 ter
308 1059 443 1093 proprium
457 1059 552 1085 virum.
575 1058 663 1093 Itaque
683 1059 732 1085 hoc
752 1058 858 1093 quidem
876 1058 930 1085 dixi
948 1066 1045 1084 secun-

253 1104 315 1131 dum
330 1104 415 1138 legem
428 1113 434 1131 :
447 1112 525 1131 causa
538 1109 636 1136 alitem,
648 1112 696 1131 cur
707 1104 769 1131 nudi
784 1113 834 1130 non
847 1105 1044 1135 erubescerent,

252 1154 309 1176 erat
323 1150 392 1184 quod
409 1146 608 1177 immortalitate
622 1156 712 1177 essent
730 1150 813 1177 induti
823 1171 829 1182 ,
847 1151 930 1185 gloria
944 1151 1041 1176 amitti.

252 1195 309 1222 Non
330 1197 433 1223 sinebat
453 1196 553 1231 gloria,
572 1201 598 1223 ut
616 1197 686 1223 nuda
708 1196 881 1224 viderentur:
900 1198 953 1231 ipsa
975 1199 1044 1225 enim

253 1242 397 1268 nuditatem
408 1242 558 1276 obtegebat.
573 1242 622 1269 Ubi
636 1242 737 1276 poteris
751 1242 848 1268 nudum
861 1242 950 1270 videre
960 1244 1046 1270 virum

253 1295 305 1314 non
325 1288 545 1314 erubescentem?
559 1287 586 1314 lu
602 1287 709 1314 Christo
732 1288 817 1329 ipsum
838 1289 952 1315 invenis.
967 1289 1046 1316 Venit

254 1335 349 1362 Petrus
362 1339 386 1361 et
402 1334 518 1362 Joannes
531 1339 555 1360 et
574 1334 688 1361 lacubus
703 1335 727 1361 iu
744 1340 958 1367 monumentum,
971 1343 1046 1370 qure-

253 1385 341 1407 rentes
354 1388 461 1414 corpus,
475 1385 501 1406 et
515 1388 567 1406 non
581 1380 750 1411 invenerunt,
766 1381 811 1406 sed
829 1381 986 1408 invenerunt
1001 1389 1045 1408 ve-

253 1427 377 1453 stimenta
392 1427 507 1453 involuta
517 1446 524 1458 ,
539 1431 566 1452 ut
579 1425 774 1457 ostenderetur,
792 1431 851 1460 post
871 1427 1046 1465 resurrectio-

254 1480 313 1499 nem
325 1472 422 1499 Cliristi
433 1492 439 1503 ,
454 1472 478 1498 ἰιι
495 1472 551 1506 ipso
564 1472 663 1498 servari
677 1477 794 1498 veterem
808 1472 902 1498 Adami
917 1472 1026 1499 fortnam
1037 1493 1044 1504 ,

223 1529 228 1531 λ
253 1525 365 1552 esseque
388 1518 447 1545 sine
466 1518 647 1551 vestimentis,
670 1525 723 1544 non
747 1518 846 1545 nudum
870 1523 978 1549 tamen,
998 1519 1045 1546 sed

254 1565 388 1592 vestitum.
401 1565 522 1591 Surrexit
534 1563 666 1596 Christus,
679 1564 804 1599 exuitque
820 1565 975 1591 vestimenta
987 1573 1046 1600 qua:

254 1611 370 1638 Adamus
383 1610 515 1645 induerat,
528 1616 637 1646 eratque
651 1611 747 1643 nudus,
761 1619 809 1638 nec
821 1611 906 1638 nudus
920 1611 1046 1638 cerneba-

254 1662 305 1683 tur.
316 1657 377 1684 Post
389 1657 612 1684 resurrectionem
625 1657 749 1684 mulieres
760 1657 918 1684 vestimenta
930 1658 1045 1692 projecta

254 1701 353 1729 vident.
371 1701 470 1728 Martha
486 1706 512 1729 et
526 1701 605 1728 Maria
621 1702 712 1729 vident
725 1710 797 1734 etim,
814 1707 969 1737 agnoscunt,
985 1711 1046 1737 pio-

253 1747 398 1779 cumbuut,
415 1753 442 1774 et
455 1747 553 1774 nudum
570 1755 622 1774 non
637 1747 737 1775 vident.
753 1747 828 1775 Unde
843 1752 929 1775 vestes
944 1749 1046 1776 induit?

255 1796 272 1818 Α
279 1795 386 1818 miserat
399 1793 469 1819 enim
485 1800 530 1819 eos
544 1793 569 1819 in
586 1797 768 1819 monumento.
785 1793 874 1820 Priora
889 1795 1045 1821 vestimenta

254 1838 398 1864 diviserant
418 1838 524 1864 milites.
539 1837 678 1865 Uudrnam
700 1838 837 1865 induitur?
852 1839 920 1865 unde
935 1840 978 1874 qui
995 1848 1045 1865 llll-

253 1882 322 1914 dus,
344 1890 395 1908 non
418 1882 524 1909 nudus?
544 1883 620 1909 Aliud
643 1891 734 1917 qumro
751 1893 758 1910 :
779 1892 826 1910 cur
845 1884 998 1910 vestimenta
1020 1889 1046 1911 et

254 1927 393 1955 sindonem
408 1928 434 1954 in
450 1936 500 1955 una
517 1933 590 1962 parte
606 1929 738 1961 viderunt,
753 1930 887 1956 sudarium
903 1939 976 1962 vero,
994 1939 1046 1965 quo

254 1979 333 2007 caput
353 1973 503 2001 Servatoris
523 1975 638 2001 vinctum
663 1975 763 2007 fuerat,
785 1977 809 2002 in
829 1977 879 2002 alia
901 1977 993 2011 parte?
1013 1977 1046 2004 Ut

255 2019 341 2046 divina
366 2020 449 2053 gratia
476 2019 680 2052 ostenderetur,
705 2021 829 2055 quodque
853 2022 910 2048 sine
934 2023 1045 2049 tumultu

254 2065 417 2091 resurrectio
435 2064 537 2092 fuisset.
553 2065 586 2092 Et
599 2066 660 2099 quia
679 2074 813 2093 rumorem
827 2066 910 2093 Judmi
929 2068 1044 2102 sparsuri

253 2116 345 2142 erant,
367 2110 512 2144 discipulos
533 2111 619 2145 ipsum
637 2111 737 2138 furatos
757 2120 828 2143 esse,
848 2113 974 2147 relinquit
1000 2121 1045 2140 ve-

254 2156 378 2183 stimenta
396 2164 442 2183 sua
463 2157 489 2183 in
510 2161 691 2184 monumento.
709 2158 773 2185 Nam
794 2159 838 2193 qui
857 2165 990 2186 mortuum
1005 2161 1045 2187 fu:

254 2207 338 2233 ratur,
355 2202 439 2236 ipsum
451 2209 511 2229 cum
525 2204 690 2230 vestimentis
702 2203 812 2231 furatur.
830 2205 977 2239 Videreque
989 2210 1047 2233 erat

254 2247 423 2274 Servatorem
435 2248 615 2282 egredientem
630 2257 660 2276 ex
674 2250 804 2284 sepulcro,
820 2251 888 2277 sicut
901 2251 1046 2286 JOsephum

254 2301 286 2320 ex
302 2294 382 2320 domo
397 2293 540 2329 Egyptize.
563 2294 595 2322 Et
611 2295 672 2322 vide
691 2295 754 2321 mihi
772 2295 948 2323 dill‘ereutiam
966 2307 972 2324 :
986 2303 1047 2332 post

255 2339 477 2367 resurrectionem
497 2341 569 2366 visus
588 2345 629 2367 est
644 2340 766 2368 Christus
786 2341 871 2368 nudus
884 2363 891 2374 ,
906 2347 933 2369 et
954 2342 1048 2370 Petrus

255 2385 342 2412 nudus
362 2394 369 2411 :
392 2393 482 2412 verum
509 2386 552 2412 ille
575 2386 679 2420 quidem
701 2387 899 2414 immortalitate
921 2389 1047 2422 prmditus

256 2435 332 2462 erat,
350 2431 392 2458 hic
406 2435 493 2458 autem
514 2431 634 2458 mortalis
648 2431 734 2458 adhuc
749 2438 815 2459 erat.
829 2433 907 2460 .lesus
920 2434 1006 2460 stabat
1020 2435 1045 2460 in

255 2476 353 2507 littore,
368 2476 450 2510 gloria
465 2477 582 2509 indutus,
596 2477 688 2504 dicens
700 2487 706 2504 :
720 2477 791 2508 Filii,
805 2487 863 2504 nttm
877 2479 937 2514 quid
949 2481 1048 2514 opsonii

256 2521 350 2547 habetis
365 2520 453 2555 (Joan.
467 2522 512 2548 2|.
528 2522 576 2556 5)?
591 2522 647 2549 Non
657 2543 663 2552 .
681 2523 818 2558 inquiunt,
834 2533 884 2551 nou
900 2525 1026 2552 habemus
1039 2536 1045 2552 :

257 2574 309 2593 non
322 2566 392 2593 enim
409 2572 537 2594 noverant
548 2575 619 2594 eum.
634 2569 732 2596 Deinde
744 2570 806 2596 dicit
819 2579 826 2599 ς
844 2571 937 2597 Mittite
948 2572 973 2598 in
986 2572 1047 2598 dex-

257 2619 335 2639 teram
349 2613 441 2648 nivigii
459 2618 552 2647 partem
567 2614 645 2649 (Ibid.
666 2623 687 2641 υ.
703 2615 741 2650 6).
757 2615 892 2648 Miserum,
908 2625 939 2644 ac
955 2618 1047 2651 ingen-

258 2663 309 2685 tem
325 2659 437 2693 piscium
460 2660 654 2687 multitudinem
673 2666 809 2694 ceperunt.
828 2663 955 2696 Agnoscit
969 2663 1049 2690 Joan-

257 2712 318 2735 ncs,
333 2709 357 2730 et
373 2704 437 2732 dicit
449 2705 545 2736 Petro,
561 2705 684 2732 Dominus
696 2712 731 2732 est
747 2707 826 2742 (Ibid.
839 2716 861 2734 t'.
878 2708 914 2742 7).
931 2707 953 2735 Ο
967 2709 1048 2735 mira-

256 2751 358 2778 culum!
374 2751 430 2777 Non
446 2756 611 2786 agnoverunt
622 2759 654 2778 ex
667 2760 741 2783 voce,
756 2752 803 2779 sed
819 2761 851 2779 ex
867 2754 1002 2788 operibus.
1016 2753 1048 2780 Et

255 2800 379 2832 sumpsit.
401 2800 506 2834 inquit,
528 2798 619 2825 Petrus
641 2800 751 2825 tunicam
770 2807 779 2826 .'
797 2805 849 2826 erat
871 2801 935 2826 enim
956 2803 1047 2827 nudus.

257 2845 367 2872 Mortale
385 2852 483 2879 corpus
502 2844 652 2875 erubescit,
670 2845 820 2871 immortale
839 2854 890 2872 non
906 2847 1046 2874 erubescit.

257 2890 356 2917 Verum
370 2891 393 2916 ei
407 2891 450 2924 qui
467 2897 515 2916 nos
533 2889 617 2923 gloria
639 2889 720 2916 induit
734 2910 741 2922 ,
756 2895 779 2916 et
796 2892 838 2924 qui
854 2891 944 2918 orbem
965 2893 1047 2920 induit

976 171 1158 199 SEVEBIANl
1841 177 1893 206 ’ἰεᾶ

1099 229 1297 257 immortalitate
1310 251 1317 263 ,
1332 230 1393 257 huic
1414 231 1581 265 procidamus
1593 253 1599 263 ,
1617 233 1677 260 huic
1693 234 1873 268 supplicemus
1883 256 1891 268 ,

1097 282 1123 302 ιιι
1140 283 1187 302 uos
1201 275 1292 303 induat
1305 276 1366 309 lide,
1379 283 1426 311 spe
1439 277 1544 309 salutis,
1557 277 1639 310 gloria
1651 278 1675 305 iu
1688 279 1794 306 Christo
1807 289 1812 307 :
1827 289 1893 315 quo-

1097 323 1166 349 niam
1180 322 1250 349 Patri
1266 323 1367 358 gloria,
1383 331 1443 349 cum
1459 324 1593 358 uuigenito
1605 325 1672 351 Filio
1685 329 1712 351 et
1726 331 1818 353 sancto
1833 327 1893 362 Spi-

1097 367 1159 400 ritu,
1175 376 1244 395 uunc
1255 373 1281 395 et
1292 377 1409 404 semper,
1423 374 1448 396 et
1462 369 1487 396 iu
1502 370 1598 397 smcula
1612 371 1781 398 szrculorum.
1795 373 1891 401 Amen.

1095 434 1128 461 ltt
1143 435 1208 461 diem
1220 441 1318 462 sextum
1332 437 1474 468 creatioitis,
1487 442 1509 463 et
1521 438 1547 463 in
1561 438 1655 471 primo:
1668 445 1792 473 parentes,
1804 441 1830 467 in
1840 449 1894 468 scr-

1132 485 1246 514 pentem,
1271 487 1293 507 et
1318 483 1343 507 in
1367 483 1462 516 lignum
1486 484 1613 515 scientiw,
1637 484 1668 510 de
1689 484 1843 512 habitatione
1866 487 1892 512 in

1133 528 1266 560 paradiso,
1288 527 1367 562 deque
1384 529 1475 555 Λάαιηί
1495 537 1551 555 Cum
1577 530 1629 556 Deo
1650 532 1784 565 colloquio.
1802 531 1891 558 Oratio

1132 578 1202 600 sexta
1213 573 1261 609 (ti).

1136 643 1160 668 l.
1173 643 1229 676 Age
1242 642 1415 677 rursus,quotl
1430 643 1536 677 polliciti
1551 651 1643 671 sumus
1657 646 1853 679 aggrediamur.
1867 653 1888 674 et

1097 692 1281 722 argumentum
1296 688 1328 714 de
1344 688 1466 723 paradiso
1481 689 1512 715 ad
1529 689 1607 716 linem
1622 698 1704 725 usque
1715 692 1889 720 ιΙιξεΙιιοιιιιιιιη,

1095 734 1152 761 Etsi
1166 734 1236 760 enim
1253 734 1418 761 intolerabile
1434 735 1531 761 malum
1549 736 1610 762 illud
1630 736 1716 768 fuerit,
1733 739 1803 772 quod
1820 739 1891 765 Ada-

1099 787 1158 806 tuus
1171 779 1273 814 eiectus
1288 781 1321 806 sit
1335 781 1368 807 de
1383 782 1515 814 paradiso,
1529 782 1605 815 longe
1620 784 1705 817 majus
1717 785 1767 810 erit
1782 786 1890 816 malum,

1098 826 1118 852 si
1135 833 1184 852 nos
1199 834 1211 851 a
1232 826 1344 860 paradisi
1370 827 1496 853 memoria
1516 828 1692 855 climiucniur.
1718 830 1782 856 Rem
1803 836 1890 858 autem

1097 871 1266 906 attingamus,
1282 879 1334 898 non
1350 874 1535 900 communibus
1549 874 1695 901 rationibus
1706 883 1763 902 eam
1779 881 1892 903 tractan-

1099 923 1147 947 tes,
1160 918 1205 943 sed
1222 926 1252 943 ev
1271 918 1325 951 ipsa
1340 926 1414 944 sacra
1429 918 1562 953 Scriptura
1577 920 1716 948 dubiorum
1732 922 1829 949 solutio
1843 931 1891 950 ‘Clll

1099 963 1220 989 mutuati.
1231 964 1279 996 Qui
1294 965 1363 990 cuitu
1377 973 1423 998 pro
1436 965 1508 991 libilo
1523 966 1600 992 sentit
1617 971 1642 993 et
1655 967 1761 1001 Cogitat,
1775 969 1890 1002 scipsuui

1098 1008 1195 1042 dt‘t‘itiil
1206 1018 1211 1034 :
1223 1009 1266 1043 qui
1281 1017 1343 1035 νυνι)
1354 1018 1384 1036 ex
1396 1010 1530 1044 Scriptura
1542 1012 1716 1045 t|U:l‘Slittllllnl
1731 1014 1890 1042 solutionem

1099 1059 1253 1086 iiuiluatur,
1277 1056 1359 1089 ipsam
1383 1056 1461 1082 habet
1482 1058 1619 1083 veritatem
1643 1059 1805 1092 iii:i;_:is'r:ttii.
1828 1060 1890 1092 Quia

1099 1107 1162 1126 vero
1179 1101 1294 1127 ﬁdt'iillllt
1311 1102 1383 1127 tiiulti
1407 1102 1523 1136 legentes
1544 1103 1681 1135 dubitant,
1701 1109 1726 1130 et
1748 1105 1891 1132 infidelium

1100 1145 1204 1178 plurimi
1217 1145 1367 1180 ignorantes
1380 1146 1572 1180 blasphemant,
1586 1153 1614 1174 ut
1624 1154 1650 1175 et
1664 1149 1761 1176 sanctis
1775 1151 1890 1177 animum

1098 1191 1238 1217 certiorem
1253 1191 1405 1224 reddamus,
1422 1197 1449 1218 et
1464 1192 1583 1220 infideles
1600 1194 1775 1226 coul’uteinus,
1795 1203 1842 1229 pro
1856 1197 1892 1222 vi-

1098 1237 1139 1262 rili
1161 1244 1216 1263 rem
1239 1237 1437 1272 aggrediamur,
1455 1238 1535 1264 Deum
1552 1239 1686 1265 vobiscum
1704 1241 1890 1271 obsecrantes.

1100 1274 1264 1310 ut'vcritatis
1286 1284 1362 1311 nobis
1383 1286 1484 1319 eopiain
1508 1286 1699 1313 sulnuiuistret.
1714 1287 1769 1320 Qua
1791 1289 1892 1315 ratione

1100 1329 1178 1356 homo
1191 1330 1312 1356 coriditus
1325 1330 1411 1361 fuerit,
1427 1339 1476 1365 qua
1490 1339 1602 1364 corpoie
1617 1331 1754 1365 formatus,
1767 1341 1816 1367 qua
1829 1335 1890 1360 item

1099 1383 1112 1402 a
1131 1375 1184 1402 Deo
1199 1380 1285 1403 creata
1301 1377 1387 1402 anima
1417 1377 1487 1404 illius
1503 1377 1583 1403 indita
1598 1379 1702 1412 corpori
1719 1378 1809 1411 fuerit,
1825 1387 1891 1414 quo-

1100 1421 1179 1447 modo
1201 1422 1350 1456 paradisum
1370 1422 1530 1449 domicilium
1555 1423 1695 1455 habuerit,
1712 1425 1761 1450 etsi
1778 1433 1828 1451 nou
1847 1434 1891 1458 pro

1100 1467 1136 1494 rei
1150 1467 1293 1502 dignitate,
1315 1476 1361 1502 pro
1379 1468 1502 1495 facultate
1517 1474 1589 1496 Certe
1609 1474 1696 1497 nostra
1710 1491 1717 1502 ,
1733 1471 1798 1497 satis
1813 1480 1890 1505 supra

1099 1513 1196 1539 dictum
1211 1517 1261 1539 est.
1275 1513 1333 1540 .laiu
1355 1514 1386 1540 ad
1408 1515 1571 1549 propositum
1590 1516 1736 1542 orationem
1751 1523 1890 1544 converta-

1099 1566 1168 1586 inus.
1187 1560 1249 1586 Data
1262 1559 1368 1594 quidem
1385 1560 1485 1587 Adamn
1498 1566 1538 1588 est
1552 1563 1673 1589 universa
1692 1568 1760 1590 terra
1772 1585 1779 1595 ,
1797 1566 1891 1598 pra-ci-

1100 1612 1179 1639 putim
1196 1613 1259 1632 vero
1275 1606 1344 1632 illius
1359 1605 1534 1633 habitaculum
1551 1608 1688 1641 parad.sus
1702 1615 1768 1636 erat.
1785 1610 1890 1638 Lit-ebat

1099 1651 1177 1677 etiam
1191 1651 1214 1677 ei
1225 1657 1298 1677 extra
1314 1651 1464 1685 paradisum
1479 1653 1517 1679 ire
1530 1661 1536 1684 ;
1553 1661 1642 1679 verum
1660 1662 1718 1688 qua!
1732 1660 1804 1681 extra
1821 1663 1890 1690 para-

1099 1695 1185 1721 disum
1197 1701 1272 1722 erant
1284 1696 1398 1724 hominis
1410 1697 1563 1724 habitationi
1576 1698 1698 1732 deputata
1711 1707 1763 1726 non
1776 1700 1888 1732 fuerant,

1099 1741 1144 1767 sed
1156 1741 1249 1773 brutis,
1261 1742 1409 1775 pecoribus,
1421 1743 1648 1777 quadrupedibus,
1658 1745 1729 1775 feris,
1742 1747 1888 1780 replil.hus.

1101 1785 1180 1821 licgia
1201 1795 1264 1813 vero
1287 1792 1312 1813 et
1336 1787 1426 1814 herilis
1446 1788 1573 1815 habitatio
1597 1790 1644 1823 ipsi
1667 1795 1723 1817 erat
1743 1792 1888 1824 paradisus.

1099 1832 1161 1858 Ideo
1187 1833 1255 1859 Deus
1276 1833 1386 1859 adduxit
1404 1834 1526 1860 animalia
1546 1835 1578 1861 ad
1597 1835 1699 1867 Adam,
1718 1837 1795 1863 veluti
1812 1838 1845 1863 ab
1859 1846 1889 1864 eo

1099 1882 1230 1911 separata.
1251 1878 1308 1905 Non
1325 1880 1395 1906 enim
1417 1888 1523 1914 semper
1540 1882 1668 1915 mancipia
1684 1881 1748 1908 Iiero
1767 1883 1887 1915 adstant,

1098 1923 1144 1950 sed
1159 1931 1219 1950 eum
1241 1925 1293 1952 illis
1314 1932 1380 1959 opus
1399 1925 1530 1953 habuerit.
1552 1927 1634 1954 lndita
1655 1928 1812 1955 animalibus
1831 1934 1890 1956 suat

1099 1970 1218 2002 nomina,
1234 1976 1261 1997 et
1274 1972 1361 1998 statim
1372 1972 1457 2005 ejecta
1470 1978 1531 2000 sunt
1542 1981 1550 2001 Ζ
1563 1974 1656 2000 mansit
1670 1980 1757 2001 autem
1770 1977 1852 2002 Adam
1865 1977 1888 2003 iii

1099 2015 1231 2049 paradiso.
1242 2017 1289 2044 llic
1296 2025 1360 2044 vero
1367 2016 1684 2053 Scriptumdiligentiam
1695 2022 1887 2049 aitittiatlvcrlc.

1135 2062 1306 2087 Animantium
1328 2064 1376 2088 tria
1400 2072 1500 2098 genera.
1521 2080 1557 2084 —
1575 2065 1650 2091 Jussa
1673 2070 1749 2092 erant
1768 2068 1889 2094 animalia

1099 2107 1230 2133 Adaiiium
1246 2108 1320 2133 adire
1331 2128 1338 2138 ,
1353 2116 1382 2134 se
1395 2109 1430 2135 illi
1447 2109 1590 2142 inclinare,
1609 2111 1709 2144 ipsique
1722 2113 1868 2139 abhlaudiri
1882 2123 1888 2145 ;

1099 2153 1214 2186 exempli
1235 2161 1331 2184 causa,
1354 2155 1575 2188 quemadmodum
1598 2162 1673 2183 erant
1692 2159 1739 2184 tria
1762 2159 1889 2192 lignorum

1099 2207 1195 2234 genera
1207 2220 1214 2231 ,
1229 2208 1325 2234 nempe
1340 2201 1409 2235 ligna
1424 2209 1483 2236 quae
1505 2202 1578 2228 illum
1594 2203 1712 2235 alerent,
1729 2209 1758 2231 tit
1772 2207 1870 2232 vivet-ct
1885 2227 1890 2234 .

1099 2247 1168 2281 ligna
1181 2255 1240 2280 quae
1254 2248 1325 2273 illum
1340 2249 1491 2282 probarent,
1507 2255 1534 2275 ut
1551 2251 1616 2276 bene
1630 2251 1738 2283 \ivert'l,
1753 2257 1777 2278 et
1794 2252 1888 2286 lignum

1099 2293 1168 2326 quod
1184 2293 1267 2326 ipsum
1282 2293 1437 2325 custodiret,
1452 2299 1480 2320 ut
1494 2303 1599 2329 semper
1615 2297 1726 2328 viveret;
1740 2298 1778 2324 sic
1792 2303 1817 2324 et
1831 2299 1891 2324 bru-

1100 2342 1185 2364 torqu
1208 2339 1382 2366 animantium
1404 2340 1452 2366 tria
1477 2341 1524 2374 ipsi
1545 2349 1669 2367 concessa
1691 2347 1753 2369 sunt
1775 2351 1904 2392 gem-ra‘“

1104 2363 1107 2364 ν
1131 2363 1134 2364 ,
1477 2363 1524 2374 .,...
1547 2363 1669 2367 mm--.“
1691 2363 1753 2369 -,....
1775 2363 1870 2377 πω...

1100 2391 1181 2409 unum
1195 2383 1228 2410 ad
1243 2391 1331 2411 escam
1343 2405 1349 2415 ,
1364 2385 1477 2412 alterum
1498 2386 1530 2412 ad
1551 2387 1722 2420 obsequium,
1739 2389 1844 2415 tertium
1859 2363 1906 2415 udi

1100 2430 1273 2456 recreandum
1286 2431 1402 2457 animum
1413 2439 1419 2456 :
1432 2431 1555 2458 nimirum
1567 2431 1599 2458 ad
1613 2440 1699 2459 escam
1710 2441 1741 2459 ea
1754 2442 1812 2468 quae
1824 2442 1892 2461 nunc

1101 2480 1267 2506 mactantur;
1284 2476 1316 2502 ad
1337 2477 1522 2508 ministerium,
1536 2479 1605 2512 equi,
1622 2479 1726 2510 c.inieli,
1747 2481 1826 2509 asini.
1844 2480 1891 2506 bo-

1100 2529 1157 2554 ves,
1173 2523 1277 2556 aliaque
1290 2523 1384 2550 similia
1399 2523 1448 2558 ipsi
1463 2524 1652 2556 iuinistrantia;
1669 2526 1701 2552 ad
1718 2526 1890 2553 recreandum

1100 2567 1217 2594 animum
1231 2568 1354 2595 animalia
1368 2569 1400 2595 ad
1416 2570 1588 2597 imitationem
1602 2571 1695 2598 idonea
1705 2591 1713 2602 ,
1730 2572 1797 2599 laeta:
1812 2580 1891 2599 voces

1100 2614 1230 2640 aeriarum
1242 2614 1340 2645 avium,
1352 2622 1410 2649 qua:
1421 2615 1499 2642 etiam
1512 2623 1590 2643 aures
1600 2617 1744 2644 oblectant.
1757 2617 1890 2651 Quemad-

1102 2659 1208 2687 modum
1222 2661 1292 2688 eiiim
1305 2669 1401 2695 corpus
1416 2667 1474 2696 post
1487 2663 1599 2694 labores,
1616 2663 1664 2690 uisi
1678 2663 1890 2698 defatigationem

1102 2707 1242 2740 expulerit,
1257 2715 1308 2733 nou
1325 2711 1410 2741 potest
1422 2707 1488 2734 alios
1503 2708 1576 2735 adire
1588 2709 1702 2741 labores,
1716 2709 1754 2736 sic
1766 2714 1792 2735 ct
1805 2710 1891 2736 anima

1101 2753 1206 2780 virtutis
1220 2753 1354 2780 laboribus
1370 2754 1522 2788 perfuncta,
1541 2755 1589 2781 nisi
1603 2755 1727 2789 jucundis
1742 2756 1891 2789 aspectibus

1102 2804 1247 2832 recreetur,
1262 2800 1294 2826 ad
1310 2800 1531 2834 perseverandum
1553 2801 1577 2827 iu
1595 2803 1690 2828 virtute
1705 2810 1763 2842 pou
1786 2801 1888 2828 suflicit.

1133 2867 1169 2898 (rt)
1187 2872 1240 2892 ttzrc
1252 2872 1321 2892 sexta
1334 2867 1430 2891 bomilia
1443 2874 1489 2892 non
1502 2868 1604 2892 habetur
1621 2868 1646 2892 iu
1665 2868 1778 2892 Vaticano
1790 2867 1890 2897 Codice,

1105 2899 1147 2922 sed
1162 2905 1214 2923 eaut
1225 2899 1324 2923 Savilius
1337 2899 1418 2922 edidit.
