2047 3122
216 112 268 144 ὅθεν

214 174 282 200 Cum
298 171 393 199 viderit
411 166 480 198 Deus
496 171 660 198 fatiscentem
674 170 788 196 animam
799 190 806 202 ,
821 169 900 195 rebus
911 168 1006 203 jucun-

215 218 256 244 dis
272 221 371 245 recreat
386 217 455 244 illam
468 226 475 244 :
489 217 513 244 id
526 217 595 252 quod
611 217 691 244 etiam
707 215 776 251 apud
791 224 839 242 nos
856 215 911 242 fieri
926 215 1004 242 solet.

215 263 293 297 Stepe
314 264 384 290 cuitu
404 271 437 291 ex
457 264 514 290 foro
533 264 592 299 quis
611 267 766 295 revertens,
787 263 876 290 anitno
898 261 1006 288 infinitis

216 310 375 337 toan-oribus
390 317 518 344 oppresso
533 317 621 337 rerum
638 309 780 336 ittvisarunt
794 313 901 343 aspecttt
913 329 920 340 ,
936 307 1006 334 into-

215 354 330 384 lerandis
348 356 542 383 calamitatibus
560 361 587 383 et
605 355 709 383 damnis
729 353 878 388 cruciatus,
898 354 1005 382 domum

215 402 365 437 ingressus,
389 403 497 429 infantis
518 402 640 430 solatium
665 401 783 433 invenit,
804 400 1006 435 molestiamque

216 448 335 475 laborutn
352 453 428 475 tener
442 448 545 474 anintus
559 447 670 474 emollit.
686 448 751 481 Quia
765 448 835 475 enim
849 441 1005 475 méercntem

216 502 266 521 tton
281 494 336 521 adit
353 501 420 520 uxor
432 493 464 520 ad
479 494 614 527 solatium,
630 493 688 529 ejus
702 492 772 521 enim
787 493 934 520 consolatio
949 496 1005 519 tum

215 541 363 574 importuna
378 545 466 572 esset,
484 540 596 567 famulus
615 547 678 567 vero
693 538 823 566 consolari
840 546 891 565 non
904 536 1002 569 'audet,

215 585 315 613 inducit
329 586 399 613 Deus
410 580 557 620 sitttplicent
572 585 696 617 indolem,
712 584 841 620 ittculpata
856 584 1004 620 ignorantia

214 631 362 666 prmditam,
373 639 420 665 per
430 632 565 666 ipsamque
576 628 709 658 labdribtts
720 629 874 665 oppressum
886 630 1004 656 animum

216 677 278 703 lenit
291 683 317 703 et
331 677 441 703 solatur.
459 676 583 704 Famttltts
598 677 619 704 si
635 677 760 708 art-ideal,
777 676 833 703 lteri
848 676 950 710 injuriis
966 676 1006 703 in-

214 723 312 750 sultare
326 723 430 750 videtur
442 731 448 756 ;
465 731 531 750 uxor
545 723 566 750 si
582 723 675 754 rideat,
691 721 795 750 videtur
808 722 880 749 ttullo
893 722 1003 748 calami-

216 769 276 796 tatis
291 776 371 796 sensu
385 768 453 796 allici
470 778 475 796 :
493 769 579 795 infans
595 769 629 795 ob
643 768 829 800 innocentiam,
845 775 898 794 non
913 775 1004 802 suspe.

213 817 263 844 ctis
278 815 464 843 blandimentis
478 815 576 842 emollit
590 815 706 842 animum
720 823 726 841 :
741 822 771 842 ac
786 822 857 849 sa‘pe
871 813 940 849 quod
955 821 1004 842 nec

214 861 291 888 amici
307 860 436 893 consiliis,
451 867 500 887 nec
515 860 649 894 sapientes
665 859 770 886 monitis
785 859 891 886 efficere
909 863 1004 893 potue-

213 910 283 937 runt,
298 905 324 932 id
338 905 382 935 ille
392 905 502 932 ridendo
514 905 606 940 potuit,
620 912 714 938 nempe
727 912 834 931 omnem
847 903 1003 930 calamitatis

213 958 319 978 sensum
333 951 438 978 sedare.
453 951 564 985 Jamque
579 950 683 977 attintus
703 950 729 976 in
751 950 806 984 ipsa
821 949 846 976 vi
862 950 984 977 mceroris
994 970 1001 980 ,

213 996 282 1024 videt
295 997 431 1026 infantem,
445 996 519 1023 initio
531 995 638 1029 respuit,
652 995 812 1029 depellitque
825 995 1001 1029 importunam

212 1041 431 1074 consolationem,
444 1049 475 1068 ex
487 1040 642 1068 assiduitate
656 1041 743 1067 tame’n
753 1040 832 1072 cedit.
844 1045 870 1067 et
882 1040 1003 1075 repetitis

211 1086 363 1120 aspectibus
373 1087 477 1114 attimus
487 1087 642 1118 attrahitur;
655 1086 761 1113 detnuut
773 1090 883 1120 accepto
891 1085 1000 1118 infante,

212 1133 363 1160 mmstitiant
379 1133 502 1167 deponit,
516 1132 607 1168 aitque
624 1141 629 1158 :
647 1131 722 1159 lluuc
739 1131 804 1158 tnilti
823 1131 909 1159 solunt
932 1131 1001 1159 Deus

211 1179 330 1214 largitur,
346 1178 469 1214 nullaque
483 1177 547 1205 mihi
564 1177 632 1205 ratio
646 1177 821 1212 reliquorum.

244 1224 372 1251 Animalia
393 1223 427 1250 ad
448 1223 610 1251 recreandum
627 1222 753 1250 hominem
772 1225 841 1258 apta.
857 1238 893 1243 —
907 1222 1000 1250 Viden'

210 1270 344 1305 quomodo
365 1277 397 1296 ex
418 1269 560 1297 levissimis
584 1269 653 1296 Deus
677 1269 767 1296 animo
789 1268 999 1296 consolationem

211 1315 300 1343 indat?
310 1315 375 1349 Quia
389 1315 468 1351 igitur
480 1315 554 1342 solus
567 1319 626 1342 erat
638 1314 722 1342 Adam
742 1315 767 1341 in
789 1314 911 1349 paradiso
922 1335 930 1347 ,
947 1321 998 1342 non

209 1362 322 1390 amicum
335 1361 444 1394 habens,
455 1368 507 1388 tton
519 1361 645 1393 vicinum,
656 1368 709 1387 non
720 1365 871 1395 cognatum,
881 1359 913 1386 ad
925 1359 999 1387 illum

209 1407 382 1436 recreandum
398 1407 499 1434 ittduxit
515 1407 552 1434 illi
573 1407 643 1434 Deus
660 1407 803 1438 animalia;
818 1411 927 1440 puta,ut
937 1411 1000 1433 sunt

209 1454 342 1490 hodieque
362 1454 485 1481 animalia
503 1453 536 1481 ad
553 1453 708 1480 imitattdutn
726 1457 803 1488 apta,
819 1460 931 1488 quorum
947 1453 998 1479 alia

206 1504 315 1541 gestus,
330 1500 382 1527 alia
397 1506 488 1527 vocem
509 1499 665 1531 imitantur;
681 1498 754 1526 verbi
768 1506 863 1530 causa,
880 1498 998 1525 imitatur

208 1547 284 1574 simia
296 1551 387 1582 gestus
399 1545 536 1573 hominum
548 1553 555 1578 ;
570 1549 598 1572 et
609 1545 634 1572 id
647 1552 731 1580 genus
741 1545 792 1572 alia
808 1553 814 1572 :
828 1552 920 1572 vocem
934 1545 999 1579 psit-

208 1598 282 1621 tacus
301 1593 415 1627 aliisque
433 1599 505 1619 aves.
528 1592 625 1619 Habuit
639 1598 704 1626 ergo
721 1591 843 1618 solatium
860 1598 894 1618 ex
913 1589 997 1618 brutis

207 1639 383 1667 animantibus
393 1659 400 1672 ,
415 1639 474 1666 aliis
488 1638 700 1670 cantillantibus,
718 1637 776 1664 aliis
789 1637 995 1665 blandientibus.

206 1685 271 1713 Cum
286 1685 369 1712 tnulta
384 1685 463 1720 igitur
475 1684 600 1711 anitttalia
614 1688 721 1716 essent,
737 1691 797 1718 qua:
815 1683 900 1718 ipsum
915 1683 996 1710 solari

208 1737 325 1768 possent,
336 1740 446 1767 serpens
454 1731 640 1759 callidissimus
650 1738 707 1758 erat
717 1731 785 1758 inter
795 1739 888 1759 omnes
898 1731 997 1758 bestias

208 1783 299 1811 terrae,
320 1782 349 1805 ut
366 1778 403 1804 ait
422 1778 555 1812 Scriptura
571 1786 578 1804 ι
593 1776 702 1810 Serpens
721 1782 803 1803 autent
816 1783 868 1804 erat
881 1777 997 1803 callidior

207 1824 301 1850 cunctis
313 1823 395 1850 bestiis
404 1843 411 1855 ,
425 1831 486 1858 quas
501 1825 594 1858 fecerat
610 1822 731 1849 Dominus
745 1822 814 1849 Deus
830 1821 904 1858 (Gen.
917 1823 942 1850 5.
958 1821 995 1856 l).

240 1870 268 1896 2.
281 1869 391 1904 Serpens
401 1869 472 1896 initio
482 1869 578 1895 amicus
589 1868 695 1895 hominis
706 1876 714 1899 ;
730 1868 855 1903 quomodo
863 1868 906 1895 ille
916 1868 997 1895 Evam

207 1916 349 1951 alloquutus
363 1919 404 1942 sit.
415 1930 450 1935 ——
463 1915 526 1942 Erat
542 1915 620 1949 igitur
632 1920 659 1942 et
674 1915 791 1942 imitandi
806 1919 832 1942 et
845 1915 996 1942 blandiendi

207 1967 263 1989 arte
277 1961 382 1988 ueteris
394 1961 524 1995 superior.
539 1960 577 1988 Ne
588 1961 710 1988 attendas
726 1960 851 1995 praesenti
867 1960 994 1994 aspectui,

207 2008 276 2043 quod
292 2015 388 2042 nempe
412 2008 496 2042 ipsunt
520 2008 650 2042 fugiamus
665 2013 692 2034 et
713 2007 870 2035 horreamus
887 2017 894 2035 :
908 2007 941 2034 ab
956 2007 997 2034 in-

207 2056 254 2083 itio
272 2055 312 2083 sic
331 2062 384 2082 n0n
403 2059 469 2082 erat.
487 2055 595 2082 Amicus
617 2059 674 2081 erat
693 2062 804 2089 serpens
816 2059 841 2081 et
863 2054 997 2081 blanditiis

208 2101 379 2136 propinquus.
394 2100 459 2134 Quis
470 2108 534 2134 ergo
547 2100 619 2127 illutn
633 2100 768 2126 inimicum
785 2099 863 2127 fecit?
876 2100 920 2127 Dei
935 2107 997 2126 scn-

207 2147 288 2174 tcntia
304 2155 311 2174 :
327 2146 478 2174 Maledictus
489 2147 558 2173 enim
571 2151 596 2172 tu
611 2154 663 2179 pra:
673 2145 788 2172 omnibus
799 2146 890 2172 bestiis.
907 2144 996 2171 Inimi-

207 2194 292 2221 citiam
303 2202 396 2226 ponam
408 2194 473 2220 inter
486 2197 509 2219 te
521 2198 542 2219 et
555 2193 681 2219 mulierem
695 2191 770 2223 (Gen.
783 2192 808 2219 3.
822 2192 863 2218 M.
878 2192 932 2226 i5).
947 2190 997 2217 Ini-

208 2239 306 2266 nticitia
321 2239 364 2265 illa
380 2238 522 2265 amicitiam
535 2237 622 2264 solvit.
633 2236 781 2264 Amicitiam
797 2236 866 2270 dico,
876 2243 928 2262 non
938 2244 997 2270 qua:

207 2286 310 2313 ratione
322 2285 445 2316 ducatur,
453 2285 499 2312 sed
514 2293 572 2319 qua:
588 2285 671 2311 brutte
680 2283 820 2311 animantis
829 2283 995 2318 cognitione;

209 2336 235 2358 ttt
259 2331 392 2366 hodieque
411 2331 526 2358 ostendit
544 2331 618 2358 canis
637 2330 760 2357 amicitiae
785 2330 901 2364 speciem
913 2350 920 2363 ,
944 2337 997 2356 tton

208 2377 320 2409 ratione,
335 2377 382 2403 sed
408 2377 518 2403 naturali
541 2381 613 2403 tttotu
632 2386 638 2403 ε
652 2376 690 2402 sic
704 2382 730 2402 et
745 2383 856 2409 serpens
880 2375 998 2402 blandie—

209 2423 286 2450 batnr
300 2422 408 2450 homini.
426 2422 460 2449 Ut
472 2430 536 2456 ergo
548 2422 592 2457 qui
604 2421 713 2448 multam
729 2421 933 2447 familiaritatem
950 2420 997 2447 Ita-

209 2471 294 2501 beret,
309 2469 381 2496 visus
393 2473 434 2495 est
445 2468 550 2495 diabolo
563 2476 623 2495 esse
641 2467 765 2495 idoneutn
781 2467 996 2493 illSll‘lllllelllutll.

209 2514 309 2542 Vitlens
332 2513 412 2549 igitur
433 2514 562 2540 Adamum
585 2517 710 2547 serpente
733 2511 868 2543 delectari,
889 2519 999 2546 serpen-

210 2566 262 2588 tetn
284 2561 321 2587 illi
342 2559 489 2587 abbiandiri
503 2580 509 2590 ,
531 2559 666 2594 multaque
689 2567 720 2586 ex
740 2558 861 2585 ltumanis
882 2558 977 2584 iutitari
990 2579 997 2590 ,

210 2606 367 2642 exeogitavit
390 2606 451 2633 ntali
471 2606 580 2638 artifex,
602 2611 632 2632 ut
661 2605 696 2632 illi
720 2607 765 2640 qui
784 2604 859 2632 dolos
880 2609 998 2636 nectunt,

210 2653 307 2688 quique
323 2661 370 2687 per
384 2653 489 2688 propria
510 2653 639 2687 cujusque
660 2651 789 2686 adrcpunt
805 2660 812 2678 :
827 2658 905 2678 nemo
927 2651 998 2677 ettint

211 2705 257 2732 per
272 2702 410 2729 extranea,
426 2697 472 2724 sed
494 2705 543 2732 per
559 2698 663 2732 propria
679 2704 722 2724 res
746 2696 812 2723 tales
835 2696 955 2726 conficit:
972 2703 999 2723 ut.

210 2743 245 2769 ait
255 2742 381 2770 Servator
390 2751 397 2770 :
407 2742 508 2769 Inimici
519 2743 625 2769 hominis
636 2742 765 2769 domestici
777 2743 830 2777 ejus
839 2742 943 2777 (Matth.
955 2743 999 2770 l0.

211 2787 261 2824 56).
269 2788 397 2824 Loquitur
404 2796 467 2824 ergo
475 2796 522 2823 per
528 2794 676 2824 serpentem
683 2789 772 2817 fucum
782 2790 880 2818 faciens
887 2791 997 2818 Adamo.

211 2833 283 2871 Rogo
295 2839 408 2863 testram
424 2835 559 2863 caritatem
571 2856 580 2870 ,
599 2844 631 2864 ne
645 2836 824 2871 perfunctorie
843 2839 995 2866 attendatis.

732 112 773 139 Dii
793 111 897 139 MUNI)!
917 104 1113 137 CltEATlONE
1133 109 1260 138 0R.\Tl0
1280 110 1323 138 Vt.

1804 116 1853 144 486‘

1060 167 1116 194 Non
1128 168 1193 195 !cvis
1206 173 1244 196 est
1261 169 1383 204 qtuesdo,
1394 170 1528 204 quoutodo
1540 178 1650 206 serpens
1665 173 1789 208 loquutus
1802 175 1850 206 sit,

1059 220 1094 239 an
1117 213 1230 241 humana
1253 222 1329 247 voce,
1350 223 1383 242 an
1400 217 1531 251 serpentis
1556 217 1644 250 silnlo,
1671 219 1851 254 intellexitque

1061 259 1125 286 Eva.
1146 261 1229 287 Adam
1245 266 1307 289 ante
1320 263 1559 298 transgressionem
1567 264 1661 300 plenus
1674 271 1731 292 erat
1747 267 1850 301 sapien-

1060 303 1106 336 tia,
1121 304 1304 340 intelligentia,
1319 314 1350 333 ac
1365 307 1512 342 prophetia.
1534 308 1626 344 Cogita
1639 315 1735 345 quanta
1754 312 1850 345 pra-di-

1060 353 1102 377 tus
1121 355 1192 379 esset
1217 353 1357 387 sapientia,
1373 354 1417 390 qui
1444 360 1531 389 posset
1557 363 1624 383 unus
1647 357 1719 383 nullo
1742 357 1852 384 ltomine

1059 396 1179 430 doctore,
1197 399 1302 425 nomina
1318 399 1455 434 imponere
1470 401 1628 434 volatilibus,
1646 403 1795 437 reptilibus,
1812 403 1850 430 fe—

1059 442 1106 475 ris,
1123 451 1174 470 ttno
1194 444 1275 471 verbo
1288 446 1429 472 omnibus.
1445 446 1472 472 ltt
1488 452 1576 474 mente
1599 452 1641 474 tua
1659 436 1772 484 depinge
1790 458 1849 484 ςιν-

1058 489 1122 523 cies,
1138 497 1252 524 genera;
1272 496 1352 526 utqtte
1374 493 1531 526 compendio
1543 493 1641 527 dicam,
1658 499 1695 521 tot
1713 495 1849 530 imposuit,

1058 541 1121 571 quot
1137 535 1216 563 hodie
1232 545 1280 564 nos
1292 542 1351 572 post
1366 539 1556 572 experientiam
1577 548 1630 567 tton
1656 549 1795 576 possumus
1808 550 1849 570 rc-

1058 582 1156 610 colere.
1173 583 1284 617 Quando
1303 584 1381 619 igitur
1398 585 1465 612 Deus
1478 586 1573 613 obtulit
1594 587 1719 615 animalia
1735 588 1846 622 homini,

1058 629 1102 656 ille
1116 634 1146 656 ut
1168 630 1274 664 sapiens
1285 638 1316 657 ac
1338 631 1381 658 Dei
1405 632 1526 666 spiritum
1552 632 1662 667 habens,
1683 634 1847 669 singulorum

1057 675 1248 708 proprietatem
1263 676 1377 703 videbat.
1401 677 1596 705 Animadvertit
1610 687 1672 706 vero
1697 685 1846 715 serpenti-nt

1057 720 1222 747 solertiorem
1245 729 1316 754 esse,
1340 729 1419 749 sensu
1444 723 1554 757 pollere,
1579 732 1610 751 ex
1634 725 1741 753 nutibus
1761 731 1847 753 motus

1057 765 1136 792 animi
1152 766 1296 810 percipere.
1317 767 1384 794 Cum
1399 769 1438 795 sic
1459 768 1542 796 Adam
1556 777 1585 797 se
1599 770 1718 804 haberet,
1735 779 1847 807 perpen-

1055 811 1093 838 dit
1106 812 1227 840 diabolus
1240 818 1267 840 et
1285 815 1417 848 serpentis
1437 816 1570 848 astutiam,
1586 821 1612 844 et
1624 816 1719 845 Adami
1741 819 1846 853 opinio-

1056 866 1116 885 nem
1132 868 1138 885 :
1153 860 1261 894 putabat
1285 862 1355 888 cttint
1380 867 1532 896 serpentetn
1555 863 1680 891 solertctn
1703 872 1771 892 esse.
1797 866 1847 893 Per

1055 904 1130 931 illttm
1144 913 1208 940 ergo
1223 905 1348 941 loquitur,
1362 912 1390 934 ut
1405 908 1585 942 suspicaretur
1598 909 1681 936 Adam
1695 915 1844 945 serpentetn

1055 959 1114 978 cum
1125 959 1203 987 sagax
1213 957 1292 985 esset,
1302 953 1352 980 hoc
1363 955 1519 987 prmstitisse
1531 960 1590 982 utet
1599 955 1739 984 humanam
1752 965 1844 985 vocem

1055 997 1214 1025 itttitaretttr.
1230 999 1337 1026 Accedit
1351 1007 1413 1034 ergo
1427 1008 1548 1035 serpens.
1569 1001 1703 1037 Nusquam
1717 1010 1780 1030 vero
1795 1003 1845 1031 hoc
1876 991 1883 998 ἡ

1055 1043 1190 1078 Scriptura
1210 1045 1286 1077 dixit,
1301 1045 1435 1073 diabolmn
1458 1055 1554 1080 nempe
1567 1048 1592 1075 itt
1607 1054 1730 1083 serpente
1752 1050 1845 1085 loquu-

1054 1095 1108 1116 tum
1121 1097 1191 1122 esse,
1203 1090 1250 1118 sed
1260 1096 1287 1118 ct
1297 1091 1402 1127 Moyses
1417 1093 1571 1127 simpliciter
1583 1102 1638 1121 rem
1652 1101 1752 1129 gestam
1764 1103 1843 1123 enar—

1054 1136 1129 1163 ravit.
1154 1137 1314 1172 Diligenter,
1337 1146 1446 1173 qutuso,
1468 1139 1657 1167 animadverte.
1681 1141 1776 1168 Paulus
1798 1142 1842 1175 qui

1053 1184 1185 1211 secundus
1199 1184 1224 1210 in
1239 1185 1360 1219 paradiso
1373 1184 1430 1218 fuit,
1446 1193 1493 1213 nec
1511 1187 1559 1220 ipsi
1572 1186 1669 1213 dictttttt
1690 1187 1841 1221 explicavit,

1052 1229 1098 1256 sed
1113 1229 1150 1255 ait
1167 1237 1173 1255 :
1189 1228 1319 1263 Despondi
1334 1238 1376 1256 ros
1391 1230 1434 1256 uni
1446 1231 1498 1257 viro
1517 1231 1636 1266 virginem
1649 1237 1754 1264 castam,
1770 1234 1841 1260 eJlu-

1052 1274 1108 1301 bere
1120 1273 1228 1301 Christo.
1240 1273 1325 1302 Timeo
1336 1280 1428 1308 autem,
1439 1283 1470 1302 ne
1483 1276 1545 1302 sicut
1560 1284 1660 1311 serpens
1675 1276 1752 1304 Euam
1767 1278 1841 1304 sedu-

1050 1320 1087 1346 xit
1102 1319 1128 1346 in
1138 1320 1230 1346 astutia
1240 1328 1286 1346 sua
1301 1319 1338 1355 β.
1348 1320 1406 1348 Cor.
1417 1321 1427 1347 i
1437 1321 1459 1347 l.
1468 1321 1495 1347 2.
1505 1320 1531 1355 5)
1545 1330 1551 1348 ;
1564 1329 1612 1348 ttcc
1623 1321 1698 1352 dixit.
1713 1322 1738 1350 id
1747 1323 1839 1350 diabo-

1051 1364 1106 1391 lum
1116 1365 1219 1393 fecisse.
1230 1365 1328 1393 Fidelis
1338 1366 1532 1401 Scripturarum
1544 1371 1632 1394 custos
1644 1373 1710 1401 erat,
1722 1369 1840 1403 Scriptu~

1051 1417 1140 1438 rarum
1162 1411 1292 1444 minister,
1308 1411 1504 1446 Scripturarum
1527 1411 1630 1445 doctor,
1643 1413 1838 1448 Scripturarunt

1050 1456 1191 1490 interpres.
1201 1457 1289 1483 Noluit
1303 1457 1400 1483 dictum
1413 1458 1527 1490 solvere,
1545 1466 1577 1485 tte
1588 1458 1782 1493 Scripturarum
1796 1468 1840 1486 nr-

1049 1502 1139 1528 dinem
1162 1502 1292 1534 solveret;
1315 1502 1361 1529 sed
1386 1504 1516 1530 sententia
1540 1504 1618 1530 solvit
1641 1505 1837 1539 quaestionem:

1051 1546 1146 1579 Timeo,
1160 1549 1253 1582 inquit,
1269 1556 1299 1574 ne
1312 1549 1375 1574 sicut
1388 1557 1489 1582 serpens
1504 1548 1582 1575 Euam
1594 1549 1692 1576 seduxit
1705 1550 1732 1576 in
1747 1552 1839 1577 astutia

1048 1601 1105 1625 sua,
1114 1594 1150 1620 sic
1158 1599 1352 1628 corrumpantur
1360 1603 1444 1620 sensus
1451 1595 1535 1621 vestri.
1546 1594 1590 1622 Sic
1600 1603 1609 1628 ;
1617 1596 1767 1630 quomodo?
1776 1605 1838 1624 nunt

1049 1639 1182 1666 metuebat
1191 1639 1299 1670 Paulus,
1312 1647 1345 1666 ne
1357 1647 1461 1666 rutsum
1472 1647 1582 1674 serpens
1593 1641 1705 1674 veniret,
1717 1649 1747 1669 ac
1758 1650 1838 1677 quos-

1049 1685 1108 1713 dam
1120 1685 1414 1719 seducet‘et?At,Novi,
1424 1685 1523 1721 inquit,
1534 1687 1605 1714 illum
1619 1692 1770 1722 serpentem
1785 1697 1837 1716 non

1048 1739 1185 1766 apparere,
1196 1731 1242 1759 sed
1253 1736 1362 1766 apparet
1373 1732 1395 1758 is
1405 1733 1448 1766 qui
1459 1732 1484 1759 in
1497 1732 1543 1759 illo
1551 1737 1675 1767 operatus
1685 1738 1735 1761 est.
1751 1734 1837 1762 Carte-

1049 1785 1106 1804 ruttt
1117 1777 1223 1810 Paulus,
1232 1783 1259 1805 ut
1268 1777 1352 1805 ﬁdelis
1363 1777 1492 1810 minister,
1505 1784 1530 1805 et
1542 1785 1675 1806 sacrarunt
1686 1779 1836 1814 Scriptura-

1048 1832 1107 1851 rum
1118 1829 1217 1856 custos,
1227 1823 1325 1851 dictum
1338 1830 1389 1851 nou
1403 1824 1520 1856 invertit,
1532 1824 1578 1851 sed
1597 1825 1754 1852 setttcntiatn
1767 1826 1836 1852 indi-

1048 1870 1133 1897 cavit:
1146 1870 1202 1904 ipse
1213 1878 1275 1896 Vero
1288 1874 1415 1900 veterum,
1428 1874 1566 1900 novorum,
1579 1869 1779 1905 futurorumque
1791 1871 1838 1897 lto-

1049 1915 1147 1948 mittus,
1157 1915 1330 1950 quaestionem
1341 1915 1439 1949 liquido
1447 1915 1534 1947 solvit,
1549 1915 1651 1949 nequis
1663 1922 1798 1950 peccatunt
1811 1917 1836 1943 itt

1048 1965 1198 1995 serpentem
1210 1959 1317 1998 referat,
1328 1959 1374 1987 sed
1383 1960 1407 1986 in
1417 1967 1476 1986 eutn
1488 1960 1532 1994 qui
1545 1960 1569 1986 itt
1582 1960 1639 1994 ipso
1650 1965 1775 1998 operatus
1785 1967 1834 1988 est.

1048 2007 1093 2033 Ait
1112 2006 1201 2040 itaque
1219 2006 1342 2032 Christus
1362 2005 1460 2032 Iudicis
1475 2013 1534 2032 cum
1554 2005 1673 2032 dicerent
1686 1997 1794 2039 ei:Nos
1807 2015 1838 2033 ea:

1048 2051 1101 2078 Deo
1116 2059 1201 2078 sumus
1218 2051 1267 2077 :Si
1278 2058 1309 2077 ex
1330 2050 1382 2076 Deo
1396 2051 1489 2082 essetis,
1506 2049 1553 2077 Dei
1566 2050 1649 2085 utique
1665 2059 1740 2085 opera
1753 2060 1783 2077 ac
1796 2060 1837 2078 l'0-

1048 2098 1168 2124 luutatem
1177 2097 1230 2131 ejus
1243 2096 1367 2131 faceretis.
1377 2095 1451 2122 Nunc
1465 2104 1521 2122 vero
1529 2103 1560 2122 ea:
1572 2101 1643 2130 patre
1650 2101 1729 2123 vestro
1739 2096 1838 2124 diabolo

1048 2144 1117 2170 estis.
1130 2143 1200 2169 Dixit
1223 2141 1368 2173 diabolum,
1385 2146 1412 2169 et
1437 2142 1526 2168 statim
1552 2141 1689 2168 historiam
1715 2142 1836 2169 inducit:

1048 2187 1111 2220 Ille,
1125 2188 1218 2223 inquit,
1232 2188 1356 2214 homicida
1369 2192 1422 2213 erat
1435 2188 1465 2213 ab
1487 2187 1568 2213 initio.
1586 2188 1684 2214 Servus
1697 2192 1726 2214 ut
1744 2195 1838 2215 servits

1049 2235 1235 2269 interpretatus
1246 2238 1300 2266 cst;
1319 2233 1444 2260 Dominus
1453 2238 1539 2259 autem
1551 2239 1578 2260 ut
1592 2233 1716 2260 Dominus
1730 2235 1817 2261 docuit
1829 2243 1835 2261 :

1049 2281 1165 2309 ostendit
1183 2290 1243 2308 etnn
1257 2281 1300 2316 qui
1322 2281 1450 2307 Adamum
1465 2279 1608 2307 occiderat.
1623 2279 1680 2306 Non
1699 2279 1768 2306 dixit
1782 2285 1839 2306 tau-

1050 2335 1105 2356 tum
1127 2328 1334 2360 interfectorem,
1347 2328 1393 2355 sed
1417 2326 1585 2354 homicidam.
1602 2326 1658 2354 Non
1671 2327 1741 2353 enim
1758 2335 1839 2354 ttttum

1049 2379 1150 2402 tantum
1175 2374 1290 2405 occidit,
1305 2373 1351 2400 sed
1364 2381 1409 2407 per
1429 2372 1500 2398 illum
1516 2378 1608 2398 omnes
1624 2371 1752 2398 homines.
1768 2371 1800 2397 Et
1814 2372 1839 2398 in

1049 2422 1160 2450 veritate,
1183 2420 1276 2454 inquit,
1290 2428 1338 2445 non
1349 2418 1414 2445 stetit
1426 2426 1434 2443 :
1448 2418 1506 2454 quia
1522 2417 1629 2443 mendax
1643 2423 1679 2443 est
1694 2417 1702 2452 (
1717 2416 1795 2444 Joan.
1811 2418 1838 2444 8.

1049 2468 1093 2494 tt.
1110 2467 1154 2494 te.
1168 2466 1224 2501 tt).

1086 2513 1112 2540 5.
1134 2513 1244 2547 Serpens
1258 2511 1388 2537 mulierem
1401 2509 1531 2544 alloquens
1544 2509 1660 2535 mentitus
1671 2512 1715 2535 est.
1727 2523 1762 2528 —
1773 2507 1839 2534 Vide

1051 2559 1184 2594 quomodo
1207 2559 1393 2591 interpretatus
1412 2561 1453 2581 est
1474 2560 1500 2582 et
1522 2554 1592 2589 quod
1616 2554 1650 2581 sit
1670 2554 1802 2586 diabolus,
1815 2559 1842 2580 et

1051 2605 1120 2640 qttod
1133 2605 1167 2632 sit
1187 2603 1307 2631 mendax.
1329 2601 1469 2635 Quomodo
1485 2601 1609 2628 mentitus
1623 2600 1682 2628 est?
1708 2600 1778 2627 Dixit
1789 2608 1842 2626 scr-

1051 2659 1112 2687 pens
1131 2650 1229 2676 mulieri
1246 2648 1317 2675 :Cur
1339 2647 1455 2682 prmeepit
1476 2646 1544 2673 vobis
1565 2646 1644 2678 Deus,
1671 2651 1760 2672 utnon
1774 2653 1842 2672 eom-

1052 2697 1151 2724 ederitis
1167 2696 1198 2722 de
1211 2694 1279 2722 omni
1297 2694 1365 2729 ligno
1377 2692 1450 2729 (lien.
1464 2693 1489 2720 '5.
1510 2693 1551 2727 i)?
1563 2692 1657 2719 Vidisti
1669 2692 1841 2719 mendacem?

1053 2743 1161 2770 Dixerat
1183 2742 1252 2769 Deus
1266 2749 1273 2767 :
1291 2741 1328 2767 De
1349 2739 1420 2767 ontni
1441 2739 1512 2774 ligno
1525 2738 1666 2771 comedite,
1681 2738 1714 2765 de
1728 2745 1780 2764 uno
1792 2745 1841 2762 au-

1053 2795 1105 2817 tettt
1120 2797 1152 2816 tte
1166 2787 1328 2819 comedatis;
1355 2786 1470 2813 mendax
1492 2785 1536 2812 ille
1548 2786 1585 2811 ait
1599 2793 1606 2810 :
1620 2785 1673 2812 Cur
1688 2783 1752 2811 dixit
1766 2782 1841 2808 vobis

1053 2839 1134 2871 Dens,
1149 2842 1178 2864 ιη
1193 2836 1226 2863 de
1239 2834 1310 2862 omni
1326 2833 1397 2868 ligno
1409 2839 1442 2860 ne
1455 2830 1621 2862 eomedatis?
1641 2829 1698 2858 Non
1718 2827 1843 2855 mentitur
