2047 3122
205 103 256 130 487

203 162 302 189 t.ltristi
323 169 374 188 vox
387 171 392 188 :
416 161 465 188 Ille
479 161 589 188 mendax
601 165 646 187 ast.
664 160 787 188 Mentitus
801 164 841 187 est
856 164 955 192 autem,
973 165 998 186 et

203 207 309 242 quidem
324 208 449 242 graviter.
465 207 532 234 Cum
545 208 605 242 quis
620 207 690 234 enim
703 207 795 233 dolose
810 206 908 240 aliquid
923 207 997 232 moli-

205 259 257 284 tur,
281 259 327 280 aut
349 254 534 280 necessitatem
557 253 674 285 sitnulat,
697 257 741 280 aut
760 253 947 287 ignorantiam,
969 256 997 279 ut

203 307 256 326 non
281 304 431 335 suspectam
456 299 562 326 inducat
585 299 758 333 pravitatem;
782 306 813 325 ac
833 298 855 325 si
878 298 993 330 diceret,

202 346 258 373 Non
276 347 348 379 novi,
369 346 448 373 nulla:
469 349 531 373 sunt
544 345 661 372 insidim:
684 344 795 379 simplici
817 343 907 370 animo
922 343 992 376 veni,

202 392 266 419 nihil
286 392 351 418 scio.
377 390 471 418 Nonne
493 383 749 417 multorum'talium
773 388 871 416 fecistis
892 389 994 423 pericu-

200 440 254 466 lum
264 438 275 465 ?
287 446 320 466 an
336 438 487 473 ignoramus
497 435 559 463 dolo
571 436 699 464 utentium
715 436 814 470 opera?
832 443 920 462 nonne
932 435 992 462 talia

199 488 341 515 consuunt,
357 488 385 511 et
400 482 575 518 ignorantiam
591 482 755 517 praetexunt?
768 481 811 509 Sic
821 485 848 509 et
859 481 988 508 diabolus.

199 530 262 561 Cur,
278 530 372 564 inquit,
384 529 450 556 dixit
459 529 535 556 vobis
547 528 636 555 Deus?
646 527 712 555 Male
720 532 747 555 et
761 534 884 562 perverse
892 527 988 559 audivi,

199 581 225 602 ut
240 583 292 602 non
307 574 483 602 conlcderetis
498 573 531 600 de
546 573 618 600 omni
644 573 724 608 ligno.
749 572 910 599 Evistimans
929 580 989 599 mu-

198 621 248 648 licr
263 620 287 647 id
302 619 478 655 ignorantiam
492 626 563 651 esse,
575 625 725 646 sermonem
740 618 856 652 corrigit.
869 617 926 645 Non
942 618 987 650 ita,

198 666 301 700 inquit,
326 665 451 699 loquutus
472 668 535 691 est:
551 671 603 691 non
619 663 685 690 dixit
706 663 785 695 Deus,
801 667 894 690 utnon
916 670 989 690 com-

196 713 337 739 ederemus
347 711 380 738 de
394 710 465 738 omni
475 711 560 746 ligno;
571 709 618 737 sed
628 709 661 737 de
673 709 745 737 otnni
759 709 988 744 permisit,ahuno

195 758 348 789 interdixit;
373 756 439 784 dixit
460 757 531 784 cnim
553 756 630 784 nobis
648 765 654 783 :
670 755 708 783 Ne
723 755 878 784 comedatis.
891 760 918 782 ut
934 762 986 782 non

196 803 356 832 tnoriamini.
371 804 450 830 Visus
463 807 504 830 est
516 802 606 830 dicere
620 801 690 837 quod
707 801 842 828 nesciebat
855 809 862 827 ε
873 801 927 834 jam
942 807 986 826 su-

193 850 276 886 spicio
291 857 344 877 non
366 853 433 881 erat,
447 848 518 883 quod
543 848 729 877 insidiaretur;
754 846 843 881 aitque
857 846 893 873 illi
911 855 916 872 :
933 844 985 872 Ne—

193 903 318 930 quaquam
331 899 411 921 morte
430 893 571 921 moriemini
586 891 661 928 (Gen.
676 892 702 919 5.
714 890 752 927 4).
769 891 809 918 En
824 890 894 917 aliud
909 898 984 918 men-

194 941 310 969 dacium.
332 940 386 968 Deo
402 947 515 974 namque
529 939 644 971 dicente,
659 937 691 964 In
704 945 857 973 quacumque
867 936 908 963 die
918 944 985 962 com-

193 987 305 1019 ederitis,
316 991 396 1013 morte
405 985 548 1012 moriemini
551 1006 557 1016 ,
570 984 607 1011 ait
617 983 750 1011 diabolus:
760 982 924 1017 Nequaquam
931 990 984 1008 mo-

192 1034 309 1065 ricmt'm';
321 1033 416 1061 iterum
432 1032 560 1060 mentitus
571 1036 620 1058 est.
639 1030 741 1057 Sciebat
756 1029 821 1056 enim
834 1029 911 1060 Deus,
925 1028 983 1062 quia

191 1089 240 1115 qua
254 1080 294 1107 die
304 1079 473 1111 comederitis,
487 1078 556 1106 eritis
567 1078 630 1104 sicut
641 1077 686 1103 dii.
699 1076 738 1103 En
754 1075 860 1103 tertium
873 1074 983 1102 menda-

191 1127 274 1154 cium.
288 1125 355 1153 \"ide
367 1124 487 1152 dolosam
505 1123 604 1152 diaboli
618 1122 772 1157 nequitiam.
788 1121 846 1148 .lam
869 1127 982 1156 prtemc-

191 1171 291 1198 ditatur
303 1177 422 1198 errorem
437 1169 535 1196 mundo
548 1168 732 1196 dissemiuare.
746 1167 777 1194 Et
790 1166 850 1201 quia
862 1166 980 1198 molitur,

192 1221 221 1244 ut
234 1216 302 1249 dixi,
326 1216 415 1250 plures
438 1215 503 1242 deos
524 1214 549 1241 in
571 1213 637 1241 orbe
660 1213 787 1244 excitare,
811 1215 981 1239 antevertens

191 1262 303 1298 quadam
324 1261 483 1290 narrationis
505 1260 604 1296 specie,
616 1259 731 1294 plurium
751 1258 863 1287 deorum
875 1258 981 1292 opinio-

191 1317 252 1336 nem
267 1309 292 1336 in
306 1309 414 1336 auribus
429 1307 548 1336 mulieris
563 1306 685 1334 inseruit.
700 1305 745 1333 Sic
757 1310 829 1332 certe
843 1304 905 1331 mali
917 1304 980 1330 arti-

191 1356 232 1382 fex
247 1355 359 1390 plurium
369 1354 479 1382 deorum
491 1353 675 1388 cogitationem
692 1351 765 1387 prius
777 1351 878 1378 invexit
890 1359 896 1377 :
910 1350 980 1377 Dens

190 1409 254 1429 vero
268 1401 432 1436 prmscicntia
447 1408 494 1427 sua
507 1399 532 1427 id
546 1399 657 1431 curavit,
681 1403 710 1426 ut
723 1397 825 1425 futurus
838 1405 913 1425 error
926 1404 978 1424 non

190 1447 306 1474 humano
319 1440 367 1474 ore
386 1446 560 1481 proferretur,
576 1452 610 1473 ne
622 1444 707 1480 prima
722 1444 834 1479 loquela!
856 1442 979 1470 humana:

189 1501 240 1521 vox
259 1493 325 1520 deos
345 1497 578 1524 commemoraret,
594 1491 641 1518 sed
660 1498 710 1517 vox
727 1492 811 1525 prima
835 1489 978 1524 serpentis,

189 1544 217 1566 ut
231 1547 262 1567 os
271 1546 350 1566 omne
362 1538 396 1566 de
409 1538 486 1566 idolis
499 1537 609 1573 loquens
620 1537 656 1564 illi
669 1536 756 1564 simile
766 1540 846 1563 esset.
857 1534 918 1563 Seio
931 1542 978 1562 vos

189 1585 250 1613 huic
261 1585 318 1613 voci
335 1591 454 1619 parcere,
469 1587 497 1611 et
508 1588 627 1611 sanctam
651 1583 847 1617 Scripturarum
861 1585 977 1608 mentem

187 1632 317 1666 arripere.
342 1630 426 1658 Ncmo
442 1630 520 1665 igitur
540 1630 614 1657 vocis
634 1636 757 1664 pompam
771 1627 905 1660 attendat;
929 1627 976 1654 sed

187 1677 379 1705 sententiarum
391 1676 526 1704 virtutem.

222 1723 290 1751 Deus
303 1732 353 1750 non
366 1723 491 1759 prohibuit
504 1723 632 1750 scientiam
644 1721 703 1749 boni
712 1731 721 1755 ;
730 1721 811 1748 Adam
822 1725 880 1748 ante
893 1728 977 1756 pecca-

186 1775 239 1796 tum
252 1770 382 1797 scientiam
396 1769 454 1797 boni
469 1769 583 1796 habebat.
597 1784 633 1790 --
644 1769 744 1796 Sciebat
761 1770 827 1795 enim
842 1767 920 1801 Deus,
936 1769 976 1795 in-

185 1816 242 1850 quit
251 1835 259 1847 ,
272 1815 340 1851 quod
350 1823 506 1850 quacumque
519 1816 559 1842 die
573 1815 746 1847 tomederitis,
757 1815 827 1842 eritis
845 1814 908 1841 sicut
920 1814 974 1846 dii,

186 1863 291 1889 scientes
312 1861 404 1888 bonum
423 1867 447 1888 et
461 1861 568 1888 malum.
589 1861 671 1888 Aiunt
687 1861 771 1893 multi,
791 1861 976 1896 przecipueque

185 1908 214 1938 ii,
229 1907 274 1943 qui
289 1907 343 1934 Deo
354 1906 488 1934 inimicum
502 1906 676 1942 Porphyrium
693 1899 850 1940 sequuntur,
865 1905 911 1940 qui
924 1905 974 1932 ad-

187 1961 280 1981 versus
293 1951 459 1980 Christianos
483 1953 606 1988 scripsit,
624 1952 774 1987 multosque
789 1959 804 1978 a
821 1951 908 1979 divina
922 1951 974 1980 lide

187 1999 294 2027 abduxit
308 2007 316 2032 ;
332 1999 415 2032 aiunt,
430 1999 538 2035 inquam
553 2008 559 2026 :
574 2000 626 2027 Cur
642 1999 712 2026 Deus
722 1999 859 2030 scientiam
873 1999 934 2027 boni
947 2004 975 2027 et

184 2047 246 2074 mali
260 2046 394 2081 prohibuit
406 2046 418 2073 ’ἓ
432 2045 508 2079 Esto,
524 2046 623 2073 malum
635 2045 798 2081 prohibuerit
812 2054 819 2077 ;
835 2053 883 2074 cur
892 2045 972 2072 etiam

185 2094 283 2120 bonum
292 2093 304 2120 ἳ
313 2093 378 2120 Cum
392 2092 428 2120 ait
439 2093 510 2120 enim
526 2100 533 2120 :
549 2092 588 2119 De
602 2092 670 2128 ligno
682 2091 793 2119 scientia:
804 2091 862 2119 boni
877 2097 899 2119 et
913 2091 974 2118 mali

184 2147 215 2166 ne
236 2137 372 2166 comedam
383 2158 391 2171 ,
404 2137 543 2173 prohibet,
555 2138 628 2165 aiunt
640 2158 648 2171 ,
664 2145 698 2165 ne
712 2137 780 2165 sciat
794 2137 891 2164 malum
905 2146 911 2164 :
926 2145 973 2164 cur

183 2185 263 2212 etiam
277 2184 376 2212 bonum
392 2183 404 2210 ?
425 2183 538 2219 Semper
554 2184 654 2211 malitia
672 2189 765 2212 contra
787 2184 902 2219 seipsam
915 2192 971 2211 ma-

182 2230 314 2262 chinatur,
329 2230 408 2265 inque
418 2229 532 2264 seipsam
548 2230 703 2257 occasiones
719 2230 829 2264 pra‘bet.
843 2230 900 2257 Non
912 2237 973 2265 pro—

182 2277 268 2304 hibuit
291 2276 363 2304 Deus
389 2276 529 2303 scientiam
552 2275 634 2311 boni:
663 2275 736 2302 illam
761 2275 858 2311 quippe
879 2275 972 2303 habuit

181 2322 278 2352 Adam.
294 2321 373 2349 etiam
389 2325 529 2356 antequam
546 2320 708 2348 comederct.
731 2319 787 2347 Nisi
806 2320 878 2348 enim
900 2321 970 2348 illam

180 2373 241 2395 ante
251 2367 394 2399 habuisset,
403 2367 537 2401 quomodo
547 2366 714 2401 cognovisset.
722 2374 831 2394 uxorem
842 2366 973 2402 ?quomo-

180 2413 215 2440 do
224 2413 257 2441 de
267 2413 325 2448 ejus
333 2419 426 2440 natura
435 2413 557 2444 dixisset,
568 2412 605 2440 οε
612 2420 643 2439 ex
652 2413 749 2439 ossibus
757 2413 827 2445 meis,
837 2418 860 2439 et
874 2421 932 2439 raro
942 2413 973 2439 de

180 2467 256 2486 rarne
268 2459 343 2486 mea?
357 2458 491 2494 quomodo
505 2458 590 2486 futura
600 2459 757 2485 vaticinatus
767 2463 846 2490 esset,
859 2458 920 2486 Ila-c
930 2468 972 2486 no-

179 2506 277 2532 cabitar
291 2506 390 2538 mulier,
405 2506 465 2539 quia
476 2506 508 2532 de
530 2506 583 2532 viro
604 2510 705 2540 sumpta
727 2510 771 2532 est.
796 2505 904 2541 Propter
924 2506 971 2532 hoc

178 2551 300 2585 relinquet
323 2551 397 2577 Immo
422 2556 519 2586 patrem
541 2555 563 2578 et
593 2556 697 2577 matrem
711 2551 721 2584 (
735 2550 800 2578 Gen.
813 2551 839 2577 2.
855 2551 969 2587 25.24),

179 2596 253 2623 etc.?
270 2600 341 2622 tanta
362 2596 481 2627 sciebat,
502 2601 529 2624 et
548 2596 644 2624 bonum
669 2604 720 2624 non
741 2596 969 2624 noverat?Deum

179 2647 306 2675 noverat,
322 2651 381 2677 qna-
395 2647 456 2670 sunt
472 2643 517 2671 Dei
532 2643 671 2675 servabat,
686 2643 824 2671 scientiam
842 2643 966 2674 habebat.

179 2693 216 2715 tot
230 2689 336 2716 nomina
350 2689 475 2723 imposuit
491 2697 498 2721 ;
521 2688 654 2724 quomodo
673 2689 811 2716 scientiam
836 2689 896 2716 boni
915 2696 967 2715 non

179 2733 319 2761 habuerit?
334 2734 401 2768 Quid
420 2742 484 2769 ergo
499 2734 561 2762 illud
585 2733 643 2761 est?
668 2734 725 2761 Non
751 2734 874 2768 prohibet
899 2734 969 2761 Deus

177 2779 316 2807 scientiam
341 2780 415 2812 boni,
430 2781 477 2808 sed
496 2781 549 2807 vult
564 2787 624 2808 cum
639 2780 699 2807 boni
716 2780 824 2807 scientia
843 2787 894 2807 non
908 2788 968 2808 esse

178 2825 314 2853 scientiam
335 2827 408 2854 mali.
432 2825 575 2860 ltnpietatis
596 2826 729 2860 sophisma
745 2826 818 2852 solvo
838 2833 868 2852 ex
890 2825 965 2854 Scri-

912 102 1092 131 SEVERIANI

1789 115 1840 144 488

1057 162 1153 195 pluris.
1169 163 1209 190 Ait
1220 164 1330 192 Paulus:
1345 165 1404 192 Non
1414 167 1513 200 potestis
1521 168 1621 194 calicem
1634 169 1734 196 Domini
1748 172 1839 205 bibere,

1052 211 1075 232 ειι
1097 207 1200 234 calicem
1219 209 1401 237 damoniorum
1422 212 1459 242 (Ι.
1473 211 1531 239 Cor.
1544 213 1652 248 10.2”.
1667 215 1724 241 Non
1746 218 1839 245 ambos

1051 253 1196 286 prohibuit,
1210 255 1257 281 sed
1278 263 1338 282 eum
1352 257 1396 291 qui
1409 262 1517 284 sanctus
1531 263 1602 286 esset
1614 261 1795 294 sanctilicavit,
1811 268 1839 290 et

1049 299 1181 333 impurum
1194 306 1273 336 atque
1287 302 1424 336 profanum
1437 304 1544 339 abjecit.
1564 304 1599 331 ita
1623 313 1729 341 quoque
1744 307 1837 335 Serva-

1048 349 1102 372 tot‘:
1115 345 1174 373 Non
1182 348 1284 381 potestis
1296 348 1349 376 Deo
1357 350 1448 377 servire
1455 355 1477 377 et
1486 360 1610 379 mamonae
1618 353 1726 388 (Matth.
1739 353 1766 382 6.
1777 355 1834 391 24);

1046 398 1141 426 nempe
1152 392 1246 420 eodem
1257 397 1376 429 tempore
1392 395 1446 422 Deo
1454 396 1604 425 ctdmmoni
1624 399 1724 427 servire
1737 400 1836 435 impos-

1045 436 1122 464 sibile
1135 442 1185 464 est.
1200 438 1244 465 Sic
1265 439 1334 466 Dens
1348 440 1410 467 mali
1424 441 1601 476 cognitionem
1615 444 1716 471 assumi
1733 447 1833 479 vetuit,

1044 490 1078 510 ne
1098 491 1158 511 cum
1182 483 1242 511 boni
1261 485 1373 514 scientia
1392 488 1455 514 mali
1477 489 1593 523 cognitio
1606 489 1807 519 admisceretur.

1077 529 1105 555 4.
1121 528 1173 556 Cur
1188 529 1283 565 lignum
1302 531 1412 559 scientia:
1423 533 1481 560 boni
1497 538 1521 560 et
1537 535 1600 561 mali
1615 536 1651 562 sic
1674 536 1766 563 dictum
1786 543 1830 564 est.

1042 588 1076 593 -—
1088 573 1136 601 Hie
1147 575 1201 609 jam
1215 576 1331 603 animout
1343 577 1526 606 adhibeamus.
1543 580 1597 607 Cur
1610 581 1716 608 tandem
1733 582 1832 616 lignum

1043 619 1160 647 scientia:
1184 620 1245 648 boni
1269 627 1296 649 et
1319 623 1379 650 mali
1400 624 1561 658 appellatum
1585 626 1653 653 est?
1673 627 1730 654 Non
1753 629 1831 655 talem

1042 669 1161 692 naturam
1180 666 1280 700 habuit,
1294 668 1340 695 sed
1355 669 1407 696 tale
1421 675 1606 705 argumentum
1618 673 1696 707 tulit,
1710 673 1830 709 Scriptu-

1040 718 1129 738 rarum
1147 713 1333 747 proprietatem
1347 715 1416 742 dico.
1432 717 1551 752 Exempli
1564 725 1642 746 causa
1659 728 1664 746 :
1682 719 1742 748 fons
1755 721 1828 755 quis-

1040 757 1110 790 piam
1136 757 1161 783 in
1183 759 1290 787 deserto
1311 765 1419 788 vocatus
1441 767 1481 789 est
1499 771 1565 797 aqua
1589 765 1827 794 eoutradictiouis:

1040 801 1149 830 Probavi
1164 808 1187 830 te
1200 805 1270 839 apud
1284 814 1374 840 aquam
1386 808 1592 836 contradictioni:
1606 813 1614 845 (
1629 810 1702 838 Psol.
1717 811 1762 839 80.
1777 812 1826 847 8).

1039 848 1145 884 Ergone
1159 850 1309 884 hujusmodi
1325 857 1419 880 natura
1432 862 1507 889 aqua:
1520 861 1577 882 erat
1589 877 1596 888 ,
1613 861 1641 883 ut
1654 858 1779 893 populum
1794 858 1828 886 ad

1037 895 1274 923 contradictionem
1288 898 1417 926 excitaret
1431 899 1442 925 ξ’
1456 907 1504 926 cur
1518 908 1582 935 ergo
1596 901 1701 937 Moyses
1716 904 1758 930 illa
1778 911 1827 938 po-

1037 944 1116 972 tatus,
1141 941 1196 968 Deo
1220 949 1272 970 non
1293 944 1480 972 contradixit?
1501 947 1579 975 Certe
1597 953 1689 976 vorata
1704 955 1744 977 est
1758 957 1825 984 aqua

1036 988 1264 1020 contradictionis,
1289 997 1342 1016 non
1369 991 1438 1024 quod
1464 991 1543 1019 talem
1567 993 1677 1022 haberet
1691 999 1824 1027 naturam,

1035 1031 1081 1058 sed
1096 1033 1236 1061 occasione
1251 1034 1286 1061 rei
1303 1043 1361 1069 qua:
1377 1035 1402 1062 in
1420 1036 1465 1063 illa
1479 1038 1584 1065 accidit.
1601 1039 1667 1073 Quia
1681 1041 1751 1067 enim
1772 1040 1825 1067 illic

1034 1078 1194 1106 contradixit
1207 1080 1328 1114 populus,
1340 1081 1398 1109 ideo
1411 1088 1502 1110 vocata
1511 1089 1551 1112 est
1562 1093 1629 1120 aqua
1637 1086 1825 1114 contradictio-

1034 1125 1084 1152 nis.
1107 1125 1208 1154 Rursus
1225 1127 1291 1154 vidit
1311 1127 1393 1156 Jacob
1408 1129 1491 1157 Deum
1505 1151 1513 1163 ,
1529 1135 1558 1158 ut
1576 1132 1655 1159 homo
1669 1137 1773 1168 poterat
1787 1133 1825 1159 vi-

1033 1171 1108 1204 dere,
1120 1177 1147 1199 et
1159 1174 1263 1200 vocavit
1276 1181 1373 1202 nomen
1389 1175 1440 1203 loci
1455 1176 1557 1210 Species
1568 1177 1616 1205 Dei
1623 1178 1698 1214 (Gen.
1710 1179 1754 1207 5‘2.
1764 1178 1823 1216 50).

1033 1217 1118 1245 Locus
1128 1218 1243 1252 speciem
1263 1224 1310 1247 aut
1330 1219 1442 1248 formam
1466 1221 1590 1262 Dei_non
1615 1224 1726 1254 habebat
1743 1235 1751 1259 ς
1777 1228 1822 1255 sed

1032 1263 1092 1298 quia
1108 1264 1174 1291 visio
1191 1264 1226 1292 ibi
1245 1265 1356 1301 contigit
1376 1266 1446 1300 ipsi,
1465 1275 1498 1295 ex
1518 1276 1548 1295 re
1569 1269 1655 1298 locum
1669 1274 1821 1307 appellavit.

1032 1309 1108 1356 Alitis
1124 1309 1197 1337 locus
1210 1315 1319 1338 vocatus
1329 1316 1369 1338 est
1383 1311 1441 1339 Pas:
1451 1311 1511 1339 Dei.
1526 1314 1636 1347 Quando
1646 1316 1763 1347 Gededni
1774 1328 1822 1356 ap-

1033 1355 1120 1388 paruit
1131 1356 1240 1390 angelus
1257 1356 1314 1390 Dei,
1329 1364 1359 1384 ac
1370 1363 1441 1385 metu
1454 1360 1590 1393 perculsus
1600 1361 1644 1390 ille
1653 1363 1737 1392 dixit:
1749 1355 1822 1394 «lien

1032 1407 1084 1446 me,
1099 1401 1197 1428 moriar
1211 1409 1218 1427 :
1231 1401 1283 1428 vidi
1297 1402 1368 1429 enim
1381 1404 1503 1438 angelum
1519 1405 1575 1433 Dei.
1591 1407 1635 1434 Ait
1648 1408 1686 1436 illi
1701 1412 1820 1446 angelus:

1031 1444 1086 1472 Pax
1102 1446 1159 1479 tibi,
1176 1454 1209 1474 ne
1223 1447 1327 1475 timeas.
1344 1448 1378 1476 Et
1390 1449 1540 1484 aedificavit,
1557 1461 1566 1476 ι
1580 1452 1674 1488 inquit,
1689 1463 1698 1481 ι
1712 1444 1820 1485 Gedeou

1030 1491 1124 1538 altare,
1140 1498 1168 1520 et
1181 1495 1284 1522 vocavit
1299 1494 1384 1529 ipsum
1398 1495 1451 1523 Pax
1468 1496 1513 1524 Dei
1532 1507 1540 1524 ι
1555 1498 1659 1533 (ludia.
1673 1501 1700 1528 6.
1714 1502 1820 1538 22-24).

1030 1537 1257 1571 Quemadmodum
1273 1547 1336 1575 ergo
1355 1548 1411 1574 ara,
1433 1542 1489 1569 sive
1501 1543 1585 1571 altare
1601 1552 1690 1579 pacem
1705 1555 1756 1575 non
1772 1537 1820 1576 ha-

1030 1584 1096 1618 buit,
1122 1585 1169 1613 sed
1195 1586 1267 1613 inita:
1291 1590 1318 1614 et
1339 1587 1408 1614 datm
1429 1588 1500 1622 pacis
1524 1591 1673 1625 symbolum
1690 1598 1747 1621 erat
1762 1602 1770 1626 ;
1788 1603 1820 1623 ac

1029 1631 1252 1665 quemadmodum
1279 1640 1347 1667 aqua
1371 1634 1607 1663 contradictionem
1632 1645 1684 1664 non
1712 1638 1817 1671 habuit,

1028 1677 1075 1704 sed
1089 1684 1121 1705 ex
1132 1685 1175 1709 eo,
1190 1678 1260 1713 quod
1274 1679 1309 1706 ibi
1325 1685 1461 1712 evenerat,
1473 1681 1512 1708 sic
1521 1682 1651 1716 appellata
1665 1689 1705 1711 est
1718 1694 1726 1712 :
1743 1685 1777 1713 ita
1792 1691 1819 1714 et

1029 1722 1128 1757 lignum
1143 1731 1195 1750 non
1208 1724 1347 1751 scientiam
1364 1724 1472 1757 habuit,
1487 1727 1533 1753 sed
1547 1728 1608 1762 quia
1622 1730 1742 1765 quisquis
1754 1739 1818 1767 pec-

1028 1773 1080 1801 cat,
1096 1769 1121 1796 in
1137 1770 1257 1797 notitiam
1271 1771 1371 1804 peccati
1393 1771 1473 1799 venit.
1489 1772 1516 1800 ld
1531 1774 1601 1808 quod
1617 1775 1712 1803 iterum
1726 1785 1814 1805 exem-

1029 1814 1071 1848 plo
1084 1815 1214 1843 confirmo
1230 1823 1236 1841 :
1258 1816 1391 1844 interdum
1414 1825 1461 1853 per
1481 1819 1538 1846 loca
1557 1820 1702 1849 latrociniis
1722 1823 1816 1851 infesta

1029 1861 1193 1892 transimus;
1219 1861 1245 1888 in
1268 1869 1396 1897 moreque
1417 1868 1458 1891 est
1479 1864 1570 1893 dicere
1587 1875 1593 1892 :
1610 1866 1672 1894 Haec
1689 1867 1746 1895 loca
1765 1875 1817 1896 trc-

1027 1905 1122 1933 menda
1137 1911 1210 1934 sunt.
1223 1907 1263 1934 An
1276 1907 1351 1935 locus
1365 1908 1422 1944 ipse
1437 1908 1606 1938 formidinem
1621 1911 1719 1940 habet?
1729 1921 1816 1940 nonne

1028 1952 1113 1986 potius
1128 1951 1184 1979 hmc
1202 1952 1327 1981 dicuntur
1344 1953 1475 1982 latronum
1495 1955 1528 1982 ibi
1544 1957 1704 1984 versantium
1719 1959 1816 1986 causa?

1026 1997 1069 2024 Sic
1086 1997 1167 2024 arbor
1183 1998 1227 2024 illa
1242 2005 1293 2025 non
1308 1999 1473 2027 mortiferam
1488 2001 1626 2029 scientiam
1641 2002 1734 2030 habuit
1746 2024 1753 2036 ,
1768 2004 1815 2031 sed

1026 2043 1060 2069 ob
1074 2043 1190 2070 habitam
1205 2044 1258 2072 illic
1268 2045 1338 2072 circa
1348 2045 1477 2073 Adamum
1492 2036 1814 2082 tra§mdiam,hmcottse-

1026 2094 1105 2124 quota
1121 2097 1217 2117 nomen
1233 2095 1284 2117 est.
1295 2090 1363 2118 Rem
1376 2095 1465 2119 autem
1481 2093 1557 2119 solvo
1570 2101 1576 2119 :
1592 2101 1677 2128 neque
1690 2095 1761 2122 enim
1774 2094 1814 2122 di-

1027 2137 1086 2163 vina
1102 2136 1239 2171 Scriptura
1251 2137 1276 2164 iu
1289 2137 1370 2165 dubio
1384 2142 1516 2165 versatur.
1533 2139 1617 2167 llodie
1630 2139 1757 2168 habemus
1774 2141 1813 2168 al-

1026 2187 1092 2215 tare,
1106 2183 1181 2218 cujus
1196 2183 1337 2218 participes
1353 2188 1413 2211 sunt
1432 2184 1534 2212 ﬁdeles.
1552 2185 1619 2213 Num
1639 2193 1702 2222 ergo
1714 2187 1812 2215 donum

1026 2230 1111 2264 ipsum
1134 2230 1281 2257 naturalem
1305 2230 1355 2258 fert
1372 2231 1486 2258 salutem
1499 2252 1506 2263 ,
1520 2240 1553 2259 an
1568 2237 1674 2267 propter
1689 2234 1810 2268 majesta-

1026 2282 1088 2310 tem,
1104 2286 1162 2312 qum
1177 2278 1326 2311 invocatur,
1348 2279 1444 2314 pignus
1468 2279 1550 2306 habes
1570 2287 1604 2306 ex
1628 2281 1807 2315 praesentibus,

1024 2331 1058 2351 ne
1070 2323 1175 2351 dubites
1183 2324 1215 2351 de
1227 2325 1258 2352 iis
1268 2331 1327 2359 qua:
1341 2325 1554 2359 pra‘cesserunt?
1568 2325 1623 2353 Illic
1637 2333 1698 2354 esca
1713 2327 1729 2353 h
1740 2327 1812 2358 talis,

1026 2369 1068 2396 hic
1082 2369 1157 2397 cibus
1169 2370 1316 2397 vivilicans.
1330 2370 1358 2397 Si
1371 2369 1421 2397 hoc
1435 2374 1527 2397 natura
1539 2376 1639 2402 servat,
1654 2379 1706 2398 non
1719 2373 1814 2406 gratia,

1025 2415 1087 2442 illud
1101 2415 1182 2442 etiam
1197 2419 1289 2442 natura
1302 2415 1410 2448 occidit,
1426 2423 1478 2442 non
1493 2417 1814 2450 transgressione.Osten-

1025 2459 1086 2486 dam
1102 2460 1148 2487 tibi
1164 2465 1242 2487 extra
1260 2460 1409 2494 paradisum
1424 2461 1511 2488 cibum
1527 2461 1608 2488 alium
1626 2462 1809 2493 mortiferum,

1024 2504 1199 2531 idololatriam
1214 2512 1320 2539 nempe.
1335 2505 1390 2532 Cur
1401 2510 1556 2532 recusarunt
1572 2511 1702 2542 martyres
1717 2515 1813 2536 carnes

1023 2550 1164 2578 comedere
1177 2551 1188 2577 ?
1202 2558 1249 2577 cur
1263 2550 1343 2578 edere
1357 2551 1511 2578 metuebant
1524 2552 1535 2578 ’ἔ
1548 2559 1581 2578 an
1599 2553 1695 2579 mortui
1710 2559 1811 2584 essent,

1023 2597 1045 2624 si
1073 2596 1275 2624 comedissent?
1299 2596 1471 2632 Nequaquam
1496 2606 1502 2623 :
1527 2597 1573 2624 sed
1598 2598 1657 2632 quia
1681 2598 1810 2625 idolorum

1022 2643 1122 2670 mentio
1135 2647 1211 2674 erat,
1227 2650 1278 2669 non
1293 2649 1382 2669 escam
1405 2642 1551 2677 fugiebant.
1571 2643 1618 2670 sed
1631 2644 1810 2670 exsecramin-

1023 2697 1080 2716 rum
1089 2687 1342 2716 iuvocationem.Sic
1351 2694 1413 2715 nota
1422 2693 1478 2716 erat
1493 2688 1572 2714 arbor
1582 2688 1698 2715 scientitn
1713 2688 1774 2715 boni
1786 2692 1810 2717 ct

1023 2734 1096 2766 mali,
1110 2743 1162 2761 non
1175 2734 1313 2762 scientiam
1326 2734 1458 2768 prmbens,
1473 2733 1520 2761 sed
1533 2741 1591 2761 eam
1612 2743 1645 2762 ex
1660 2739 1809 2769 transgres-

1022 2781 1097 2808 sione
1120 2780 1229 2808 docens.
1249 2780 1361 2816 Semper
1381 2780 1452 2807 enim
1466 2779 1628 2814 experientia
1642 2779 1809 2814 insipientem

1023 2827 1099 2856 docet
1115 2827 1210 2853 malam
1225 2834 1280 2852 rem
1294 2833 1353 2854 esse
1369 2827 1617 2861 transgressionem.
1634 2825 1747 2853 Rursum
1759 2825 1808 2853 alia
