2062 3128
266 147 318 174 489

266 203 306 228 via
325 201 437 236 qua-stic
453 200 580 231 solvetur,
597 206 650 225 non
664 197 733 233 quod
749 197 831 232 prima
846 203 898 223 non
913 196 978 223 satis
991 196 1053 227 sint,

265 247 311 274 sed
327 245 396 282 quod
411 246 455 273 Dei
471 246 555 281 gratia
568 245 643 272 dives
658 245 701 271 sit.
716 243 754 270 Ne
769 243 827 277 quis
840 242 909 269 enim
925 246 1000 276 ptttet
1015 249 1056 268 ra—

267 294 367 321 tionum
378 291 557 319 additamenta
568 291 725 326 obpriorum
735 288 942 316 imbecillitatem
956 288 1055 314 afferri:

266 346 327 366 nam
344 338 390 365 Dei
404 337 488 372 gratia
498 358 505 369 ,
515 336 590 364 dives
605 343 664 363 cum
679 336 730 367 sit,
744 343 775 362 ex
791 334 922 361 thesauris
939 334 992 360 suis
1005 341 1055 359 no-

266 385 306 412 bis
320 384 390 411 dona
411 382 521 418 profert,
536 382 558 409 si
575 387 661 408 tamen
679 381 750 415 digni
768 381 859 407 simus.
874 379 987 406 Attende
1004 378 1055 412 igi-

266 435 318 457 tur.
339 430 467 464 Martyres
483 432 638 456 recusarunt
650 426 725 453 idolis
739 426 932 453 immolatorum
948 424 1053 451 cibum:

265 484 297 503 co
310 475 389 503 modo
403 475 489 502 cibum
501 473 652 508 hnjusmodi
668 472 807 507 fugientes,
820 479 872 506 quo
885 472 906 498 si
921 471 1056 505 elfugiSsct

266 522 349 549 Adam
375 521 485 556 lignum,
514 520 625 547 salutem
652 523 865 552 cousequuturus
889 521 956 544 erat.
979 516 1054 550 Quod

265 572 352 594 autem
366 567 435 594 scire
452 566 548 593 bonum
563 569 589 592 et
604 564 701 591 malum
713 584 720 597 ,
738 571 790 590 non
811 564 872 590 odio
886 563 993 598 dignum
1008 563 1052 596 sit,

265 621 328 642 vere
347 611 473 647 liquidum
496 615 547 638 est.
576 610 646 637 Deus
669 611 738 637 enim
760 610 947 644 interrogans,
962 615 1054 636 etnon

251 657 375 690 iaciens,
392 665 424 684 an
439 665 494 684 rem
511 656 593 688 novit,
608 663 691 683 necne
705 656 715 682 ?
730 655 794 688 Quis
805 655 875 682 ausit
888 654 978 682 dicere
993 662 1053 682 eum

265 712 318 731 non
332 711 411 731 nosse
424 704 435 729 ?
448 703 505 730 Non
526 703 596 730 enim
616 702 746 737 cognitio,
762 702 818 736 ipsa
836 701 905 728 actio
922 705 970 727 est.
987 700 1053 727 Num

266 749 373 782 Paulus,
389 749 434 783 qui
448 748 553 775 dicebat
564 769 570 779 ,
586 748 679 782 Fugite
696 747 886 783 fornicationem
903 747 938 781 (I.
952 746 1011 785 Cor.
1026 746 1052 772 6.

268 792 312 826 IS)
326 812 332 823 ,
345 790 484 825 ignorabat
497 789 559 824 quid
580 794 651 817 esset
674 788 833 816 tornicatio?
844 787 962 815 cavendo
977 787 1053 814 adul-

265 836 373 867 terium,
389 835 524 862 nesciebat
534 835 595 870 quid
607 839 678 862 esset
691 833 875 861 adulterium?
890 833 986 860 Verum
999 840 1052 859 non

265 883 325 909 ideo
338 889 417 914 reus,
440 881 511 916 quod
536 885 635 908 nosset.
651 881 719 914 Quin
737 881 793 914 ipse
812 880 880 907 Deus
895 879 967 905 novit
979 883 1054 905 actus

264 935 357 955 omnes
371 932 487 960 nostros,
502 927 574 961 ipsos
587 933 747 954 enumerans
761 933 792 952 ac
803 925 895 952 dicens
911 924 966 951 :De
978 924 1054 950 corde

263 978 353 1007 exeunt
374 968 535 1008 cogitationes
558 972 641 1003 malm,
664 971 753 1003 credes,
772 970 906 1003 adulteria,
931 969 1052 1004 perjnria,

263 1018 437 1053 impudicitiw,
449 1018 558 1049 invidiae,
570 1017 676 1052 rapiunt.
694 1016 754 1043 Hcce
762 1022 819 1043 sunt
829 1024 884 1051 qua:
893 1016 1054 1051 coinquinant

263 1065 387 1091 hominem
401 1064 411 1099 (
426 1063 517 1090 Matth.
536 1063 579 1090 15.
596 1063 635 1090 I9.
649 1062 684 1089 20
694 1063 715 1098 ).
735 1062 857 1089 Ilaeccine
871 1062 993 1096 ignorans
1009 1065 1054 1088 aut

263 1111 351 1138 sciens
365 1111 428 1137 dicit
443 1110 521 1142 Deus,
537 1110 602 1138 dicit
613 1109 755 1144 Apostolus
766 1109 779 1135 *ἰν
793 1108 848 1136 Non
865 1116 929 1143 ergo
941 1108 1052 1135 scientia

263 1157 365 1183 Adamo
389 1155 511 1183 dedecori
529 1160 579 1183 est.
603 1155 698 1182 Nocnit
717 1155 765 1188 illi,
786 1162 836 1181 non
856 1154 984 1189 cognitio,
1005 1153 1051 1181 sed

264 1201 450 1236 transgressio.
471 1201 555 1228 Velim
574 1206 662 1228 autem
680 1200 713 1227 ab
724 1200 769 1227 illo
784 1207 905 1234 quaerere
916 1220 923 1233 ,
940 1199 1004 1234 quid
1019 1206 1050 1225 ex

263 1248 332 1283 ligno
341 1247 472 1280 didicerit,
484 1247 619 1274 bonumne
629 1254 662 1273 an
674 1246 781 1273 malum.
798 1247 836 1272 An
846 1249 905 1280 post
917 1253 991 1271 esum
1007 1251 1053 1271 no-

262 1295 299 1322 vit
315 1294 379 1329 quid
397 1299 468 1320 esset
489 1293 660 1320 homicidium
672 1293 684 1318 ?
695 1292 778 1319 Nemo
793 1292 921 1319 hactenus
933 1296 988 1318 erat
1007 1292 1051 1326 qui

262 1340 366 1376 puniret
380 1348 388 1372 ;
400 1339 557 1366 adulterium
570 1338 749 1372 nesciebatur,
758 1345 817 1365 cum
834 1337 950 1365 nondum
962 1341 1052 1364 essent

261 1386 381 1420 nuptlat:
399 1393 451 1412 non
470 1384 620 1417 fornicatio,
637 1392 688 1411 non
712 1383 804 1418 rapina
829 1387 907 1416 erat;
933 1382 1050 1410 nondum

261 1433 331 1463 enim
346 1436 422 1460 erant
434 1432 509 1459 dives
521 1431 563 1458 vel
580 1438 679 1466 panper
695 1440 701 1458 ε
719 1438 771 1457 non
790 1430 982 1465 sycophantiar,
998 1436 1050 1456 non

261 1479 325 1506 falsa
351 1478 514 1505 testimonia.
533 1477 608 1510 Quod
633 1477 711 1511 igitur
725 1476 797 1503 aliud
817 1476 913 1503 malum
938 1476 1049 1507 sciebat,

261 1524 310 1550 nisi
327 1523 377 1550 hoc
389 1523 485 1552 solum,
502 1522 599 1549 bonum
614 1529 710 1556 nempe
720 1529 780 1548 esse
797 1521 851 1548 Deo
862 1521 981 1556 obsequi,
995 1529 1050 1548 ma-

262 1569 315 1596 lnm
330 1568 378 1603 ipsi
394 1575 445 1595 non
459 1567 589 1595 obedire?
604 1567 670 1594 Rem
686 1567 746 1594 dico
763 1574 822 1602 qua:
842 1567 911 1601 vulgi
933 1574 979 1593 ore
996 1567 1049 1593 cir-

261 1613 416 1645 cumfertur,
440 1620 474 1639 ne
499 1612 558 1647 quis
581 1619 624 1639 me
646 1612 764 1638 audaciae
788 1612 899 1639 incuset.
928 1611 1050 1639 Solemus

262 1659 350 1686 dicere
375 1658 556 1693 peccantibus,
580 1657 773 1684 comminantes
793 1663 821 1683 ut
840 1661 1049 1685 convertantur:

264 1703 367 1731 Faciam
389 1708 417 1730 ut
433 1703 520 1730 discas
534 1703 757 1737 resipiscentiam.
775 1703 880 1738 Ergone
900 1703 943 1737 qui
958 1703 996 1731 sic
1009 1703 1049 1731 Io-

263 1749 362 1784 quitur,
374 1749 442 1775 hanc
453 1748 619 1782 disciplinam
631 1748 694 1774 dicit
706 1755 766 1775 esse
777 1748 935 1775 scientiam?
955 1749 1031 1776 Scirn
1039 1764 1048 1769 -

262 1795 297 1821 tia
320 1794 399 1829 igitur
419 1802 451 1821 ex
469 1793 647 1820 calamitatum
663 1793 826 1828 experientia
846 1793 976 1828 procedit.
997 1794 1049 1831 Do-

261 1841 315 1868 cuit
327 1848 387 1868 eum
402 1845 430 1867 nt
444 1840 574 1872 disceret,
590 1844 654 1874 quot
666 1839 743 1866 malis
757 1847 786 1866 se
800 1847 846 1874 per
858 1840 1049 1874 transgressio-

262 1894 322 1913 nem
336 1885 518 1920 implicuisset.

298 1932 324 1958 5.
345 1931 468 1958 Animum
490 1931 568 1965 igitur
589 1930 731 1965 diligenter
753 1930 858 1958 adhibe.
884 1930 1048 1965 Quamquam

261 1977 332 2004 enim
358 1976 429 2010 prius
451 1975 573 2007 diximus,
597 1975 743 2009 argumenti
766 1975 834 2002 ratio
853 1982 885 2002 eo
901 1975 1049 2002 orationem

261 2022 377 2048 deducit.
389 2021 511 2048 Omnium
525 2021 634 2055 largitor
651 2021 719 2047 Deus
734 2020 871 2047 invisibilis
881 2025 939 2047 erat
953 2029 960 2052 ;
976 2021 1019 2055 qui
1035 2028 1049 2047 a

262 2068 318 2094 Deo
345 2067 432 2094 omnia
457 2071 606 2101 acceperat,
632 2066 681 2093 sub
700 2070 836 2100 aspectum
857 2065 981 2093 cadebat.
999 2066 1049 2099 Qui

261 2117 398 2147 acceperat
411 2133 418 2145 ,
434 2113 516 2139 oculis
531 2112 652 2146 patebat;
669 2111 712 2146 qui
727 2111 837 2138 dederat
850 2132 857 2143 ,
872 2119 924 2138 non
940 2119 1052 2146 appare-

262 2158 316 2186 bat.
337 2158 415 2186 Solus
437 2163 494 2185 erat
517 2157 616 2185 homo:
638 2157 713 2184 bruta
733 2157 876 2184 animantia
890 2158 959 2184 circa
977 2157 1049 2183 illum

262 2209 346 2232 erant.
368 2204 506 2232 Neminem
528 2204 642 2236 habebat
653 2204 815 2239 oppositum.
831 2203 958 2238 Imposuit
979 2203 1048 2230 Deus

263 2251 346 2284 h-gcm
361 2270 367 2282 ,
381 2250 503 2277 arborem
521 2250 545 2276 in
560 2249 645 2276 medio
656 2270 663 2282 ,
678 2257 737 2284 qua:
749 2250 1000 2281 commonefaceret,
1017 2257 1049 2275 ne

263 2295 313 2322 sub
331 2295 466 2322 dominatu
483 2303 511 2322 se
527 2295 640 2328 positum
663 2302 722 2321 esse
742 2294 954 2321 oblivisceretur.
971 2294 1048 2321 Verbi

261 2341 354 2375 gratia,
371 2341 499 2367 circuibat
513 2340 613 2367 fruetus
624 2340 768 2373 decerpens
780 2347 839 2367 cum
854 2347 947 2368 uxore.
964 2341 1049 2367 Acce-

261 2386 339 2413 debat
353 2386 385 2413 ad
399 2387 519 2413 arborem
533 2394 539 2412 :
555 2386 669 2417 dicebat,
685 2385 724 2413 Ne
739 2387 807 2414 hanc
820 2386 942 2414 arborem
959 2391 1048 2420 tanga-

261 2439 319 2459 mus
333 2440 340 2463 ;
355 2431 388 2459 de
404 2432 445 2459 illa
465 2439 578 2466 namque
599 2436 757 2465 praeceptum
778 2431 852 2458 dedit
868 2431 948 2458 Deus.
969 2431 1048 2458 Erat-

261 2484 311 2512 que
324 2478 348 2504 id
361 2477 430 2512 quod
444 2476 592 2508 videbatur,
608 2477 665 2511 ejus
679 2477 722 2510 qui
740 2476 877 2503 invisibilis
890 2481 948 2504 erat
963 2477 1048 2503 moni-

260 2526 378 2548 mentum
394 2529 400 2554 ;
418 2521 442 2548 id
459 2521 528 2556 quod
551 2522 630 2548 etiam
651 2529 721 2548 nunc
730 2521 845 2557 \aecidit.
864 2521 955 2556 Cogita
970 2529 1048 2556 quam

255 2560 335 2594 inulti
359 2575 406 2602 per
420 2568 570 2595 universum
591 2567 682 2594 orbem
705 2566 823 2601 prtefecti
844 2567 905 2593 sint.
919 2567 984 2600 Quia
999 2575 1046 2593 au-

261 2619 312 2641 tem
329 2614 473 2648 Imperator
497 2622 548 2640 non
570 2613 693 2640 omnibus
713 2613 806 2645 adest,
820 2621 929 2640 necesse
944 2617 982 2640 est
999 2613 1051 2640 lm-

261 2660 390 2693 peratoris
399 2659 513 2694 effigiem
527 2660 553 2686 in
566 2659 750 2692 tribunal;bus,
763 2659 788 2685 in
799 2658 872 2690 foris,
886 2659 910 2685 in
924 2658 1047 2691 cmtibus,

262 2705 286 2731 in
299 2705 409 2732 theatris
423 2705 553 2732 exhiberi.
569 2704 596 2732 in
612 2705 683 2732 omni
698 2713 760 2740 ergo
776 2705 844 2736 loco,
858 2705 883 2732 in
899 2713 951 2740 quo
967 2711 1047 2739 nego-

261 2751 296 2776 tia
312 2755 407 2777 tracmt
433 2749 574 2784 prmfcctus
595 2750 708 2784 efﬁgiem
733 2757 792 2777 esse
811 2754 924 2784 oportet,
941 2755 971 2777 ut
988 2757 1047 2784 qua:

263 2796 328 2822 ﬁunt
349 2797 532 2824 auctoritatem
554 2795 677 2823 habeant.
700 2796 847 2830 Imperator
870 2795 987 2830 quidem,
1002 2800 1046 2822 ut-

263 2845 322 2874 pote
337 2841 416 2868 homo
428 2861 436 2874 ,
452 2841 548 2876 ubique
571 2849 686 2876 prtcscns
703 2848 761 2868 csse
781 2849 833 2869 non
850 2846 936 2876 potest
951 2850 956 2867 :
976 2841 1045 2871 Deus

780 140 823 167 DE
842 138 948 167 MUNDI
967 136 1162 167 CREATIONE
1182 138 1310 167 ORATIO
1328 139 1360 167 VI

1851 141 1900 168 590

1114 203 1177 222 vero
1191 203 1283 223 rursus
1293 216 1299 228 ,
1311 199 1341 221 ιιι
1356 194 1423 222 Deus
1439 199 1494 227 cst,
1512 194 1585 221 nullo
1607 195 1686 222 modo
1703 200 1788 229 potest
1803 196 1835 223 ab
1850 197 1899 223 lto—

1111 241 1227 268 minibus
1239 241 1332 267 videri.
1348 241 1426 268 Dedit
1440 240 1563 268 arborem
1580 240 1683 274 imperii
1697 240 1878 269 characterem
1890 263 1897 276 ,

1110 287 1154 320 qui
1171 286 1300 313 Adamum
1315 285 1566 318 commonefaceret,
1582 286 1716 320 accepisse
1735 293 1763 314 se
1780 288 1897 314 onmium

1109 331 1283 358 dominatum.
1305 331 1425 366 Agnosco
1440 338 1500 358 eum
1515 331 1560 366 qui
1576 331 1621 358 tibi
1643 335 1799 366 potestatem
1814 331 1896 360 dedit.

1110 376 1142 402 Et
1161 381 1188 403 ut
1208 376 1295 403 discas
1323 376 1456 411 quomodo
1469 377 1549 403 arbor
1562 377 1632 411 ipsos
1646 377 1896 411 commonefaceret,

1108 428 1167 448 cum
1192 429 1302 455 serpens
1326 422 1464 448 mulierem
1488 422 1611 457 decipere
1634 423 1726 456 voluit,
1752 423 1819 451 dixit
1842 425 1896 451 illi:

1108 467 1159 494 Cnr
1172 468 1235 494 dixit
1247 468 1314 495 vobis
1327 467 1395 495 Deus
1408 477 1438 495 ne
1446 469 1605 496 eontederett's
1618 478 1648 496 ex
1662 471 1730 496 omni
1742 471 1810 506 ligno
1820 470 1895 506 (Gen.

1109 514 1133 541 5.
1150 514 1187 549 2)
1202 514 1213 541 ?
1226 515 1319 542 Mulier
1334 522 1387 542 nen
1402 515 1482 542 oblita
1498 521 1554 543 erat
1567 516 1632 551 legis
1643 537 1649 549 ,
1663 517 1716 544 imo
1727 518 1805 544 etiam
1821 519 1896 553 igno-

1108 559 1219 585 rantiam
1243 560 1368 595 corrigit,
1384 565 1411 587 et
1425 561 1482 587 ait:
1498 561 1554 588 Non
1569 562 1602 588 ita
1620 562 1686 589 dixit
1702 563 1769 590 Dens
1782 585 1789 597 ,
1804 564 1850 591 scd
1864 572 1895 591 ex

1107 605 1178 632 omni
1203 605 1274 640 ligno
1297 607 1480 636 comedimus:
1497 607 1530 634 de
1552 607 1602 635 hoe
1625 613 1712 636 autem
1735 609 1806 645 ligno
1829 611 1896 639 dixit

1109 651 1187 684 Deus,
1204 659 1236 679 ne
1258 652 1427 680 comedet-itis
1441 661 1471 680 cx
1486 653 1542 687 illo,
1565 662 1650 688 neque
1671 656 1782 690 tangatis
1798 657 1894 692 ipsum.

1107 697 1173 724 Vide
1195 699 1400 726 accurationem.
1430 699 1499 726 Detts
1522 708 1572 727 non
1597 701 1686 728 dixit:
1709 702 1748 729 Ne
1770 705 1894 739 tangatis.

1107 741 1212 770 Nullum
1226 743 1323 778 quippe
1338 748 1395 770 erat
1416 745 1441 771 in
1462 750 1531 773 tactu
1552 746 1697 779 pericnlttm
1713 748 1777 775 :scd
1789 749 1838 782 illi,
1851 751 1894 785 qui

1106 787 1192 814 divina
1210 788 1312 823 praediti
1336 790 1476 824 prttdentia
1497 797 1583 824 erant,
1600 793 1708 827 reliquis
1724 794 1852 829 fruentes,
1869 797 1895 823 id

1105 833 1174 867 apud
1195 841 1224 861 se
1245 837 1395 862 statuerunt
1410 835 1498 862 :Dixit
1511 836 1580 863 Dens
1601 845 1634 864 ne
1650 838 1682 865 de
1696 839 1792 867 arbore
1806 846 1895 875 guste-

1107 886 1166 906 mus
1180 887 1187 911 ;
1201 887 1250 906 nos
1270 887 1303 907 ne
1324 884 1462 915 tangamus
1478 881 1595 916 quidem.
1610 883 1694 910 Tanta
1715 885 1817 912 mulieri
1831 893 1893 913 cura

1106 929 1163 951 erat
1184 925 1305 952 servandi
1331 926 1376 953 Dei
1398 931 1569 961 praeceptum.
1592 928 1655 955 Erat
1673 930 1751 963 igitur
1771 931 1851 958 arbor
1868 933 1892 958 in

1107 970 1195 997 medio
1220 972 1315 1005 posita,
1343 980 1393 1007 qua
1419 980 1529 1007 serpens
1551 974 1655 1002 seduxit
1675 983 1730 1002 cos.
1752 976 1817 1004 Rern
1833 979 1892 1005 audi

1106 1016 1276 1051 stupendum.
1302 1017 1372 1044 Usus
1397 1018 1572 1045 instrumento
1594 1025 1634 1046 cst
1658 1020 1690 1046 ad
1714 1019 1842 1054 fraudem,
1865 1031 1894 1050 re

1106 1069 1202 1096 nempe
1217 1062 1318 1089 homini
1332 1063 1420 1090 insita.
1437 1064 1504 1090 Deus
1519 1064 1588 1090 cnim
1607 1065 1739 1093 hominem
1755 1067 1872 1095 formans
1883 1089 1890 1100 ,

1105 1115 1165 1134 cum
1181 1108 1279 1143 reliqua
1294 1109 1415 1141 scientia,
1427 1110 1507 1136 etiam
1521 1110 1680 1138 desiderium
1694 1112 1738 1139 Dei
1751 1113 1890 1141 indiderat.

1105 1154 1169 1180 Cum
1191 1154 1271 1188 igitur
1291 1154 1316 1180 in
1335 1154 1387 1180 illis
1409 1154 1531 1181 desiderii
1555 1154 1686 1183 ﬂatnmaut
1704 1157 1815 1191 videret,
1834 1159 1891 1186 ait:

1106 1199 1185 1225 lii-itis
1198 1200 1261 1226 sicut
1275 1199 1320 1225 dii.
1337 1199 1421 1232 Nunc,
1439 1200 1560 1227 homines
1570 1220 1577 1231 ,
1594 1208 1644 1227 non
1662 1202 1772 1235 potestis
1785 1210 1892 1238 semper

1104 1252 1163 1272 cum
1180 1244 1234 1272 Deo
1247 1251 1316 1272 esse.
1332 1245 1359 1271 Si
1374 1244 1477 1272 fueritis
1491 1245 1558 1272 sicut
1571 1245 1607 1272 dii
1620 1266 1627 1278 ,
1642 1253 1747 1281 semper
1765 1255 1826 1275 cum
1847 1250 1895 1277 illo

1105 1291 1185 1318 futuri
1205 1292 1278 1319 estis.
1299 1291 1391 1326 Neque
1405 1292 1475 1319 enim
1490 1292 1557 1320 dixit
1572 1293 1623 1321 illis
1640 1302 1647 1320 :
1663 1293 1691 1321 Si
1711 1296 1890 1330 comederitis,

1106 1336 1151 1364 Dei
1163 1337 1252 1364 hostes
1260 1337 1344 1364 eritis.
1355 1337 1519 1365 Desiderium
1530 1345 1593 1373 ergo
1604 1339 1826 1373 a'qnalitatiscum
1837 1342 1893 1370 Deo

1104 1383 1241 1410 mulierem
1257 1382 1374 1418 decipit:
1391 1383 1488 1418 illaque
1504 1383 1588 1410 virum
1605 1392 1656 1411 non
1672 1385 1781 1420 decipit,
1793 1387 1838 1414 sed
1855 1388 1892 1414 illi

1104 1428 1208 1455 suadet.
1225 1428 1250 1456 Id
1267 1429 1421 1456 testificatur
1436 1429 1532 1457 Paulus
1547 1429 1638 1457 dicens
1654 1439 1660 1457 :
1676 1431 1757 1458 Adam
1776 1432 1892 1461 seductus

1103 1482 1153 1500 non
1166 1474 1223 1508 σει(
1240 1475 1265 1501 I.
1280 1474 1347 1500 Tim.
1360 1474 1387 1500 2.
1407 1475 1438 1502 Μ
1453 1476 1473 1509 ).
1490 1474 1544 1502 Cur
1566 1480 1654 1503 atttem
1673 1476 1813 1504 damnatus
1827 1483 1866 1505 est
1880 1479 1892 1505 ?

1105 1519 1168 1546 Vide
1183 1520 1244 1546 tnali
1259 1520 1426 1554 gravitatem.
1440 1520 1534 1547 Mulier
1544 1521 1652 1548 seducta
1664 1522 1780 1549 comedit
1795 1531 1802 1554 ;
1817 1529 1891 1557 post-

1103 1573 1181 1600 quam
1196 1566 1357 1598 comcderat,
1370 1567 1427 1593 viro
1437 1567 1541 1599 suadet,
1558 1575 1590 1594 ne
1605 1567 1660 1594 sola
1677 1574 1889 1603 perverteretur:

1102 1612 1195 1643 suasit,
1211 1619 1263 1639 non
1277 1611 1397 1647 decepit;
1411 1613 1500 1647 utjam
1517 1620 1587 1648 s:rpe
1601 1613 1656 1640 fieri
1671 1614 1748 1641 solet.
1761 1614 1837 1642 Novit
1852 1616 1891 1643 vir

1103 1657 1192 1690 (idem,
1207 1662 1277 1686 amat
1289 1658 1384 1693 legem,
1397 1658 1484 1685 studio
1498 1659 1592 1693 pIrnus
1604 1664 1642 1686 cst
1658 1660 1813 1688 orzhodoxrc
1827 1662 1892 1689 reli-.

1101 1703 1187 1736 gionis
1197 1723 1204 1735 ,
1219 1710 1373 1737 moremque
1388 1703 1454 1738 gerit
1472 1704 1562 1737 uxori,
1578 1711 1611 1731 ne
1624 1704 1738 1731 studium
1756 1707 1889 1739 ostendat,

1102 1758 1154 1776 non
1179 1750 1302 1783 ignorans
1327 1749 1476 1782 veritatem,
1494 1749 1540 1776 sed
1564 1750 1668 1785 conjngi
1694 1751 1889 1786 obtemperans.

1102 1794 1175 1821 Multi
1197 1802 1309 1829 namque
1331 1800 1473 1828 putarunt,
1490 1795 1655 1830 ignorantem
1673 1795 1802 1824 Adatnum
1816 1805 1892 1825 accc-

1103 1839 1173 1874 pisse
1184 1840 1218 1866 ab
1233 1847 1330 1872 uxore,
1346 1847 1405 1867 cum
1427 1841 1543 1867 nesciret
1565 1841 1634 1868 unde
1647 1841 1760 1869 fructum
1776 1843 1891 1873 tulisset.

1102 1886 1137 1913 At
1149 1885 1216 1912 nulla
1232 1886 1280 1920 ipsi
1291 1887 1426 1914 excusatio
1436 1891 1558 1921 superest
1572 1896 1577 1913 :
1594 1887 1664 1914 Deus
1678 1888 1747 1914 enim
1761 1890 1890 1923 coarguit,

1102 1939 1161 1959 cmn
1175 1932 1212 1959 ait
1225 1941 1231 1958 :
1248 1932 1312 1965 Quia
1326 1932 1420 1959 ntulisti
1433 1940 1515 1959 vocem
1530 1933 1616 1959 uxoris
1630 1938 1679 1960 tua:
1692 1933 1701 1970 (
1712 1933 1774 1961 Gen.
1787 1935 1813 1962 5.
1828 1935 1860 1962 17
1869 1935 1891 1971 ).

1101 1978 1158 2004 Non
1179 1977 1266 2006 dixit,
1282 1977 1347 2010 Quia
1368 1977 1491 2011 accepisti
1515 1978 1547 2004 ab
1572 1985 1653 2005 uxore
1674 1983 1716 2005 tua
1734 1987 1740 2005 :
1763 1987 1822 2006 nam
1843 1988 1891 2014 po-

1103 2025 1197 2051 tuisset
1209 2023 1296 2050 dicere
1309 2044 1316 2055 ,
1333 2023 1490 2058 Ignorabam
1502 2043 1509 2056 ,
1528 2023 1678 2050 nesciebam
1695 2024 1763 2052 unde
1774 2025 1890 2052 afferret.

1103 2069 1157 2096 Viri
1172 2070 1271 2096 crimen
1287 2074 1337 2101 est,
1359 2077 1411 2096 non
1430 2069 1501 2104 quod
1519 2069 1644 2104 deceptus
1656 2090 1663 2103 ,
1686 2070 1732 2097 sed
1752 2071 1821 2105 quod
1849 2071 1890 2098 in-

1102 2119 1207 2142 escatus
1223 2115 1266 2141 sit.
1280 2115 1337 2142 .Iam
1352 2115 1385 2142 ad
1399 2115 1526 2150 judicium
1541 2115 1691 2143 veniamus:
1703 2116 1837 2144 videamus
1849 2117 1888 2144 in—

1103 2165 1248 2187 stramenta
1271 2161 1366 2194 prima,
1390 2168 1449 2194 quae
1471 2160 1495 2186 in
1518 2165 1610 2188 sancto
1628 2161 1682 2194 illo,
1699 2161 1852 2197 incorrupto
1865 2168 1892 2190 et

1101 2205 1223 2232 clementi
1239 2204 1297 2231 foro
1312 2205 1389 2231 allata
1403 2209 1480 2238 sunt,
1497 2206 1627 2239 descripta
1641 2205 1726 2233 literis
1736 2207 1890 2234 immortali-

1101 2250 1150 2278 bus
1163 2271 1170 2284 ,
1190 2258 1301 2285 quarum
1315 2251 1471 2278 memoriam
1485 2271 1491 2284 ,
1506 2256 1676 2285 conspectum
1690 2273 1697 2284 ,
1711 2253 1892 2287 conspicuita-

1102 2302 1153 2324 tem
1171 2297 1270 2324 nullum
1281 2305 1366 2324 rerum
1380 2296 1471 2324 delere
1485 2298 1591 2331 poterit.
1603 2297 1660 2325 Jam
1676 2299 1887 2328 anidmadverte.

1100 2342 1213 2375 Audiuit,
1233 2342 1327 2377 inquit,
1343 2342 1425 2369 Adam
1443 2350 1527 2369 vocem
1541 2342 1642 2370 Domini
1657 2343 1839 2372 deambulanti;
1858 2347 1892 2372 ml

1100 2396 1227 2422 vesperam
1241 2389 1267 2415 in
1280 2389 1398 2422 paradiso
1414 2387 1489 2424 (Gen.
1504 2389 1530 2415 5.
1547 2389 1585 2422 8).
1599 2390 1617 2416 Δ
1630 2391 1739 2424 strepitu
1755 2392 1847 2422 sensit,
1864 2397 1892 2420 et

1100 2441 1114 2460 a
1126 2433 1327 2461 consuetudine.
1342 2434 1447 2468 Ergone
1462 2441 1476 2460 a
1494 2434 1604 2468 strepitu
1625 2435 1707 2469 potuit
1721 2435 1791 2463 Deus
1806 2444 1890 2471 appa—

1101 2483 1160 2502 rere
1175 2475 1186 2501 ?
1200 2475 1351 2510 Apparebat
1366 2483 1418 2502 non
1440 2479 1469 2503 ut
1486 2481 1553 2509 erat,
1569 2476 1614 2504 sed
1632 2481 1659 2503 ut
1671 2478 1786 2506 volebat.
1803 2478 1890 2506 Bene-

1100 2521 1186 2548 dictus
1198 2525 1348 2548 sanctorum
1364 2521 1448 2554 Deus,
1462 2521 1531 2556 quod
1545 2521 1577 2548 ad
1595 2530 1732 2557 vesperam
1747 2528 1810 2552 tunc
1821 2524 1890 2552 Ada-

1100 2574 1172 2593 mum
1185 2566 1329 2593 visitaverit
1342 2586 1349 2598 ,
1366 2571 1392 2593 et
1405 2573 1475 2593 nunc
1491 2567 1515 2593 in
1532 2574 1611 2594 cruce
1622 2568 1654 2594 ad
1669 2576 1818 2604 vesperam.
1835 2569 1890 2598 Illis

1099 2612 1196 2646 quippe
1212 2611 1283 2638 boris
1296 2611 1418 2638 Christus
1432 2612 1582 2646 passionem
1599 2613 1741 2646 sustinuit,
1757 2622 1823 2649 quas
1836 2616 1890 2650 egit

1100 2657 1182 2683 Adam
1196 2677 1203 2690 ,
1223 2664 1254 2683 ex
1269 2664 1322 2691 quo
1336 2656 1507 2689 comedcrat,
1520 2656 1604 2684 donec
1619 2657 1734 2685 latebras
1747 2664 1893 2693 quaereret,

1099 2710 1129 2729 ae
1141 2703 1270 2737 judicium
1284 2703 1394 2734 subiret,
1411 2711 1425 2730 a
1438 2708 1512 2730 sexta
1527 2711 1611 2738 usque
1625 2703 1658 2731 ad
1674 2712 1770 2733 nonam
1785 2705 1886 2732 horam.

1099 2749 1178 2776 Sexta
1200 2748 1264 2775 hora
1286 2748 1402 2775 comedit
1417 2756 1424 2774 :
1442 2749 1498 2775 hare
1514 2749 1585 2775 enim
1605 2753 1707 2776 natura:
1724 2749 1812 2783 regula
1828 2755 1886 2782 est;

1100 2799 1158 2829 post
1168 2798 1269 2821 sextam
1281 2793 1419 2821 abscondit
1431 2801 1471 2822 se.
1482 2794 1520 2820 Ad
1530 2801 1666 2828 vesperam
1678 2794 1746 2821 Deus
1758 2794 1790 2820 ad
1802 2794 1886 2828 ipsqu

1100 2841 1180 2869 venit.
1196 2839 1360 2868 Desideravit
1373 2839 1492 2867 Adamns
1513 2840 1568 2868 fieri
1589 2840 1654 2868 deus
1669 2848 1676 2874 ;
1691 2846 1746 2867 rem
1763 2839 1886 2874 impossi-
