2042 3125
176 141 224 169 4B!

178 199 258 226 bilem
272 198 447 227 desideravit:
463 199 520 235 ejus
530 200 652 229 Christus
667 201 826 230 desiderium
839 204 965 239 implevit.

175 244 337 271 Desiderasti
353 245 378 272 id
392 251 468 277 che,
483 246 554 281 quod
568 254 620 273 non
637 247 743 281 potuisti
760 257 765 274 :
780 248 905 277 desidero
917 259 968 286 ego

173 290 230 317 fieri
245 290 336 322 homo,
353 295 380 317 et
394 297 503 325 possunt
516 301 522 318 :
538 292 597 326 ejus
607 293 692 320 errori
706 294 790 321 vicem
804 295 966 324 contrariam

173 335 243 363 Deus
256 334 356 362 retulit.
375 335 536 364 Desiderasti
552 345 611 372 qua:
626 346 704 373 supra
718 344 743 366 te
758 345 845 372 erant,
858 348 966 369 assumo

171 387 220 415 ego
234 388 294 415 qua:
308 379 375 407 infra
390 389 434 408 me
446 386 517 408 sunt.
536 382 729 417 Equalitatcm
747 392 806 411 ctttn
830 385 883 412 Deo
900 393 966 413 con-

170 425 315 459 cupivisti:
338 426 448 460 :cqualis
470 426 570 454 homini
592 427 637 454 fio.
658 428 721 456 Ideo
740 429 777 456 ait
792 430 890 458 Paulus
906 440 913 457 :
930 431 964 458 Et

169 469 255 496 habitu
273 470 387 497 inventus
404 475 431 497 ut
450 471 524 498 Imma
541 473 550 507 (
564 472 679 508 Philipp.
693 473 720 500 2.
735 475 750 500 7
765 476 785 510 ).
800 475 962 504 Desiderasti

167 523 228 544 esse
243 516 322 549 Deus,
336 525 423 552 neque
435 517 496 545 ideo
511 518 661 554 indignatus
675 528 733 547 sunt
750 529 757 548 :
772 521 833 548 volo
850 522 921 549 ettitn
937 527 962 550 te

166 562 346 596 aequalitatem
369 571 430 590 cum
451 564 507 591 Deo
526 565 716 600 concupiscere
731 575 738 599 ;
753 567 801 594 sed
820 568 879 595 ideo
891 569 960 596 indi-

165 612 260 642 gnatus
272 615 344 640 sum,
359 609 427 644 quod
444 614 541 644 praeter
554 610 657 638 Domini
672 613 829 640 sententiam
844 622 902 641 eam
918 615 959 642 di-

165 654 291 688 gnitatem
308 661 402 689 rapere
417 654 543 682 volueris.
561 656 672 684 Voluisti
687 657 752 685 deus
767 659 835 692 fieri,
852 667 902 687 nec
912 668 960 695 po-

165 701 239 728 tuisti
255 709 262 734 ;
277 701 357 728 homo
370 701 404 728 fio
414 722 422 735 ,
444 706 471 729 et
485 703 556 737 quod
572 703 737 738 impossibile
750 710 817 738 erat,
832 707 958 741 possibile

164 747 256 774 reddo.
272 747 349 781 Quod
371 753 460 776 autem
483 757 516 776 ex
534 749 667 777 desiderio
687 751 720 778 ad
740 751 792 779 hoc
805 753 955 787 accedet-et,

162 793 219 828 ipse
235 795 394 822 testiﬁcatur
408 795 448 822 his
462 795 550 822 verbis
566 805 572 823 :
587 804 647 823 cum
667 796 725 832 ipse
740 798 836 832 pascha
852 799 956 833 ederet,

162 840 219 874 ipse
233 840 309 867 alens
322 848 383 868 cum
397 840 428 867 iis
448 841 492 874 qui
506 841 656 873 alebantur,
679 850 739 870 cum
760 851 851 871 mensa
872 852 956 880 appo-

161 887 212 912 sita
223 886 258 912 illi
272 891 362 919 esset,
378 886 421 920 qui
436 886 483 912 alit
498 887 652 915 universum
668 888 760 916 orbem
772 910 779 921 ,
795 890 955 925 inquitapo-

160 931 236 958 stolis
252 940 258 959 :
273 931 403 958 Desiderio
417 932 558 960 desideravi
573 934 620 960 hoc
633 935 727 970 pascha
746 937 900 963 manducare
914 945 956 964 v0-

160 978 255 1004 biscttm
270 977 344 1014 (Luc.
365 974 410 1004 9.2.
429 977 484 1013 15).
499 977 567 1005 Nutu
583 979 654 1006 illaut
670 987 731 1008 cunt
747 981 801 1009 Deo
816 982 954 1017 atqualita~

160 1028 212 1051 tem
228 1024 309 1051 invidi
323 1024 370 1051 tibi
382 1024 394 1051 ?
405 1024 443 1051 Tu
459 1032 518 1052 mea
533 1033 661 1060 usurpare
676 1027 782 1056 voluisti
795 1050 803 1062 ,
818 1036 878 1056 cum
899 1038 952 1057 non

160 1078 270 1105 posses;
285 1078 336 1106 ego
349 1075 393 1098 tua
402 1078 520 1104 assumo,
532 1073 602 1107 quod
614 1080 678 1101 sane
694 1082 810 1108 possum.
825 1076 951 1104 Animum

157 1116 264 1143 adhibe.
281 1116 424 1144 Descendit
437 1117 470 1144 ad
485 1124 623 1152 veSperam
636 1139 643 1152 ,
658 1123 685 1146 et
701 1120 766 1147 dicit
782 1130 788 1148 :
803 1121 895 1155 Adam,
911 1123 952 1150 ubi

156 1171 182 1189 es
197 1162 272 1198 (Gen.
286 1162 312 1190 5.
330 1161 381 1197 9)?

193 1218 220 1246 6.
237 1219 299 1246 Ilaec
322 1218 412 1246 affinia
432 1224 495 1247 sunt
508 1228 515 1247 :
528 1221 607 1248 unius
628 1222 699 1249 enim
716 1222 764 1250 Dei
779 1230 840 1251 sunt
854 1229 881 1252 et
893 1225 951 1253 haec

156 1270 183 1292 et
194 1265 249 1292 illa.
263 1265 394 1300 Numquid
409 1266 480 1293 enim
495 1266 563 1294 alius
576 1267 609 1294 ad
623 1268 772 1303 passionem
787 1271 869 1303 venit,
882 1271 950 1300 alius

156 1310 294 1338 descendit
314 1311 340 1337 iu
356 1311 530 1346 paradisum?
544 1312 691 1340 Abscondit
705 1321 751 1346 se,
767 1316 859 1347 sensit,
875 1322 948 1351 post-

155 1365 234 1391 quam
250 1357 413 1384 comederat.
430 1358 518 1392 Aprrti
539 1363 597 1384 sunt
618 1359 689 1385 enim
712 1368 800 1387 eorum
821 1363 904 1396 oculi,
926 1369 948 1389 et

155 1407 322 1438 cognoverunt
344 1411 371 1429 se
384 1403 467 1430 nudos
482 1411 535 1430 esse
556 1402 632 1438 (Gen.
648 1404 674 1431 ’5.
692 1405 730 1440 7),
747 1405 812 1439 Quia
828 1407 948 1435 diabolus

155 1447 277 1481 dixerat,
296 1447 353 1480 Qua
366 1448 406 1474 dic
420 1448 578 1475 comederitis
588 1469 595 1480 ,
612 1450 756 1484 aperientur
777 1452 843 1479 oculi
858 1454 948 1482 vestri:

154 1501 227 1525 ecce,
240 1493 334 1528 inquit,
344 1500 405 1520 vera
414 1492 480 1520 dixit
490 1498 606 1520 satanas.
616 1494 697 1521 Paulo
705 1497 829 1524 convenit
838 1498 928 1526 dicere
939 1509 946 1526 :

154 1538 180 1564 Ν
183 1547 214 1565 on
228 1538 294 1564 cnim
301 1539 357 1573 ejus
367 1538 472 1565 consilia
480 1539 670 1574 ignoramusﬁ.
679 1540 738 1568 Cor.
745 1541 773 1568 2.
782 1542 837 1578 Η).
845 1543 948 1572 Norunt

153 1584 237 1611 sancti
253 1584 351 1611 diaboli
368 1584 516 1611 machinas.
535 1583 603 1612 Vide
616 1586 754 1613 malitiam.
772 1587 848 1616 Unde
870 1596 947 1618 norat

154 1630 284 1661 diabolus,
300 1630 356 1657 fore
369 1634 407 1661 ut,
420 1634 559 1664 postquam
573 1631 762 1665 comedissent,
779 1635 947 1668 aperirentur

152 1683 243 1703 eorum
259 1675 351 1702 oculi?
365 1683 428 1702 num
442 1677 505 1703 caeci
519 1677 612 1704 erant?
627 1677 693 1705 Dicit
706 1679 853 1714 Scriptura,
868 1687 945 1709 ante-

152 1728 231 1755 quam
247 1721 284 1748 illi
306 1721 478 1748 comcderent
492 1721 527 1749 de
541 1722 637 1750 arbore
650 1732 656 1749 :
675 1723 742 1751 Vidit
763 1726 853 1753 mulier
867 1727 944 1754 arbo-

152 1775 213 1794 rem.
229 1767 287 1794 Non
304 1775 368 1803 ergo
388 1775 458 1795 caeca
479 1772 546 1795 erat.
567 1768 651 1802 Vidit,
674 1771 768 1805 inquit,
789 1773 879 1799 mulier
900 1783 943 1801 ar-

151 1813 233 1840 tiorem
244 1834 251 1846 ,
266 1814 333 1848 quod
347 1818 449 1848 aspectu
464 1814 570 1848 pulchra
592 1821 655 1842 esset
669 1815 744 1851 (Gen.
760 1817 784 1844 5,
801 1818 839 1854 6).
855 1819 945 1847 Primo

151 1860 233 1893 vidit,
257 1860 355 1887 deinde
379 1860 503 1887 comedit.
527 1861 667 1894 Quomodo
682 1863 761 1897 igitur
782 1867 865 1899 aperti
882 1872 945 1893 sunt

151 1912 243 1932 eorum
258 1905 346 1931 oculi?
361 1904 485 1937 Attende,
502 1913 610 1940 qumso;
634 1907 676 1934 hic
688 1908 758 1935 enim
771 1911 881 1944 qtncstio
893 1911 943 1938 sita

151 1955 201 1977 est.
223 1950 349 1977 Diabolus
373 1950 408 1977 de
430 1958 541 1978 numero
555 1959 647 1978 eorum
665 1957 740 1987 erat,
756 1957 799 1989 qui
816 1955 881 1990 lapsi
895 1964 942 1985 seu

152 1998 311 2031 transgressi
336 1997 454 2030 fuerant;
479 2003 643 2033 non-ratque
665 2000 728 2034 quid
753 2009 847 2035 passus
872 2008 944 2031 esse;

152 2048 211 2077 post
222 2043 470 2078 transgressionem,
484 2044 600 2079 quidque
612 2045 656 2072 alii
672 2051 882 2081 transgressores
895 2057 942 2083 pa-

153 2093 281 2116 terentur.
297 2088 453 2116 Communis
473 2094 561 2117 autent
578 2091 703 2118 omnibus
717 2097 758 2119 est
773 2093 829 2120 hare
843 2096 940 2128 passio.

150 2134 215 2162 Nam
231 2134 362 2170 hodieque
375 2143 434 2162 cum
452 2143 610 2170 peccamus,
626 2138 696 2164 velut
709 2139 770 2165 cmci
785 2147 940 2174 peccamus:

151 2184 211 2215 post
227 2186 364 2215 peccatum
387 2185 450 2208 tunc
472 2181 591 2209 videmus
607 2183 669 2217 quid
694 2183 843 2212 fecerimus.
862 2185 941 2213 Verbi

151 2233 241 2258 causa,
255 2226 277 2252 si
292 2226 352 2260 quis
371 2231 520 2257 accusetur,
535 2226 589 2254 Cur
603 2227 654 2254 huc
670 2227 774 2256 fecisti?
788 2230 810 2256 is
823 2232 942 2258 necessi-

152 2276 232 2299 tatem
257 2272 493 2307 praetenditzlh-re
516 2280 568 2299 non
592 2273 713 2300 videbam
731 2274 792 2308 qttid
810 2275 940 2309 facerem;

151 2325 203 2344 non
216 2317 286 2352 quod
295 2325 382 2345 cieeus
393 2322 475 2349 esset,
485 2318 531 2345 sed
541 2318 611 2352 quod
623 2319 692 2345 inter
701 2320 863 2353 peccandum
875 2322 943 2350 ratio

149 2363 356 2395 obtcnebretur,
372 2363 434 2390 dum
456 2368 526 2390 totus
547 2364 616 2390 actui
639 2364 813 2396 incumberet.
835 2367 860 2394 iu
885 2368 942 2402 ipso

151 2414 239 2436 autetn
255 2417 337 2445 opere
359 2414 518 2436 excmcatur.
542 2409 637 2436 Postea
662 2417 725 2437 vero
739 2411 765 2437 in
780 2413 941 2441 conscientia

149 2455 221 2483 videt
239 2455 303 2490 quid
324 2455 426 2483 fecerit.
450 2455 571 2489 Exempli
595 2463 673 2482 causa
691 2465 696 2482 :
713 2456 858 2492 ingreditur
882 2461 942 2495 quis

148 2501 258 2528 domum
272 2505 300 2528 ut
314 2500 433 2532 furetur,
454 2505 483 2527 ut
505 2507 592 2528 ca‘cus
612 2501 708 2534 intrat;
732 2510 784 2530 non
798 2505 895 2539 cogitat
907 2506 941 2534 de

148 2547 211 2578 illo,
228 2546 272 2580 qui
287 2545 392 2573 obviam
406 2545 510 2574 futurus
523 2551 562 2574 est
573 2568 580 2579 ,
593 2547 627 2574 de
640 2555 672 2575 eo
684 2549 727 2582 qui
743 2550 922 2584 apprcltendet
931 2573 938 2585 ,

149 2599 201 2618 non
222 2591 255 2618 de
277 2591 396 2625 iudicum
420 2595 500 2625 metu,
525 2592 558 2619 de
579 2593 749 2628 impendente
772 2597 890 2630 periculo
905 2607 911 2625 :
925 2606 940 2625 a

149 2638 242 2665 morbo
256 2645 371 2672 namque
388 2639 468 2666 animi
489 2645 638 2667 excmcatus
651 2645 701 2668 est.
717 2642 784 2669 Cum
804 2643 939 2678 ingressus

150 2682 238 2715 fuerit,
252 2691 312 2710 cum
326 2683 471 2719 abripuerit
484 2706 491 2717 ,
507 2692 566 2712 cum
589 2685 691 2714 furatus
704 2695 828 2722 egressus
843 2688 939 2723 fuerit,

150 2728 256 2756 nctnine
271 2735 416 2764 prasente,
431 2730 502 2758 metu
517 2731 634 2766 repletur
644 2754 650 2766 ,
667 2734 748 2760 sentit
758 2735 821 2768 quid
836 2734 939 2770 fecerit,

147 2775 294 2811 anxiusquc
307 2776 413 2812 cogitat,
428 2777 449 2804 si
463 2779 618 2813 perquisitio
631 2779 719 2806 l‘utura
733 2780 776 2813 sit,
792 2780 941 2815 deprchen-

149 2828 227 2848 suros
241 2829 300 2849 esse
314 2823 373 2857 quis
387 2822 488 2851 facinus
510 2824 679 2858 perpetravit.
696 2825 760 2858 Quae
773 2826 840 2853 inter
858 2834 941 2861 agen-

148 2868 210 2895 dum
227 2875 279 2895 non
293 2877 382 2897 secum
399 2871 537 2905 reputabat
550 2891 555 2902 ,
573 2875 632 2904 post
647 2879 702 2898 rem
715 2878 817 2906 gestam
831 2873 937 2909 cogitat.

893 147 1075 178 SEVEIHANI

1767 159 1822 194 ωε

1023 206 1102 235 Verbi
1116 207 1210 241 gratia,
1226 208 1270 243 qui
1283 209 1441 242 moechatur,
1456 210 1481 238 in
1497 212 1666 248 alienumque
1681 218 1769 242 torum
1783 223 1810 242 se

1021 253 1116 288 injicit,
1134 255 1214 282 intrat
1224 275 1231 287 ,
1247 263 1296 283 nec
1308 257 1406 292 cogitat
1421 265 1480 286 esse
1496 258 1569 294 leges
1579 280 1585 292 ,
1601 260 1752 294 tribunalia,
1769 270 1816 290 ac-

1020 304 1158 328 cusatores
1168 321 1176 333 ,
1191 301 1293 336 gladios
1308 307 1400 330 acutos
1410 312 1417 329 :
1427 309 1454 330 at
1470 312 1499 332 re
1515 311 1619 340 peracta
1630 328 1637 339 ,
1660 307 1735 335 timet
1745 328 1752 340 ,
1768 315 1810 335 su-

1018 349 1123 379 spectos
1138 345 1216 373 habet
1229 354 1346 381 servum,
1363 349 1499 383 ancillam,
1517 351 1644 385 vicinum,
1659 358 1812 388 cognatum,

1017 398 1130 425 quaeque
1143 391 1211 419 inter
1221 393 1352 427 agendum
1366 402 1418 421 non
1429 396 1572 431 cogitabat,
1584 397 1698 425 advertit
1710 404 1810 434 postea.

1018 436 1118 464 Rursus
1136 437 1261 465 admonet
1279 440 1338 474 quis
1354 440 1435 468 alium
1456 446 1484 468 ttt
1500 443 1633 470 abstineat
1648 452 1662 471 a
1678 445 1771 477 malis,
1789 446 1812 473 si

1016 490 1118 510 morem
1132 492 1186 511 non
1200 486 1322 520 gesserit,
1337 487 1405 514 solct
1424 488 1448 515 ei
1464 488 1553 516 dicere
1564 498 1569 516 :
1580 489 1683 524 Srcpius
1697 491 1750 518 dixi
1766 492 1790 518 ei
1800 513 1810 525 ,

1015 535 1041 557 ct
1055 538 1106 558 non
1121 531 1237 562 audivit:
1254 541 1306 560 non
1320 534 1389 569 quod
1407 543 1458 562 non
1473 536 1596 570 audierit,
1612 537 1658 564 scd
1671 537 1740 572 quod
1756 545 1808 565 non

1013 576 1215 611 obtemperarit.
1231 578 1298 605 Tutu
1314 579 1456 615 infligendo
1470 581 1560 616 plagas
1572 582 1629 610 ait:
1643 583 1731 610 Doceo
1742 587 1767 610 te
1778 588 1808 611 ut

1013 621 1122 654 audias;
1138 630 1190 650 tton
1203 624 1273 657 quod
1287 624 1405 653 auditunt
1420 626 1457 653 illi
1469 628 1576 660 tribuat,
1590 628 1636 656 sed
1648 629 1717 664 quod
1730 629 1806 664 plaga

1012 667 1137 699 emendct
1160 676 1372 704 prtcoccupatum
1397 672 1534 705 anituum,
1557 678 1584 700 et
1606 674 1639 701 ad
1666 675 1803 702 meliorem

1011 712 1112 748 frugem
1134 714 1253 743 reducat.
1274 715 1320 744 Sic
1340 722 1365 744 et
1382 717 1530 752 propheta:
1546 718 1686 754 Disciplina
1701 720 1806 747 Domini

1010 761 1090 795 aperit
1111 761 1173 787 milii
1193 770 1267 789 aures
1287 761 1362 797 (Isai.
1385 763 1429 790 50.
1451 763 1490 798 5).
1513 764 1578 797 Quia
1599 773 1663 800 ergo
1676 766 1798 795 diabolus

1010 807 1146 834 exciderat
1161 807 1224 841 (non
1239 808 1310 835 enim
1323 809 1471 843 argumenti
1486 810 1583 837 oblittts
1598 811 1679 847 sum),
1694 817 1805 840 noverat

1010 851 1052 878 ubi
1065 858 1124 878 erat
1135 871 1142 884 ,
1163 857 1302 886 postquam
1316 853 1424 886 excidit,
1446 859 1560 889 tuncque
1575 855 1600 882 itt
1615 863 1722 884 sensum
1737 856 1803 885 faci-

1009 897 1081 924 noris
1093 898 1134 925 sui
1150 899 1231 926 venit.
1248 899 1381 927 Didicerat
1395 908 1458 935 ergo
1473 908 1504 928 ex
1521 900 1552 928 iis
1568 909 1680 936 quorum
1697 903 1801 937 pericu-

1008 943 1061 970 lum
1076 943 1195 978 fecerat,
1210 945 1315 980 aitque,
1332 945 1363 973 Si
1376 947 1548 981 comederitis,
1570 948 1713 982 aperientur
1735 949 1801 976 oculi

1006 991 1095 1023 vestri;
1110 999 1222 1026 nempe,
1240 997 1268 1018 ut
1288 992 1338 1019 mei
1359 993 1442 1027 aperti
1460 998 1521 1020 sunt
1537 1003 1543 1020 :
1557 1001 1590 1021 ex
1604 1002 1657 1029 quo
1669 995 1799 1030 peccavi,

1006 1037 1068 1063 novi
1090 1037 1153 1071 quid
1174 1045 1268 1072 passus
1283 1039 1350 1070 sint,
1374 1039 1434 1066 novi
1455 1040 1517 1074 quid
1535 1040 1680 1068 amiserim.
1702 1041 1800 1069 Deinde

1005 1083 1175 1117 corrtcderunt,
1189 1089 1212 1111 et
1223 1085 1305 1120 aperti
1317 1091 1374 1112 sunt
1389 1087 1455 1112 oculi
1466 1095 1561 1118 eorum,
1573 1092 1594 1113 et
1606 1087 1720 1115 uiderunt
1731 1089 1799 1123 quod

1004 1128 1067 1155 nudi
1082 1134 1173 1156 essent.
1190 1130 1259 1157 Ante
1277 1130 1349 1158 enim
1370 1132 1432 1158 nttdi
1456 1137 1532 1158 erant
1547 1137 1571 1158 ct
1588 1140 1640 1159 non
1656 1134 1798 1161 erubesce-

1007 1173 1079 1200 bant.
1098 1174 1234 1202 Exueraut
1255 1177 1499 1208 immortalitatem,
1525 1178 1628 1205 sublata
1651 1184 1708 1206 erat
1730 1180 1798 1206 stola

1002 1219 1111 1254 gloriat,
1133 1221 1259 1249 nudatum
1278 1229 1375 1257 corpus
1396 1222 1497 1256 fuerat,
1519 1227 1545 1250 et
1567 1224 1649 1251 lutum
1670 1224 1797 1258 deinceps

1001 1271 1069 1293 erat.
1093 1265 1189 1294 Statim
1213 1268 1325 1295 scaturit
1345 1268 1482 1295 inventum
1508 1269 1614 1296 artium.
1641 1270 1692 1297 Ars
1710 1270 1795 1305 prima

1002 1311 1096 1339 Adami
1117 1313 1231 1340 sartoria
1251 1312 1310 1340 fuit.
1333 1315 1402 1341 Ante
1415 1321 1522 1341 onmem
1537 1319 1622 1342 artem
1636 1316 1750 1350 sumpsit
1763 1316 1796 1344 li-

1001 1357 1103 1385 culneae
1118 1357 1189 1392 folia,
1205 1364 1233 1386 et
1254 1359 1367 1386 consuit.
1384 1360 1449 1394 Quis
1464 1360 1572 1388 docuit?
1586 1362 1645 1396 quis
1660 1366 1795 1390 monstra-

1000 1404 1055 1431 vit?
1066 1403 1154 1432 Semel
1169 1413 1184 1432 a
1199 1405 1254 1432 Deo
1265 1406 1400 1433 solertiam
1410 1411 1559 1441 acceperat,
1573 1407 1658 1442 intago
1668 1408 1792 1441 eratDei,

999 1453 1027 1475 et
1040 1449 1073 1476 de
1086 1449 1197 1477 scientia
1211 1450 1315 1478 dubitas
1327 1451 1338 1477 ἲν
1349 1452 1414 1478 (ium
1430 1456 1515 1478 locum
1530 1453 1705 1486 repntavoris,
1722 1453 1794 1481 unde

999 1495 1114 1528 primum
1137 1492 1217 1522 homo
1231 1500 1347 1523 aratrum
1364 1496 1472 1529 fecerit,
1490 1498 1549 1532 quis
1564 1498 1663 1533 ligttum
1679 1504 1772 1533 aptare
1783 1520 1791 1531 ,

1000 1546 1027 1568 et
1040 1541 1066 1568 itt
1081 1542 1169 1569 medio
1183 1541 1281 1570 ferrum
1296 1543 1414 1571 inserere
1431 1549 1458 1571 et
1475 1544 1640 1579 adstringere
1654 1545 1790 1579 docuerit,

996 1585 1088 1621 jugont
1111 1586 1196 1615 bobus
1218 1587 1372 1622 imponere;
1397 1589 1466 1616 unde
1488 1590 1584 1618 mulier
1597 1591 1718 1618 texenda:
1732 1591 1792 1620 tela:

997 1636 1081 1658 artem
1095 1633 1242 1666 invenerit,
1257 1635 1380 1661 sumendi
1395 1635 1479 1662 vellus
1490 1656 1496 1668 ,
1512 1635 1633 1669 lavandi,
1648 1637 1769 1671 pectendi
1781 1658 1789 1670 ,

998 1676 1077 1704 nendi
1089 1698 1095 1709 ,
1111 1678 1232 1712 copulata
1249 1679 1374 1706 tenuandi
1386 1700 1393 1713 ,
1410 1688 1556 1715 rursusque
1569 1682 1691 1712 noctendi
1704 1682 1791 1710 :unde

998 1722 1068 1750 hoc?
1094 1723 1159 1756 Quis
1189 1724 1388 1759 phrygionicam
1416 1725 1576 1761 phrygiones
1602 1727 1707 1755 docuit?
1733 1727 1791 1756 Stat

999 1769 1142 1796 textorium
1166 1769 1388 1804 instrumentum,
1413 1780 1494 1799 nuntn
1515 1777 1557 1800 est
1573 1774 1643 1808 quod
1658 1775 1787 1807 mittitur:

997 1822 1049 1841 non
1065 1823 1158 1842 tnanus
1172 1816 1270 1849 efficit,
1293 1817 1340 1844 sed
1356 1818 1424 1845 ratio
1437 1824 1565 1853 operatur
1576 1840 1583 1852 ,
1607 1820 1675 1848 ratio
1690 1820 1790 1849 fortnas

996 1860 1123 1887 absolvit.
1147 1861 1251 1888 Artifex
1273 1870 1367 1890 mattus
1391 1871 1442 1890 non
1466 1864 1560 1898 injicit,
1585 1865 1704 1900 artisque
1722 1866 1791 1894 ratio

996 1907 1184 1934 vestimentum
1199 1907 1313 1940 format,
1330 1914 1357 1936 et
1370 1910 1396 1936 in
1412 1910 1517 1944 liguris,
1531 1919 1590 1946 qua:
1604 1912 1688 1939 oculis
1703 1913 1789 1947 perci-

997 1953 1112 1987 piutttttr,
1129 1954 1261 1983 excitatur
1272 1956 1381 1982 artificis
1396 1956 1527 1984 voluntas.
1541 1957 1599 1984 Jam
1612 1957 1723 1993 phrygio
1736 1967 1788 1986 non

996 2005 1086 2027 movet
1102 2008 1197 2027 manus
1209 2021 1216 2034 ,
1236 2006 1264 2028 ct
1279 2000 1376 2029 formas
1391 2003 1496 2030 excitat.
1515 2003 1542 2030 Si
1556 2009 1643 2033 autem
1657 2004 1787 2038 audieris,

998 2046 1079 2072 Deum
1103 2046 1225 2080 operari,
1251 2051 1363 2081 putasne
1388 2048 1473 2082 ipsum
1500 2057 1607 2077 movere
1629 2058 1735 2079 manum
1761 2055 1790 2078 ut

995 2091 1140 2126 operetur?
1162 2095 1189 2118 et.
1210 2091 1232 2118 si
1255 2099 1362 2119 omnem
1388 2098 1472 2120 artem
1497 2101 1629 2129 omneque
1652 2095 1789 2123 inventum

995 2137 1162 2171 exquisieris,
1176 2137 1339 2173 dixerisque,
1351 2139 1490 2171 Quomodo
1503 2140 1554 2167 ltoc
1566 2145 1594 2167 ct
1603 2141 1666 2168 illud
1681 2141 1790 2168 invene-

995 2182 1073 2209 runt?
1089 2183 1244 2210 recordatus
1256 2185 1349 2218 prima:
1360 2185 1432 2211 vocis
1443 2193 1494 2220 qua
1507 2185 1607 2212 dictum
1622 2187 1680 2219 fuit,
1693 2186 1789 2214 Facia-

995 2236 1051 2255 mus
1066 2228 1191 2255 hominem
1205 2229 1239 2255 ad
1253 2230 1387 2264 imaginem
1399 2236 1522 2264 nostram,
1538 2231 1620 2260 habes
1633 2233 1789 2267 quznsliouis

995 2273 1164 2301 solutionem.
1177 2275 1224 2302 Dei
1236 2275 1322 2310 imago
1330 2279 1384 2306 est.
1396 2281 1480 2303 etn0n
1490 2276 1630 2312 intelligit?
1642 2278 1689 2305 Dei
1701 2278 1789 2313 imago

995 2326 1053 2352 cst,
1078 2325 1105 2347 et
1126 2329 1178 2348 non
1202 2321 1319 2348 itttitatttr
1332 2322 1492 2349 Dominum?
1507 2323 1610 2350 Corunit
1623 2323 1686 2358 folia
1704 2324 1778 2358 ﬁcus.

1031 2367 1055 2392 'l.
1065 2365 1158 2393 Contra
1171 2375 1214 2394 eos
1226 2367 1269 2402 qui
1282 2367 1396 2394 dicebant
1411 2367 1559 2402 paradisum
1569 2369 1596 2395 in
1607 2370 1669 2396 mlo
1676 2377 1740 2396 esse.
1752 2385 1788 2390 —-

997 2411 1164 2439 Erubescant
1178 2413 1222 2448 qui
1236 2414 1381 2448 allegorice
1396 2414 1604 2449 interpretantes
1618 2415 1723 2450 dicunt,
1739 2424 1788 2450 pa-

995 2458 1113 2485 radisum
1132 2459 1157 2485 in
1173 2460 1241 2486 cmlo
1261 2464 1288 2487 et
1308 2460 1474 2495 spiritualem
1500 2468 1570 2489 esse.
1598 2461 1628 2489 In
1640 2462 1706 2489 czolo
1724 2462 1788 2497 quid

996 2504 1058 2532 facit
1086 2506 1168 2532 licus?
1191 2506 1288 2533 Verum
1312 2507 1348 2534 sit
1370 2507 1396 2534 in
1411 2507 1478 2534 etelo
1500 2508 1640 2543 paradisus
1656 2517 1662 2534 :
1677 2508 1788 2536 ﬂumina

996 2551 1066 2578 unde
1080 2552 1196 2579 exeunt?
1212 2560 1301 2580 nonne
1314 2561 1347 2581 ex
1363 2554 1454 2581 terra?
1467 2553 1494 2581 Si
1518 2554 1659 2588 paradisus
1681 2563 1787 2583 sursum

994 2602 1044 2630 est,
1064 2598 1133 2626 haud
1153 2599 1234 2627 dubie
1256 2600 1363 2627 iiutuina
1393 2601 1426 2628 de
1446 2601 1568 2636 supernis
1594 2602 1688 2629 linunt.
1717 2601 1786 2630 Num

995 2643 1059 2670 dicit
1069 2644 1207 2679 Scriptura
1224 2654 1231 2673 :
1249 2646 1358 2673 Fluvius
1373 2647 1512 2674 descendit
1524 2655 1556 2674 ex
1570 2647 1674 2675 Edent?
1687 2649 1789 2676 Atvitle

995 2690 1141 2724 sophisma.
1165 2691 1281 2719 lrridcnt
1296 2700 1344 2719 nos
1371 2693 1408 2720 illi
1437 2687 1627 2728 allegoriarum
1652 2699 1786 2722 auctores.

997 2735 1084 2763 Induit
1098 2746 1149 2770 eos,
1163 2738 1336 2773 iuquit,Dcus
1347 2740 1447 2767 tunicas
1463 2740 1580 2775 pellicem
1594 2740 1673 2775 (Gen.
1689 2741 1716 2768 5.
1728 2740 1787 2774 2|).

995 2782 1062 2809 Num
1078 2783 1160 2810 b0ch
1172 2789 1199 2811 et
1214 2792 1278 2811 oves
1296 2785 1445 2817 mactavit,
1460 2786 1619 2820 aperuitqne
1628 2786 1734 2813 coriarii
1748 2786 1787 2813 of.

996 2830 1112 2861 licinntu,
1130 2837 1161 2857 ac
1174 2831 1280 2858 coriarii
1297 2836 1382 2858 artem
1396 2832 1470 2867 egit?
1485 2832 1689 2866 Respondemus
1712 2841 1761 2859 nos
1773 2853 1780 2860 .

998 2879 1080 2902 totum
1094 2875 1191 2903 animal
1214 2876 1338 2910 produxit
1351 2878 1424 2906 nullo
1437 2886 1600 2912 congrchu,
1616 2879 1687 2906 nulla
1703 2887 1785 2914 copu-
