2062 3128
153 169 203 197 ΜΗ

153 223 220 261 ἦλθε
232 221 298 260 πρὸς
310 222 392 250 αὑτὸν
404 224 418 250 6
427 222 503 255 Θεός.
512 221 700 257 Ἐπεθύμησεν
720 221 806 256 ’Δδὰμ
819 219 944 255 γενέσθαι

155 266 215 298 θεός
226 274 233 281 ·
248 264 386 292 ἀδυνάτων
401 264 429 291 δὲ
443 263 615 298 ἐπεθύμησεν
624 272 631 279 ·
650 263 743 290 ἔλυσεν
760 262 842 289 αὑτοῦ
851 262 866 288 6
878 262 945 296 Χρι-

131 307 146 342 ς’
156 307 218 338 στδς
229 306 278 341 τὴν
292 305 449 340 ἐπιθυμίαν.
465 304 542 341 [502]
555 304 745 340 Ἐπεθύμησας
760 304 793 330 σὺ
807 303 944 337 γενέσθαι,

140 348 169 385 ξδ
192 347 242 374 οὐκ
260 346 364 382 ἠδύνω·
383 346 508 381 ἐπιθυμῶ
527 345 582 380 ἐγὼ
605 346 732 380 γενέσθαι
760 344 914 380 ἄνθρωπος,
932 342 946 369 ὃ

122 402 125 405 -
155 390 286 423 δύναμαι·
304 389 479 423 ἀντεσήκωσε
498 387 553 422 γὰρ
569 387 651 414 αὐτοῦ
668 388 681 414 6
702 386 767 418 Θεὸς
785 387 817 422 τῇ
843 385 945 420 ἀπάτῃ.

161 430 354 465 Ἕπεθύμησας
370 429 425 455 τῶν
449 429 518 465 ὑπὲρ
540 429 587 460 σὲ,
609 428 741 464 λαμϐάνω
762 428 797 454 τὰ
819 427 865 454 ὑπ’
885 426 946 461 ἐμέ.

163 472 293 502 ’ἱσοθεῖας
319 470 518 506 ἐπεθύμησας·
550 470 718 505 ῐσὰνθρωπος
747 469 867 504 γίνομαι.
898 468 947 495 Διά

156 513 237 539 τοῦτο
252 512 298 539 καὶ
312 511 418 543 Παῦλος
431 511 524 545 λέγει’
543 511 596 538 Καὶ
613 511 745 545 σχήματι
765 509 896 544 εὑρεθεὶς
908 509 949 541 ὡς

159 555 325 588 ἅνθρωπος.
352 553 546 589 Ἐπεθύμησας
571 553 699 587 γενέσθαι
723 552 803 584 θεὸς,
827 551 874 578 καὶ
899 552 950 578 οὐκ

158 596 338 632 ἠγανάκτησα
350 595 395 621 διὰ
407 594 485 621 τοῦτο
498 603 504 609 ·
521 594 590 621 θέλω
600 594 654 630 γάρ
669 602 698 620 σε
712 594 827 620 ἰσοθεϊαν
839 593 932 620 ποθεῖν
941 600 948 608 ·

160 638 219 665 ἀλλ’
230 639 247 673 ἡ
262 637 463 672 ἀγανάκτησις,
479 636 520 662 ὅτι
536 635 612 672 παρὰ
626 635 739 670 γνώμην
753 634 800 661 τοῦ
816 634 950 660 Δεσπότου

161 679 296 714 ἠθέλησας
308 679 429 713 ἁρπάσαι
445 678 476 704 τὸ
493 677 612 712 ἀξίωμα.
622 676 816 711 Ἐπεθύμησας
826 675 951 710 γενέσθαι

162 721 222 752 θεὸς
232 741 240 753 ,
253 720 300 747 καὶ
315 720 365 747 οὐκ
380 718 516 754 ἡδυνήθης
529 727 535 733 ·
552 718 664 752 γίνομαι
679 717 821 753 ἄνθρωπος
833 737 841 748 ,
861 717 908 743 καὶ
921 716 952 743 τὸ
975 736 978 738 -

161 761 290 789 ἀδύνατον
303 761 412 787 δυνατὸν
426 760 505 786 ποιῶ.
521 759 582 785 Ὀτι
597 759 625 785 δὲ
641 758 783 794 ἐπιθυμῶν
797 757 863 794 ἦλθε
885 758 952 793 πρὸς

161 804 250 836 τοῦτο,
267 804 399 839 μαρτυρεῖ
412 802 493 833 αὐτὸς
505 801 592 835 λέγων
602 809 609 816 ⁸
624 802 668 828 ὅτε
684 801 715 827 τὸ
730 801 823 836 πάσχα
833 800 926 836 ἢσθιεν
939 801 954 826 6

162 845 269 881 τρέφων
280 844 349 880 μετά
359 843 414 870 τῶν
423 843 607 879 τρεφομένων,
620 843 667 869 καὶ
674 843 798 879 τράπεζα
811 842 954 878 προέκειτο

161 886 201 922 τῷ
217 886 342 922 τρέφοντι
359 886 448 912 πᾶσαν
461 885 510 919 τὴν
527 885 573 911 ὑπ’
585 885 710 919 οὐρανὸν,
727 884 800 919 λέγει
815 886 871 916 τοῖς
887 884 955 910 ἀπο-

164 928 281 960 στόλοις·
309 927 464 961 Ἐπιθυμίᾳ
482 926 658 960 ἐπεθύμησα
673 925 780 960 φαγεῖν
800 925 832 952 τὸ
849 924 955 959 πάσχα

162 969 253 996 πῦτο
262 968 326 1004 μεθ’
341 967 434 1003 ὑμῶν.
446 968 493 1003 Μὴ
509 967 563 1002 γὰρ
575 967 715 1002 ὲὸἁσκηνά
732 975 778 994 σου
789 969 822 1002 τῇ
836 967 953 1002 ίσοθεΐᾳ;

163 1012 201 1037 Σὺ
219 1011 254 1037 τὰ
270 1010 323 1045 ἐμὰ
347 1010 481 1045 ἠθέλησας
497 1009 635 1045 ἁρπάσαι,
655 1009 692 1044 μὴ
717 1009 883 1043 δυνάμενος·
901 1008 956 1042 ἐγὼ

163 1052 199 1078 τὰ
226 1052 260 1078 σὰ
280 1051 424 1086 λαμϐάνω,
443 1051 602 1085 δυνάμενος.
623 1050 756 1086 ῌοόσςχε.
776 1049 902 1086 Κακεῆλθε
925 1049 956 1076 τὸ

164 1093 288 1125 δειλινὸν,
305 1093 352 1120 καὶ
368 1092 456 1126 λέγει·
476 1091 578 1127 Ἀδὰμ,
592 1092 652 1119 ποῦ
666 1092 710 1124 εἷ,

144 1163 176 1180 ρκ’

203 1172 240 1201 ς’.
265 1167 378 1203 Ἀδελφὰ
391 1168 482 1194 ἐκεῖνα
499 1167 545 1194 καὶ
557 1166 658 1194 ταῦτα·
674 1166 733 1199 ἐνὸς
747 1166 800 1202 γὰρ
821 1166 888 1193 Θεοῦ
909 1167 958 1193 κά-

167 1214 244 1239 κεῐνα
259 1212 308 1239 καὶ
321 1210 417 1238 ταῦτα.
430 1211 475 1247 Μὴ
491 1210 545 1246 γὰρ
562 1210 641 1242 ἄλλος
656 1208 737 1245 ἦλθεν
753 1210 799 1236 ἐπὶ
815 1211 845 1236 τὸ
862 1209 957 1242 πάθος,

167 1258 225 1285 ἀλλ’
246 1259 261 1285 6
287 1257 423 1284 κατελθὼν
446 1257 475 1283 ἐν
503 1256 542 1291 τῷ
566 1256 739 1291 παραδείσῳ;
770 1255 900 1291 Ἑκρύὸη,
925 1255 958 1290 ᾔ-

168 1300 248 1326 σθετο
270 1298 338 1334 μετά
363 1298 394 1324 τὸ
418 1299 524 1332 φαγεῖν.
540 1298 762 1332 Διηνοίχθησαν
780 1296 834 1332 γὰρ
858 1295 956 1323 αὐτῶν

169 1343 196 1368 οὶ
224 1340 500 1375 ὀφθαλμοὶ,·φησὶ,
529 1339 580 1366 καὶ
611 1339 748 1373 ἔγνωσαν
776 1337 821 1364 ὅτι
853 1337 960 1373 γυμνοὶ

170 1381 262 1417 ἦσαν.
297 1380 406 1416 Ἐπειδὴ
429 1383 444 1407 6
472 1381 593 1412 διάϐολος
623 1378 717 1413 εἶπεν,
742 1376 785 1415 τῌ
808 1379 846 1406 ἂν
864 1381 958 1414 ἡμέρᾳ

170 1423 285 1458 φάγητε
294 1443 302 1454 ,
315 1422 452 1457 διανοιχθ
459 1421 585 1454 ήσοντιιι
599 1421 683 1456 ὑμῶν
693 1423 720 1448 ol
735 1421 882 1455 ὀφθαλμοί
891 1430 898 1435 '
912 1421 960 1453 ἴδε,

171 1464 272 1499 φησιν,
304 1463 451 1498 ὴλήθευσεν
482 1464 496 1489 6
517 1463 648 1494 Σατανᾶς.
670 1462 768 1497 Παύλῳ
794 1462 892 1498 πρέπει
919 1462 962 1489 λέ-

169 1515 228 1540 γειν
239 1514 246 1521 ο
264 1506 305 1532 οὐ
324 1505 379 1540 γὰρ
394 1504 488 1532 αὐτοῦ
504 1505 540 1531 τὰ
555 1503 691 1538 νοήματα
713 1503 892 1539 ἀγνοοῦμεν.
916 1504 962 1530 Οἵ-

169 1549 248 1576 δασιν
269 1548 293 1574 οἱ
309 1548 380 1581 ἆγιοι
397 1547 447 1579 τὰς
461 1546 582 1582 μηχανὰς
601 1546 648 1573 τοῦ
668 1546 802 1573 διαϐόλου.
829 1547 900 1584 "QE
911 1554 962 1573 κα-

172 1590 244 1616 κίαν.
262 1589 347 1616 Πόθεν
369 1589 426 1624 ᾔδει
446 1590 460 1615 6
488 1588 629 1620 διάϐολος,
646 1588 688 1614 ὅτι
715 1587 785 1623 μετὰ
811 1587 842 1613 τὸ
866 1589 963 1622 φαγεῖν

172 1631 326 1665 ἀνοίγονται
339 1629 427 1657 αὐτῶν
439 1631 463 1656 οἱ
478 1629 627 1664 ὀφθαλμοίς
645 1629 683 1664 μὴ
698 1628 752 1663 γὰρ
767 1628 863 1663 τυφλοὶ
874 1627 962 1664 ἦσαν;

144 1683 150 1688 “
173 1673 256 1707 Λέγει
270 1674 287 1708 ὴ
298 1672 404 1708 Γραφὴ,
422 1672 487 1707 πρὶν
502 1673 597 1706 φαγεῖν
608 1670 706 1701 αὐτοὺς
718 1670 772 1696 ἀπὸ
782 1669 829 1696 τοῦ
842 1670 961 1705 δένδρου,

174 1713 261 1747 Εἶδε,
280 1715 372 1749 φησιν,
396 1715 415 1747 ἡ
437 1712 514 1748 γυνὴ
536 1713 569 1739 τὸ
592 1711 728 1746 δένδρον.
744 1711 849 1738 Οὐκοῦν
863 1712 913 1738 οὐκ
930 1709 964 1747 ἦν

173 1757 272 1791 τυφλή.
285 1755 362 1788 Εἴδε,
378 1756 470 1790 φησιν,
482 1756 500 1789 ὴ
513 1754 590 1789 γυνὴ
604 1754 637 1780 τὸ
651 1753 788 1787 δένδρον,
802 1753 846 1779 ὅτι
857 1753 965 1787 ὡραῖον

175 1801 218 1831 εὶς
237 1798 354 1831 ὅρασιν.
375 1797 486 1832 Πρῶτον
505 1794 558 1822 εἶδε
570 1816 577 1828 ,
593 1795 640 1822 καὶ
653 1795 714 1821 τότε
727 1794 828 1829 ἔφαγε.
842 1794 905 1826 Πῶς
918 1793 965 1821 οὖν

177 1839 342 1874 ἠνοίχθησαν
353 1838 443 1864 αὐτῶν
458 1838 482 1864 οἱ
492 1836 641 1872 όφθαλμοί;
656 1835 785 1874 ΠρόσεχεΙ
797 1836 963 1874 παρακαλῶ·

181 1860 385 1907 ἕᾷζέξῖόέῖέἑπζ
394 1860 439 1906 ὲῖί
454 1860 641 1914 ξέχέἰιίζέζέᾎξμῗ
652 1860 943 1904 ’ϐ’-’Μ
687 1860 832 1907 "51.69.;
842 1860 899 1902 δίει
909 1860 966 1903 ἐξ-

176 1922 307 1953 πτώσεως
327 1919 372 1956 ἦν,
391 1920 530 1951 τουτέστι,
550 1919 604 1945 ἀπὸ
624 1918 827 1954 παραϐάσεως·
843 1918 890 1944 καὶ
907 1918 966 1953 ᾔδει

177 1964 204 1990 τί
217 1963 315 1990 ἐπαθεν
331 1963 345 1988 ὁ
357 1961 501 1997 παραϐὰς,
515 1961 562 1987 καὶ
577 1959 605 1986 τί
624 1959 774 1994 πάσχουσιν
792 1960 816 1985 οἱ
832 1959 967 1994 παραϐαί-

178 2013 278 2036 νοντες.
295 2004 391 2033 Κοινρν
410 1997 444 2030 Γδέ
465 2003 522 2029 ἐστι
542 2002 573 2029 τὸ
591 2001 677 2032 πάθος
694 2001 812 2028 πάντων.
840 2001 894 2027 Καὶ
913 2001 968 2036 γάρ

180 2048 213 2082 σή
217 2054 310 2082 μερον,
319 2046 382 2072 ὃταν
392 2044 603 2080 ἁμαρτάνωμεν,
610 2043 647 2075 ὡς
654 2043 749 2076 τυφλοὶ
759 2042 951 2077 ἁμαρτάνομεν
959 2050 966 2056 -

180 2089 226 2121 καὶ
241 2089 304 2114 ὅταν
317 2087 531 2122 ἁμαρτήσωμεν,
549 2085 610 2111 τότε
628 2084 737 2120 ὁρῶμεν
749 2084 778 2110 τί
788 2084 966 2118 ἐποιήσαμεν.

181 2127 253 2164 Dig,
268 2129 362 2164 ὥσπερ
377 2128 403 2154 εῐ
416 2136 458 2159 τις
470 2126 635 2161 ἐγκαλεῖται,
652 2123 709 2152 Διάῦ
718 2125 743 2152 τί
755 2125 814 2151 τόδε
827 2125 967 2160 ἐποίησας,

186 2159 245 2170 -ρ

180 2161 375 2206 οἶβᾶρασίζεται
382 2167 637 2203 ἀνάγκην”Αληθῶς
643 2168 692 2193 οὐκ
699 2166 812 2192 ἔϐλεπον
819 2165 844 2193 τί
851 2167 967 2192 ἐποίουν·
979 2161 982 2164 ’

179 2214 229 2247 οὐχ
243 2212 280 2244 ὡς
296 2211 393 2245 τυφλὸς
406 2210 454 2242 ὢν,
469 2209 526 2236 ἀλλ’
539 2209 631 2244 ἐπειδὴ
646 2210 675 2235 ἐν
687 2210 720 2244 τῇ
735 2208 856 2245 ἁμαρτίᾳ
869 2209 883 2235 6
897 2208 970 2242 λογι-

182 2254 249 2288 σμὺς
268 2252 404 2288 πηροῦται
421 2271 428 2283 ,
446 2251 505 2282 ὂλος
519 2250 659 2285 γινόμενος
672 2249 719 2276 τοῦ
734 2250 852 2285 πρᾶξαι,
865 2250 911 2276 καὶ
925 2259 971 2276 τυ-

181 2294 294 2329 φλοῦται
311 2295 340 2319 ἐν
357 2293 396 2328 τῷ
410 2293 549 2328 πράττειν.
564 2291 661 2317 Βλέπει
677 2291 746 2326 μετὰ
760 2290 846 2317 ταῦτα
861 2292 894 2326 τῇ
910 2300 971 2318 συν-

181 2337 285 2370 ειδήσει
303 2335 330 2361 τί
341 2332 485 2369 πεποίηκε.
499 2333 578 2367 Λέγω
588 2332 617 2358 δὲ
635 2332 673 2364 ὡς
685 2333 714 2359 ἐν
725 2332 851 2359 ὑποθέσει
861 2341 868 2348 ·
884 2333 972 2367 εἰσέρ-

182 2378 258 2413 χεταί
276 2385 319 2408 τις
339 2375 486 2412 λῃστεῦσαι
508 2374 558 2400 ἐπὶ·
570 2373 675 2405 οἰκίας,
695 2373 743 2400 καὶ
765 2374 918 2409 εἰσέρχεται
934 2373 972 2404 ὡς

165 2423 166 2427 ‘
181 2418 297 2453 τυφλός’
313 2418 343 2444 οὺ
356 2416 491 2450 λογίζεται
503 2415 549 2441 τὸν
559 2415 732 2446 ἀπαντῶντα,
749 2415 793 2441 τὸν
808 2415 970 2450 κρατοῦντα,

150 2474 151 2478 η
181 2461 228 2487 τὸν
246 2459 331 2493 φόϐον,
342 2459 395 2485 τῶν
410 2457 554 2488 δικαστῶν,
566 2456 612 2483 τὸν
627 2456 818 2492 ἐπηρτημένον
834 2455 954 2482 κίνδυνον
965 2465 971 2472 -

182 2502 352 2536 τετύφλωται
366 2501 419 2536 γάρ
434 2500 487 2526 ὑπὸ
498 2500 548 2535 τῆς
562 2499 651 2526 νόσου.
670 2498 754 2525 Ὅταν
765 2497 873 2533 εἰσέλθῃ
885 2518 892 2530 ,
909 2499 974 2525 ὅταν

183 2544 266 2579 λάϐῃ,
283 2544 346 2569 ὅταν
365 2543 467 2576 κλέψας
477 2541 584 2577 ἐξέλθῃ,
603 2540 716 2576 μηδενὸς
733 2540 876 2575 παρόντος,
891 2540 973 2574 φόϐου

184 2585 345 2620 πληροῦται,
357 2583 515 2614 αἰσθάνεται
530 2583 556 2608 τί
571 2582 693 2616 ἐποίησε,
709 2581 756 2608 m).
768 2582 904 2615 λογίζεται
915 2581 956 2607 ὅτι
966 2602 973 2614 ,

184 2627 232 2653 ἐὰν
252 2626 356 2662 ζητηθῇ
368 2645 376 2658 ,
396 2625 487 2653 νοοῦσι
508 2625 539 2651 τὸ
559 2625 676 2660 πρᾶγμα
697 2624 768 2655 τίνος
785 2624 859 2650 ἐστὶν
883 2623 974 2659 ἔργον.

185 2667 265 2704 Ιὺθό]
278 2669 334 2695 Καὶ
353 2668 372 2695 ἃ
386 2667 424 2702 μὴ
439 2667 580 2701 ἐλογίσατο
594 2666 732 2701 πράττων,
751 2664 887 2699 λογίζεται
906 2665 976 2700 μετὰ

168 2734 170 2736 τ
184 2711 216 2736 τδ
231 2710 344 2745 πρᾶξαι.
363 2707 436 2745 QE”,
451 2710 465 2736 6
477 2709 621 2744 μοιχεύων,
638 2708 684 2734 καὶ
698 2707 867 2742 ὲπιρρίπτων
881 2707 976 2734 ἑαυτὸν

185 2753 319 2788 ἀλλοτρίῳ
335 2753 419 2788 πυρὶ,
434 2753 602 2788 εἰσέρχεται,
619 2752 665 2778 καὶ
681 2751 711 2778 οὐ
729 2750 864 2784 λογίζεται
878 2751 918 2777 ὅτι
935 2751 977 2777 νό-

189 2803 236 2829 μοι
249 2794 318 2827 εἰσὶ,
331 2794 508 2829 δικαστήρια,
526 2793 705 2828 κατηγορίαι,
722 2792 784 2827 ξίφη
800 2792 956 2827 ἠκονημένα
969 2800 976 2807 ·

188 2835 243 2862 ἀλλ’
261 2836 324 2862 ὅταν
334 2835 434 2872 πράξῃ,
451 2835 545 2870 δειλιᾷ,
555 2834 705 2861 ὑποπτεύει
716 2834 808 2864 παῖδα,
821 2832 976 2868 παιδίσκην,

191 2877 438 2912 γείτονα,’συγγενῆ
451 2887 454 2890 '
471 2877 516 2904 καὶ
529 2876 545 2903 ἃ
563 2875 599 2911 μὴ
612 2875 724 2902 ἔϐλεπεν
739 2877 767 2902 ἐν
785 2874 824 2910 τῷ
838 2873 976 2909 πράττειν,

674 164 718 193 DE
738 165 847 194 MUNDI
865 161 1064 192 CREA'I'IONE
1083 161 1212 191 ORATIO
1228 163 1272 191 Vl.

1731 163 1783 191 60?.

999 218 1091 253 βλέπει
1109 220 1178 255 μετὰ
1191 220 1221 246 τὺ
1232 219 1343 255 πρᾶξαι.
1361 219 1445 248 Πάλιν
1459 221 1588 256 παραινεῖ
1605 228 1646 252 τις
1666 219 1718 246 τινὶ
1731 220 1784 247 ἀπ-

998 260 1109 295 έχεσθαι
1126 263 1219 289 κακῶν
1230 270 1237 277 ·
1258 261 1309 289 κᾶν
1332 262 1447 298 ἀπειθὴς
1466 259 1504 299 ᾖ,
1521 263 1537 297 ἡ
1555 260 1683 296 συνήθεια
1697 261 1784 296 τούτῳ

998 300 1087 335 λέγει’
1110 303 1243 335 Πολλάκις
1266 303 1340 339 αὐτῷ
1355 301 1440 335 εἶπον,
1457 304 1504 330 καὶ
1519 303 1568 330 οὐκ
1585 303 1699 337 ἤκουσεν
1711 310 1718 317 ·
1734 302 1784 336 οὐχ

999 342 1041 369 ὅτι
1056 343 1106 370 οὐκ
1116 344 1231 379 ἤκουσεν
1245 351 1269 371 ﬂ.
1287 345 1403 372 Ἔπειτα
1419 344 1565 379 ἐπαγαγὼν
1580 343 1653 378 αὐτῷ
1666 343 1784 378 πληγὰς,

999 383 1082 418 λέγει·
1098 386 1221 412 Διδάσκω
1232 394 1261 413 σε
1275 386 1399 413 ἀκούειν·
1412 387 1460 422 οὐχ
1475 388 1515 413 ὅτι
1529 386 1613 420 ἀκοὴν
1626 385 1699 418 αὐτῷ
1709 384 1785 411 δίδω-

1002 434 1053 457 σιν,
1075 426 1132 453 ἀλλ’
1149 427 1189 453 ὅτι
1204 428 1220 462 ὴ
1237 427 1328 464 πληγὴ
1342 428 1493 464 διορθοῦται
1514 427 1563 463 τὴν
1583 426 1727 462 πρόληψιν,
1740 426 1786 452 καὶ

1001 468 1040 498 είς
1055 467 1160 494 σύνεσιν
1182 469 1263 496 αὑτὸν
1275 469 1363 504 φέρει,
1388 469 1464 496 Οὕτω
1485 469 1530 496 καὶ
1544 469 1559 495 ὁ
1577 468 1736 502 προφήτης·
1757 466 1789 493 Ἠ

1001 509 1120 536 παιδεία
1132 511 1241 543 Κυρίου
1259 511 1369 545 ἀνοίγει
1379 520 1438 545 μου
1448 512 1485 538 τὰ
1501 509 1570 538 ὦτα.
1593 510 1670 537 Ἐπεὶ
1685 507 1731 535 οὖν
1744 508 1789 539 ἐξ-

1002 551 1100 578 έπεσεν
1117 552 1131 577 ό
1149 551 1273 583 διάϐολος
1289 553 1330 586 (οὐ
1347 552 1400 588 γὰρ
1423 553 1602 588 ἐπιλέλησμαι
1627 552 1675 586 τῆς
1692 549 1788 577 ὑποθέ-

1004 601 1072 624 σεως
1084 593 1103 626 ),
1124 593 1183 628 ᾔδει
1202 593 1254 619 ποῦ
1273 591 1307 630 ἦν
1324 594 1392 629 μετὰ
1412 594 1442 620 τὺ
1463 595 1600 626 ἐκπεσεῖν,
1616 593 1662 619 καὶ
1674 593 1733 618 τότε
1749 591 1789 622 είς

1003 634 1128 670 αἴσθησιν
1139 633 1220 670 ἦλθεν
1233 632 1270 661 ὧν
1281 635 1417 670 ἐποίησεν.
1427 636 1547 671 Ἔμαθεν
1555 633 1637 666 οὖνὲξ
1646 631 1682 660 ὧν
1693 632 1788 664 ἔπαθε,

1004 677 1051 703 καὶ
1061 677 1144 711 λέγει,
1160 677 1227 704 Ἐὰν
1240 677 1362 712 φάγητε,
1374 678 1543 712 ἀνοίγονται
1553 676 1635 711 ὑμῶν
1643 676 1790 710 0165;01:1-

1003 718 1054 753 μοί
1063 727 1069 734 ’
1080 719 1228 751 τουτέστιν,
1239 719 1277 751 ὡς
1290 719 1336 746 καὶ
1349 720 1373 746 οἱ
1383 719 1457 754 ἐμοί·
1472 717 1539 752 οἶδα,
1556 719 1601 752 ἀφ’
1610 714 1640 745 οὗ
1654 717 1788 752 παρέϐην,

1004 759 1032 786 τί
1047 759 1160 786 ἔπαθονν
1175 760 1261 794 ἔγνων
1280 761 1307 786 τί
1324 760 1440 792 ἔπαθον,
1455 760 1539 795 ἔγνων
1553 760 1625 791 τίνος
1644 760 1789 792 ἀπέτυχον.

1006 799 1077 829 Εἶτα
1091 801 1213 836 ἔφαγον,
1227 802 1276 828 καὶ
1296 802 1514 837 διηνοίχθησαν
1529 802 1629 829 αὐτῶν
1639 803 1665 828 οἱ
1680 801 1791 835 692011.1-

1003 843 1054 877 μοὶ
1065 863 1072 875 ,
1088 843 1138 870 καὶ
1152 841 1235 871 εἶδον
1255 844 1300 871 ὅτι
1321 845 1427 879 γυμνοὶ
1444 843 1535 880 ἦσαν.
1557 844 1613 879 Πρὸ
1624 844 1678 878 γὰρ
1697 842 1790 868 τούτου

1006 883 1076 920 ἦσαν
1091 885 1207 920 γυμνοὶ,
1232 886 1279 912 καὶ
1297 886 1347 912 οὐκ
1360 884 1517 922 ῄσχῖῦνοντο.
1542 885 1724 912 ’Δπεδύσαντο
1741 883 1792 918 τὴν

1007 927 1168 960 ἀθανασίαν,
1181 927 1337 962 περιῃρέθη
1349 929 1366 962 ἡ
1385 928 1465 963 στολὴ
1479 928 1528 962 τῆς
1542 927 1630 963 δόξης,
1648 924 1792 961 ἐγυμνώθη

1007 969 1038 994 τὸ
1052 967 1130 1003 σῶμα
1144 988 1152 1001 ,
1166 969 1213 995 καὶ
1232 966 1266 1004 ἦν
1281 969 1365 1004 πηλὸς
1379 969 1481 996 λοιπόν.
1497 969 1605 1000 Εὐθέως
1619 968 1694 1003 βρύει
1705 968 1722 1002 ἡ
1735 966 1794 993 ἐπί-

1009 1018 1068 1036 νοια
1083 1010 1136 1036 τῶν
1149 1010 1261 1045 τεχνῶν.
1280 1009 1378 1046 Πρώτη
1394 1011 1473 1046 τέχνη
1490 1010 1537 1036 τοῦ
1559 1010 1644 1045 Ἀδὰμ
1662 1008 1791 1045 ῥαπτική.

1009 1051 1066 1086 Πρὸ
1080 1051 1169 1085 πάσης
1189 1052 1286 1086 τέχνης
1304 1051 1384 1079 ἔλαϐε
1398 1052 1432 1079 τά
1450 1052 1536 1086 φύλλα
1550 1052 1599 1087 τῆς
1621 1051 1723 1085 συκῆς,
1747 1050 1794 1076 καὶ

1009 1091 1122 1128 ἕρῤαῲε.
1143 1092 1189 1124 Τίς
1211 1094 1225 1119 6
1247 1093 1370 1126 διδάξας;
1389 1094 1431 1124 τίς
1452 1094 1466 1119 6
1487 1093 1654 1125 παιδεύσας;
1679 1091 1794 1117 Ἔλαϐεν

1010 1134 1082 1167 ἅπαξ
1095 1134 1171 1170 παρὰ
1187 1135 1254 1160 Θεοῦ
1270 1135 1387 1167 σύνεσιν,
1401 1135 1482 1161 εἰκὼν
1494 1133 1528 1170 ἦν
1541 1134 1608 1160 Θεοῦ
1622 1154 1630 1166 ,
1647 1133 1694 1160 καὶ
1708 1133 1795 1167 ἀμφι-

1011 1176 1118 1207 ϐάλλεις
1131 1177 1193 1211 περὶ
1202 1177 1250 1211 τὴν
1262 1177 1363 1210 γνῶσιν
1374 1185 1382 1209 ;
1399 1177 1482 1203 Ὅταν
1494 1177 1623 1211 ἐννοήσῃς
1637 1174 1706 1202 κατὰ
1720 1182 1810 1200 σεαυυ

1010 1218 1066 1249 τὸν,
1088 1217 1170 1244 πόθεν
1188 1217 1330 1252 ἄνθρωπος
1345 1217 1460 1253 ἄροτρον
1479 1218 1586 1252 πρῶτον
1606 1216 1737 1251 ἐποίησε,
1755 1214 1798 1246 τίς
1819 1218 1826 1237 ’ν

1012 1259 1132 1292 ὑπέδειξε
1145 1259 1257 1294 ποιῆσαι
1268 1259 1356 1292 ξύλον,
1366 1259 1413 1285 καὶ
1426 1259 1608 1294 μεσολαϐἧσαι
1624 1258 1741 1293 σίδηρον,
1751 1256 1799 1282 καὶ
1829 1258 1831 1265 ‘

1012 1301 1134 1336 σφίγξαι,
1154 1301 1201 1328 καὶ
1225 1301 1340 1336 ζεύγλην
1366 1301 1498 1328 ἐπιθεῖναι
1522 1302 1578 1331 τοῖς
1601 1299 1693 1335 βουσί·
1717 1297 1799 1324 πόθεν

1012 1343 1080 1378 γυνὴ
1093 1339 1156 1378 εὗρε
1170 1344 1269 1379 τέχνην
1286 1342 1441 1378 ίστουργίας
1451 1362 1459 1374 ,
1475 1342 1568 1369 λαϐεῖν
1579 1341 1671 1373 πόκον,
1689 1339 1799 1372 πλῦναι,

1014 1384 1107 1416 ξᾶναι,
1122 1384 1220 1420 νῆσαι,
1239 1384 1270 1410 τὸ
1290 1384 1462 1419 συνημμένον
1487 1383 1627 1415 λεπτῦναι,
1650 1382 1698 1409 καὶ
1719 1381 1801 1408 πάλιν

1015 1426 1123 1461 σχισθέν
1139 1426 1256 1460 συνάψαι
1266 1434 1273 1442 ·
1288 1426 1369 1452 πόθεν
1382 1426 1460 1452 τοῦτο
1470 1434 1478 1458 ;
1490 1425 1538 1457 Τίς
1554 1425 1656 1457 ἐδίδαξε
1669 1424 1732 1455 τοὺς
1743 1430 1803 1449 ποι-

1015 1468 1108 1500 κιλτὰς
1120 1468 1168 1503 τὴν
1183 1468 1366 1503 ποικιλτικήν;
1383 1468 1517 1503 Ἔστηκεν
1533 1468 1615 1500 ἱστὸς,
1632 1467 1661 1493 ἒν
1671 1466 1700 1492 τδ
1712 1474 1803 1501 παρα-

1015 1510 1200 1545 πεμπόμενον,
1213 1511 1243 1536 ού
1261 1510 1321 1546 χεὶρ
1337 1510 1518 1546 ἐργαζομένη.
1534 1510 1591 1537 ἀλλ’
1606 1509 1707 1544 ὁλόγος
1717 1509 1802 1544 ὲργόι-

1016 1554 1101 1586 ζεται,
1112 1552 1190 1587 λόγος
1204 1553 1310 1588 μορφὰς
1320 1552 1454 1579 ἀποτελεῖ.
1466 1552 1522 1578 υὺκ
1532 1552 1670 1578 ἐπιϐάλλει
1683 1553 1776 1586 χεῖρας
1790 1551 1804 1577 6

1016 1595 1140 1630 τεχνίτης
1150 1614 1157 1626 ,
1175 1595 1222 1621 καὶ
1234 1595 1248 1620 6
1261 1594 1340 1628 λόγος
1354 1595 1402 1628 τῆς
1416 1594 1514 1629 τέχνης
1530 1595 1629 1629 μορφοῖ
1641 1593 1670 1620 τὸ
1686 1593 1803 1628 ἱμάτιον,

1016 1638 1063 1664 καὶ
1074 1638 1102 1663 ὲν
1117 1636 1264 1672 ὁρωμένοις
1280 1636 1416 1671 σχήμασιν
1429 1636 1565 1671 ἐγείρεται
1575 1635 1606 1661 τὸ
1621 1635 1743 1670 βούλημα
1757 1634 1804 1661 τοῦ

1016 1678 1149 1714 τεχνίτου.
1167 1676 1232 1704 Εἶτα
1242 1678 1256 1703 6
1272 1677 1412 1712 ποικιλτὴς
1422 1678 1452 1704 ού
1463 1678 1533 1704 κινεῖ
1543 1678 1632 1712 χεῖρα,
1647 1677 1695 1703 καὶ
1704 1676 1803 1712 ἐγείρει

1020 1721 1137 1756 μορφάς.
1151 1719 1207 1746 Καὶ
1220 1719 1267 1746 ἐὰν
1280 1719 1415 1755 ἀκούσῃς,
1430 1719 1470 1745 ὅτι
1483 1718 1549 1750 Θεὸς
1562 1718 1717 1754 ἐργάζεται,
1729 1717 1806 1753 νομί-

1018 1762 1075 1793 ζεις
1088 1762 1128 1787 ὅτι
1150 1762 1228 1796 χεῖρα
1250 1760 1333 1786 κινῶν
1352 1760 1520 1796 ὲργάζεται;
1539 1760 1594 1786 Καὶ
1616 1760 1663 1786 ἐὰν
1685 1759 1806 1795 ζητήσῃς

1019 1804 1110 1830 πᾶσαν
1124 1802 1232 1837 τέχνην,
1249 1803 1295 1828 καὶ
1310 1802 1401 1828 πᾶσαν
1421 1802 1551 1831 ἐπίνοιαν,
1572 1801 1619 1827 καὶ
1635 1801 1725 1836 εἴπης,
1745 1801 1806 1831 Πῶς

1019 1844 1131 1879 ἐνόησαν
1143 1844 1201 1870 τόδε
1215 1843 1232 1879 ἢ
1244 1843 1318 1877 τόδες
1333 1842 1521 1879 μνημονεύσας
1529 1842 1580 1877 τῆς
1591 1842 1701 1878 πρώτης
1715 1841 1805 1876 φωνῆς

1019 1887 1068 1922 τῆς
1084 1886 1226 1920 λεγούσης,
1251 1884 1429 1919 Ποιήσωμεν
1450 1884 1608 1918 ἄνθρωπον
1622 1885 1686 1910 κατ’
1704 1884 1807 1910 εἰκόνα

1019 1927 1176 1962 ἡμετέραν,
1192 1927 1269 1962 ἐσχες
1278 1927 1328 1962 τῆς
1337 1926 1454 1961 ἀπορίας
1463 1926 1511 1961 τὴν
1522 1925 1609 1952 λύσιν.
1625 1925 1713 1952 Εἱκὼν
1726 1924 1805 1956 Θεοῦ,

1021 1969 1067 1996 xu).
1081 1969 1112 1996 οὐ
1123 1970 1179 1995 νοεῖ
1191 1977 1199 2001 ;
1212 1968 1293 1995 εἰκὼν
1311 1967 1390 2000 Θεοῦ,
1406 1968 1453 1994 καὶ
1466 1968 1496 1994 ού
1514 1968 1637 2003 μιμεῖται
1648 1967 1694 1994 τὸν
1705 1967 1807 1994 Δεσπό-

1021 2019 1087 2047 την;
1104 2011 1233 2045 Ἕρῤαψε
1246 2011 1350 2044 φύλλα
1366 2009 1475 2043 συκῆς.

1057 2085 1089 2118 ζ’.
1107 2084 1330 2120 Αίσχυνέσθωσαν
1345 2084 1370 2110 οὶ
1386 2083 1598 2119 ἀλληγοροῦντες
1609 2077 1619 2114 ξ
1630 2083 1672 2109 ὅτι
1690 2083 1704 2108 6
1719 2082 1810 2118 παρά-

1022 2128 1109 2158 δεισος
1127 2128 1156 2154 ἐν
1175 2125 1281 2161 ούρανῷ
1300 2127 1368 2158 ἐστι,
1389 2126 1437 2152 καὶ⁸
1457 2125 1639 2160 πνευματικός
1657 2126 1741 2151 ἐστιν.
1765 2125 1810 2151 Ἐν

1022 2168 1129 2204 οὐρανῷ
1147 2168 1216 2202 συκῆ
1232 2168 1258 2193 τί
1277 2168 1367 2199 ποιεῖ;
1390 2167 1458 2194 Ἀλλ’
1475 2167 1544 2192 ἓστω
1566 2168 1580 2193 6
1602 2167 1764 2202 παράδεισος
1780 2167 1810 2192 ἐν

1023 2210 1130 2246 οὐρανῷ
1143 2218 1150 2225 ·
1165 2209 1240 2246 [504]
1252 2209 1277 2235 οἱ
1291 2210 1409 2244 ποταμοὶ
1418 2209 1499 2235 πόθεν
1513 2208 1667 2244 ἐξέρχονται
1677 2217 1684 2242 ;
1694 2209 1744 2235 οὐκ
1756 2209 1811 2235 ἀπὸ

1023 2253 1094 2288 γῆς;
1111 2252 1142 2278 El
1156 2253 1170 2278 6
1183 2251 1347 2286 παράδεισος
1359 2250 1426 2282 ἄνω,
1441 2251 1520 2286 δῆλον
1535 2251 1576 2277 ὅτι
1594 2251 1640 2277 καὶ
1654 2251 1678 2277 οἱ
1694 2251 1812 2285 ποταμοὶ

1024 2294 1126 2321 ἀνωθεν
1137 2294 1238 2328 ῥέουσι.
1251 2293 1296 2328 Μὴ
1309 2293 1362 2329 γὰρ
1376 2290 1451 2319 εἶπεν
1461 2293 1478 2328 ἡ
1488 2293 1595 2328 Γραφή·
1608 2291 1731 2327 Ποταμδς
1743 2300 1809 2318 κατ-

1024 2336 1131 2372 έρχεται
1144 2334 1173 2367 ἐξ
1189 2334 1284 2370 Ἑδέμ;
1300 2334 1379 2361 Ἀλλά
1390 2334 1420 2360 τὸ
1436 2335 1556 2369 σόφισμα
1563 2333 1588 2360 ιι.
1610 2333 1726 2360 Γελῶσιν
1738 2334 1812 2369 ἡμᾶς

1024 2378 1049 2404 οἱ
1062 2377 1258 2412 ἁλληγορηταί.
1274 2376 1416 2403 Ἐνέδυσε
1428 2375 1482 2411 γὰρ
1490 2375 1624 2408 αὐτοὺςό
1639 2375 1720 2408 Θεὸς,
1734 2376 1811 2410 φησι,

1026 2417 1153 2452 χιτῶνας
1177 2417 1382 2452 ὃειψατίνους.
1407 2416 1482 2453 Ἀρα
1506 2417 1543 2452 μὴ
1568 2417 1631 2452 βόας
1653 2416 1812 2452 ἢπρόῦατα

1026 2459 1117 2492 ἑθυσε,
1135 2459 1182 2485 καὶ
1197 2459 1320 2494 βυρσεῐον
1331 2458 1430 2494 ἤνοιξε,
1443 2459 1489 2485 καὶ
1501 2459 1599 2493 τέχνην
1616 2459 1736 2494 βυρσέως
1748 2459 1812 2485 ἀπε-

1025 2501 1118 2528 τέλεσε
1130 2509 1137 2534 ;
1151 2501 1273 2535 Λέγομεν
1281 2501 1371 2535 ἡμεῖς,
1382 2500 1441 2527 ὅλον
1452 2500 1482 2526 τὸ
1494 2499 1563 2533 ζῶον
1575 2501 1735 2536 παρήγαγεν
1748 2500 1813 2526 ἄνευ

1028 2542 1197 2577 συμπλοκῆς,
1213 2542 1278 2568 ἄνευ
1303 2541 1443 2576 συζυγίας.
1463 2542 1499 2568 Τδ
1522 2542 1558 2577 μὴ
1573 2542 1603 2568 ὃν
1624 2542 1751 2577 ἐποίησε,
1767 2542 1813 2569 καὶ

1030 2585 1111 2620 μέρος
1125 2585 1172 2612 τοῦ
1182 2584 1259 2616 ὄντος
1273 2585 1359 2610 ποιεῖν
1375 2585 1425 2610 οὐκ
1439 2584 1572 2619 ἠδύνατο;
1590 2583 1690 2620 MV
1709 2583 1812 2618 φιλοτι-

1029 2627 1141 2662 μοῦνται
1151 2635 1157 2642 ·
1172 2626 1230 2653 ἀλλ’
1249 2626 1375 2653 οὐδέποτε
1387 2626 1452 2658 Θεὸς
1463 2627 1535 2653 ποιεῖ
1546 2626 1628 2661 μέρος
1640 2626 1721 2658 ζώου,
1738 2626 1814 2652 οὐδὲν

1028 2668 1123 2700 ἀτελὲς
1134 2669 1207 2695 ποιεῖ
1219 2668 1234 2693 6
1246 2668 1322 2699 Θεός.
1340 2667 1446 2694 ’Δκούει
1462 2667 1549 2703 δέρμα
1560 2688 1566 2700 ,
1579 2668 1624 2694 καὶ
1634 2668 1712 2702 ζητεί
1722 2667 1813 2696 πόθεν.

1029 2709 1132 2737 Οὐκοῦν
1143 2709 1233 2736 ἀκούω
1243 2708 1321 2743 κάγὼ
1329 2707 1398 2744 αἷμα
1405 2710 1434 2735 έν
1441 2709 1581 2745 Αἰγύπτῳ,
1592 2709 1640 2736 καὶ
1651 2708 1725 2744 ζητῶ
1733 2708 1816 2735 πόθεν

1062 2819 1074 2831 υ
1087 2817 1141 2844 Hic,
1155 2819 1208 2846 post
1221 2816 1265 2847 οὐχ
1277 2815 1312 2839 ὅτι
1325 2816 1368 2839 οὐκ
1377 2815 1656 2847 ἤκουσενκόοςὶᾱοιοιυι-
1665 2813 1725 2839 haud
1739 2810 1815 2837 dubie

1031 2848 1081 2872 ἀλλ’
1093 2847 1128 2871 ὅτι
1145 2845 1189 2877 οὐχ
1201 2845 1343 2875 ὑπήκουσεν,
1356 2848 1393 2870 νει
1411 2846 1468 2876 quid
1481 2845 1570 2869 simile.

1064 2878 1077 2897 ἲ·
1089 2878 1214 2903 Combe-lis.
1227 2877 1295 2901 dedit
1305 2877 1365 2901 ἀλλὰ
1374 2877 1409 2901 ἴδε
1418 2877 1445 2901 τὸ
1457 2877 1570 2906 σὸῑισμα.
