2065 3128
226 159 278 188 825

226 217 275 252 ipsi
291 217 314 245 si
327 223 446 252 quaerere
464 215 609 243 voluissent
623 236 629 247 ,
646 219 770 252 poterant
789 214 908 252 invenire
920 222 1012 252 :qqno-

226 250 297 280 niam
311 250 362 279 non
378 256 436 279 erat
451 252 532 279 homo
548 255 648 278 tantum
659 271 666 284 ,
682 251 728 278 sed
748 255 775 278 et
791 251 859 277 licus
874 250 1012 277 Christus:

226 289 350 323 quoniam
361 288 427 315 sicut
444 291 506 315 tunc
519 295 566 322 per
579 287 653 323 signa
666 287 793 323 virtutum
808 293 914 313 suarum
924 286 1013 323 mani-

226 321 370 351 festabatur
383 321 528 355 Christus,
541 323 580 349 sic
594 322 674 350 modo
688 330 734 357 per
745 322 818 355 signa
829 321 1013 356 operationum

225 366 332 387 suarum
344 359 452 386 verbum
462 358 580 386 veritatis
590 357 748 385 ostenditur.
759 357 881 384 Christus
894 357 1014 389 leprosos

224 394 380 427 mandabat,
391 402 477 422 caacos
493 393 668 426 illuminabat,
678 393 773 420 surdos
785 393 877 419 audire
891 392 1012 425 faciebat,

225 434 346 457 mortuos
360 429 505 457 suscitabat
520 439 527 457 :
548 430 582 456 ita
603 428 683 455 modo
698 429 743 464 qui
762 429 817 455 vult
832 434 993 464 cognoscere
1004 449 1011 460 ,

225 465 270 492 ubi
281 466 316 493 sit
323 466 432 493 verbum
445 465 573 497 veritatis,
586 472 696 498 operum
706 463 762 499 ejus
769 464 842 498 signa
851 463 1010 491 consideret.

225 500 276 528 Ubi
289 501 359 528 enim
375 501 484 528 verbum
497 501 616 527 veritatis
629 504 669 526 est
681 500 780 532 vivum,
798 500 899 526 unitum
912 520 919 532 ,
933 503 1013 533 atque

222 535 354 569 divinum,
368 536 402 563 ibi
416 537 576 563 inundantur
589 535 694 563 assidue
706 535 827 562 homines
840 543 853 560 a
865 535 936 567 lepra
949 541 1011 568 pec—

223 572 290 604 cati,
309 576 336 599 et
358 572 385 598 lit
408 572 500 598 salutis
519 579 613 598 eorum
640 571 820 598 testimonium
844 571 1012 597 conversatio

223 607 343 642 ipsorttm
357 628 364 639 ,
390 611 468 641 atque
490 614 565 634 mens
580 614 685 634 eorum.
700 607 750 639 Qui
776 606 887 632 audiunt
902 605 1011 632 verbum

222 641 343 670 veritatis
354 664 361 675 ,
382 643 565 669 illuminantnr
575 642 607 669 ad
625 641 793 676 intelligenda
809 642 896 668 divina
913 646 1011 676 myste-

223 678 261 704 ria
281 688 286 705 :
303 685 383 706 aures
396 685 487 705 eorum
503 677 643 704 interiores
658 679 813 712 aperiuntur
824 698 831 709 ,
855 682 884 703 ut
899 676 1011 703 libenter

222 714 365 748 suscipiant
379 713 466 741 divina
481 718 624 748 praecepta.
640 713 711 746 Quos
720 713 798 740 hodie
811 713 885 740 vides
892 717 1010 739 mortuos

223 748 247 775 in
264 747 396 783 peccatis,
413 757 473 776 cras
482 747 625 783 resurgunt
641 749 666 775 iu
691 748 844 783 ptenitcntia
857 769 864 779 .
884 747 1009 775 viviﬁcati

222 791 270 818 per
284 784 392 812 verbum
414 785 470 812 Dei.
484 784 535 812 Ubi
551 789 638 811 autem
655 792 708 811 non
733 785 822 811 vivum
836 784 945 811 verbum
963 791 1010 810 vc-

221 820 325 853 ritatis,
342 820 389 848 sed
409 826 542 847 mortuum
567 820 734 847 mendacium
758 820 918 854 prtcdicatur
941 819 1010 845 inter

220 863 277 888 eos;
294 856 359 883 nihil
375 855 469 884 borum
489 856 545 883 ﬁcri
568 855 640 882 vides
653 876 660 887 ,
675 856 742 882 sicut
757 855 803 882 dat
820 855 853 882 de
870 855 921 881 illis
936 855 1010 881 testi-

220 892 338 918 monium
351 892 404 918 vita
422 891 552 925 ipsorum.
566 891 618 918 Scd
635 895 661 917 et
675 895 734 926 post
747 895 802 917 tres
817 890 874 917 dies
890 894 1009 926 resurget

220 927 247 953 in
269 927 408 954 animabus
423 926 587 954 credentium
603 927 652 953 sibi
665 925 744 958 {cum
760 931 813 954 tres
828 926 886 953 (lies
909 925 1009 952 fuerint

219 963 395 990 consummati
409 962 434 989 in
449 963 498 989 eis.
515 962 601 989 Prima
616 962 681 994 dies,
698 962 795 994 Pater;
808 961 923 989 secunda
937 961 1006 994 dies,

219 997 303 1025 Filius
313 1019 320 1030 ,
335 998 480 1025 secundant
496 997 566 1032 quod
579 997 679 1024 dictum
694 1002 735 1024 est
748 998 774 1024 in
788 997 915 1031 propheta
932 1004 938 1023 :
955 996 1008 1022 An-

218 1035 331 1060 uuntiate
344 1035 375 1061 de
385 1034 425 1061 die
436 1034 461 1061 in
473 1031 538 1060 diem
551 1033 661 1060 salutare
676 1033 730 1069 ejus
744 1032 828 1068 (1)εαί.
842 1032 886 1060 95.
900 1031 933 1069 2)
943 1032 1008 1069 Quis

217 1072 260 1097 est
274 1074 362 1098 autem
377 1069 434 1097 dies
444 1069 512 1096 alius
526 1069 559 1096 de
572 1069 615 1096 die
629 1090 636 1102 ,
649 1068 700 1096 nisi
717 1069 823 1104 genitus
837 1069 906 1096 Deus
918 1068 951 1095 de
964 1068 1006 1095 in-

217 1106 308 1139 genito
323 1105 397 1133 Deo?
410 1105 614 1139 Consequenter
630 1109 657 1132 et
668 1105 784 1139 Spiritus
803 1109 912 1131 sanctus
930 1104 1006 1131 tertia

216 1141 275 1168 dies
290 1146 330 1168 est
340 1163 347 1173 ,
360 1141 483 1176 quoniam
499 1140 540 1167 his
553 1140 637 1167 tribus
657 1140 839 1167 illuminantur
851 1139 931 1167 corda
945 1147 1006 1176 cre-

215 1176 346 1204 dentium.
364 1175 391 1203 ln
405 1177 500 1211 quibus
513 1183 576 1211 ergo
591 1176 669 1202 trium
688 1176 797 1203 istorum
812 1175 930 1202 scientia:
947 1175 1007 1202 fue-

215 1212 270 1239 rint
283 1216 476 1240 consummatae
486 1232 493 1243 ,
519 1213 544 1239 in
559 1214 597 1239 eis
612 1211 731 1239 veritatis
744 1211 854 1238 verbum
868 1211 982 1245 resurgit
997 1230 1005 1242 ,

214 1248 324 1282 ervivit
351 1253 378 1275 et
403 1252 538 1282 operatur.
564 1247 616 1275 Sed
640 1254 689 1274 nec
711 1250 869 1281 resurgent.
890 1246 940 1273 nisi
961 1247 1006 1282 qui

214 1283 364 1317 jejunantes
375 1291 389 1310 a
403 1281 473 1310 malo
488 1288 515 1310 et
529 1283 623 1310 ﬁentes
638 1287 699 1310 sunt
710 1288 818 1316 propter
826 1289 902 1313 eum,
919 1286 946 1308 et
959 1281 1006 1308 de-

214 1319 334 1346 siderant
354 1319 578 1346 resurrectionem
605 1319 662 1353 ejus
678 1318 769 1345 videre
785 1319 810 1344 in
829 1318 917 1344 anima
931 1324 979 1344 sua
997 1326 1003 1344 :

213 1354 282 1381 sicut
295 1359 322 1382 et
334 1356 445 1390 apostoli
459 1354 612 1389 jejunanles
622 1360 646 1382 et
660 1353 875 1390 ﬁentesfuerunt
892 1353 1005 1390 Domino

213 1390 340 1417 cruciﬁxo
351 1387 438 1425 iisque
452 1387 563 1416 ad'diein
575 1389 778 1417 resurrectionis
786 1388 880 1425 ipsius.
888 1388 926 1423 (a)
934 1387 1004 1414 Tum:

212 1426 314 1453 accessit
329 1426 362 1452 ad
376 1424 432 1452 eum
441 1430 520 1452 mater
533 1425 776 1459 ﬁliorumlebedwi,
793 1432 850 1451 cum
864 1424 924 1458 [iliis
939 1425 1002 1456 suis,

212 1461 322 1488 adorans
333 1466 355 1488 et
370 1466 454 1496 petens
464 1460 559 1496 aliquid
573 1461 604 1488 ab
619 1469 647 1488 eo
661 1460 756 1496 (Marc.
769 1461 812 1488 l5.
823 1460 867 1487 40.
877 1464 899 1486 et
910 1459 952 1496 16.
964 1458 1002 1493 1).

212 1497 275 1524 Haec
297 1501 339 1524 est
359 1495 476 1528 Salome,
497 1496 578 1532 cujus
591 1497 660 1530 apud
680 1497 793 1532 alterum
814 1495 1003 1532 evangelistam

214 1533 321 1566 ponitur
334 1540 450 1564 nomen,
467 1540 530 1559 vere
551 1532 668 1566 pacilica,
686 1531 832 1559 secundum
846 1531 1004 1564 interpreta-

211 1569 311 1595 tionem
328 1577 334 1594 :
349 1576 407 1602 qua:
422 1568 490 1594 ﬁlios
498 1568 588 1602 genuit
600 1568 681 1601 pacis.
698 1567 753 1594 Non
769 1567 854 1594 solum
865 1570 952 1592 autem
970 1573 1003 1593 ex

211 1603 299 1630 Marco
315 1604 476 1638 evangelista
489 1624 495 1634 ,
511 1603 555 1637 qui
571 1603 709 1630 manifeste
723 1603 795 1638 ipsos
808 1602 903 1628 fratres
917 1608 1002 1638 capo-

212 1639 251 1666 nit
272 1637 417 1666 accessissc
435 1639 467 1665 ad
488 1639 596 1670 .lcsum,
613 1643 640 1666 et
660 1639 717 1665 ha‘c
740 1637 832 1664 eadem
855 1637 1003 1670 postulasse

211 1675 307 1708 (Marc.
324 1674 368 1701 10.
382 1674 430 1709 55)
448 1675 595 1708 intelligere
611 1681 761 1710 possumus,
772 1672 895 1710 quoniam
911 1681 931 1710 ar
942 1674 1002 1703 ﬁliis

211 1711 266 1736 suis
278 1714 336 1737 crat
348 1710 500 1741 summissa,
516 1709 563 1736 sed
581 1708 660 1737 etiam
675 1717 706 1736 ex
721 1708 894 1743 pra‘sentibus
904 1709 1001 1738 Christi

210 1745 387 1777 sermonibus,
395 1746 490 1780 quibus
500 1753 550 1772 non
560 1746 633 1780 quasi
641 1745 672 1772 ad
683 1745 820 1771 mulierem
829 1745 911 1777 ipsam
921 1752 950 1772 se
961 1754 1002 1780 pe-

210 1786 308 1808 tentem
320 1801 327 1813 ,
349 1781 395 1808 sed
411 1781 484 1816 quasi
501 1780 533 1807 :ul
550 1781 618 1808 filios
633 1780 828 1816 summittentes
839 1781 978 1816 respondit
993 1791 999 1808 :

211 1816 321 1843 Nescitis
336 1817 396 1850 quid
419 1817 519 1851 pcta/is.
537 1817 650 1843 Aislimo
663 1817 743 1848 enim,
753 1815 822 1851 quod
835 1815 929 1842 fratres
940 1825 999 1844 cum

208 1853 346 1879 audissent
360 1851 500 1879 Dominum
513 1852 547 1878 de
559 1853 681 1886 passione
701 1855 728 1878 et
745 1851 939 1879 resurrectione
952 1860 998 1879 sua

211 1888 426 1922 prophetautem,
441 1892 581 1921 etv-perunt
596 1888 687 1914 dicere
700 1887 768 1914 intra
786 1894 826 1918 se,
838 1895 897 1913 cum
911 1893 1001 1916 cssext

210 1923 301 1950 fideles
317 1931 323 1948 :
341 1923 409 1950 Ecce
422 1923 476 1950 Rex
495 1923 609 1950 Caelestis
624 1923 761 1950 descendit
775 1922 807 1948 ad
822 1930 901 1956 regna
917 1927 998 1950 tarta-

208 1966 263 1990 rea,
277 1962 307 1985 ut
320 1966 408 1992 regem
429 1957 535 1993 quidem
549 1958 642 1985 mortis
661 1959 779 1985 destruat
790 1978 797 1990 ,
812 1957 896 1991 ipsam
911 1965 998 1986 autem

209 1998 321 2021 mortem
334 1994 479 2020 divinitatis
496 2002 550 2021 sum.
568 1994 683 2028 potentia
697 1994 791 2026 calcet,
807 1997 833 2019 et.
847 1993 883 2020 sic
896 1993 999 2022 vinculo

208 2030 376 2056 tenebrarum
399 2029 507 2062 soluto,
530 2029 647 2063 captivas
668 2029 771 2056 animas
789 2028 822 2055 ad
844 2036 890 2054 sua
917 2037 998 2063 regna

208 2064 344 2098 perducat.
365 2065 419 2092 Nec
440 2065 640 2092 innumerabilis
656 2065 746 2092 militia
768 2065 917 2091 daemonum
931 2067 997 2092 resi-

208 2104 278 2127 stere
293 2101 389 2134 poterit
404 2104 495 2127 contra
509 2108 579 2127 cum.
592 2101 675 2134 Quem
687 2101 756 2127 enim
770 2100 795 2126 in
809 2107 921 2133 corpore
934 2108 998 2127 con-

208 2136 326 2162 stituttun
351 2136 494 2162 timuerunt
506 2136 623 2163 dicentes
639 2144 646 2162 :
664 2135 733 2168 Quid
745 2135 815 2162 nobis
828 2140 850 2161 et
863 2135 917 2168 tibi,
933 2135 998 2163 Iesu

209 2170 262 2197 Fili
276 2171 324 2197 Dei
345 2172 454 2198 excelsi?
475 2172 563 2198 venisti
584 2176 643 2198 ante
668 2176 765 2206 tempus
790 2177 905 2202 torquere
950 2177 997 2196 nos

208 2206 313 2240 (Matth.
329 2206 355 2233 8.
370 2206 405 2233 29
416 2206 424 2241 )
437 2207 448 2232 ‘l
460 2207 593 2241 quomodo
608 2207 705 2233 nudam
727 2207 809 2241 ipsam
832 2206 996 2235 divinitatem

208 2246 297 2268 contra
323 2249 352 2268 se
375 2242 580 2269 descendentem
607 2247 731 2276 poterunt
754 2241 905 2269 sustinere?
928 2243 997 2270 Ecce

208 2282 268 2312 post
281 2281 336 2313 tres
347 2277 404 2303 dies
419 2278 511 2313 mortis
525 2286 579 2304 sua:
594 2282 741 2304 revertetur
754 2278 787 2304 ab
801 2278 904 2309 inferis,
920 2279 996 2313 quasi

208 2311 292 2339 victor
306 2311 338 2338 de
352 2312 432 2339 bello.
444 2312 508 2338 Nam
520 2320 579 2339 Cum
590 2313 699 2340 victoria
713 2312 790 2339 fuerit
802 2311 994 2345 consummata,

206 2347 270 2383 quid
283 2347 356 2374 aliud
371 2352 470 2379 restat,
487 2348 536 2375 nisi
557 2353 584 2374 ut
600 2348 673 2382 regni
697 2348 780 2382 gloria
795 2349 971 2383 subsequatur
984 2350 996 2376 ‘l

207 2382 278 2419 Ergo
290 2383 433 2414 faciamus,
449 2383 560 2414 fratres,
575 2383 708 2418 quomodo
722 2391 863 2418 possumus
876 2382 948 2419 regni
962 2385 994 2411 il—

207 2418 257 2445 lius
273 2418 329 2446 ﬁeri
346 2419 497 2453 participes.
513 2419 617 2445 Scimus
628 2419 688 2452 quia
699 2419 803 2446 invidus
816 2426 867 2446 non
881 2424 931 2446 est.
945 2419 995 2453 Qui

205 2453 276 2481 enim
290 2454 408 2488 seipsum
421 2454 529 2480 donavit
546 2454 705 2490 hominibus,
719 2454 852 2490 quomodo
866 2455 938 2490 regni
954 2455 994 2482 sui

205 2491 358 2525 societatem
374 2497 426 2516 non
448 2489 579 2516 donabit?
595 2489 712 2517 Patentis
727 2490 884 2525 negligentia
902 2489 995 2525 repre-

207 2523 330 2552 henditur
344 2525 386 2552 ubi
409 2525 443 2552 de
466 2525 554 2552 dantis
576 2523 830 2552 miscricordia‘non
851 2523 993 2554 dubitatur.

205 2558 232 2586 Si
250 2568 298 2587 nos
310 2568 432 2594 rogamus
454 2561 607 2594 magistrum
618 2581 625 2594 ,
640 2560 750 2588 forsitan
763 2566 919 2588 cancrorum
941 2561 994 2588 fra-

206 2599 275 2635 trum
296 2597 378 2635 corda
391 2596 576 2635 _concutierntts
593 2604 600 2622 :
616 2601 642 2635 et
657 2596 725 2635 dum_
733 2596 809 2635 nobis
830 2597 933 2635 duobus
947 2606 994 2624 vo-

205 2630 292 2656 lumus
308 2631 454 2665 providere,
467 2632 534 2658 inter
544 2630 637 2658 omuc's
646 2632 798 2658 scandalum
811 2633 993 2661 exeimhimus.

204 2665 270 2692 Nam
285 2666 335 2692 etsi
350 2667 432 2693 sancti
447 2667 516 2698 sint,
532 2671 619 2693 tamen
634 2666 756 2694 homines
771 2672 841 2695 sunt.
858 2668 912 2695 Etsi
926 2669 993 2696 vinci

204 2709 308 2737 acaine
320 2709 372 2728 non
387 2707 504 2735 possunt,
515 2703 588 2736 quasi
598 2703 651 2736 jam
661 2703 821 2736 spirituales,
833 2708 918 2730 tamen
932 2712 990 2737 per-

204 2736 257 2773 cnti
274 2741 394 2770 possunt,
409 2737 482 2771 quasi
504 2738 589 2765 adluit:
603 2738 734 2765 carnales.
753 2738 786 2765 Ut
799 2738 861 2773 quid
876 2736 939 2773 ergo
953 2740 993 2767 \‘cl

205 2771 278 2798 leves
291 2772 444 2799 occasiones
458 2773 552 2800 demus
563 2793 571 2806 ,
591 2773 685 2808 quibus
699 2771 817 2808 improba
836 2771 924 2801 carnis
946 2783 993 2801 ητις

205 2811 263 2834 tura
279 2808 431 2842 tranquillas
445 2816 537 2835 eorum
559 2809 661 2837 animas
683 2809 831 2844 inquietct?
849 2810 994 2838 Submitta-

228 2906 263 2938 (tt)
283 2906 418 2938 lliciucij'it
430 2906 527 2933 tzomilia
539 2907 600 2940 apud
615 2907 639 2933 \'.
659 2909 687 2934 D.

777 157 808 184 IN
828 155 1002 184 MATTHIEU

1064 155 1178 184 llOlllL.
1199 156 1306 185 XXXV.
1813 159 1863 188 826

1070 221 1128 241 mus
1141 221 1204 253 ergo
1217 218 1329 253 matrem
1344 220 1472 253 nostram,
1485 220 1512 244 ut
1523 223 1574 253 suo
1587 217 1695 246 nomine
1705 217 1863 253 deprecetur

1089 256 1118 276 ro
1132 250 1218 288 nobis,
1231 255 1257 288 et
1274 251 1340 278 fiunt
1353 252 1405 288 duo
1426 252 1503 288 bona.
1518 251 1545 280 Si
1557 254 1627 280 enim
1643 261 1686 280 res
1699 250 1754 288 ipsa
1768 262 1860 288 τοίη-υς

1079 285 1207 312 teusihilis
1235 286 1341 313 inventa
1369 287 1463 318 fuerit,
1487 288 1565 316 facile
1592 285 1715 316 meretur'
1735 285 1837 316 veniam
1852 311 1859 321 ,

1067 321 1143 354 quasi
1157 321 1262 348 mulier.
1277 322 1336 355 lpsc
1350 323 1420 349 enim
1443 331 1523 350 sexus
1547 328 1659 351 excusat
1684 332 1814 351 errorem.
1831 325 1860 352 Si

1067 360 1155 382 autem
1171 364 1222 393 non
1239 356 1318 384 fuerit
1333 358 1492 392 importuna.
1509 359 1611 386 facilius
1627 360 1777 393 impetrabit
1801 368 1858 387 ma-

1069 395 1108 418 ter
1123 399 1171 425 pro
1194 392 1258 429 ﬁliis
1277 392 1333 420 suis
1353 401 1457 428 rogans.
1476 394 1533 427 Ipse
1556 395 1626 422 enim
1652 392 1779 422 Dominus
1792 416 1799 427 ,
1815 396 1859 429 qni

1068 432 1202 463 maternos
1211 427 1319 463 animos
1332 427 1446 456 ﬁliorum
1463 430 1632 457 miseratione
1651 429 1780 463 implevit,
1797 427 1858 457 laci-

1068 461 1118 498 lius
1132 462 1255 498 exaudiet
1271 468 1419 491 maternum
1435 466 1567 492 affectum.
1585 465 1675 498 lllagna
1689 461 1746 492 laus
1767 461 1859 493 mulie-

1066 497 1104 535 ris
1124 497 1253 535 lnijuscx
1267 498 1322 535 hoc
1343 499 1400 526 loco
1415 501 1556 533 colligitur.
1572 498 1689 528 Priunnn
1700 522 1708 534 ,
1722 502 1782 535 quia
1806 509 1857 528 non

1065 532 1151 559 solum
1177 533 1213 574 illi
1236 533 1398 568 reliquerant
1424 532 1534 570 patrem,
1551 537 1598 574 sed
1623 532 1779 574 etiautri'psa
1794 538 1859 574 reli-

1065 573 1159 606 querat
1174 572 1259 606 virum
1274 578 1368 601 suum,
1383 575 1409 598 et
1424 576 1533 606 sequuta
1557 572 1642 599 fuerat
1662 573 1805 600 Christnnt.
1825 573 1857 599 l-Jl

1066 603 1102 643 illi
1125 603 1299 643 ostenderunt
1313 606 1373 643 quia
1389 607 1434 633 lilii
1449 603 1524 634 erant
1539 607 1688 640 lmjusmodi
1704 608 1795 634 matris
1806 629 1813 639 ,
1830 613 1858 635 et

1065 639 1121 679 ipsa
1143 639 1259 666 ostendit
1276 641 1341 679 quia
1366 647 1450 679 mater
1468 647 1525 669 erat
1542 639 1631 670 talium
1649 644 1772 670 ﬁliorum.
1786 643 1858 676 Quo-

1065 676 1135 715 niam
1149 679 1242 715 autem.
1257 676 1502 715 vivum_reliquerat
1522 679 1624 715 virum,
1641 686 1730 706 sermo
1744 679 1855 715 demon-

1063 714 1129 748 strat
1139 730 1146 740 .
1161 710 1206 744 qui
1226 710 1524 748 devocatione‘eorum
1541 714 1654 748 scriptus
1667 719 1707 741 est
1719 735 1727 747 ,
1740 714 1832 741 dicens
1849 723 1855 739 :

1063 743 1109 771 Illi
1121 750 1204 772 autent
1223 746 1376 780 reliquerunt
1391 754 1488 782 patrem
1499 757 1572 775 suum
1587 743 1736 776 Zcbedwmit
1760 750 1785 776 in
1799 750 1857 776 navi

1064 788 1121 820 eum
1133 783 1306 820 mercenariis,
1317 787 1339 808 et
1352 784 1520 820 scquutirstmt
1533 785 1619 811 Iesum
1634 785 1643 819 (
1656 785 1736 811 Marc.
1755 785 1779 811 l.
1796 785 1854 818 ‘20).

1064 815 1116 856 Nisi
1131 816 1198 856 forte
1208 817 1267 856 quis
1281 817 1361 849 dicat,
1372 815 1433 852 quia
1449 819 1568 846 Christus
1582 815 1727 854 plusquam
1742 815 1856 848 triennio

1063 850 1313 891 docu_it,_et:_qin_tra
1337 850 1440 888 tempus
1465 850 1610 891 vocationis
1625 850 1806 890 apostolorum
1830 861 1857 883 et

1064 887 1194 920 passionis
1215 887 1313 915 Christi
1341 887 1462 918 mortuus
1481 896 1522 918 est
1541 887 1696 922 Zebcdtcus,
1712 895 1739 918 ct
1758 891 1796 918 sic
1812 891 1854 918 illa

1062 927 1173 960 sequuta
1188 927 1228 950 est
1246 933 1252 950 ς
1266 923 1355 951 .lesum
1373 929 1460 953 tamen
1475 931 1585 960 sequuta
1599 932 1650 954 est.
1667 927 1757 959 Qualis
1768 926 1853 959 radis,

1063 957 1123 995 talia
1147 963 1173 985 et
1193 959 1311 993 germina
1327 968 1333 986 ε
1351 964 1378 987 et
1393 962 1478 995 qualis
1504 957 1574 989 terra
1588 983 1595 994 ,
1621 957 1722 989 talis—et
1743 957 1853 989 fructus;

1062 991 1118 1019 Non
1133 991 1277 1030 camfvicit,
1291 995 1358 1022 sicut
1370 991 1480 1024 caiteras
1495 991 1629 1030 mulieres,
1646 997 1775 1025 maritalis
1788 997 1854 1024 affe-

1061 1033 1120 1065 ctus
1139 1036 1145 1055 :
1162 1029 1223 1062 quia
1239 1030 1284 1057 ille
1299 1032 1450 1064 temporalis
1475 1037 1532 1060 erat
1547 1029 1656 1059 maritus
1669 1054 1676 1065 ,
1693 1033 1743 1060 iste
1764 1037 1853 1059 autem

1061 1063 1195 1102 perfectus
1206 1072 1330 1102 sponsus.
1345 1063 1417 1094 [llius
1431 1075 1507 1095 amor
1521 1068 1642 1102 deeeptio
1655 1063 1712 1095 erat
1726 1067 1851 1100 carnalis,

1061 1099 1138 1140 istius
1151 1104 1238 1140 autem
1248 1121 1256 1132 .
1269 1101 1378 1140 dilectio
1389 1099 1598 1140 incorruptibilis
1611 1104 1682 1132 vitae.
1697 1103 1755 1131 Non
1779 1103 1853 1131 illam

1062 1136 1146 1161 tenuit
1159 1136 1294 1174 miseratio
1304 1139 1448 1165 senectutis
1463 1136 1531 1173 ejus,
1546 1141 1605 1174 quia
1622 1140 1666 1167 ille
1679 1140 1737 1166 sine
1755 1141 1803 1166 ista
1816 1140 1854 1165 vi-

1060 1176 1123 1197 vere
1135 1175 1247 1204 poterat.
1259 1172 1308 1199 ista
1328 1177 1416 1200 autem
1430 1172 1488 1202 sine
1506 1172 1612 1202 Christo
1632 1175 1703 1202 salva
1727 1182 1786 1202 esse
1800 1183 1852 1200 uno

1062 1209 1175 1245 poterat.
1198 1205 1328 1245 cogitavit
1351 1209 1422 1245 enim
1435 1228 1442 1240 .
1457 1210 1581 1244 quoniam
1601 1210 1715 1245 amplius
1735 1210 1853 1245 proderit

1058 1241 1117 1267 viro
1131 1249 1190 1274 suo,
1202 1241 1227 1280 _si
1242 1246 1351 1280 propter
1372 1244 1453 1280 Deum
1466 1241 1605 1280 reliquerit
1620 1241 1716 1276 vii-um,
1731 1241 1810 1279 quam
1829 1245 1851 1271 si

1060 1276 1268 1315 propter_virum
1284 1278 1419 1315 reliquerit
1437 1276 1534 1307 Deum:
1547 1280 1690 1315 Propterea
1713 1276 1778 1307 sexu
1800 1280 1853 1306 fra-

1057 1311 1114 1349 gili,
1133 1316 1159 1338 et
1170 1312 1225 1350 jam
1239 1317 1319 1350 aetate
1338 1311 1439 1341 defecta
1453 1336 1460 1347 ,
1476 1315 1574 1342 Christi
1591 1311 1699 1350 vestigia
1723 1316 1851 1349 sequebav

1059 1351 1101 1387 tur
1115 1348 1194 1381 :quia
1210 1347 1276 1376 ﬁdes
1289 1357 1432 1387 numquam
1455 1352 1583 1387 senescit,
1598 1356 1625 1378 et
1645 1347 1737 1386 réligio
1759 1347 1852 1385 fatiga—

1059 1385 1158 1420 tionem
1189 1390 1241 1410 uon
1277 1385 1368 1412 sentit.
1395 1385 1494 1413 Deinde
1519 1387 1580 1420 quia
1602 1394 1655 1414 non
1682 1385 1763 1413 sentit
1790 1386 1850 1416 illa.

1057 1418 1125 1445 sicut
1139 1423 1244 1456 cretei-ae
1265 1425 1378 1452 matres.
1393 1428 1452 1455 qua:
1477 1418 1574 1456 corpus
1597 1426 1720 1449 natorum
1740 1429 1850 1449 suorutu

1057 1458 1158 1485 amant,
1172 1455 1287 1482 animam
1302 1460 1389 1482 autem
1412 1455 1596 1485 contetttnunt.
1610 1458 1764 1484 Desiderant
1779 1457 1852 1484 enim

1057 1489 1118 1527 illos
1128 1489 1217 1527 valere
1232 1490 1258 1527 in
1269 1491 1368 1527 sarculo
1380 1491 1441 1525 isto,
1458 1497 1485 1519 ct
1498 1500 1550 1519 non
1564 1497 1658 1520 curant
1671 1493 1732 1527 quid
1747 1493 1849 1526 passuri

1056 1524 1110 1551 sint.
1127 1525 1153 1551 in
1166 1525 1229 1552 alio.
1244 1525 1295 1552 Alii
1311 1527 1419 1554 militias
1433 1527 1494 1555 ﬁliis
1507 1528 1563 1555 suis
1577 1524 1725 1562 provide-nt,
1738 1524 1782 1555 alii
1799 1527 1848 1554 lm-

1057 1566 1189 1597 nores,et
1211 1569 1290 1588 nemo
1315 1562 1375 1588 ﬁliis
1396 1563 1451 1590 suis
1473 1564 1593 1597 providet
1610 1564 1703 1591 Deum.
1721 1563 1850 1590 Pcrdilio.

1057 1596 1238 1634 nemillorum
1252 1604 1313 1624 cum
1328 1605 1423 1634 magno
1440 1596 1525 1632 pretio
1547 1604 1703 1634 comparant
1715 1597 1764 1630 ,‘et
1779 1599 1850 1625 salu-

1056 1636 1108 1657 tcm
1126 1631 1230 1658 illorum
1254 1640 1304 1659 nec
1322 1631 1394 1660 dono
1413 1631 1535 1668 accipere
1560 1631 1662 1662 volunt.
1683 1634 1710 1661 Si
1735 1634 1849 1661 viderint

1056 1667 1115 1705 illus
1130 1674 1259 1705 pauperes
1274 1688 1280 1699 ,
1295 1668 1432 1696 tris-tantur
1451 1674 1478 1696 ct
1498 1672 1634 1705 suspirant
1650 1680 1656 1697 :
1672 1670 1694 1697 si
1708 1674 1796 1696 autem
1810 1670 1849 1696 vi-

1055 1703 1143 1729 derint.
1163 1703 1223 1730 illos
1238 1708 1378 1737 peccantes
1390 1726 1397 1738 ,
1414 1711 1493 1732 nemo
1509 1703 1628 1733 tristatur
1642 1715 1648 1732 :
1666 1710 1693 1732 ut
1708 1704 1849 1732 ostendant

1055 1739 1115 1772 quia
1129 1746 1270 1774 corporum
1293 1743 1355 1766 sunt
1368 1745 1500 1774 parentes,
1513 1749 1566 1768 non
1579 1741 1739 1768 animarum.
1756 1741 1847 1767 Acces-

1054 1775 1085 1811 sit
1101 1781 1158 1808 ergo
1173 1773 1307 1811 adAJesum
1318 1794 1325 1806 ,
1341 1773 1433 1810 rogans
1445 1781 1468 1802 et
1484 1781 1568 1811 petens
1585 1776 1681 1810 aliquid
1694 1776 1726 1803 ab
1738 1784 1776 1802 ea.
1793 1777 1848 1802 An-

1054 1810 1146 1836 dacem
1169 1809 1240 1836 enim
1261 1809 1359 1837 fecerat
1372 1809 1432 1838 cam
1447 1809 1568 1838 natorum
1583 1809 1692 1840 affectus
1702 1833 1709 1842 .
1723 1816 1750 1838 et
1771 1819 1846 1838 reve<

1054 1845 1167 1871 rentiam
1181 1844 1292 1880 forsitan
1316 1845 1480 1880 spiritualcm
1503 1847 1603 1874 vicerat
1628 1855 1704 1874 amor
1718 1846 1844 1874 carnalis.

1054 1880 1121 1906 Dicit
1143 1880 1166 1906 ei
1186 1879 1363 1913 Jesus:0titd
1379 1882 1439 1907 ris.”
1452 1882 1508 1909 Non
1532 1882 1679 1915 interrogat
1699 1882 1773 1916 quasi
1796 1889 1846 1909 ne-

1053 1916 1150 1952 seiens,
1166 1920 1194 1942 ut
1207 1916 1310 1942 audiret
1322 1916 1384 1950 quid
1400 1917 1479 1944 vellet
1495 1926 1501 1943 :
1516 1918 1562 1944 scd
1579 1922 1606 1945 ut
1627 1918 1669 1944 illa
1683 1923 1844 1952 exponente,

1054 1951 1225 1988 ruanifestam
1243 1952 1341 1978 laceret
1357 1952 1574 1988 rirrationabilem
1599 1951 1751 1988 petitionem
1775 1953 1845 1987 ipso-

1053 1994 1110 2024 rum
1126 1987 1272 2024 :quoniatn
1293 1987 1417 2021 petebant
1440 1988 1547 2023 quidem
1570 1989 1644 2024 quasi
1667 1988 1801 2022 religiosi,
1818 1993 1844 2016 et

1052 2021 1171 2058 catlestisr
1187 2022 1279 2058 gloriae
1299 2021 1514 2055 ainatores,'non
1535 2021 1610 2058 quasi
1631 2021 1769 2051 scientiam
1793 2025 1841 2050 ba-

1052 2056 1146 2084 bentes
1166 2057 1297 2084 inutilium
1322 2058 1528 2092 postulationum
1544 2056 1572 2086 et
1595 2060 1760 2086 nocivarmn.
1777 2059 1843 2086 Nam

1053 2092 1206 2127 frequenter
1228 2092 1354 2129 Dominus
1376 2094 1475 2127 patitur
1500 2093 1644 2129 discipulos
1666 2102 1729 2121 suos
1744 2095 1842 2129 aliquid

1052 2136 1103 2155 non
1118 2131 1189 2155 recte
1203 2133 1248 2154 aut
1269 2127 1358 2155 dicere
1370 2149 1377 2161 ,
1391 2133 1437 2156 aut
1449 2136 1537 2163 agere,
1558 2127 1604 2156 aut
1624 2130 1750 2163 cogitare,
1768 2127 1797 2156 ui
1809 2138 1842 2156 ex

1052 2163 1156 2199 illorum
1170 2163 1248 2197 culpa
1267 2164 1421 2191 occasiones
1435 2164 1552 2192 inveniat
1570 2165 1693 2198 docendi,
1708 2170 1734 2192 et
1757 2173 1840 2199 expo-

1051 2198 1129 2225 nendi
1144 2199 1260 2233 regulam
1275 2199 1389 2233 pietatis,
1405 2200 1493 2227 sciens
1507 2201 1569 2235 quia
1583 2205 1610 2228 et
1632 2201 1688 2235 ipse
1705 2208 1780 2227 error
1793 2198 1841 2228 e0-

1050 2242 1109 2261 rllln
1124 2242 1175 2260 lilii]
1190 2239 1266 2261 IIOCBI
1282 2240 1411 2267 prtcscnte
1425 2236 1566 2270 magistro,
1583 2242 1608 2263 CI
1622 2243 1716 2263 omnes
1729 2243 1781 2262 11011
1795 2243 1841 2262 80-

1050 2270 1104 2296 lum
1129 2270 1154 2296 in
1178 2271 1299 2305 praesenti
1311 2290 1317 2299 .
1332 2270 1379 2297 sed
1401 2271 1481 2298 etiam
1504 2271 1531 2298 in
1549 2271 1636 2298 futuro
1650 2271 1770 2298 doctrina
1783 2271 1841 2305 ejus

1050 2305 1171 2341 :L-dilicat.
1186 2307 1220 2341 At
1235 2304 1280 2331 illa
1297 2305 1370 2338 dixit,
1388 2305 1435 2332 llic
1451 2311 1477 2332 ut
1491 2307 1593 2334 sedeant
1607 2307 1634 2333 lii
1648 2307 1698 2333 duo
1711 2307 1759 2341 ﬁlii
1773 2304 1820 2333 mei
1831 2327 1839 2339 ,

1050 2349 1114 2367 unus
1127 2340 1160 2367 ad
1173 2340 1301 2367 dexteram
1321 2346 1390 2368 tuam
1403 2362 1410 2374 ,
1425 2346 1448 2368 et
1458 2341 1525 2369 alius
1539 2342 1572 2368 ad
1585 2343 1712 2369 sinistram
1725 2347 1794 2368 tuam
1815 2343 1841 2369 in

1048 2385 1125 2412 regno
1149 2380 1201 2402 tuo.
1217 2375 1273 2402 Non
1297 2376 1408 2403 dicimus
1421 2398 1427 2409 ,
1444 2377 1505 2412 quia
1520 2383 1591 2404 recte
1610 2378 1685 2410 petiit
1700 2386 1706 2402 :
1721 2378 1768 2405 sed
1790 2378 1841 2404 hoc

1049 2411 1180 2442 dicimus.
1196 2411 1256 2444 quia
1280 2419 1331 2438 non
1353 2411 1477 2445 terrena,
1493 2413 1540 2440 sed
1561 2413 1674 2440 caelestia
1699 2412 1761 2440 ﬁliis
1784 2413 1841 2440 suis

1049 2447 1166 2481 optabat.
1180 2447 1255 2473 Tunc
1269 2447 1395 2474 Dominus
1408 2449 1571 2475 occultorum
1585 2450 1705 2482 cognitor
1716 2469 1723 2480 ,
1739 2456 1790 2475 nou
1806 2449 1840 2476 ad

1048 2483 1128 2509 verba
1141 2482 1329 2510 iuterccdentis
1345 2483 1464 2510 mulieris
1477 2484 1624 2518 respondit,
1641 2484 1688 2512 sed
1703 2484 1735 2511 ad
1750 2485 1839 2510 consi-

1049 2519 1082 2545 lia
1096 2518 1292 2554 suggerenlium
1306 2518 1419 2545 ﬁliorum
1435 2519 1582 2554 respondit,
1599 2520 1689 2546 dicens
1705 2528 1711 2546 :
1729 2519 1839 2546 Nescitis

1048 2553 1108 2589 quid
1123 2554 1222 2588 petatis.
1238 2553 1457 2588 Concupiseentia
1476 2553 1546 2582 énim
1563 2555 1676 2582 carnalis
1691 2562 1798 2582 omnem
1812 2555 1838 2582 in

1050 2589 1126 2616 vobis
1138 2589 1300 2623 spiritualem
1315 2590 1553 2617 considerationem
1575 2591 1698 2617 exclusit.
1716 2590 1772 2617 Non
1792 2598 1839 2616 au-

1048 2624 1125 2652 distis
1140 2633 1182 2650 me
1201 2624 1361 2652 referentem
1373 2645 1380 2658 ,
1394 2633 1453 2652 cum
1467 2626 1567 2653 venerit
1582 2625 1666 2653 Filius
1681 2625 1796 2652 hominis
1812 2626 1838 2652 in

1049 2660 1186 2694 majestate
1200 2667 1258 2693 sua,
1270 2664 1350 2695 ponet
1361 2668 1424 2687 oves
1435 2661 1468 2688 ad
1479 2661 1627 2693 dexteram,
1644 2661 1737 2688 haedos
1752 2666 1838 2688 autem

1048 2695 1080 2731 ad
1096 2695 1228 2722 sinistram
1245 2704 1252 2722 :
1267 2701 1293 2722 et
1316 2695 1387 2731 dicet
1410 2697 1449 2722 eis
1464 2717 1470 2725 .
1485 2696 1529 2731 qui
1550 2697 1583 2724 ad
1605 2698 1739 2724 sinistram
1755 2701 1816 2722 sunt
1832 2705 1837 2721 :

1049 2730 1196 2757 Disceditea
1208 2738 1256 2762 me,
1266 2729 1404 2762 maledicti,
1412 2731 1440 2756 in
1450 2729 1662 2765 igitciittcternttin
1672 2731 1710 2766 (Μ
1713 2731 1776 2757 att/2.
1793 2731 1837 2757 25.

1048 2766 1114 2800 M)?
1128 2765 1266 2799 Quomodo
1280 2773 1328 2791 vos
1341 2765 1419 2793 vultis
1431 2787 1438 2799 ,
1454 2770 1482 2793 ut
1497 2774 1565 2793 unus
1587 2767 1678 2793 sedeat
1692 2766 1724 2792 ad
1744 2766 1838 2793 dexte-

1049 2809 1116 2833 ram,
1133 2805 1160 2827 et
1180 2801 1247 2827 alius
1268 2800 1299 2827 ad
1315 2800 1472 2828 sinistram?
1486 2801 1543 2836 Ego
1557 2809 1604 2828 vos
1617 2802 1706 2828 vocavi
1729 2801 1762 2828 ad
1777 2809 1838 2835 par—

1050 2841 1102 2863 tem
1116 2836 1251 2863 dexteram
1265 2835 1298 2863 de
1313 2836 1418 2863 sinistra
1429 2857 1436 2867 ,
1450 2841 1478 2864 et
1492 2844 1538 2863 vos
1554 2841 1641 2864 vestro
1654 2837 1764 2863 consilio
1777 2844 1837 2862 eur-

1050 2872 1106 2898 ritis
1119 2871 1150 2898 ad
1167 2872 1311 2898 sinistram.
1328 2871 1388 2898 Ideo
1408 2871 1517 2898 forsitan
1533 2876 1560 2898 et
1575 2879 1621 2905 per
1643 2871 1778 2898 mulierem
1794 2879 1836 2898 res

1051 2907 1187 2942 agebatur.
1204 2906 1275 2934 Vidit
1299 2906 1370 2934 enim
1393 2906 1513 2935 diabolus
1525 2927 1532 2940 ,
1546 2908 1606 2943 quia
1627 2914 1674 2943 per
1696 2907 1755 2935 illos
1770 2908 1841 2943 ipsos
