2021 3128
210 135 261 168 827

213 196 340 222 adversus
354 202 401 222 eos
414 201 494 232 agere
509 202 560 221 non
577 193 681 232 valebat
693 201 705 232 ;_
716 193 826 232 contulit
842 200 870 218 se
885 191 1003 232 ad‘con-

210 237 285 258 sueta
300 238 372 257 arma
388 228 528 257 mulierum
539 251 546 262 ,
568 235 595 256 ut
610 229 678 255 sicut
693 228 777 255 Adam
800 235 846 262 per
867 228 1004 254 mudierem

213 266 346 300 spoliavit,
361 266 394 293 ita
408 270 433 292 et
452 265 517 292 istos
531 269 664 297 separaret
682 271 728 298 per
744 268 865 290 tuatretn.
881 262 1004 300 Namctsi

211 297 297 328 mater
310 297 367 327 erat
379 322 386 332 ,
404 307 491 327 tamen
507 300 602 327 mulier
614 297 687 326 erat.
698 300 808 333 Propter
822 298 892 333 quod
906 298 954 325 etsi
968 297 1007 323 af-

212 336 296 370 iectus
310 336 368 370 ejus
382 336 468 363 dulcis
482 340 538 363 erat
551 343 612 369 erga
630 336 699 362 tiiios
716 334 790 368 quasi
808 335 916 370 matris,
931 333 1006 370 intel:

211 368 298 398 lectus
321 368 409 398 iatuen
429 371 487 406 ejus
506 368 623 406 nocivus
640 375 695 397 erat
710 370 784 404 quasi
800 369 928 406 mulieris.
952 368 1005 406 sed

213 406 266 440 jam
292 414 344 433 non
368 404 468 441 poterat
493 413 540 440 per
562 405 700 432 "mlierem
716 405 828 440 perditio
849 405 958 431 introire
980 404 1005 430 iu

214 446 332 473 sanctos,
349 449 380 468 ex
396 449 448 476 quo
461 441 493 468 de
510 442 620 468 muliere
644 442 716 467 salus
730 446 887 467 cunctorum
901 447 1007 476 proces-

214 477 258 504 sit.
274 475 426 512 Intelligere
440 484 503 510 ergo
527 477 654 503 dein'mus
669 482 696 503 et
716 484 781 507 nos,
798 479 826 502 ut.
847 484 898 502 nou
914 475 977 503 illud
991 483 1005 512 τι

212 512 270 539 Deo
295 510 424 546 petamus,
440 512 508 546 qunti
526 520 574 540 nos
594 513 689 538 bonum
703 520 763 539 esse
775 511 925 545 jndicamus
936 531 944 541 .
960 510 1006 537 sed

212 545 321 574 orantes
344 548 368 574 in
390 545 453 582 ejus
463 551 592 582 potestate
605 555 751 583 ponamus,
765 551 794 573 ut
814 554 864 574 nos
879 545 942 574 illud
958 553 1006 580 pe-

213 587 300 618 tentes
315 583 437 609 exaudiat
447 603 454 615 ,
470 584 538 616 quod
559 583 616 618 ipse
631 583 706 609 nobis
721 582 846 618 exliedire
859 582 1005 618 cognoscit.

214 617 326 644 Nescitis
339 618 399 652 quid
414 619 512 652 petatis.
529 618 629 645 Bonum
644 618 749 652 quidem
763 617 925 645 desiderium
938 638 943 645 η
960 617 1006 644 sed

213 652 409 680 inconsiderata
423 654 524 687 petitio.
540 654 600 681 Ideo
611 654 659 681 etsi
675 653 817 688 impetrare.
830 661 881 680 non
895 653 1008 680 debebat

213 688 369 722 simplicitas
379 688 514 724 petitionis
525 697 628 722 eorum,
643 694 729 716 tamen
744 688 868 715 confundi
884 697 936 715 non
952 696 1007 714 tne-

213 724 330 756 rebatur,
347 726 407 758 quia
422 725 456 752 de
470 732 561 751 amore
577 725 678 751 Ιιθιιιὶιιί
696 725 861 751 nascebatur.
881 724 1008 757 Propter-

215 767 245 785 ea
255 767 315 795 non
330 760 491 786 voluntatem
508 766 594 795 neque
609 761 773 795 propositum
794 767 885 786 eorum
901 760 1006 795 culpat,

215 794 260 821 sed
275 795 358 821 solam
373 795 547 830 ignorantiam
562 794 731 829 reprehendit
745 816 752 826 ,
767 795 859 821 dicens
874 803 880 820 :
897 794 1008 822 Nescitis

213 830 275 864 quid
288 831 386 865 petatis.
402 830 466 864 Quis
479 836 566 857 autem
589 830 687 858 athleta
708 830 818 858 idoneus
837 835 899 857 ante
923 835 1009 858 certa-

214 873 276 892 men
291 865 324 892 de
338 866 446 899 praemio
458 866 553 893 factum
569 865 652 893 facit?
665 866 691 893 Si
707 867 777 893 enim
790 871 925 893 certamen
942 867 1008 893 bene

216 903 395 934 processerit,
409 901 489 935 jndcx
504 906 595 936 postea
613 906 700 935 potest
725 901 869 929 secundum
884 902 1007 929 meritqu

213 936 366 963 certaminis
382 937 518 971 puerulum
534 945 688 965 mensurare
711 942 738 965 ct
759 937 902 964 instituere.
917 938 944 964 Si
960 945 1008 964 au-

215 976 267 998 tem
293 973 430 1006 praemium
457 977 518 1000 ante
541 972 621 1000 fuerit
647 975 836 1004 constitutum,
859 981 910 999 non
935 973 1008 1000 omni

215 1007 297 1043 modo
324 1007 469 1034 secundum
492 1008 644 1042 qualitatem
669 1009 770 1042 pra'mii
793 1013 880 1043 potest
908 1010 1008 1037 exitum

217 1041 316 1069 habere
339 1048 474 1070 certamen
492 1041 575 1078 {quia
601 1041 678 1079 quale
704 1041 840 1079 pra-mium
867 1045 966 1077 detur,
982 1046 1008 1073 in

215 1083 348 1114 potestate
361 1083 402 1106 est
415 1080 580 1106 tnuucrantis
595 1087 602 1106 :
618 1080 722 1114 qualem
746 1084 834 1106 autem
849 1081 948 1108 exitum
964 1082 1009 1106 ha-

216 1113 277 1139 beat
298 1114 504 1156 unumquodque
526 1113 681 1156 certamen,
697 1124 749 1156 non
769 1120 827 1156 esu
838 1115 863 1156 in
879 1121 1009 1156 potestate

217 1150 355 1187 certantis.
375 1150 486 1187 Nescitis
499 1157 564 1184 ergo
579 1150 640 1185 quid
655 1152 754 1185 petatis.
768 1151 929 1178 Desideratis
950 1153 1009 1187 qui-

217 1183 278 1210 deln
295 1184 405 1221 bonum,
419 1185 464 1211 sed
480 1183 691 1220 noulintelligitis
713 1187 772 1221 quid
797 1191 838 1213 est
859 1183 966 1216 bonum:
982 1189 1008 1215 Si

215 1223 305 1246 autent
320 1219 502 1255 iutelligerctis
514 1241 521 1252 ,
536 1221 599 1248 illud
615 1219 704 1255 petere
722 1219 860 1250 debebatis
870 1243 876 1255 ,
891 1223 1010 1251 dicentes

218 1255 343 1295 quoniam
370 1256 396 1295 in
427 1256 478 1283 huc
500 1256 600 1295 mundo
625 1257 848 1295 periculosissimo
876 1259 1008 1295 vivimus,

218 1290 293 1329 quasi
310 1291 335 1316 in
353 1291 444 1325 pelago
456 1312 466 1329 ,ἓ
481 1291 523 1318 ubi
541 1290 737 1329 numquamest
753 1293 841 1320 minor
854 1290 1007 1329 tempestas:

218 1325 276 1365 iitsi
292 1331 435 1361 tempestas
462 1327 591 1365 interdum
614 1325 777 1365 innotuerit,
794 1334 880 1356 tamen
903 1325 1011 1365 semper

218 1363 299 1396 timor
312 1366 354 1388 est
369 1363 542 1396 tempestatis.
564 1364 607 1390 Sic
622 1368 648 1390 et
664 1364 688 1390 in
706 1364 756 1392 hoc
779 1365 878 1392 mundo
894 1363 1010 1394 viventi-

219 1395 269 1422 bus
284 1395 429 1432 numquam
448 1403 488 1425 est
513 1398 600 1425 minor
622 1400 813 1427 tcntatio:etsi
838 1402 948 1428 tentatio
971 1403 1011 1429 in-

219 1431 322 1458 terdqu
347 1432 414 1460 laeta
443 1441 494 1460 non
519 1433 615 1468 fuerit,
638 1439 725 1462 tamen
752 1435 831 1463 timor
857 1438 1010 1465 tentationis

218 1473 325 1507 semper
347 1472 396 1496 est.
411 1468 473 1496 ideo
487 1469 520 1507 da
546 1470 621 1507 nobis
640 1471 766 1507 auxilium
789 1471 880 1506 gratiic
894 1476 946 1499 tute
957 1493 965 1507 ,
982 1478 1010 1500 ut

219 1509 270 1528 nou
286 1503 422 1530 vincantur
435 1513 448 1530 a
465 1505 549 1535 maio,
567 1506 613 1532 sed
639 1506 686 1538 ipsi
709 1503 905 1534 omne—malum
921 1503 1010 1536 vinca-

219 1545 288 1578 ibus.
303 1538 453 1578 Sicutcnim
466 1541 670 1578 saeculari‘licllu
686 1542 816 1573 videmus,
830 1543 889 1576 quia
903 1545 947 1578 qui
962 1553 1009 1570 va-

218 1573 289 1613 dens
300 1573 332 1601 ad
348 1582 459 1613 pugnam
475 1575 509 1602 de
525 1576 613 1613 praeda
624 1577 745 1613 victoria:
767 1573 866 1612 cogitat
878 1599 885 1611 ,
900 1573 1010 1608 difﬁcile

221 1610 313 1648 vincit,
323 1610 373 1648 _qui
389 1616 479 1638 autem
494 1611 593 1639 vadens
607 1612 646 1640 sic
660 1613 731 1639 vadit
744 1610 817 1647 quasi
833 1614 865 1640 ad
880 1610 1008 1648 mortem,

220 1643 265 1683 ille
281 1643 357 1684 facile
372 1651 480 1681 superat
496 1656 503 1673 :
519 1648 557 1684 sic
572 1652 598 1684 et
615 1655 662 1674 nos
678 1649 703 1674 iu
719 1643 770 1676 hoc
791 1649 936 1677 certamine
956 1643 1010 1684 spi;

219 1680 306 1719 rituaii
321 1680 439 1709 viventes
464 1690 515 1709 non
538 1683 665 1719 debemus
686 1684 803 1719 cogitare
824 1685 927 1718 qualem
949 1680 1009 1719 glo-

220 1718 286 1740 riam
301 1722 496 1754 consequamur
508 1739 514 1750 ,
532 1718 577 1745 sed
593 1718 728 1754 quomodo
741 1720 884 1747 evadamus
905 1718 1009 1748 ruinam

219 1751 330 1790 peccati.
347 1751 395 1784 Qui
420 1757 507 1790 autem
531 1755 565 1780 de
585 1751 667 1790 gloria
690 1755 797 1790 cogitat,
811 1759 903 1782 etnon
926 1757 1010 1790 magis

221 1786 344 1826 titnet_de
359 1795 422 1814 casu
436 1808 443 1819 ,
462 1789 505 1826 ille
519 1797 568 1816 nec
587 1786 768 1826 iniirmitatiem
791 1786 880 1817 carnis
895 1799 950 1826 suae
962 1786 1010 1818 co-

219 1823 390 1861 gnoseit,‘uc‘c
399 1823 530 1861 versutias
539 1825 690 1861 considerat
700 1825 808 1858 diaboli,
817 1833 865 1852 nec
879 1825 1008 1861 intelligit,

219 1856 292 1888 quod
313 1856 350 1883 ait
365 1857 509 1892 Apostolus
524 1868 530 1885 :
546 1859 606 1886 Non
629 1865 665 1887 est
688 1861 759 1887 nobis
784 1856 926 1888 colluctatio
953 1856 1010 1889 eum

219 1898 296 1930 carne
307 1897 328 1917 et
341 1894 472 1928 sanguine,
482 1895 525 1921 sed
535 1895 652 1921 adversus
662 1897 817 1930 principatus
828 1901 852 1922 et
867 1902 1007 1930 potestates,

219 1925 339 1966 adversus
351 1925 468 1956 rectores
481 1930 557 1964 ltujus
573 1925 666 1956 orandi
679 1925 834 1958 tenebrarum
847 1932 856 1965 l
867 1925 964 1966 'Eplws.
981 1925 1008 1961 (1'.

221 1960 286 2001 52).
302 1962 444 2001 Propterea
459 1960 663 2001 sum’itepmnia
684 1974 756 1993 arma
774 1967 828 1993 Dei.
846 1960 920 1994 Sicut
939 1960 1010 1996 enim

220 1997 307 2028 miles,
327 1999 348 2035 si
364 2003 420 2025 toto
432 2008 543 2035 Corpore
559 2000 637 2028 fuerit
648 2002 728 2028 armis
742 2002 853 2029 vestitus
865 2023 872 2034 ,
888 2007 915 2030 et.
930 2011 1009 2031 uuam

220 2037 323 2072 partem
337 2033 457 2062 imbuerit
473 2033 579 2068 undam,
595 2037 657 2063 nihil
681 2038 704 2064 ei
721 2037 839 2072 prodest.
855 2033 925 2072 quod
941 2044 1010 2067 lotus

220 2067 298 2108 fuerit
314 2069 384 2096 ien'o
398 2073 508 2108 \estitus
520 2092 527 2102 ,
543 2067 633 2108 silper
645 2067 811 2100 illam-unam
826 2067 926 2107 partem
949 2083 1009 2102 eum

218 2106 504 2142 sagitt:i_[n-rett5serit,
522 2107 568 2134 sed
587 2109 625 2135 sic
648 2108 736 2139 cadit,
752 2106 973 2142 quemadmmium
987 2111 1011 2137 si

220 2143 290 2165 totus
315 2139 517 2180 fuisse-tuuuips
540 2143 655 2180 :jsicet
678 2139 863 2176 Christianus,
889 2147 1011 2180 quamvis

218 2181 325 2201 omnem
340 2176 467 2210 justitiam
479 2178 581 2211 fecerit,
595 2178 617 2205 si
634 2179 659 2205 in
674 2186 726 2205 uno
739 2176 1009 2213 peccaverit,'simili-

219 2215 260 2236 ter
275 2216 398 2249 peccator
412 2215 545 2249 statuitur,
559 2214 781 2249 quemadnuulum
796 2215 816 2241 si
830 2223 936 2249 semper
951 2224 1010 2249 pec-

217 2251 314 2285 casset.
329 2246 402 2274 Sicut
412 2248 448 2274 ait
461 2246 576 2275 Jacobus
591 2258 598 2275 :
614 2248 644 2275 Si
656 2258 754 2275 omnem
769 2250 846 2284 legem
860 2246 1008 2285 mlimpleas,

218 2281 279 2320 ct_in
295 2284 553 2320 uno‘lrousgrediaris
563 2305 569 2314 ,
585 2284 699 2311 similiter
714 2281 895 2319 praevaricator
907 2281 935 2312 es.
950 2281 1011 2320 legis

219 2315 321 2354 (Jtlt‘ob.
336 2318 363 2344 εὶ.
382 2315 440 2353 id):
455 2319 515 2347 ideo
529 2325 555 2346 et
572 2320 698 2346 Dominus
714 2315 764 2346 iilis
783 2322 939 2354 reSpondit:
957 2315 1010 2348 Po-

219 2352 287 2377 testis
301 2353 381 2380 bibere
402 2355 504 2381 calicem
516 2377 522 2386 ,
535 2363 607 2390 quem
626 2364 671 2390 ego
689 2355 810 2382 bibitw'us
822 2352 876 2382 sum
887 2378 894 2386 ,
908 2362 950 2383 aut
963 2358 1009 2384 ba-

219 2391 352 2427 ptismate,
368 2398 417 2424 quo
431 2399 475 2424 ego
490 2390 613 2425 baptizor,
625 2391 747 2426 baptizari
761 2392 767 2424 (
781 2391 863 2418 Marc.
879 2393 921 2420 10.
937 2393 971 2419 58
981 2393 988 2427 )
1000 2393 1011 2419 ’2

219 2421 350 2456 Numquid
369 2421 504 2452 nesciebat
522 2421 669 2457 'Domiuus',
684 2427 743 2460 quia
759 2421 906 2461 passionem
929 2421 1011 2460 ipsius

220 2462 342 2490 poterant
363 2460 457 2487 imitari
469 2462 480 2487 ?
493 2461 545 2488 Sed
562 2461 621 2488 ideo
635 2463 674 2488 eis
687 2460 770 2492 dicit,
787 2467 812 2488 ttl
838 2463 948 2489 Domino
970 2463 1010 2489 iu-

221 2497 370 2528 terrogaute
383 2516 389 2526 ,
402 2501 428 2522 et
443 2499 481 2523 eis
496 2497 734 2531 reSpomleutilms,
750 2505 843 2523 inuitus
860 2506 907 2524 nos
920 2499 1011 2525 audia-

220 2536 302 2566 Iuns_:
320 2531 378 2564 quia
401 2539 479 2557 nemo
503 2537 588 2566 potest
610 2541 670 2559 cum
688 2533 795 2559 Christo
819 2541 945 2566 regnare,
962 2534 1010 2561 nisi

220 2564 369 2603 paSsioneui
384 2566 480 2603 Christi
496 2564 574 2594 fuerit
588 2567 715 2600 imitatus,
726 2568 794 2594 sicut
806 2568 841 2594 ait
849 2564 991 2600 Apostolus
1003 2578 1009 2596 :

222 2599 252 2625 Si
267 2601 415 2637 commortui
435 2610 530 2633 sumus,
548 2608 569 2629 et
583 2603 738 2630 convivemus
751 2611 759 2629 :
775 2604 798 2630 si
817 2599 977 2637 sustinemus,
988 2610 1011 2631 et

219 2636 425 2674 roureguqbintus
441 2637 479 2671 (‘2.
495 2637 561 2664 Tua.
573 2638 600 2664 9..
618 2639 661 2665 li.
679 2638 734 2674 19).
751 2638 803 2665 lles
813 2639 883 2666 enim
896 2640 1010 2674 pretiosa

219 2671 262 2696 vili
278 2672 362 2704 pretio
375 2680 426 2698 non
440 2678 619 2706 comparatur.
631 2671 752 2707 Maguqu
766 2675 884 2701 iaboretn
897 2671 1011 2702 necesse

218 2712 259 2731 est
284 2707 360 2733 nobis
375 2707 529 2741 impendere
544 2729 550 2739 ,
567 2709 588 2734 si
605 2710 726 2735 volumus
739 2709 773 2736 ad
791 2718 870 2743 regna
894 2710 1010 2737 caelestia

219 2742 368 2773 pervenire.
385 2743 537 2769 Passionetu
563 2749 649 2770 autem
666 2745 767 2771 Domini
790 2742 902 2772 dicimus
927 2746 1011 2772 susci-

219 2784 355 2815 perennes
379 2778 476 2815 dein-re
500 2786 550 2804 non
572 2779 647 2815 otnni
671 2780 750 2806 modo
778 2781 1010 2815 persnpmtiunem

217 2813 374 2850 gentilium,
389 2813 434 2839 sed
449 2821 554 2840 omnem
572 2814 688 2840 laborem
708 2820 735 2841 et
751 2813 897 2842 Intolestiam
911 2837 917 2846 ,
932 2825 1010 2850 qualn

219 2847 333 2879 patimur
354 2849 379 2874 in
402 2857 514 2883 corpore
529 2855 619 2876 cutura
635 2855 739 2882 peccata
754 2855 896 2878 certantes.
910 2847 975 2878 Nam
989 2853 1011 2878 si

216 2883 329 2912 gentiles
356 2884 521 2918 defecerint,
547 2886 590 2920 qui
616 2886 864 2920 persequebantur:
882 2889 1012 2919 numquid

866 135 952 164 ΟΡΕὸ
968 134 1213 164 iMPERFECTUM

1801 135 1857 162 εἴ.ἶὸ

1059 190 1119 217 ideo
1134 195 1254 225 prompta
1269 191 1389 217 voluntas
1413 191 1528 218 ﬁdelium
1542 191 1621 220 debet
1633 193 1691 220 siue
1704 192 1790 220 fructu
1804 200 1856 220 sw-

1059 226 1115 252 rilis
1129 226 1304 262 permanere?
1321 226 1382 254 ideo
1396 231 1423 253 et
1433 228 1453 253 si
1469 233 1563 261 gentes
1578 236 1629 254 non
1647 228 1740 260 habes,
1754 236 1815 262 qua:
1829 233 1856 255 te

1060 265 1252 297 persequantur
1265 283 1273 294 ,
1289 261 1371 288 habes
1397 262 1542 297 principem
1565 263 1682 297 gentium
1699 261 1854 294 diabolum,

1059 297 1102 330 qui
1130 296 1266 333 hotuiucm
1295 298 1418 332 persequi
1442 296 1584 333 numquam
1613 303 1711 326 cessat.
1728 299 1755 326 Si
1780 299 1854 325 enim

1059 332 1206 366 principem
1223 333 1340 366 potueris
1356 333 1462 361 vincere
1485 334 1510 360 in
1531 339 1651 368 peccato,
1667 341 1718 361 non
1740 338 1781 361 est
1795 342 1855 360 ma-

1058 375 1281 404 gnunrsuperare
1302 368 1436 395 ministros
1456 369 1514 403 ejus
1535 370 1561 396 in
1576 377 1687 404 corpore
1713 374 1768 396 tuo.
1784 370 1857 396 Ecce

1060 402 1171 429 ostendo
1192 403 1236 429 tibi
1253 411 1375 437 magnam
1389 408 1424 439 ret
1446 402 1652 438 in'superabiicin
1668 406 1857 439 perscquuiio-

1060 446 1120 464 nem
1135 439 1162 465 in
1184 446 1295 473 corpore
1311 443 1364 465 tuo.
1388 438 1476 473 incipe
1498 440 1623 467 resistere
1637 438 1776 467 desideriis
1790 441 1854 473 tuis,

1060 479 1086 500 et
1104 479 1164 500 tunc
1178 474 1308 508 intelliges
1319 481 1398 508 quam
1413 475 1496 502 fortes
1508 480 1570 502 sunt
1582 476 1692 509 spiritus
1706 476 1857 503 desiderio-

1060 517 1119 535 rum
1140 510 1270 536 malorum
1284 530 1292 542 ,
1308 509 1352 544 qui
1367 514 1392 536 te
1415 515 1618 545 persequuntur.
1635 511 1697 538 Haec
1718 517 1758 538 est
1781 511 1856 537 enim

1061 551 1146 578 pugna
1163 544 1328 580 periculosa,
1345 549 1371 572 et
1392 544 1449 572 haec
1471 544 1512 574 est
1533 546 1648 580 gloriosa
1672 546 1781 574 victoria
1808 547 1856 580 qui

1061 579 1263 617 potuerit_odi_re
1285 580 1356 617 q_uod
1370 585 1457 617 amat,
1474 586 1500 608 et
1521 579 1611 609 innare
1631 582 1702 617 quod
1721 582 1786 609 odit.
1801 579 1859 608 Ant

1061 615 1121 642 ideo
1133 615 1199 642 dixit
1214 615 1274 652 eisi:
1292 614 1401 652 Potestis
1414 616 1496 643 bibere
1516 616 1629 650 calicem,
1641 614 1717 651 quem
1729 626 1773 652 ego
1789 617 1858 643 bibi-

1061 655 1132 687 turus
1156 651 1234 677 sum?
1255 651 1384 687 Dominus
1406 653 1477 678 enim
1503 657 1665 686 cognoverat
1689 651 1857 687 propositum

1061 686 1130 712 istud
1146 687 1291 722 petentium
1305 685 1426 717 fratrum.
1441 687 1501 721 quia
1517 685 1569 714 non
1583 688 1725 722 primatum
1738 685 1790 715 sibi
1805 696 1856 722 pc-

1062 722 1153 758 tcbant
1179 721 1324 758 secundum
1351 722 1498 750 mundiales
1522 721 1656 756 honores,
1676 731 1755 758 quem
1776 721 1857 750 silex

1061 757 1165 783 duobus
1177 757 1317 793 velitribus
1332 765 1400 784 unus
1411 759 1554 793 acceperit,
1570 766 1679 786 necesse
1691 763 1733 786 est
1742 764 1858 786 cmtcros

1063 793 1119 820 tieri
1136 800 1168 819 eo
1191 792 1352 820 inferiores:
1368 793 1413 820 sed
1440 792 1628 827 perfectionem
1651 795 1757 828 pietatis
1778 799 1859 828 pete-

1062 828 1126 854 bant
1139 828 1165 854 in
1179 835 1261 862 regno
1275 829 1385 864 cgelesti,
1400 836 1478 863 quam
1499 834 1526 856 ct
1543 830 1618 856 multi
1640 830 1766 864 consequi
1789 838 1858 864 pos-

1061 867 1123 889 sunt
1139 872 1145 890 :
1163 868 1263 890 etcum
1286 863 1384 891 fuerint
1402 865 1576 899 consequuti,
1592 865 1702 892 alterius
1727 863 1859 899 perliéctio

1061 899 1170 926 alterius
1184 899 1348 933 perfectione
1369 908 1421 926 non
1437 900 1573 928 minuitur.
1590 900 1697 934 Utputa,
1712 901 1808 928 sedere
1821 900 1859 927 ad

1062 934 1181 961 dextram
1196 935 1304 968 Christi,
1322 935 1362 961 vel
1376 935 1408 962 ad
1422 936 1554 963 sinistram
1567 956 1574 968 ,
1590 935 1717 970 numquid
1739 937 1857 963 duorum

1062 974 1103 1006 est
1117 971 1242 1006 tantum?
1259 970 1467 998 Innumerabiles
1482 971 1552 998 enim
1578 977 1687 1006 poSsuut
1713 972 1808 998 Sedere
1823 971 1859 997 ad

1062 1005 1181 1032 dextram
1196 1005 1304 1039 Christi,
1322 1007 1362 1034 vel
1377 1006 1410 1033 ad
1432 1007 1565 1034 sinistram
1579 1005 1587 1033 Ξ
1604 1012 1692 1034 tamen
1706 1006 1773 1034 alter
1786 1007 1858 1034 alte-

1062 1048 1120 1077 rum
1143 1048 1157 1066 a
1183 1040 1353 1074 perfectionis
1378 1042 1472 1069 ordine
1498 1050 1549 1069 non
1574 1042 1707 1070 excindit:
1728 1042 1857 1077 quoniam

1063 1075 1132 1113 hanc
1146 1076 1334 1113 perfectionem
1350 1078 1454 1112 pictatis
1465 1086 1543 1105 nemo
1554 1082 1641 1113 potest
1655 1075 1795 1112 consequi,
1805 1078 1859 1104 nisi

1062 1112 1105 1146 qui
1123 1112 1237 1147 legitime
1257 1114 1399 1140 certaverit
1419 1121 1501 1147 usque
1515 1114 1546 1140 ad
1556 1112 1684 1141 mortem.
1699 1113 1759 1140 ideo
1775 1113 1860 1140 inter—

1062 1153 1138 1182 rogat
1150 1155 1207 1180 eos,
1226 1147 1332 1175 Potestis
1344 1149 1426 1176 bibere
1436 1150 1539 1176 culicem
1551 1170 1558 1181 ,
1572 1157 1645 1184 quem
1667 1158 1712 1184 ego
1732 1149 1859 1175 bibitur-us

1063 1184 1142 1210 sum?
1156 1188 1184 1210 ut
1199 1184 1253 1210 illis
1268 1185 1490 1218 respondentibus
1504 1185 1564 1219 quia
1582 1191 1731 1220 possumus.
1747 1185 1859 1211 audiant

1063 1220 1151 1255 caeleri
1174 1220 1366 1254 condiscipuli,
1391 1226 1418 1248 et
1441 1220 1650 1255 conquiescant,
1678 1220 1858 1254 iutiliigentes

1063 1254 1187 1288 quoniam
1203 1259 1230 1281 et
1255 1255 1324 1290 ipsi,
1345 1256 1366 1282 si
1392 1256 1477 1290 parati
1497 1254 1559 1282 sunt
1574 1257 1640 1282 mori
1656 1263 1716 1282 cum
1737 1256 1858 1286 Christo,

1064 1290 1237 1317 nihilominus
1253 1292 1447 1324 possuntjuxta
1464 1290 1598 1318 Christum
1611 1291 1715 1323 sedere,
1730 1298 1777 1325 pcr
1797 1291 1859 1317 illu-

1063 1333 1122 1352 rutn
1145 1326 1292 1353 sessionem
1314 1334 1480 1361 nequaquam
1500 1327 1601 1354 exclusi
1613 1347 1620 1358 ,
1639 1328 1707 1354 sicut
1722 1328 1777 1360 ipse
1792 1326 1860 1353 dicit

1065 1369 1112 1394 per
1128 1362 1281 1395 prophetam
1298 1362 1322 1389 in
1340 1362 1445 1389 Psahuo
1460 1370 1466 1388 :
1484 1361 1557 1388 Oculi
1572 1362 1619 1388 mri
1633 1371 1731 1396 semper
1743 1362 1777 1388 tut
1790 1362 1858 1395 ﬁde-

1064 1397 1098 1424 les
1111 1401 1194 1429 terrm,
1217 1402 1243 1423 ut
1257 1397 1357 1425 sedeant
1378 1398 1403 1424 lii
1419 1406 1515 1424 "tecum
1532 1398 1541 1432 (
1558 1397 1627 1425 Psal.
1645 1397 1705 1425 l00.
1729 1401 1745 1424 b
1762 1398 1781 1431 ).
1798 1397 1859 1424 Non

1063 1432 1133 1459 enim
1157 1433 1229 1459 locus
1245 1433 1353 1461 sedendi
1377 1434 1460 1467 major
1482 1438 1509 1460 ct
1523 1435 1609 1460 minor
1628 1435 1755 1468 estjuxta
1776 1432 1857 1460 Chri-

1063 1473 1132 1495 stum
1145 1489 1154 1501 ,
1172 1469 1219 1495 sed
1237 1469 1303 1496 ﬁdes
1319 1469 1434 1502 patiendi
1456 1476 1516 1495 cum
1531 1469 1646 1496 Christo.
1660 1469 1717 1496 Non
1732 1473 1772 1496 est
1788 1468 1859 1496 calix

1063 1508 1090 1530 et
1101 1504 1259 1538 baptismum
1271 1512 1362 1532 unum.
1373 1504 1446 1532 Calix
1458 1505 1527 1531 enim
1540 1505 1626 1539 passio
1634 1510 1686 1538 est,
1696 1504 1859 1539 baptismum

1064 1544 1152 1566 autem
1163 1540 1220 1574 ipsa
1232 1541 1420 1568 mors.Dictum
1433 1546 1472 1567 est
1487 1546 1573 1567 autem
1588 1541 1746 1574 baptismum
1759 1547 1858 1566 secun-

1064 1574 1126 1602 dum
1136 1575 1333 1603 similittuiiuem
1348 1576 1415 1602 lana:
1428 1576 1555 1602 intinctae.
1569 1576 1643 1602 Sicut
1656 1577 1727 1603 enim
1742 1575 1802 1602 lana
1819 1575 1860 1601 in-

1065 1610 1194 1644 tingitur,
1210 1612 1357 1638 naturalem
1383 1611 1484 1638 habens
1509 1611 1645 1643 colorem,
1671 1616 1699 1637 ut
1721 1611 1859 1638 colori-tur

1064 1653 1206 1680 purpurea,
1221 1651 1266 1674 aut
1279 1647 1390 1680 alicujus
1403 1647 1501 1674 coloris
1514 1647 1627 1681 accipiat
1637 1647 1793 1681 dignitatem
1805 1646 1860 1673 :sic

1063 1686 1090 1708 et
1103 1690 1151 1708 nos
1166 1684 1190 1709 in
1208 1688 1321 1709 mortem
1336 1682 1522 1710 descendimus
1537 1683 1690 1717 corporales
1702 1703 1709 1715 ,
1724 1687 1749 1708 et
1764 1689 1857 1709 resur-

1063 1717 1149 1750 gimus
1159 1718 1322 1752 spirituales,
1336 1718 1404 1744 sicut
1417 1718 1453 1744 ait
1466 1718 1608 1751 Apostolus
1623 1727 1629 1743 :
1646 1717 1811 1744 Sentinantur
1830 1717 1859 1743 in

1063 1754 1226 1785 inﬁrmitate,
1243 1755 1370 1787 surgimus
1388 1754 1414 1780 in
1434 1754 1542 1780 virtute:
1565 1753 1718 1780 seminantur
1736 1753 1762 1778 in
1781 1754 1859 1787 igno-

1063 1788 1166 1822 bilitate,
1175 1789 1328 1824 resurgimus
1338 1789 1452 1824 ingloria
1465 1797 1474 1816 :
1486 1789 1623 1816 seminatur
1635 1797 1725 1824 corpus
1736 1788 1859 1824 animale,

1063 1798 1166 1822 unitate,
1175 1798 1328 1824 resnrgnnus
1338 1798 1363 1815 ιη
1389 1798 1452 1816 torta
1465 1798 1474 1816 :
1486 1798 1623 1816 seminatur
1635 1798 1725 1824 corpus
1736 1798 1859 1822 animate,

1063 1829 1147 1857 surget
1159 1833 1252 1859 corpus
1265 1798 1396 1858 spiritualle
1417 1825 1426 1858 (
1438 1825 1464 1852 Ι.
1478 1824 1538 1852 Cor.
1555 1824 1598 1851 i5.
1612 1825 1657 1852 45.
1671 1824 1735 1858 44).
1763 1823 1860 1852 Omnis

1065 1859 1173 1894 quidem
1190 1867 1262 1887 mors
1278 1859 1356 1886 habet
1367 1860 1393 1886 in
1408 1868 1437 1886 se
1449 1860 1610 1893 passionem,
1625 1867 1677 1887 non
1692 1859 1771 1886 habet
1787 1859 1812 1886 in
1826 1867 1857 1886 se

1064 1896 1151 1922 otnuis
1166 1896 1254 1930 passio
1266 1901 1292 1922 et
1303 1900 1426 1922 mortem.
1437 1895 1510 1922 Multi
1526 1895 1596 1923 enim
1606 1895 1720 1931 luerunt,
1731 1895 1775 1929 qui
1785 1895 1858 1931 passi

1064 1935 1136 1961 sunt,
1152 1937 1178 1958 et
1193 1939 1245 1958 non
1258 1935 1320 1957 sunt
1331 1931 1423 1962 occisi,
1439 1931 1531 1965 quales
1545 1935 1607 1957 sunt
1619 1930 1801 1957 confessores.
1818 1931 1858 1957 illi

1064 1974 1158 1994 omnes
1181 1967 1290 1994 calicem
1314 1966 1420 2000 quidem
1442 1966 1544 1993 Dou‘iini
1570 1966 1703 1997 biberunt,
1724 1965 1858 1999 baptismo

1064 2007 1152 2029 autem
1166 2002 1224 2036 ejus
1242 2001 1366 2036 baptizati
1388 2009 1440 2028 nun
1456 2007 1528 2028 sunt.
1553 2000 1649 2027 Dicunt
1659 2001 1692 2033 ei,
1704 2000 1857 2028 Possumus.

1064 2038 1121 2064 Non
1138 2042 1238 2064 tantum
1252 2036 1410 2063 conlidentia
1425 2037 1514 2064 cordis
1527 2036 1576 2068 sui,
1591 2041 1717 2071 quantum
1734 2037 1860 2071 lgtlu‘nlt-

1066 2073 1100 2099 tia
1116 2073 1267 2099 teutationis
1281 2073 1337 2098 tunc
1354 2072 1557 2106 responderunt.
1579 2071 1762 2099 Nescientibus
1783 2073 1856 2099 enim

1064 2108 1242 2135 desiderabile
1256 2112 1294 2134 est
1307 2107 1414 2139 bellum,
1427 2108 1493 2134 sicut
1505 2113 1532 2134 et
1547 2109 1691 2140 inexpertis
1703 2107 1769 2134 levis
1783 2108 1857 2134 vide-

1065 2148 1107 2171 tttr
1120 2150 1180 2170 esse
1193 2143 1304 2170 tentatio
1316 2143 1445 2176 passionis
1456 2148 1482 2170 et
1493 2143 1594 2170 mortis.
1606 2143 1634 2170 Si
1645 2143 1715 2170 enim
1728 2142 1859 2170 Demiuus

1065 2187 1124 2206 cum
1134 2179 1159 2205 in
1170 2179 1340 2205 tentationetn
1354 2179 1482 2211 passionis
1493 2179 1619 2209 venisset,
1631 2177 1735 2205 dicebat
1749 2178 1857 2208 :Putrr.

1064 2215 1085 2242 si
1101 2219 1179 2250 potest
1192 2214 1257 2247 fieri,
1274 2218 1411 2250 trauscala
1426 2222 1464 2240 me
1474 2214 1541 2250 calix
1554 2215 1600 2240 iste
1613 2213 1773 2250 (Matthﬂb'.
1789 2215 1835 2243 59)
1851 2223 1858 2229 ·

1064 2255 1163 2285 quanto
1177 2251 1261 2283 magis
1276 2249 1395 2282 discipuli
1410 2258 1461 2285 non
1480 2249 1585 2276 fuerant
1603 2249 1698 2276 dicturi
1714 2249 1774 2283 quia
1791 2250 1858 2276 i’os-

1065 2284 1166 2317 sumus,
1182 2285 1204 2312 si
1220 2286 1331 2311 scissent
1345 2284 1430 2318 qualis
1439 2289 1480 2312 est
1489 2285 1598 2311 tentatio
1607 2285 1720 2311 mortis?
1734 2285 1858 2319 Magnum

1064 2321 1171 2355 quidem
1185 2321 1303 2347 dolorem
1318 2319 1396 2346 habet
1411 2320 1508 2353 passio,
1525 2325 1611 2347 tamen
1623 2327 1695 2346 mors
1707 2320 1786 2347 habet
1798 2329 1857 2347 tua-

1063 2356 1149 2390 jorem
1166 2356 1299 2383 timorem.
1321 2355 1354 2382 Et
1372 2356 1436 2382 dicit
1457 2356 1497 2382 eis
1513 2364 1520 2381 τ
1536 2355 1644 2382 Calicem
1655 2355 1756 2390 quidem
1772 2364 1857 2382 ηιίιιιηι

1065 2392 1162 2424 iubetis,
1178 2396 1199 2417 et
1220 2392 1357 2425 baptismo,
1372 2399 1420 2424 quo
1434 2399 1479 2426 ego
1494 2391 1607 2425 baptizor
1619 2411 1626 2422 ,
1641 2391 1832 2424 baptizabimini
1848 2401 1857 2418 :

1064 2427 1150 2454 sedere
1162 2431 1246 2453 autem
1256 2426 1289 2452 ad
1304 2426 1431 2452 dexteram
1443 2435 1533 2454 nteant,
1546 2432 1587 2452 aut
1605 2426 1638 2452 uti
1651 2426 1790 2457 sinistram,
1807 2435 1859 2454 non

1065 2468 1101 2489 est
1116 2470 1198 2488 meum
1217 2461 1278 2487 tlarc
1294 2461 1377 2491 vobis.
1398 2461 1442 2487 sed
1457 2462 1546 2495 quibus
1567 2467 1682 2496 paratum
1694 2467 1730 2487 est
1746 2470 1762 2487 a
1778 2461 1859 2490 l’ntrc

1065 2506 1118 2524 mea
1134 2497 1228 2532 (Marc.
1244 2497 1286 2524 10.
1304 2496 1500 2531 59).Ntnnquid
1514 2497 1858 2532 noubabelnltipotestatent

1066 2538 1192 2565 praestare
1205 2533 1246 2558 cui
1262 2532 1382 2563 volebat,
1398 2539 1459 2559 cum
1474 2532 1509 2559 sit
1523 2533 1666 2567 scriptum,
1683 2531 1760 2558 Pater
1774 2533 1859 2566 diligit

1064 2567 1206 2600 Filium,“
1217 2569 1303 2594 otnuia
1311 2566 1566 2600 deditinmanucjttx
1576 2566 1665 2597 lJoan.
1681 2569 1707 2596 5.
1720 2568 1789 2600 55)?
1803 2569 1857 2596 Sed

1066 2603 1124 2630 ideo
1139 2610 1189 2629 non
1211 2603 1332 2628 rel'utavu
1354 2602 1506 2636 petitionem
1527 2610 1630 2634 eorum,
1647 2611 1680 2630 ne
1690 2605 1857 2631 exanimaret

1064 2645 1123 2671 eos,
1139 2643 1165 2664 ct
1178 2638 1359 2671 pusillanimes
1375 2636 1483 2664 faceret.
1498 2637 1561 2664 Nam
1578 2647 1628 2663 non
1646 2638 1721 2665 facile
1732 2641 1765 2665 de
1778 2639 1855 2665 celei

1065 2683 1096 2701 ro
1111 2674 1221 2700 resumit
1240 2672 1365 2706 Speraudi
1381 2673 1504 2699 virtutem
1523 2673 1566 2708 qui
1583 2674 1664 2700 semel
1680 2673 1713 2700 de
1728 2681 1772 2704 eo,
1785 2676 1855 2708 quod

1066 2713 1229 2743 speraverat,
1243 2708 1323 2735 cadit.
1346 2708 1434 2735 Noluit
1448 2713 1536 2735 autem
1551 2709 1686 2743 suscipere
1701 2710 1855 2743 petilium-tn

1065 2752 1169 2773 eorum.
1195 2751 1228 2770 ne
1249 2747 1360 2771 ca-teros
1380 2751 1473 2770 omnes
1500 2744 1624 2771 tristart't.
1653 2744 1717 2770 Nam
1746 2752 1856 2773 neci-sse

1065 2784 1133 2811 erat,
1148 2779 1217 2814 quod
1242 2779 1282 2805 vel
1305 2779 1364 2805 talia
1391 2780 1551 2813 cogitarent,
1577 2779 1662 2806 adhuc
1684 2780 1742 2806 sine
1757 2782 1856 2806 auxilm

1067 2815 1182 2849 Spiritus
1197 2815 1280 2841 sancti
1304 2814 1439 2841 constituti
1457 2815 1503 2841 :Si
1519 2815 1600 2841 semel
1624 2815 1680 2841 istis
1694 2815 1798 2842 dnoims
1814 2822 1853 2841 tu-

1067 2852 1118 2877 tius
1130 2850 1203 2883 regni
1219 2850 1288 2876 illius
1302 2850 1415 2876 societas
1425 2850 1563 2876 dividenda
1580 2856 1629 2881 es",
1643 2851 1664 2876 si
1681 2858 1749 2877 unus
1763 2859 1854 2877 Srs~tt~

1067 2894 1112 2914 rus
1132 2885 1218 2913 estad
1237 2885 1371 2913 dexteram
1383 2907 1390 2919 ,
1406 2886 1473 2913 alter
1494 2886 1527 2913 ad
1550 2886 1682 2913 Slitlhll‘dill
1697 2887 1774 2920 ejus:
1793 2892 1857 2919 ergo
