2021 3128
137 141 189 171 8‘29

136 209 185 228 nos
198 201 260 236 quid
276 208 367 229 sumus
380 201 483 233 facturi,
497 205 541 228 aut
555 201 616 236 quid
633 200 688 229 ficri
700 201 755 235 jatn
769 201 926 235 speramus?

137 236 198 263 Ideo
209 235 279 264 'eum
308 238 412 271 sequuti
436 244 529 264 sumus
541 257 548 269 ,
562 235 590 262 nt
604 235 656 263 illis
676 237 768 263 electis
791 236 824 263 de
838 236 926 263 medio

136 277 266 304 nostrum,
283 281 331 300 nos
349 273 516 300 inveniamur
534 273 628 298 relicti.
646 272 674 298 ln
694 272 765 298 otnni
781 271 871 299 labore
888 272 922 298 si-

136 307 213 335 miles
237 309 277 335 eis
303 308 448 341 l'uimus,et
465 315 536 334 nunc
558 308 655 335 inventi
676 307 758 334 simus
782 307 807 334 in
826 307 926 334 honore

135 343 289 370 dissimiles.
310 343 376 370 Nam
389 350 499 370 necesse
512 347 579 374 erat,
598 349 626 369 ut
640 342 754 371 carnalia
767 343 923 377 cogitarent,

135 379 179 412 qui
195 377 307 405 necdum
324 379 385 406 facti
397 379 502 406 fuerant
516 378 677 412 spirituales.
702 378 729 405 Si
744 378 814 404 enim
830 378 924 413 petitio

136 421 227 440 eorum
249 418 371 448 suscepta
384 421 436 441 non
453 419 490 440 cst
502 435 509 446 ,
526 419 552 440 et
568 421 661 441 (mines
675 414 825 440 conturhali
842 418 922 445 sunt,

135 457 218 484 quare
231 450 271 476 vel
289 449 338 476 hoc
353 450 438 484 ipsum
453 454 544 483 petere
558 450 614 476 ausi
630 453 692 476 sunt
709 459 716 476 :
730 455 827 484 quanto
842 449 923 484 magis

134 484 238 511 fuerant
253 485 438 518 conturbandi,
449 485 472 512 si
483 484 574 519 petitio
585 493 676 512 eorum
682 489 803 518 suscepta
816 484 923 512 fuisset?

134 519 196 547 Ideo
219 527 304 554 neque
331 521 407 552 dixit,
423 520 480 547 Non
495 520 638 552 sedcbilis,
654 528 687 547 ne
699 521 765 547 duos
778 519 923 547 confunde-

134 559 175 582 ret
190 564 197 582 :
211 563 297 590 neque
312 555 537 588 dixit,Sedtb‘tis,
554 563 586 582 ne
600 560 712 583 ceteros
726 556 840 582 irritaret
855 564 861 581 :
875 555 921 582 sed

133 591 215 625 quid?
230 591 286 618 [Ioc
299 599 349 618 non
364 597 400 618 est
410 600 491 618 meum
506 591 567 617 dare
579 592 657 623 vobis,
669 592 713 618 sed
728 591 822 617 Patris.
840 591 921 617 Tam-

132 634 211 661 quam
227 627 356 662 benignus
371 632 398 654 et
413 627 536 661 providus
550 631 625 661 pater
638 628 677 653 sic
694 627 781 662 omnia
804 626 920 660 disponit

132 666 159 689 et
179 661 298 695 ordinat,
311 668 337 689 ut
353 663 422 690 inter
436 662 530 689 fratres
542 663 680 689 unanimes
690 661 861 688 fraternitatis
875 669 920 687 ca-

132 698 197 724 ritas
212 705 264 724 non
289 703 435 732 rumpatur.
463 697 555 723 Videte
577 697 711 732 quomodo
734 702 760 724 et
775 697 873 724 nullmn
887 705 919 724 ex

132 733 171 760 eis
185 733 318 766 turbavit,
340 738 367 760 et
380 740 473 760 omnes
486 733 549 760 fecit
563 740 680 766 sperare,
697 733 797 764 dicens,
815 732 873 758 Non
885 737 921 758 est

131 776 214 795 meum
227 768 288 795 dare
300 769 377 800 vobis,
392 769 435 795 sed
447 768 542 795 Putris.
553 768 618 794 Nam
627 768 696 803 quod
709 768 753 795 uni
766 767 920 794 antduubus

130 804 281 838 specialiter
301 812 354 831 non
370 804 541 838 promittitur,
558 811 572 830 a
587 805 690 830 cunctis
703 808 835 837 speratur.
851 803 919 836 Quid

130 841 211 873 ergo?
222 840 348 867 mentitus
371 845 412 867 est
438 839 570 871 Christus,
586 839 692 866 dicens:
706 839 766 865 Non
777 843 811 865 est
820 839 920 865 nteant?

130 874 198 910 Non.
215 875 307 902 Omnis
322 875 392 902 enim
407 875 450 910 qui
463 875 543 901 habet
556 879 712 909 potestatem
725 896 732 905 ,
746 874 768 901 si
783 878 917 910 acceptam

131 909 210 937 habet
222 910 255 937 ab
269 911 330 943 alio,
343 908 464 937 illius'est
479 917 540 937 vere
553 908 597 944 qui
611 910 694 936 dedit.
711 909 775 936 Nam
788 909 850 944 quid
868 908 918 935 ha-

129 945 209 972 bebat
223 945 305 973 Filius
322 946 467 980 proprium,
484 954 543 972 cum
559 946 615 980 ipse
630 954 681 972 non
695 950 766 971 esset
780 952 854 974 suus.
870 944 917 972 sed

131 980 236 1008 Patris?
252 981 290 1016 (a)
305 981 388 1017 [Ergo
410 981 478 1008 inter
491 989 562 1013 eum,
578 981 654 1015 cujus
670 988 723 1007 non
737 986 795 1012 est,
810 985 837 1017 et
850 980 919 1007 inter

128 1024 200 1047 eum,
215 1017 292 1050 cujus
302 1016 353 1047 est.
369 1024 418 1044 nec
432 1024 544 1050 persona
559 1024 609 1042 una
625 1021 675 1048 est,
692 1024 739 1042 nec
752 1016 861 1050 aequalis
876 1024 919 1050 po-

129 1056 219 1080 testas.
236 1053 263 1079 Si
277 1052 348 1079 euim
361 1060 429 1079 unus
443 1052 513 1079 Deus
524 1052 637 1079 etl’ater
649 1057 674 1078 et
688 1051 779 1083 Filius,
790 1056 835 1077 ant
845 1057 917 1078 certe

131 1093 235 1120 potest,
253 1092 299 1115 aut
313 1088 387 1115 certe
403 1095 454 1114 non
471 1092 567 1122 potest.
582 1087 646 1119 Quis
661 1086 727 1113 vidit
742 1087 820 1113 talem
835 1095 915 1113 ιιιιιιιιι

128 1122 211 1160 Deum
230 1124 362 1151 caelestem
377 1124 467 1151 colere
486 1123 531 1158 qui
551 1122 701 1160 in_dim_idio
715 1126 809 1160 potens
824 1127 874 1160 est,
891 1126 918 1149 et

127 1159 154 1186 in
169 1159 279 1186 dimidio
298 1159 447 1193 impotens?
469 1160 521 1185 Aut
543 1158 601 1193 quis
623 1158 681 1184 illos
697 1158 770 1192 putet
785 1158 915 1191 :equales,

126 1202 238 1229 quorum
253 1203 305 1222 non
319 1199 359 1221 est
371 1194 479 1229 a‘qualis
494 1193 646 1229 potestasij
663 1193 806 1221 Audiamus
821 1194 876 1221 haec
890 1199 916 1221 et

126 1230 305 1265 intelligamus
317 1250 324 1262 ,
342 1237 391 1257 nos
403 1230 562 1262 Christiani,
575 1233 604 1256 ut
618 1229 724 1265 quando
737 1229 833 1263 aliquid
851 1230 916 1262 peti-

126 1274 186 1293 mus
196 1264 290 1298 a’Deo,
305 1269 332 1293 et
346 1273 397 1293 non
410 1266 592 1300 impetramus,
606 1271 658 1291 non
672 1264 806 1298 frangatur
820 1264 915 1292 fiducia

126 1307 228 1333 nostra,
240 1309 327 1336 neque
347 1301 425 1328 cadat
445 1308 507 1335 spes
521 1305 611 1327 nostra
622 1308 635 1326 a
649 1300 713 1331 Deo,
731 1305 756 1325 ut
771 1300 915 1336 demetere

125 1334 296 1372 desperemus
309 1337 343 1364 de
364 1334 544 1363 misericordia
564 1336 716 1372 ejusrzrquia
733 1342 782 1362 nec
804 1334 914 1362 fratrum

126 1371 237 1401 istarum
253 1372 335 1399 fracta
346 1377 384 1398 est
401 1372 505 1405 fiducia,
523 1371 675 1398 autcecidtt
689 1378 749 1403 spes
762 1391 769 1401 ,
786 1377 844 1396 cum
862 1379 914 1397 non

126 1410 322 1443 impetrassent.
344 1408 413 1442 Quid
427 1407 496 1434 enim
511 1428 517 1437 ,
529 1407 550 1434 si
566 1414 617 1443 non
632 1406 744 1443 expedit
756 1406 831 1443 nobis
845 1407 916 1433 acci-

126 1441 189 1480 pere
201 1445 270 1479 quod
283 1441 405 1479 petimus,
416 1443 485 1480 sicut
499 1450 548 1480 nec
560 1442 611 1468 illis
625 1441 801 1475 expediebat?
816 1441 916 1480 Quam-

126 1477 164 1508 vis
178 1477 265 1507 autem
282 1477 358 1514 putas
371 1484 396 1505 te
407 1478 570 1512 spiritnalem
587 1485 643 1504 rem
664 1482 753 1514 petere
766 1477 915 1514 secundum

125 1517 223 1548 Deum,
237 1520 264 1544 et.
281 1512 386 1550 dignam
408 1514 612 1550 impetratione:
632 1517 717 1550 tantum
731 1512 752 1538 si
765 1513 915 1550 nonimpc-

126 1547 248 1584 traveris,
262 1547 378 1586 graviter
394 1547 462 1586 ferre
482 1556 534 1576 non
556 1549 646 1586 debes.
674 1547 740 1586 Nam
759 1547 875 1574 .lacobus
889 1552 916 1574 et

124 1583 246 1616 Joannes
257 1583 312 1614 r'em
332 1585 495 1620 spiritualem
512 1588 547 1620 et
571 1584 675 1617 dignam
700 1583 753 1620 fleo
773 1589 802 1609 se
824 1587 915 1617 petere

125 1623 292 1651 atstimabant
306 1631 312 1649 :
327 1618 414 1648 tamen
431 1619 570 1654 reprobata
595 1623 636 1645 est
658 1618 749 1654 petilio
761 1625 853 1654 eorum
866 1639 872 1650 ,
888 1623 916 1645 et

125 1658 359 1691 inutilisjtnlicata.
371 1656 428 1683 Non
442 1653 513 1682 enim
527 1662 616 1691 omne,
626 1653 696 1691 quod
710 1653 915 1691 apudghomines

123 1696 224 1730 justum
233 1689 362 1723 “videtur,
377 1692 430 1726 jam
444 1691 527 1730 etiam
547 1690 615 1730 apud
631 1689 714 1730 licam
730 1689 853 1730 similiter
864 1689 910 1722 ju-

125 1725 194 1758 stum
208 1734 249 1757 est
263 1739 269 1757 :
285 1725 383 1764 quanto
400 1727 484 1764 major
494 1730 534 1764 est
551 1726 619 1752 Deus
631 1725 747 1764 homine,
764 1728 836 1764 ta‘nto
853 1732 916 1764 pro:

125 1766 246 1793 lundiura
272 1759 334 1791 sunt
357 1763 400 1790 Dei
421 1759 519 1797 judicia
539 1768 618 1795 quam
634 1760 756 1797 hominis.
783 1759 915 1794 Numquid

124 1802 258 1836 digniores
285 1808 344 1827 esse
367 1795 507 1836 possumus
529 1796 629 1836 iacebo
649 1800 676 1822 et
696 1795 808 1827 Joanne,
824 1800 915 1836 utnon

125 1831 296 1871 impoti-antes
311 1831 380 1871 quod
397 1835 521 1871 petimus,
533 1833 680 1871 doleamus,
693 1839 753 1871 cum
770 1839 818 1871 nec
830 1831 872 1871 ill_i_
882 1831 915 1859 de

125 1865 177 1899 non
201 1865 341 1906 impetrato
357 1865 484 1906 beneflcio
497 1873 559 1906 sunt.
573 1866 743 1906 contristati?
766 1865 800 1906 Et
811 1867 917 1906 audien-

123 1913 160 1934 tes
172 1901 266 1938 decerit,
281 1905 419 1933 contristati
431 1909 487 1932 sunt
498 1904 528 1930 tle
538 1903 634 1930 duobus
643 1901 771 1938 fratribus.
781 1902 916 1934 Quemad-

124 1943 232 1970 modum
250 1942 291 1970 isti
304 1941 446 1969 carnaliter
461 1940 611 1973 petierunt,
626 1939 665 1964 sic
679 1943 705 1964 et
721 1937 758 1964 illi
773 1938 915 1963 carnaliter-

124 1979 274 2006 contristati
287 1981 358 2004 sunt.
372 1976 437 2003 Nam
451 1976 521 2002 sicut
536 1974 589 2006 isti,
599 1975 620 2000 si
630 1973 802 2007 spiritualiter
813 1973 917 2006 sapuis-

124 2020 194 2048 sent,
216 2022 268 2040 non
285 2013 388 2040 fuerant
403 2011 526 2048 petituri,
542 2014 678 2048 utesse"!
698 2016 778 2042 super
797 2011 893 2048 manes
908 2017 914 2034 :

125 2051 163 2076 sic
178 2043 205 2077 et
221 2050 266 2080 illi.
286 2049 307 2075 si
323 2043 495 2083 spiritualiter
519 2045 708 2083 intellexissenl
722 2063 729 2076 ,
745 2052 796 2083 non
812 2043 917 2083 fuerant

125 2085 318 2116 eunti-istatnri,
332 2079 391 2110 esse
401 2082 505 2116 aliquos
516 2086 577 2107 ante
589 2087 627 2107 se.
646 2079 712 2106 Nam
729 2079 795 2116 velle
808 2079 916 2112 quidem

125 2129 184 2147 esse
197 2128 278 2155 super
296 2115 400 2151 omnes,
413 2115 588 2155 vituperabile
600 2119 642 2155 est
656 2124 662 2142 :
685 2115 814 2155 sustinere
827 2118 915 2155 autem

125 2149 239 2183 alterum
252 2163 330 2190 supra
346 2149 482 2190 segnitnis
495 2157 539 2190 est
548 2151 705 2190 gloriosum.
762 2157 837 2188 error
847 2149 917 2175 saltt-

126 2192 201 2223 taris,
217 2191 260 2226 qui
274 2186 354 2217 totius
367 2188 459 2216 mundi
474 2188 553 2226 solvit
567 2194 684 2214 errorem
700 2187 706 2212 l
722 2186 749 2212 Si
765 2186 835 2212 enim
850 2192 915 2218 apu-

126 2227 186 2254 stoli
201 2223 252 2253 non
268 2226 306 2252 sic
320 2228 462 2256 errasscnt,
480 2223 550 2250 unde
567 2230 616 2249 nos
635 2228 796 2256 cognoscere
811 2226 916 2254 potera-

126 2270 195 2294 mus,
208 2263 267 2297 quia
284 2269 335 2288 non
347 2268 437 2292 omne,
453 2259 523 2297 quod
539 2258 642 2297 videtur
655 2258 751 2297 bonum
765 2256 918 2297 desiderare

125 2291 225 2324 honuni
241 2297 350 2326 estquia
367 2291 482 2322 malum?
493 2294 652 2321 Pulabamus
663 2293 722 2326 quia
738 2292 834 2318 tualutu
846 2291 916 2317 desi-

126 2333 232 2365 derare,
256 2327 353 2359 malum
368 2336 418 2361 est.
431 2336 459 2357 ut
481 2330 618 2356 avaritiam
641 2333 687 2365 aut
711 2327 832 2365 furtutu__:
848 2334 918 2365 nunc

125 2374 214 2395 autem
226 2361 341 2398 scimus,
357 2368 416 2402 quia
434 2365 505 2392 aliud
519 2368 569 2402 est»
582 2371 652 2402 opus
664 2363 760 2390 bonum
773 2382 780 2402 ε
796 2361 866 2402 υιὶιιιΙ
877 2365 919 2388 est

127 2404 257 2439 primatus
272 2397 389 2429 honoris.
403 2402 435 2428 Et
448 2409 514 2435 opus
526 2397 633 2439 quidem
648 2399 745 2438 bonum
765 2397 918 2437 desiderare

128 2432 228 2466 bonum
247 2443 286 2465 est
302 2446 308 2464 :
323 2432 566 2472 primatum-autem
586 2434 694 2472 honoris
710 2432 898 2472 concupiscere
909 2452 917 2463 ,

127 2475 230 2501 vanitas
245 2479 286 2501 est
321 2469 444 2508 quoniam
466 2472 563 2508 bonum
589 2477 657 2504 opus
678 2469 802 2508 implere,
821 2473 918 2494 nostra:

127 2510 282 2542 voluntatis,
299 2504 429 2536 ct'nostri
449 2507 537 2541 operis
560 2511 616 2536 est,
633 2509 659 2531 et
682 2504 795 2534 laboris,
811 2508 919 2536 propter

127 2547 197 2582 quod
213 2553 239 2574 et
253 2551 346 2582 IIOSII'JV
360 2549 401 2571 est.
414 2550 517 2570 lnCl‘CCS
533 2550 539 2568 Ξ
562 2542 702 2582 primatum
718 2544 919 2582 'aUICHIICOIISC-

127 2573 284 2617 qui.judicii
303 2581 347 2607 llei
359 2585 410 2610 est,
428 2583 534 2617 propter
554 2573 624 2617 quod
635 2583 670 2616 ett
685 2576 797 2617 primatu
812 2573 919 2614 honoris

128 2611 219 2645 nescio
233 2618 255 2644 si
279 2617 393 2650 aliquam
411 2611 560 2641 mercedem
578 2612 686 2650 justitia:
710 2611 818 2650 adipisci
832 2617 919 2650 mere-

129 2662 196 2680 mur.
212 2653 278 2680 Nam
291 2647 451 2679 desiderium
468 2650 595 2684 primatus
614 2655 651 2685 ex_
663 2647 920 2685 jactantianascitur

127 2689 217 2716 cordis
233 2697 240 2715 ί
254 2687 299 2723 qui
313 2692 401 2714 autem
416 2681 523 2723 humilis
536 2683 680 2723 es'tncot'de,
695 2686 722 2708 ct
743 2681 919 2715 indigniorem

128 2733 158 2751 se
168 2725 227 2751 aliis
239 2719 394 2753 arbitratur,
409 2721 554 2748 Secundum
566 2719 802 2756 illndpnereptmn
814 2722 920 2749 aposto-

128 2760 220 2791 licum,
231 2759 302 2794 quod
314 2758 351 2784 ait
368 2766 373 2783 :
389 2758 458 2783 Alter
467 2757 573 2794 alterum
584 2754 711 2794 a’stinums
719 2754 873 2794 ξιιρενιιιζειζι
883 2757 919 2794 se,

129 2785 405 2829 nauigaui"desiderat
429 2792 544 2829 superior
564 2796 686 2829 apparere
701 2785 791 2829 (Ilum,
802 2785 886 2829 5.
898 2790 921 2829 et

130 2821 248 2865 Phi/ipp.
260 2831 287 2856 2.
299 2830 339 2864 5).
354 2821 486 2855 l’rimatus
500 2826 570 2853 cnim
582 2821 728 2859 fugientem
740 2831 768 2849 se
776 2821 920 2853 desiderat,

161 2900 199 2930 fa)
217 2900 311 2925 aninis
323 2898 403 2923 clausa
416 2898 439 2922 in
452 2896 553 2927 quatiam
567 2901 648 2925 excnq
658 2893 701 2918 lati
714 2892 824 2917 deerant.

671 143 702 170 IN
721 140 932 170 MA'ITHEUM.

955 139 1069 168 HOMIL.
1090 141 1198 169 XXXV.
1724 146 1774 175 830

978 197 1174 225 desiderantem
1187 205 1216 225 se
1230 197 1294 225 odit.
1310 197 1406 225 Videas
1420 203 1508 227 autem
1519 199 1646 228 Dominus
1653 202 1771 230 alienum

978 233 1099 273 spiritum
1115 234 1142 273 in
1158 233 1282 261 cordibus
1303 233 1503 273 discipulorum,
1525 236 1600 273 quasi
1623 236 1725 265 hostem
1744 239 1770 265 in

978 269 1034 308 suis
1051 269 1146 308 castris
1159 273 1297 308 vagantem
1308 289 1315 300 ,
1329 276 1382 308 non
1396 277 1443 297 eos
1454 269 1610 308 increpavit,
1623 280 1674 299 non
1687 274 1770 308 proje-

977 304 1014 340 cit
1026 311 1040 329 a
1051 303 1118 330 facie
1128 311 1186 340 sua,
1201 309 1229 331 et
1243 304 1308 331 istos
1323 305 1392 332 tnale
1406 303 1545 340 petentes,
1561 305 1623 334 illos
1635 303 1770 336 non-bene

978 338 1122 377 tristantes.
1138 339 1164 366 Si
1176 339 1246 366 enim
1261 347 1306 366 rex
1322 338 1443 377 terrenus
1456 341 1574 374 videret,
1590 342 1660 377 quod
1674 343 1769 371 civita-

976 377 1030 414 tem
1038 374 1119 414 illius
1125 379 1285 414 occupatam
1311 380 1405 414 teneat_
1417 375 1518 414 hostis,
1532 374 1704 414 quidifacere
1717 387 1767 414 po-

977 409 1049 436 test?
1062 409 1130 436 Nihil
1141 430 1148 439 .
1165 410 1214 436 nisi
1231 414 1259 436 ut
1274 415 1354 444 ponat
1367 411 1475 443 arietes,
1489 409 1673 440 circumducat
1689 409 1767 441 ex'er—

976 444 1109 477 citum,,et
1121 445 1240 482 destruat
1254 452 1346 472 muros
1358 466 1366 477 ,
1380 453 1447 481 quos
1461 446 1529 473 forte
1542 447 1599 481 ipse
1614 449 1764 482 :edifieavit.

975 484 1002 515 ut
1021 481 1204 507 tantummodo
1232 480 1333 507 hostem
1362 482 1485 515 expellat.
1500 480 1559 509 Sed
1573 483 1711 511 videamus
1724 480 1767 512 sa;

976 514 1100 548 pientiam
1115 516 1198 542 nostri
1219 516 1308 550 Regis.
1324 514 1467 551 Postquam
1480 517 1546 544 vidit
1560 526 1606 544 sua
1620 524 1706 547 castra
1716 528 1763 547 oc-

974 554 1068 583 cupata
1084 558 1098 576 a
1114 551 1206 584 spiritu
1220 551 1306 578 alieno
1316 571 1322 582 .
1336 551 1375 579 sic
1385 551 1489 579 hostem
1503 554 1606 586 expulit
1616 574 1623 585 ,
1639 559 1763 583 nteastra

974 591 1020 626 sua
1038 594 1089 626 non
1104 586 1211 626 laederet
1225 587 1244 618 ¹,
1258 586 1350 613 dicens
1364 595 1371 613 :
1388 587 1558 626 Sqitis,_quod
1569 589 1694 624 principes
1702 599 1764 626 gen-

973 620 1035 646 tium
1048 620 1210 659 dominantur
1223 629 1328 659 eorum:
1341 626 1364 659 et
1376 620 1541 659 quirrttujores
1554 620 1613 650 sunt
1623 645 1630 656 ,
1647 620 1759 659 potesta-

973 659 1022 682 tcm
1033 661 1147 694 exercent
1155 657 1187 694 in
1198 657 1261 684 eos?
1275 656 1301 682 Ν
1303 665 1335 694 on
1347 657 1388 694 ita,
1395 658 1441 694 erit
1459 656 1524 685 inter
1533 667 1586 691 vos,
1593 660 1637 686 sed
1646 656 1760 694 quicum-

972 698 1021 725 que
1032 691 1137 718 voluerit
1151 692 1215 718 inter
1225 700 1267 718 vos
1281 693 1362 727 major
1370 693 1435 726 ﬁeri.
1449 693 1496 720 erit
1504 694 1615 721 omnium
1631 691 1762 725 niiuisler:

972 730 996 762 et
1010 727 1053 760 qui
1067 728 1172 754 valuerit
1187 728 1252 754 inter
1262 735 1305 754 vos
1318 727 1414 762 primus
1427 736 1481 755 esse
1491 750 1498 762 ,
1513 729 1558 755 erit
1572 735 1650 757 uester
1663 739 1759 759 servus.

972 761 1098 789 Fructum
1115 763 1270 789 lnunilitatis
1286 761 1422 799 terrestris
1434 765 1520 797 posuit
1533 765 1673 799 primatum
1687 767 1762 795 czele-

972 801 1050 829 stcm,
1066 803 1091 824 et
1107 799 1234 832 primatus
1249 798 1382 825 terrestris
1397 798 1510 826 fructum
1527 800 1760 833 posuitconfusio-

973 840 1032 870 nem
1046 833 1191 860 cadestem.
1207 833 1450 870 Quicumqueergo
1468 835 1602 862 desiderat
1617 837 1758 870 primatum

971 868 1105 895 cmlestem
1117 889 1125 901 ,
1154 873 1282 907 sequatur
1310 868 1485 907 humilitatem
1502 868 1663 907 terrestrem
1678 882 1684 899 :
1701 874 1760 907 qui-

971 910 1084 937 cmnquc
1098 908 1185 930 autem
1200 904 1333 931 desiderat
1346 904 1486 937 primatum
1502 905 1527 932 in
1542 911 1622 938 terra,
1638 904 1760 935 inveniet

970 939 1152 966 confusionetn
1164 939 1189 965 in
1201 939 1266 966 casio
1282 948 1287 965 :
1305 939 1396 974 utjam
1412 940 1481 966 inter
1491 948 1582 967 servus
1595 941 1691 970 Christi
1707 951 1759 970 non

971 974 1005 1000 sit
1026 974 1059 1001 de
1075 975 1356 1012 primaturccrtamen,
1371 982 1421 1001 nec
1445 976 1553 1003 festinet
1579 979 1759 1012 untISquisque

970 1015 1072 1046 eorum,
1087 1011 1220 1044 quomodo
1232 1010 1291 1037 aliis
1305 1009 1389 1044 major
1402 1015 1547 1044 appareat.
1563 1012 1610 1039 sed
1625 1009 1759 1046 quattme

969 1045 1092 1082 munibus
1104 1046 1214 1082 inferior
1229 1045 1350 1082 videatur
1369 1053 1376 1072 :
1391 1047 1516 1082 quoniam
1537 1056 1588 1074 non
1605 1045 1649 1082 qui
1673 1049 1758 1081 major

970 1078 1048 1119 fuerit
1060 1080 1086 1106 in
1101 1081 1212 1119 honore,
1228 1081 1271 1107 ille
1281 1086 1321 1106 est
1332 1078 1551 1119 justior,sed_qui
1561 1078 1658 1119 justiur
1668 1078 1756 1115 fuerit,

969 1114 1013 1141 ille
1026 1119 1067 1141 est
1081 1116 1174 1149 major.
1188 1114 1362 1143 Conversatio
1374 1124 1438 1149 ergo
1448 1114 1543 1144 melior
1553 1114 1593 1144 est
1602 1118 1756 1146 desideran-

968 1149 1012 1186 da,
1029 1158 1081 1176 non
1107 1151 1212 1186 dignior
1232 1152 1340 1186 gradus.
1368 1151 1464 1178 Voleus
1487 1157 1558 1179 certe
1582 1154 1709 1180 Dominus
1732 1160 1758 1181 ct

968 1184 1080 1223 duorum
1096 1184 1205 1213 frairum
1226 1184 1399 1223 ambitionem
1413 1187 1592 1223 exstinguere
1602 1209 1609 1220 ,
1624 1194 1651 1215 et
1663 1189 1756 1216 decem

967 1219 1157 1254 discipulorum
1178 1222 1315 1254 invidiam,
1333 1222 1478 1249 introduxit
1496 1219 1673 1250 dill'crentiam
1688 1225 1757 1251 inter

969 1255 1102 1294 principes
1112 1257 1263 1294 tnundiales
1277 1261 1304 1284 ct
1316 1257 1521 1294 ecclesiasticos,
1532 1259 1686 1291 ostendens,
1696 1260 1756 1294 quia

969 1292 1096 1327 primatus
1111 1293 1138 1319 in
1151 1293 1257 1320 Christo
1270 1300 1319 1319 nec
1331 1293 1364 1319 ab
1377 1293 1465 1326 aliquo
1477 1294 1640 1327 appetentius
1650 1299 1691 1321 est
1704 1292 1756 1321 non

967 1326 1092 1359 habente,
1109 1335 1157 1354 nec
1174 1329 1250 1354 alteri
1262 1332 1304 1355 est
1319 1327 1475 1355 invidendus
1492 1329 1598 1356 habenti
1609 1349 1616 1362 ,
1631 1329 1755 1362 quoniam

968 1363 1100 1397 principes
1111 1364 1200 1390 mundi
1213 1363 1272 1390 ideo
1287 1363 1367 1395 fiunt,
1382 1368 1411 1390 ut
1425 1363 1595 1391 dominentur
1608 1364 1756 1392 minoribus

967 1398 1033 1430 suis,
1050 1403 1077 1425 ut
1092 1399 1242 1426 servificent
1257 1407 1312 1431 eos,
1328 1403 1355 1425 et
1367 1399 1481 1433 spolient
1495 1406 1552 1432 eos,
1567 1399 1755 1432 eteomcdant,

967 1437 994 1458 et
1009 1441 1092 1467 usque
1112 1434 1144 1460 ad
1161 1439 1274 1461 mortem
1299 1434 1443 1461 abutantur
1466 1435 1517 1460 vita
1533 1442 1625 1461 eorum
1641 1434 1674 1461 ad
1694 1441 1757 1462 suas

967 1468 1093 1495 utilitates
1108 1474 1134 1495 et
1147 1470 1245 1503 glorias
1261 1478 1267 1497 :
1283 1470 1414 1504 principes
1434 1473 1522 1496 autem
1541 1470 1667 1496 Ecclesia:
1678 1470 1754 1503 fiunt,

967 1508 996 1529 ιιι
1008 1505 1125 1530 serviant
1140 1505 1284 1532 minoribus
1296 1505 1396 1536 suis.et
1407 1504 1556 1532 ministrent
1569 1505 1608 1532 eis
1617 1512 1754 1539 quaecum—

967 1546 1019 1573 que
1034 1546 1192 1573 acccperunt
1205 1548 1219 1566 a
1232 1540 1347 1573 Christo,
1363 1544 1460 1566 utsuas
1473 1540 1599 1575 utilitates
1609 1540 1753 1575 negligant,

967 1574 1109 1601 etillorum
1126 1579 1266 1609 procurent
1282 1584 1289 1601 :
1306 1580 1349 1607 ut,
1363 1575 1386 1602 si
1398 1582 1465 1609 opus
1483 1574 1573 1607 fuerit,
1588 1574 1674 1609 neque
1687 1576 1755 1602 mori

968 1614 1091 1636 recusent
1107 1618 1154 1644 pro
1166 1610 1250 1638 salute
1261 1610 1416 1638 inferiorum
1435 1617 1554 1642 suorum,
1565 1610 1633 1637 sicut
1644 1610 1755 1644 Aposto-

969 1644 1010 1672 lus
1021 1644 1085 1672 dicit
1100 1654 1106 1670 :
1122 1645 1178 1681 Ego
1186 1650 1269 1672 autem
1284 1646 1426 1681 impendar,
1443 1651 1465 1671 et
1482 1647 1691 1680 superimpendar
1701 1646 1756 1680 ipse

985 1688 1013 1716 ro
1026 1680 1156 1708 animabus
1170 1682 1255 1708 vestris
1267 1681 1304 1716 (2.
1321 1680 1379 1708 Cor.
1393 1681 1437 1708 12.
1454 1681 1507 1715 15).
1527 1682 1555 1708 Si
1572 1681 1628 1708 haec
1641 1688 1705 1715 ergo
1719 1681 1768 1708 ita~

978 1715 1077 1748 tabent,
1092 1717 1248 1744 saecularem
1259 1717 1365 1751 quidem
1377 1717 1519 1750 primatum
1531 1716 1693 1750 desiderare,
1705 1717 1756 1744 etsi

968 1750 1035 1787 ratio
1051 1759 1102 1778 non
1116 1757 1166 1784 est,
1183 1752 1223 1778 vel
1237 1750 1316 1779 causa
1327 1757 1368 1779 est
1383 1759 1390 1777 :
1402 1752 1462 1787 quia
1473 1751 1629 1786 etsijustum
1640 1759 1691 1778 ιιοιι
1702 1757 1753 1783 est,

967 1786 1009 1826 vel
1023 1787 1086 1813 utile
1100 1792 1159 1818 est;
1177 1787 1316 1826 primatum
1329 1792 1416 1814 autent
1432 1787 1641 1826 ecelesiasticum
1654 1795 1755 1814 concu-

969 1822 1089 1855 piscere,
1106 1830 1192 1857 neque
1212 1823 1278 1849 ratio
1298 1827 1347 1855 est,
1365 1830 1451 1857 neque
1470 1829 1549 1850 causa
1564 1830 1570 1848 :
1585 1822 1646 1856 quia
1669 1830 1756 1857 neque

965 1857 1065 1890 justum
1078 1862 1119 1885 est
1129 1878 1136 1890 ,
1151 1866 1238 1892 neque
1253 1858 1325 1886 utile.
1348 1858 1413 1892 Quis
1436 1858 1507 1885 enim
1521 1857 1628 1890 sapiens
1643 1857 1712 1884 ultro
1726 1866 1756 1884 se

968 1893 1101 1926 subjicere
1128 1893 1234 1920 festinat
1261 1894 1396 1926 servituti,
1413 1893 1498 1920 labori
1509 1914 1515 1924 ,
1532 1892 1630 1926 dolori,
1646 1898 1672 1920 et
1684 1893 1754 1927 quod

969 1929 1054 1964 majus
1070 1933 1127 1960 est,
1145 1929 1265 1964 periculo
1279 1929 1339 1961 tali.
1355 1933 1383 1956 ut
1403 1928 1449 1956 det
1467 1928 1596 1955 rationem
1621 1935 1669 1963 pro
1684 1929 1757 1954 ottiui

969 1963 1087 1990 Ecclesia
1097 1963 1166 1998 apud
1181 1964 1280 1996 justum
1295 1965 1422 1995 Judicem,
1439 1964 1488 1991 nisi
1506 1964 1573 1990 forte
1583 1971 1627 1998 qm
1643 1971 1693 1990 nee
1704 1971 1758 1990 cre-

967 1999 1007 2025 dit
1017 1999 1147 2033 judicium
1159 2000 1224 2031 Dei,
1239 2007 1287 2026 nec
1301 2000 1376 2026 timet
1393 1999 1429 2025 uti
1444 1999 1556 2026 abutens
1579 1999 1692 2033 primatu
1708 2006 1758 2025 suo

968 2035 1150 2061 ecclesiastico
1165 2035 1343 2067 seculariter,
1359 2038 1497 2061 convertat
1517 2041 1578 2060 eutn
1594 2034 1620 2060 iu
1643 2034 1756 2060 smcula-

968 2070 1044 2096 rem?
1059 2069 1110 2098 Sed
1124 2078 1157 2097 ne
1171 2070 1239 2097 forte
1254 2071 1298 2103 qui
1322 2071 1381 2096 talis
1394 2074 1435 2096 est
1450 2069 1475 2096 in
1490 2069 1639 2103 appetendo
1659 2069 1758 2102 prima-

971 2110 1035 2136 tum,
1053 2105 1200 2139 profectum
1222 2105 1326 2138 pietatis
1342 2105 1383 2139 pic
1397 2105 1565 2138 praetendat,
1579 2104 1638 2130 dico
1656 2112 1662 2130 ;
1676 2103 1768 2138 Νιιιιι-ὶ

969 2141 1031 2174 quid
1043 2138 1086 2174 qui
1097 2141 1122 2167 in
1131 2141 1224 2168 ordine
1238 2140 1309 2174 prior
1318 2138 1368 2171 est,
1378 2140 1432 2174 jatn
1444 2144 1471 2166 et
1482 2139 1583 2166 meritis
1594 2143 1633 2166 est
1645 2138 1758 2174 meliori?

1006 2173 1076 2202 Deus
1088 2176 1157 2203 solus
1178 2176 1225 2202 scit
1238 2173 1408 2209 di/ferenlituu
1426 2175 1491 2201 inter
1509 2179 1617 2201 sanctos.
1644 2173 1675 2204 Ιιι
1697 2173 1759 2200 uela

969 2211 1119 2246 ignorantur
1139 2212 1234 2238 invidia
1253 2216 1275 2237 et
1294 2211 1420 2243 superbia.
1443 2225 1479 2230 —
1501 2210 1626 2242 Quamvis
1649 2209 1756 2244 quidem

970 2247 1145 2274 differentiam
1161 2254 1221 2274 esse
1241 2246 1310 2273 inter
1323 2250 1431 2272 sanctos
1450 2246 1582 2279 denegare
1597 2252 1648 2271 non
1665 2251 1758 2278 ροδειις

970 2290 1040 2313 ιιιιιε,
1057 2288 1145 2309 tamen
1160 2288 1187 2309 ut
1199 2286 1341 2317 cognoscat
1356 2282 1545 2317 unusquisque,
1556 2281 1577 2317 si
1593 2280 1696 2317 melior,
1712 2283 1758 2305 aut

970 2318 1086 2345 deterior
1101 2318 1145 2349 sit,
1169 2315 1266 2344 nemini
1286 2322 1327 2344 est
1346 2323 1512 2343 cunce5sum.
1538 2315 1598 2341 Ideo
1618 2315 1762 2348 prudenter

968 2352 1110 2387 Apostolus
1122 2351 1247 2378 tnetnbris
1258 2352 1377 2386 corporis
1388 2351 1541 2378 aSsitnilavit
1552 2354 1659 2387 sanctos
1668 2349 1760 2387 Eccle-

970 2385 1017 2416 siae
1033 2389 1120 2424 (llam.
1137 2389 1181 2416 12.
1195 2389 1234 2423 5),
1245 2385 1320 2415 Sicut
1333 2387 1403 2424 enim
1417 2388 1496 2424 homo
1508 2386 1613 2421 quidem
1625 2385 1758 2419 intelligit,

971 2422 1042 2459 quod
1067 2425 1216 2451 membrum
1245 2423 1400 2449 lttmorabile
1415 2422 1504 2459 habet
1526 2424 1552 2448 in
1576 2428 1760 2459 corpoream),

971 2455 1042 2494 quod
1055 2460 1223 2486 inhonestum
1244 2468 1251 2486 :
1268 2458 1594 2494 nnutnqumlqueautent
1613 2455 1762 2482 membrum

971 2492 1025 2522 non
1039 2503 1067 2522 se
1079 2495 1215 2528 cognoscit
1230 2495 1327 2528 ipsum.
1343 2494 1364 2520 si
1379 2493 1560 2528 bonorabilius
1574 2492 1607 2517 sit
1618 2512 1625 2523 ,
1638 2496 1682 2517 aut
1694 2498 1744 2518 ceu
1754 2507 1761 2510 -

973 2527 1146 2564 temptibilius
1157 2539 1163 2562 ;
1175 2527 1292 2564 alioquin
1304 2534 1331 2556 et
1344 2536 1402 2563 quae
1414 2527 1610 2564 honorabiliora
1619 2530 1691 2564 sunt,
1700 2534 1763 2560 gra-

974 2562 1132 2596 tularentur,
1144 2571 1171 2592 et
1183 2562 1245 2599 quae
1259 2566 1268 2580 ²
1283 2562 1521 2597 contetnptibtliura
1534 2567 1606 2599 sunt,
1621 2562 1761 2599 tristarcn-

974 2606 1026 2633 tur,
1047 2607 1075 2629 ct
1089 2609 1136 2636 per
1149 2597 1198 2627 hoc
1212 2602 1287 2627 fit-ret
1307 2601 1374 2626 inter
1387 2607 1416 2625 ea
1432 2599 1547 2636 scissura
1563 2606 1569 2624 :
1584 2597 1622 2636 sic
1637 2597 1765 2624 dill'eren-

974 2638 1036 2663 tiam
1053 2633 1122 2664 inter
1136 2642 1257 2663 sanctum
1272 2640 1299 2662 et
1311 2640 1430 2661 sanctum
1446 2634 1568 2660 Christus
1583 2633 1657 2659 solus
1669 2640 1766 2666 cogno-

931 2661 961 2698 ετ
974 2674 1035 2704 scit,
1049 2672 1125 2707 cujus
1149 2661 1336 2698 membra’nos
1355 2677 1450 2697 omnes
1469 2676 1572 2696 sumus.
1597 2661 1764 2707 Ipsisalitem

974 2702 1138 2736 sanctis'non
1162 2711 1204 2734 est
1217 2714 1390 2736 concessum,
1407 2710 1435 2731 ut
1458 2702 1764 2739 cognoscantdill'eren-

975 2745 1038 2771 tiam
1050 2751 1124 2771 suam
1133 2742 1164 2769 ad
1177 2742 1301 2775 invicem,
1311 2747 1397 2768 utnon
1411 2738 1534 2767 meliores
1542 2738 1694 2774 SUPCI'bi‘dlll
1703 2746 1765 2764 eun-

1009 2825 1016 2840 ¹
1032 2828 1057 2847 v.
1070 2827 1096 2847 υ.
1110 2825 1137 2847 et
1148 2822 1207 2846 Etlili
1221 2822 1244 2846 in
1256 2827 1344 2852 marg,
1358 2826 1405 2845 non
1416 2819 1515 2852 deleret.
1651 2846 1672 2852 ,ν

1007 2856 1017 2870 ²
1037 2846 1111 2879 fidem
1123 2846 1146 2878 in
1157 2860 1244 2885 marg,
1257 2846 1501 2883 Qttwvlt'anorubilioru
1512 2851 1565 2875 sunt
1576 2846 1736 2878 suprrln'rent.
1745 2851 1767 2874 ct

977 2893 1039 2918 qute.
