  <div class='ocr_page' id='page_1' title='image "/cluster/home/n/w/nwhite01/storage/ocr_20150623/56/njp.32101077772646/711.png"; bbox 0 0 2021 3128; ppageno 0'>
   <div class='ocr_carea' id='block_1_1' title="bbox 215 1886 484 1913">
    <p class='ocr_par' dir='ltr' id='par_1_1' title="bbox 215 1886 484 1913">
     <span class='ocr_line' id='line_1_1' title="bbox 215 1886 484 1913; baseline -0.015 0"><span class='ocrx_word' id='word_1_1' title='bbox 215 1906 218 1908; x_wconf 57' lang='grc' dir='ltr'><em>η</em></span> <span class='ocrx_word' id='word_1_2' title='bbox 263 1886 391 1913; x_wconf 78' lang='lat' dir='ltr'><strong>diaconus</strong></span> <span class='ocrx_word' id='word_1_3' title='bbox 412 1888 454 1910; x_wconf 86' lang='lat' dir='ltr'><strong>est</strong></span> <span class='ocrx_word' id='word_1_4' title='bbox 478 1892 484 1910; x_wconf 89' lang='lat'><strong>:</strong></span> 
     </span>
    </p>
   </div>
   <div class='ocr_carea' id='block_1_2' title="bbox 260 124 310 154">
    <p class='ocr_par' dir='ltr' id='par_1_2' title="bbox 260 124 310 154">
     <span class='ocr_line' id='line_1_2' title="bbox 260 124 310 154; baseline -0.06 0"><span class='ocrx_word' id='word_1_5' title='bbox 260 124 310 154; x_wconf 76' lang='grc'><strong>851</strong></span> 
     </span>
    </p>
   </div>
   <div class='ocr_carea' id='block_1_3' title="bbox 267 183 1059 216">
    <p class='ocr_par' dir='ltr' id='par_1_3' title="bbox 267 183 1059 216">
     <span class='ocr_line' id='line_1_3' title="bbox 267 183 1059 216; baseline -0.006 -2"><span class='ocrx_word' id='word_1_6' title='bbox 267 191 307 214; x_wconf 83' lang='lat' dir='ltr'><strong>Ira</strong></span> <span class='ocrx_word' id='word_1_7' title='bbox 321 184 481 216; x_wconf 71' lang='lat' dir='ltr'><strong>deteriores,</strong></span> <span class='ocrx_word' id='word_1_8' title='bbox 500 188 527 212; x_wconf 88' lang='lat' dir='ltr'><strong>et</strong></span> <span class='ocrx_word' id='word_1_9' title='bbox 539 183 686 211; x_wconf 72' lang='lat' dir='ltr'><strong>deteriores</strong></span> <span class='ocrx_word' id='word_1_10' title='bbox 701 183 842 210; x_wconf 73' lang='lat' dir='ltr'><strong>tristentur</strong></span> <span class='ocrx_word' id='word_1_11' title='bbox 855 189 947 210; x_wconf 86' lang='lat' dir='ltr'><strong>contra</strong></span> <span class='ocrx_word' id='word_1_12' title='bbox 965 183 1059 210; x_wconf 83' lang='lat' dir='ltr'><strong>melio-</strong></span> 
     </span>
    </p>
   </div>
   <div class='ocr_carea' id='block_1_4' title="bbox 267 218 1061 254">
    <p class='ocr_par' dir='ltr' id='par_1_4' title="bbox 267 218 1061 254">
     <span class='ocr_line' id='line_1_4' title="bbox 267 218 1061 254; baseline -0.005 -6"><span class='ocrx_word' id='word_1_13' title='bbox 267 229 320 252; x_wconf 87' lang='lat' dir='ltr'><strong>res,</strong></span> <span class='ocrx_word' id='word_1_14' title='bbox 336 225 363 248; x_wconf 85' lang='lat' dir='ltr'><strong>et</strong></span> <span class='ocrx_word' id='word_1_15' title='bbox 385 228 432 254; x_wconf 84' lang='lat' dir='ltr'><strong>per</strong></span> <span class='ocrx_word' id='word_1_16' title='bbox 447 220 497 249; x_wconf 88' lang='lat' dir='ltr'><strong>hoc</strong></span> <span class='ocrx_word' id='word_1_17' title='bbox 520 220 606 246; x_wconf 84' lang='lat' dir='ltr'><strong>soluta</strong></span> <span class='ocrx_word' id='word_1_18' title='bbox 622 219 748 251; x_wconf 80' lang='lat' dir='ltr'><strong>caritate,</strong></span> <span class='ocrx_word' id='word_1_19' title='bbox 764 219 833 245; x_wconf 82' lang='lat' dir='ltr'><strong>inter</strong></span> <span class='ocrx_word' id='word_1_20' title='bbox 858 226 905 245; x_wconf 85' lang='lat' dir='ltr'><strong>eos</strong></span> <span class='ocrx_word' id='word_1_21' title='bbox 927 218 1061 245; x_wconf 77' lang='lat' dir='ltr'><strong>discordia</strong></span> 
     </span>
    </p>
   </div>
   <div class='ocr_carea' id='block_1_5' title="bbox 267 254 1062 288">
    <p class='ocr_par' dir='ltr' id='par_1_5' title="bbox 267 254 1062 288">
     <span class='ocr_line' id='line_1_5' title="bbox 267 254 1062 288; baseline -0.005 -4"><span class='ocrx_word' id='word_1_22' title='bbox 267 261 402 288; x_wconf 72' lang='lat' dir='ltr'><strong>nascatur,</strong></span> <span class='ocrx_word' id='word_1_23' title='bbox 416 255 531 282; x_wconf 82' lang='lat' dir='ltr'><strong>maxime</strong></span> <span class='ocrx_word' id='word_1_24' title='bbox 548 256 573 281; x_wconf 89' lang='lat' dir='ltr'><strong>in</strong></span> <span class='ocrx_word' id='word_1_25' title='bbox 592 254 643 281; x_wconf 84' lang='lat' dir='ltr'><strong>hoc</strong></span> <span class='ocrx_word' id='word_1_26' title='bbox 658 254 756 280; x_wconf 70' lang='lat' dir='ltr'><strong>saeculo</strong></span> <span class='ocrx_word' id='word_1_27' title='bbox 769 254 918 281; x_wconf 74' lang='lat' dir='ltr'><strong>facitmroso</strong></span> <span class='ocrx_word' id='word_1_28' title='bbox 930 255 950 284; x_wconf 75' lang='grc' dir='ltr'>ι,</span> <span class='ocrx_word' id='word_1_29' title='bbox 966 254 992 280; x_wconf 94' lang='lat' dir='ltr'><strong>in</strong></span> <span class='ocrx_word' id='word_1_30' title='bbox 1008 261 1062 287; x_wconf 88' lang='lat' dir='ltr'><strong>quo</strong></span> 
     </span>
    </p>
   </div>
   <div class='ocr_carea' id='block_1_6' title="bbox 267 289 1061 325">
    <p class='ocr_par' dir='ltr' id='par_1_6' title="bbox 267 289 1061 325">
     <span class='ocr_line' id='line_1_6' title="bbox 267 289 1061 325; baseline -0.005 -6"><span class='ocrx_word' id='word_1_31' title='bbox 267 292 423 319; x_wconf 71' lang='lat' dir='ltr'><strong>occasiones</strong></span> <span class='ocrx_word' id='word_1_32' title='bbox 433 290 531 325; x_wconf 72' lang='lat' dir='ltr'><strong>jugiter</strong></span> <span class='ocrx_word' id='word_1_33' title='bbox 542 291 636 324; x_wconf 67' lang='lat' dir='ltr'><strong>quatrit</strong></span> <span class='ocrx_word' id='word_1_34' title='bbox 651 289 774 316; x_wconf 79' lang='lat' dir='ltr'><strong>diabolus</strong></span> <span class='ocrx_word' id='word_1_35' title='bbox 788 289 910 325; x_wconf 82' lang='lat' dir='ltr'><strong>odiorum</strong></span> <span class='ocrx_word' id='word_1_36' title='bbox 923 289 1061 325; x_wconf 78' lang='lat' dir='ltr'><strong>seminan-</strong></span> 
     </span>
    </p>
   </div>
   <div class='ocr_carea' id='block_1_7' title="bbox 265 324 1062 359">
    <p class='ocr_par' dir='ltr' id='par_1_7' title="bbox 265 324 1062 359">
     <span class='ocr_line' id='line_1_7' title="bbox 265 324 1062 359; baseline -0.005 -5"><span class='ocrx_word' id='word_1_37' title='bbox 265 328 370 354; x_wconf 72' lang='lat' dir='ltr'><strong>dorum.</strong></span> <span class='ocrx_word' id='word_1_38' title='bbox 387 324 565 359; x_wconf 26' lang='lat' dir='ltr'><strong>Quod’autem</strong></span> <span class='ocrx_word' id='word_1_39' title='bbox 578 325 604 351; x_wconf 92' lang='lat' dir='ltr'><strong>in</strong></span> <span class='ocrx_word' id='word_1_40' title='bbox 617 325 667 352; x_wconf 78' lang='lat' dir='ltr'><strong>hoc</strong></span> <span class='ocrx_word' id='word_1_41' title='bbox 678 325 776 351; x_wconf 63' lang='lat' dir='ltr'><strong>saeculo</strong></span> <span class='ocrx_word' id='word_1_42' title='bbox 787 324 936 351; x_wconf 78' lang='lat' dir='ltr'><strong>dilTerentia</strong></span> <span class='ocrx_word' id='word_1_43' title='bbox 946 324 1062 359; x_wconf 59' lang='lat' dir='ltr'><strong>dignita-t</strong></span> 
     </span>
    </p>
   </div>
   <div class='ocr_carea' id='block_1_8' title="bbox 266 359 1059 394">
    <p class='ocr_par' dir='ltr' id='par_1_8' title="bbox 266 359 1059 394">
     <span class='ocr_line' id='line_1_8' title="bbox 266 359 1059 394; baseline -0.005 -4"><span class='ocrx_word' id='word_1_44' title='bbox 266 362 299 390; x_wconf 77' lang='lat' dir='ltr'><strong>tis</strong></span> <span class='ocrx_word' id='word_1_45' title='bbox 324 362 394 389; x_wconf 75' lang='lat' dir='ltr'><strong>facta</strong></span> <span class='ocrx_word' id='word_1_46' title='bbox 413 364 455 388; x_wconf 86' lang='lat' dir='ltr'><strong>est</strong></span> <span class='ocrx_word' id='word_1_47' title='bbox 473 361 542 388; x_wconf 90' lang='lat' dir='ltr'><strong>inter</strong></span> <span class='ocrx_word' id='word_1_48' title='bbox 556 365 679 392; x_wconf 81' lang='lat' dir='ltr'><strong>sanctos,</strong></span> <span class='ocrx_word' id='word_1_49' title='bbox 694 360 830 394; x_wconf 74' lang='lat' dir='ltr'><strong>dignitatis</strong></span> <span class='ocrx_word' id='word_1_50' title='bbox 843 359 914 391; x_wconf 91' lang='lat' dir='ltr'><strong>dico,</strong></span> <span class='ocrx_word' id='word_1_51' title='bbox 930 367 982 386; x_wconf 92' lang='lat' dir='ltr'><strong>non</strong></span> <span class='ocrx_word' id='word_1_52' title='bbox 996 367 1059 386; x_wconf 85' lang='lat' dir='ltr'><strong>san-</strong></span> 
     </span>
    </p>
   </div>
   <div class='ocr_carea' id='block_1_9' title="bbox 265 395 1060 430">
    <p class='ocr_par' dir='ltr' id='par_1_9' title="bbox 265 395 1060 430">
     <span class='ocr_line' id='line_1_9' title="bbox 265 395 1060 430; baseline -0.003 -6"><span class='ocrx_word' id='word_1_53' title='bbox 265 398 376 429; x_wconf 81' lang='lat' dir='ltr'><strong>ctitatis,</strong></span> <span class='ocrx_word' id='word_1_54' title='bbox 393 401 423 423; x_wconf 90' lang='lat' dir='ltr'><strong>ut</strong></span> <span class='ocrx_word' id='word_1_55' title='bbox 446 397 513 423; x_wconf 73' lang='lat' dir='ltr'><strong>aiter</strong></span> <span class='ocrx_word' id='word_1_56' title='bbox 532 396 640 429; x_wconf 80' lang='lat' dir='ltr'><strong>quidem</strong></span> <span class='ocrx_word' id='word_1_57' title='bbox 662 396 698 422; x_wconf 86' lang='lat' dir='ltr'><strong>sit</strong></span> <span class='ocrx_word' id='word_1_58' title='bbox 717 395 866 430; x_wconf 87' lang='lat' dir='ltr'><strong>apostolus,</strong></span> <span class='ocrx_word' id='word_1_59' title='bbox 888 396 956 422; x_wconf 87' lang='lat' dir='ltr'><strong>alter</strong></span> <span class='ocrx_word' id='word_1_60' title='bbox 970 400 1060 422; x_wconf 86' lang='lat' dir='ltr'><strong>autem</strong></span> 
     </span>
    </p>
   </div>
   <div class='ocr_carea' id='block_1_10' title="bbox 266 431 1061 467">
    <p class='ocr_par' dir='ltr' id='par_1_10' title="bbox 266 431 1061 467">
     <span class='ocr_line' id='line_1_10' title="bbox 266 431 1061 467; baseline -0.001 -8"><span class='ocrx_word' id='word_1_61' title='bbox 266 434 415 467; x_wconf 77' lang='lat' dir='ltr'><strong>episcopus,</strong></span> <span class='ocrx_word' id='word_1_62' title='bbox 431 432 473 459; x_wconf 87' lang='lat' dir='ltr'><strong>vel</strong></span> <span class='ocrx_word' id='word_1_63' title='bbox 489 431 618 464; x_wconf 90' lang='lat' dir='ltr'><strong>minister,</strong></span> <span class='ocrx_word' id='word_1_64' title='bbox 635 431 678 458; x_wconf 90' lang='lat' dir='ltr'><strong>vel</strong></span> <span class='ocrx_word' id='word_1_65' title='bbox 698 431 782 467; x_wconf 81' lang='lat' dir='ltr'><strong>laicus</strong></span> <span class='ocrx_word' id='word_1_66' title='bbox 795 439 802 456; x_wconf 74' lang='grc' dir='ltr'><em>τ</em></span> <span class='ocrx_word' id='word_1_67' title='bbox 816 431 987 467; x_wconf 73' lang='lat' dir='ltr'><strong>contumacia</strong></span> <span class='ocrx_word' id='word_1_68' title='bbox 1001 438 1061 458; x_wconf 83' lang='lat' dir='ltr'><strong>car-</strong></span> 
     </span>
    </p>
   </div>
   <div class='ocr_carea' id='block_1_11' title="bbox 266 466 1060 502">
    <p class='ocr_par' dir='ltr' id='par_1_11' title="bbox 266 466 1060 502">
     <span class='ocr_line' id='line_1_11' title="bbox 266 466 1060 502; baseline -0.003 -7"><span class='ocrx_word' id='word_1_69' title='bbox 266 469 308 495; x_wconf 80' lang='lat' dir='ltr'><strong>nis</strong></span> <span class='ocrx_word' id='word_1_70' title='bbox 321 466 416 502; x_wconf 78' lang='lat' dir='ltr'><strong>coegit,</strong></span> <span class='ocrx_word' id='word_1_71' title='bbox 434 472 462 494; x_wconf 87' lang='grc' dir='ltr'><strong>ιιι</strong></span> <span class='ocrx_word' id='word_1_72' title='bbox 476 466 638 502; x_wconf 74' lang='lat' dir='ltr'><strong>perversitas</strong></span> <span class='ocrx_word' id='word_1_73' title='bbox 651 466 742 493; x_wconf 89' lang='lat' dir='ltr'><strong>mundi</strong></span> <span class='ocrx_word' id='word_1_74' title='bbox 755 486 762 498; x_wconf 85' lang='lat'><strong>,</strong></span> <span class='ocrx_word' id='word_1_75' title='bbox 779 470 808 493; x_wconf 85' lang='lat' dir='ltr'><strong>et</strong></span> <span class='ocrx_word' id='word_1_76' title='bbox 819 466 924 493; x_wconf 87' lang='lat' dir='ltr'><strong>occulta</strong></span> <span class='ocrx_word' id='word_1_77' title='bbox 939 466 1060 500; x_wconf 77' lang='lat' dir='ltr'><strong>operatio</strong></span> 
     </span>
    </p>
   </div>
   <div class='ocr_carea' id='block_1_12' title="bbox 266 501 1060 536">
    <p class='ocr_par' dir='ltr' id='par_1_12' title="bbox 266 501 1060 536">
     <span class='ocr_line' id='line_1_12' title="bbox 266 501 1060 536; baseline -0.005 -5"><span class='ocrx_word' id='word_1_78' title='bbox 266 503 364 531; x_wconf 82' lang='lat' dir='ltr'><strong>inimici</strong></span> <span class='ocrx_word' id='word_1_79' title='bbox 376 501 531 530; x_wconf 74' lang='lat' dir='ltr'><strong>eoerceatur</strong></span> <span class='ocrx_word' id='word_1_80' title='bbox 547 511 553 528; x_wconf 92' lang='lat'>:</span> <span class='ocrx_word' id='word_1_81' title='bbox 568 502 693 536; x_wconf 80' lang='lat' dir='ltr'><strong>quoniam</strong></span> <span class='ocrx_word' id='word_1_82' title='bbox 706 501 830 528; x_wconf 81' lang='lat' dir='ltr'><strong>diabolus</strong></span> <span class='ocrx_word' id='word_1_83' title='bbox 844 502 979 536; x_wconf 80' lang='lat' dir='ltr'><strong>imperans</strong></span> <span class='ocrx_word' id='word_1_84' title='bbox 1001 509 1060 528; x_wconf 83' lang='lat' dir='ltr'><strong>ear-</strong></span> 
     </span>
    </p>
   </div>
   <div class='ocr_carea' id='block_1_13' title="bbox 267 537 1059 572">
    <p class='ocr_par' dir='ltr' id='par_1_13' title="bbox 267 537 1059 572">
     <span class='ocr_line' id='line_1_13' title="bbox 267 537 1059 572; baseline -0.006 -6"><span class='ocrx_word' id='word_1_85' title='bbox 267 539 295 566; x_wconf 86' lang='lat' dir='ltr'><strong>ni</strong></span> <span class='ocrx_word' id='word_1_86' title='bbox 305 544 331 566; x_wconf 80' lang='lat' dir='ltr'><strong>et</strong></span> <span class='ocrx_word' id='word_1_87' title='bbox 342 538 452 570; x_wconf 82' lang='lat' dir='ltr'><strong>mundo,</strong></span> <span class='ocrx_word' id='word_1_88' title='bbox 464 538 489 565; x_wconf 89' lang='lat' dir='ltr'><strong>in</strong></span> <span class='ocrx_word' id='word_1_89' title='bbox 500 537 611 564; x_wconf 82' lang='lat' dir='ltr'><strong>multam</strong></span> <span class='ocrx_word' id='word_1_90' title='bbox 621 537 889 572; x_wconf 85' lang='lat' dir='ltr'><strong>indiseiplinationem</strong></span> <span class='ocrx_word' id='word_1_91' title='bbox 901 537 997 564; x_wconf 78' lang='lat' dir='ltr'><strong>excitat</strong></span> <span class='ocrx_word' id='word_1_92' title='bbox 1007 537 1059 563; x_wconf 81' lang='lat' dir='ltr'><strong>lto—</strong></span> 
     </span>
    </p>
   </div>
   <div class='ocr_carea' id='block_1_14' title="bbox 266 573 1059 607">
    <p class='ocr_par' dir='ltr' id='par_1_14' title="bbox 266 573 1059 607">
     <span class='ocr_line' id='line_1_14' title="bbox 266 573 1059 607; baseline -0.003 -6"><span class='ocrx_word' id='word_1_93' title='bbox 266 575 353 601; x_wconf 83' lang='lat' dir='ltr'><strong>mines</strong></span> <span class='ocrx_word' id='word_1_94' title='bbox 363 594 371 607; x_wconf 92' lang='lat'><strong>,</strong></span> <span class='ocrx_word' id='word_1_95' title='bbox 384 573 511 607; x_wconf 84' lang='lat' dir='ltr'><strong>quamdiu</strong></span> <span class='ocrx_word' id='word_1_96' title='bbox 527 578 587 600; x_wconf 89' lang='lat' dir='ltr'><strong>sunt</strong></span> <span class='ocrx_word' id='word_1_97' title='bbox 604 573 629 599; x_wconf 91' lang='lat' dir='ltr'><strong>itt</strong></span> <span class='ocrx_word' id='word_1_98' title='bbox 645 580 740 603; x_wconf 77' lang='lat' dir='ltr'><strong>carne,</strong></span> <span class='ocrx_word' id='word_1_99' title='bbox 754 577 781 599; x_wconf 90' lang='lat' dir='ltr'><strong>et</strong></span> <span class='ocrx_word' id='word_1_100' title='bbox 801 573 826 599; x_wconf 94' lang='lat' dir='ltr'><strong>itt</strong></span> <span class='ocrx_word' id='word_1_101' title='bbox 841 573 940 599; x_wconf 89' lang='lat' dir='ltr'><strong>tttttndo</strong></span> <span class='ocrx_word' id='word_1_102' title='bbox 951 573 1059 599; x_wconf 87' lang='lat' dir='ltr'><strong>subdito</strong></span> 
     </span>
    </p>
   </div>
   <div class='ocr_carea' id='block_1_15' title="bbox 264 607 1059 641">
    <p class='ocr_par' dir='ltr' id='par_1_15' title="bbox 264 607 1059 641">
     <span class='ocr_line' id='line_1_15' title="bbox 264 607 1059 641; baseline -0.003 -5"><span class='ocrx_word' id='word_1_103' title='bbox 264 610 300 641; x_wconf 85' lang='lat' dir='ltr'><strong>ei,</strong></span> <span class='ocrx_word' id='word_1_104' title='bbox 314 609 380 636; x_wconf 87' lang='lat' dir='ltr'><strong>alios</strong></span> <span class='ocrx_word' id='word_1_105' title='bbox 394 609 419 635; x_wconf 90' lang='lat' dir='ltr'><strong>itt</strong></span> <span class='ocrx_word' id='word_1_106' title='bbox 435 609 570 636; x_wconf 83' lang='lat' dir='ltr'><strong>lasciviam</strong></span> <span class='ocrx_word' id='word_1_107' title='bbox 581 628 587 639; x_wconf 93' lang='lat'><strong>,</strong></span> <span class='ocrx_word' id='word_1_108' title='bbox 604 609 671 635; x_wconf 86' lang='lat' dir='ltr'><strong>alios</strong></span> <span class='ocrx_word' id='word_1_109' title='bbox 685 609 710 634; x_wconf 89' lang='lat' dir='ltr'><strong>in</strong></span> <span class='ocrx_word' id='word_1_110' title='bbox 726 607 847 641; x_wconf 82' lang='lat' dir='ltr'><strong>delicias,</strong></span> <span class='ocrx_word' id='word_1_111' title='bbox 863 608 930 634; x_wconf 89' lang='lat' dir='ltr'><strong>alios</strong></span> <span class='ocrx_word' id='word_1_112' title='bbox 945 609 971 634; x_wconf 91' lang='lat' dir='ltr'><strong>in</strong></span> <span class='ocrx_word' id='word_1_113' title='bbox 992 608 1059 635; x_wconf 92' lang='lat' dir='ltr'><strong>invi-</strong></span> 
     </span>
    </p>
   </div>
   <div class='ocr_carea' id='block_1_16' title="bbox 264 644 1055 678">
    <p class='ocr_par' dir='ltr' id='par_1_16' title="bbox 264 644 1055 678">
     <span class='ocr_line' id='line_1_16' title="bbox 264 644 1055 678; baseline -0.003 -6"><span class='ocrx_word' id='word_1_114' title='bbox 264 645 347 678; x_wconf 88' lang='lat' dir='ltr'><strong>diam,</strong></span> <span class='ocrx_word' id='word_1_115' title='bbox 360 645 428 672; x_wconf 86' lang='lat' dir='ltr'><strong>alios</strong></span> <span class='ocrx_word' id='word_1_116' title='bbox 440 645 467 671; x_wconf 91' lang='lat' dir='ltr'><strong>in</strong></span> <span class='ocrx_word' id='word_1_117' title='bbox 479 644 627 676; x_wconf 74' lang='lat' dir='ltr'><strong>avaritiam,</strong></span> <span class='ocrx_word' id='word_1_118' title='bbox 642 644 710 670; x_wconf 90' lang='lat' dir='ltr'><strong>alios</strong></span> <span class='ocrx_word' id='word_1_119' title='bbox 723 644 749 670; x_wconf 87' lang='lat' dir='ltr'><strong>itt</strong></span> <span class='ocrx_word' id='word_1_120' title='bbox 764 644 830 670; x_wconf 85' lang='lat' dir='ltr'><strong>iram</strong></span> <span class='ocrx_word' id='word_1_121' title='bbox 845 649 872 670; x_wconf 86' lang='lat' dir='ltr'><strong>et</strong></span> <span class='ocrx_word' id='word_1_122' title='bbox 885 644 1055 677; x_wconf 73' lang='lat' dir='ltr'><strong>superbiam:</strong></span> 
     </span>
    </p>
   </div>
   <div class='ocr_carea' id='block_1_17' title="bbox 266 679 1057 716">
    <p class='ocr_par' dir='ltr' id='par_1_17' title="bbox 266 679 1057 716">
     <span class='ocr_line' id='line_1_17' title="bbox 266 679 1057 716; baseline -0.003 -9"><span class='ocrx_word' id='word_1_123' title='bbox 266 681 316 707; x_wconf 86' lang='lat' dir='ltr'><strong>nisi</strong></span> <span class='ocrx_word' id='word_1_124' title='bbox 329 688 393 716; x_wconf 78' lang='lat' dir='ltr'><strong>ergo</strong></span> <span class='ocrx_word' id='word_1_125' title='bbox 401 680 462 716; x_wconf 77' lang='lat' dir='ltr'><strong>sint</strong></span> <span class='ocrx_word' id='word_1_126' title='bbox 481 686 549 714; x_wconf 88' lang='lat' dir='ltr'><strong>quos</strong></span> <span class='ocrx_word' id='word_1_127' title='bbox 560 679 698 716; x_wconf 65' lang='lat' dir='ltr'><strong>timeant,</strong></span> <span class='ocrx_word' id='word_1_128' title='bbox 714 679 826 716; x_wconf 85' lang='lat' dir='ltr'><strong>solvitur</strong></span> <span class='ocrx_word' id='word_1_129' title='bbox 837 679 1057 716; x_wconf 79' lang='lat' dir='ltr'><strong>disciplina._l)e-</strong></span> 
     </span>
    </p>
   </div>
   <div class='ocr_carea' id='block_1_18' title="bbox 265 714 1058 750">
    <p class='ocr_par' dir='ltr' id='par_1_18' title="bbox 265 714 1058 750">
     <span class='ocr_line' id='line_1_18' title="bbox 265 714 1058 750; baseline -0.001 -8"><span class='ocrx_word' id='word_1_130' title='bbox 265 716 345 750; x_wconf 80' lang='lat' dir='ltr'><strong>hique</strong></span> <span class='ocrx_word' id='word_1_131' title='bbox 358 714 407 750; x_wconf 81' lang='lat' dir='ltr'><strong>ipsi</strong></span> <span class='ocrx_word' id='word_1_132' title='bbox 423 715 539 741; x_wconf 77' lang='lat' dir='ltr'><strong>honores</strong></span> <span class='ocrx_word' id='word_1_133' title='bbox 560 715 584 740; x_wconf 91' lang='lat' dir='ltr'><strong>itt</strong></span> <span class='ocrx_word' id='word_1_134' title='bbox 606 715 712 741; x_wconf 78' lang='lat' dir='ltr'><strong>Christo</strong></span> <span class='ocrx_word' id='word_1_135' title='bbox 726 715 751 741; x_wconf 89' lang='lat' dir='ltr'><strong>in</strong></span> <span class='ocrx_word' id='word_1_136' title='bbox 765 716 848 749; x_wconf 88' lang='lat' dir='ltr'><strong>prima</strong></span> <span class='ocrx_word' id='word_1_137' title='bbox 864 714 970 749; x_wconf 85' lang='lat' dir='ltr'><strong>quidem</strong></span> <span class='ocrx_word' id='word_1_138' title='bbox 990 714 1058 741; x_wconf 84' lang='lat' dir='ltr'><strong>facie</strong></span> 
     </span>
    </p>
   </div>
   <div class='ocr_carea' id='block_1_19' title="bbox 265 751 1058 782">
    <p class='ocr_par' dir='ltr' id='par_1_19' title="bbox 265 751 1058 782">
     <span class='ocr_line' id='line_1_19' title="bbox 265 751 1058 782; baseline -0.003 -4"><span class='ocrx_word' id='word_1_139' title='bbox 265 751 391 778; x_wconf 82' lang='lat' dir='ltr'><strong>videntur</strong></span> <span class='ocrx_word' id='word_1_140' title='bbox 404 751 520 777; x_wconf 85' lang='lat' dir='ltr'><strong>honores</strong></span> <span class='ocrx_word' id='word_1_141' title='bbox 531 771 538 782; x_wconf 98' lang='lat'><strong>,</strong></span> <span class='ocrx_word' id='word_1_142' title='bbox 552 757 581 776; x_wconf 85' lang='lat' dir='ltr'><strong>re</strong></span> <span class='ocrx_word' id='word_1_143' title='bbox 595 757 656 776; x_wconf 84' lang='lat' dir='ltr'><strong>vera</strong></span> <span class='ocrx_word' id='word_1_144' title='bbox 676 756 764 777; x_wconf 86' lang='lat' dir='ltr'><strong>autem</strong></span> <span class='ocrx_word' id='word_1_145' title='bbox 788 757 841 777; x_wconf 89' lang='lat' dir='ltr'><strong>non</strong></span> <span class='ocrx_word' id='word_1_146' title='bbox 862 755 923 776; x_wconf 88' lang='lat' dir='ltr'><strong>sunt</strong></span> <span class='ocrx_word' id='word_1_147' title='bbox 941 751 1058 777; x_wconf 84' lang='lat' dir='ltr'><strong>honores</strong></span> 
     </span>
    </p>
   </div>
   <div class='ocr_carea' id='block_1_20' title="bbox 239 785 1058 820">
    <p class='ocr_par' dir='ltr' id='par_1_20' title="bbox 239 785 1058 820">
     <span class='ocr_line' id='line_1_20' title="bbox 239 785 1058 820; baseline -0.001 -7"><span class='ocrx_word' id='word_1_148' title='bbox 239 803 241 806; x_wconf 71' lang='grc'>‹</span> <span class='ocrx_word' id='word_1_149' title='bbox 263 787 373 817; x_wconf 87' lang='lat' dir='ltr'><strong>diversi,</strong></span> <span class='ocrx_word' id='word_1_150' title='bbox 390 786 436 813; x_wconf 86' lang='lat' dir='ltr'><strong>sed</strong></span> <span class='ocrx_word' id='word_1_151' title='bbox 458 790 521 813; x_wconf 81' lang='lat' dir='ltr'><strong>sunt</strong></span> <span class='ocrx_word' id='word_1_152' title='bbox 542 785 646 812; x_wconf 87' lang='lat' dir='ltr'><strong>diversa</strong></span> <span class='ocrx_word' id='word_1_153' title='bbox 667 785 825 813; x_wconf 85' lang='lat' dir='ltr'><strong>ministeria.</strong></span> <span class='ocrx_word' id='word_1_154' title='bbox 841 785 958 820; x_wconf 85' lang='lat' dir='ltr'><strong>Utputa,</strong></span> <span class='ocrx_word' id='word_1_155' title='bbox 972 785 1058 812; x_wconf 86' lang='lat' dir='ltr'><strong>honor</strong></span> 
     </span>
    </p>
   </div>
   <div class='ocr_carea' id='block_1_21' title="bbox 264 821 1057 856">
    <p class='ocr_par' dir='ltr' id='par_1_21' title="bbox 264 821 1057 856">
     <span class='ocr_line' id='line_1_21' title="bbox 264 821 1057 856; baseline -0.003 -7"><span class='ocrx_word' id='word_1_156' title='bbox 264 823 334 849; x_wconf 82' lang='lat' dir='ltr'><strong>oculi</strong></span> <span class='ocrx_word' id='word_1_157' title='bbox 350 822 462 852; x_wconf 81' lang='lat' dir='ltr'><strong>videtur,</strong></span> <span class='ocrx_word' id='word_1_158' title='bbox 478 821 538 856; x_wconf 86' lang='lat' dir='ltr'><strong>quia</strong></span> <span class='ocrx_word' id='word_1_159' title='bbox 561 821 692 848; x_wconf 79' lang='lat' dir='ltr'><strong>illuminat</strong></span> <span class='ocrx_word' id='word_1_160' title='bbox 704 828 802 854; x_wconf 84' lang='lat' dir='ltr'><strong>corpus</strong></span> <span class='ocrx_word' id='word_1_161' title='bbox 817 829 824 847; x_wconf 87' lang='lat'><strong>:</strong></span> <span class='ocrx_word' id='word_1_162' title='bbox 839 821 885 848; x_wconf 90' lang='lat' dir='ltr'><strong>sed</strong></span> <span class='ocrx_word' id='word_1_163' title='bbox 900 821 956 855; x_wconf 85' lang='lat' dir='ltr'><strong>ipse</strong></span> <span class='ocrx_word' id='word_1_164' title='bbox 971 821 1057 847; x_wconf 87' lang='lat' dir='ltr'><strong>honor</strong></span> 
     </span>
    </p>
   </div>
   <div class='ocr_carea' id='block_1_22' title="bbox 266 856 1056 890">
    <p class='ocr_par' dir='ltr' id='par_1_22' title="bbox 266 856 1056 890">
     <span class='ocr_line' id='line_1_22' title="bbox 266 856 1056 890; baseline -0.003 -6"><span class='ocrx_word' id='word_1_165' title='bbox 266 857 435 884; x_wconf 81' lang='lat' dir='ltr'><strong>illaminandi</strong></span> <span class='ocrx_word' id='word_1_166' title='bbox 451 864 504 884; x_wconf 89' lang='lat' dir='ltr'><strong>non</strong></span> <span class='ocrx_word' id='word_1_167' title='bbox 520 860 561 883; x_wconf 67' lang='lat' dir='ltr'><strong>est</strong></span> <span class='ocrx_word' id='word_1_168' title='bbox 572 857 597 883; x_wconf 90' lang='lat' dir='ltr'><strong>ei</strong></span> <span class='ocrx_word' id='word_1_169' title='bbox 614 856 716 887; x_wconf 86' lang='lat' dir='ltr'><strong>honor,</strong></span> <span class='ocrx_word' id='word_1_170' title='bbox 732 856 778 883; x_wconf 86' lang='lat' dir='ltr'><strong>sed</strong></span> <span class='ocrx_word' id='word_1_171' title='bbox 792 857 968 882; x_wconf 75' lang='lat' dir='ltr'><strong>ministerium</strong></span> <span class='ocrx_word' id='word_1_172' title='bbox 987 856 1056 890; x_wconf 88' lang='lat' dir='ltr'><strong>ejus.</strong></span> 
     </span>
    </p>
   </div>
   <div class='ocr_carea' id='block_1_23' title="bbox 265 891 1058 928">
    <p class='ocr_par' dir='ltr' id='par_1_23' title="bbox 265 891 1058 928">
     <span class='ocr_line' id='line_1_23' title="bbox 265 891 1058 928; baseline -0.003 -8"><span class='ocrx_word' id='word_1_173' title='bbox 265 893 299 920; x_wconf 85' lang='lat' dir='ltr'><strong>Et</strong></span> <span class='ocrx_word' id='word_1_174' title='bbox 312 893 410 928; x_wconf 87' lang='lat' dir='ltr'><strong>pedttttt</strong></span> <span class='ocrx_word' id='word_1_175' title='bbox 432 891 570 928; x_wconf 74' lang='lat' dir='ltr'><strong>humilitas</strong></span> <span class='ocrx_word' id='word_1_176' title='bbox 584 899 645 919; x_wconf 82' lang='lat' dir='ltr'><strong>esse</strong></span> <span class='ocrx_word' id='word_1_177' title='bbox 661 891 775 928; x_wconf 80' lang='lat' dir='ltr'><strong>videtur,</strong></span> <span class='ocrx_word' id='word_1_178' title='bbox 787 892 848 926; x_wconf 85' lang='lat' dir='ltr'><strong>quia</strong></span> <span class='ocrx_word' id='word_1_179' title='bbox 863 891 982 926; x_wconf 80' lang='lat' dir='ltr'><strong>bajulant</strong></span> <span class='ocrx_word' id='word_1_180' title='bbox 997 900 1058 918; x_wconf 90' lang='lat' dir='ltr'><strong>cor-</strong></span> 
     </span>
    </p>
   </div>
   <div class='ocr_carea' id='block_1_24' title="bbox 264 926 1056 963">
    <p class='ocr_par' dir='ltr' id='par_1_24' title="bbox 264 926 1056 963">
     <span class='ocr_line' id='line_1_24' title="bbox 264 926 1056 963; baseline -0.003 -8"><span class='ocrx_word' id='word_1_181' title='bbox 264 926 337 963; x_wconf 66' lang='lat' dir='ltr'><strong>pus:</strong></span> <span class='ocrx_word' id='word_1_182' title='bbox 359 928 405 955; x_wconf 87' lang='lat' dir='ltr'><strong>sed</strong></span> <span class='ocrx_word' id='word_1_183' title='bbox 418 927 473 962; x_wconf 85' lang='lat' dir='ltr'><strong>ipsa</strong></span> <span class='ocrx_word' id='word_1_184' title='bbox 490 927 626 963; x_wconf 80' lang='lat' dir='ltr'><strong>humilitas</strong></span> <span class='ocrx_word' id='word_1_185' title='bbox 646 926 816 961; x_wconf 86' lang='lat' dir='ltr'><strong>bajulationis</strong></span> <span class='ocrx_word' id='word_1_186' title='bbox 835 934 888 954; x_wconf 91' lang='lat' dir='ltr'><strong>non</strong></span> <span class='ocrx_word' id='word_1_187' title='bbox 901 933 943 954; x_wconf 83' lang='lat' dir='ltr'><strong>est</strong></span> <span class='ocrx_word' id='word_1_188' title='bbox 963 935 1056 963; x_wconf 88' lang='lat' dir='ltr'><strong>eorum</strong></span> 
     </span>
    </p>
   </div>
   <div class='ocr_carea' id='block_1_25' title="bbox 264 962 1056 997">
    <p class='ocr_par' dir='ltr' id='par_1_25' title="bbox 264 962 1056 997">
     <span class='ocr_line' id='line_1_25' title="bbox 264 962 1056 997; baseline -0.001 -7"><span class='ocrx_word' id='word_1_189' title='bbox 264 962 429 997; x_wconf 80' lang='lat' dir='ltr'><strong>contemptio</strong></span> <span class='ocrx_word' id='word_1_190' title='bbox 439 983 446 994; x_wconf 91' lang='lat'><strong>,</strong></span> <span class='ocrx_word' id='word_1_191' title='bbox 460 962 507 989; x_wconf 87' lang='lat' dir='ltr'><strong>sed</strong></span> <span class='ocrx_word' id='word_1_192' title='bbox 521 962 700 989; x_wconf 84' lang='lat' dir='ltr'><strong>ministerium</strong></span> <span class='ocrx_word' id='word_1_193' title='bbox 717 970 821 989; x_wconf 89' lang='lat' dir='ltr'><strong>eorttm.</strong></span> <span class='ocrx_word' id='word_1_194' title='bbox 839 963 984 997; x_wconf 81' lang='lat' dir='ltr'><strong>Propterea</strong></span> <span class='ocrx_word' id='word_1_195' title='bbox 1005 962 1056 989; x_wconf 91' lang='lat' dir='ltr'><strong>do-</strong></span> 
     </span>
    </p>
   </div>
   <div class='ocr_carea' id='block_1_26' title="bbox 263 997 1057 1032">
    <p class='ocr_par' dir='ltr' id='par_1_26' title="bbox 263 997 1057 1032">
     <span class='ocr_line' id='line_1_26' title="bbox 263 997 1057 1032; baseline -0.003 -6"><span class='ocrx_word' id='word_1_196' title='bbox 263 999 354 1026; x_wconf 87' lang='lat' dir='ltr'><strong>minus</strong></span> <span class='ocrx_word' id='word_1_197' title='bbox 363 999 494 1032; x_wconf 85' lang='lat' dir='ltr'><strong>corporis,</strong></span> <span class='ocrx_word' id='word_1_198' title='bbox 510 998 611 1025; x_wconf 81' lang='lat' dir='ltr'><strong>scilicet</strong></span> <span class='ocrx_word' id='word_1_199' title='bbox 625 997 716 1029; x_wconf 87' lang='lat' dir='ltr'><strong>homo,</strong></span> <span class='ocrx_word' id='word_1_200' title='bbox 731 1005 781 1025; x_wconf 89' lang='lat' dir='ltr'><strong>nec</strong></span> <span class='ocrx_word' id='word_1_201' title='bbox 793 998 898 1024; x_wconf 88' lang='lat' dir='ltr'><strong>octtlutn</strong></span> <span class='ocrx_word' id='word_1_202' title='bbox 909 1005 985 1024; x_wconf 89' lang='lat' dir='ltr'><strong>suum</strong></span> <span class='ocrx_word' id='word_1_203' title='bbox 997 1005 1057 1024; x_wconf 89' lang='lat' dir='ltr'><strong>am-</strong></span> 
     </span>
    </p>
   </div>
   <div class='ocr_carea' id='block_1_27' title="bbox 264 1033 1056 1069">
    <p class='ocr_par' dir='ltr' id='par_1_27' title="bbox 264 1033 1056 1069">
     <span class='ocr_line' id='line_1_27' title="bbox 264 1033 1056 1069; baseline -0.001 -8"><span class='ocrx_word' id='word_1_204' title='bbox 264 1035 334 1069; x_wconf 88' lang='lat' dir='ltr'><strong>plius</strong></span> <span class='ocrx_word' id='word_1_205' title='bbox 348 1033 461 1061; x_wconf 81' lang='lat' dir='ltr'><strong>honorat</strong></span> <span class='ocrx_word' id='word_1_206' title='bbox 479 1041 558 1068; x_wconf 84' lang='lat' dir='ltr'><strong>quant</strong></span> <span class='ocrx_word' id='word_1_207' title='bbox 583 1033 692 1067; x_wconf 69' lang='lat' dir='ltr'><strong>pedem,</strong></span> <span class='ocrx_word' id='word_1_208' title='bbox 709 1041 758 1061; x_wconf 90' lang='lat' dir='ltr'><strong>nec</strong></span> <span class='ocrx_word' id='word_1_209' title='bbox 781 1033 873 1068; x_wconf 86' lang='lat' dir='ltr'><strong>pedem</strong></span> <span class='ocrx_word' id='word_1_210' title='bbox 894 1034 978 1068; x_wconf 83' lang='lat' dir='ltr'><strong>magis</strong></span> <span class='ocrx_word' id='word_1_211' title='bbox 991 1041 1056 1060; x_wconf 89' lang='lat' dir='ltr'><strong>con-</strong></span> 
     </span>
    </p>
   </div>
   <div class='ocr_carea' id='block_1_28' title="bbox 264 1069 1057 1104">
    <p class='ocr_par' dir='ltr' id='par_1_28' title="bbox 264 1069 1057 1104">
     <span class='ocr_line' id='line_1_28' title="bbox 264 1069 1057 1104; baseline -0.001 -7"><span class='ocrx_word' id='word_1_212' title='bbox 264 1070 368 1101; x_wconf 82' lang='lat' dir='ltr'><strong>temnit,</strong></span> <span class='ocrx_word' id='word_1_213' title='bbox 383 1076 461 1104; x_wconf 88' lang='lat' dir='ltr'><strong>quattt</strong></span> <span class='ocrx_word' id='word_1_214' title='bbox 475 1069 581 1096; x_wconf 91' lang='lat' dir='ltr'><strong>oculunt</strong></span> <span class='ocrx_word' id='word_1_215' title='bbox 595 1078 602 1095; x_wconf 87' lang='lat'><strong>:</strong></span> <span class='ocrx_word' id='word_1_216' title='bbox 618 1069 679 1103; x_wconf 84' lang='lat' dir='ltr'><strong>quia</strong></span> <span class='ocrx_word' id='word_1_217' title='bbox 695 1077 743 1096; x_wconf 84' lang='lat' dir='ltr'><strong>nec</strong></span> <span class='ocrx_word' id='word_1_218' title='bbox 751 1069 844 1096; x_wconf 90' lang='lat' dir='ltr'><strong>oculus</strong></span> <span class='ocrx_word' id='word_1_219' title='bbox 856 1077 903 1103; x_wconf 89' lang='lat' dir='ltr'><strong>pro</strong></span> <span class='ocrx_word' id='word_1_220' title='bbox 912 1069 999 1103; x_wconf 78' lang='lat' dir='ltr'><strong>aliquo</strong></span> <span class='ocrx_word' id='word_1_221' title='bbox 1009 1076 1057 1096; x_wconf 89' lang='lat' dir='ltr'><strong>suo</strong></span> 
     </span>
    </p>
   </div>
   <div class='ocr_carea' id='block_1_29' title="bbox 264 1104 1057 1136">
    <p class='ocr_par' dir='ltr' id='par_1_29' title="bbox 264 1104 1057 1136">
     <span class='ocr_line' id='line_1_29' title="bbox 264 1104 1057 1136; baseline -0.003 -4"><span class='ocrx_word' id='word_1_222' title='bbox 264 1106 360 1132; x_wconf 88' lang='lat' dir='ltr'><strong>merito</strong></span> <span class='ocrx_word' id='word_1_223' title='bbox 374 1104 520 1132; x_wconf 87' lang='lat' dir='ltr'><strong>honoratus</strong></span> <span class='ocrx_word' id='word_1_224' title='bbox 534 1109 591 1136; x_wconf 83' lang='lat' dir='ltr'><strong>est,</strong></span> <span class='ocrx_word' id='word_1_225' title='bbox 608 1109 636 1130; x_wconf 90' lang='lat' dir='ltr'><strong>ut</strong></span> <span class='ocrx_word' id='word_1_226' title='bbox 648 1105 740 1131; x_wconf 89' lang='lat' dir='ltr'><strong>oculus</strong></span> <span class='ocrx_word' id='word_1_227' title='bbox 754 1105 798 1136; x_wconf 85' lang='lat' dir='ltr'><strong>sit,</strong></span> <span class='ocrx_word' id='word_1_228' title='bbox 811 1105 857 1131; x_wconf 88' lang='lat' dir='ltr'><strong>sed</strong></span> <span class='ocrx_word' id='word_1_229' title='bbox 873 1104 906 1130; x_wconf 83' lang='lat' dir='ltr'><strong>ad</strong></span> <span class='ocrx_word' id='word_1_230' title='bbox 918 1105 969 1131; x_wconf 83' lang='lat' dir='ltr'><strong>hoc</strong></span> <span class='ocrx_word' id='word_1_231' title='bbox 981 1104 1057 1131; x_wconf 92' lang='lat' dir='ltr'><strong>mini-</strong></span> 
     </span>
    </p>
   </div>
   <div class='ocr_carea' id='block_1_30' title="bbox 264 1140 1056 1174">
    <p class='ocr_par' dir='ltr' id='par_1_30' title="bbox 264 1140 1056 1174">
     <span class='ocr_line' id='line_1_30' title="bbox 264 1140 1056 1174; baseline -0.001 -6"><span class='ocrx_word' id='word_1_232' title='bbox 264 1141 377 1168; x_wconf 84' lang='lat' dir='ltr'><strong>sterium</strong></span> <span class='ocrx_word' id='word_1_233' title='bbox 388 1145 493 1167; x_wconf 82' lang='lat' dir='ltr'><strong>creatus</strong></span> <span class='ocrx_word' id='word_1_234' title='bbox 505 1145 545 1167; x_wconf 89' lang='lat' dir='ltr'><strong>est</strong></span> <span class='ocrx_word' id='word_1_235' title='bbox 556 1148 563 1172; x_wconf 84' lang='lat'>;</span> <span class='ocrx_word' id='word_1_236' title='bbox 575 1147 623 1166; x_wconf 88' lang='lat' dir='ltr'><strong>nec</strong></span> <span class='ocrx_word' id='word_1_237' title='bbox 633 1147 678 1173; x_wconf 86' lang='lat' dir='ltr'><strong>pes</strong></span> <span class='ocrx_word' id='word_1_238' title='bbox 688 1147 735 1173; x_wconf 91' lang='lat' dir='ltr'><strong>pro</strong></span> <span class='ocrx_word' id='word_1_239' title='bbox 743 1147 790 1166; x_wconf 87' lang='lat' dir='ltr'><strong>sua</strong></span> <span class='ocrx_word' id='word_1_240' title='bbox 801 1140 878 1174; x_wconf 80' lang='lat' dir='ltr'><strong>ettlpa</strong></span> <span class='ocrx_word' id='word_1_241' title='bbox 887 1144 1056 1173; x_wconf 79' lang='lat' dir='ltr'><strong>contemptus</strong></span> 
     </span>
    </p>
   </div>
   <div class='ocr_carea' id='block_1_31' title="bbox 263 1175 1055 1209">
    <p class='ocr_par' dir='ltr' id='par_1_31' title="bbox 263 1175 1055 1209">
     <span class='ocr_line' id='line_1_31' title="bbox 263 1175 1055 1209; baseline -0.001 -6"><span class='ocrx_word' id='word_1_242' title='bbox 263 1180 317 1208; x_wconf 88' lang='lat' dir='ltr'><strong>est,</strong></span> <span class='ocrx_word' id='word_1_243' title='bbox 333 1181 362 1203; x_wconf 77' lang='lat' dir='ltr'><strong>ut</strong></span> <span class='ocrx_word' id='word_1_244' title='bbox 379 1176 414 1202; x_wconf 86' lang='lat' dir='ltr'><strong>sit</strong></span> <span class='ocrx_word' id='word_1_245' title='bbox 431 1182 495 1209; x_wconf 89' lang='lat' dir='ltr'><strong>pes,</strong></span> <span class='ocrx_word' id='word_1_246' title='bbox 510 1175 558 1202; x_wconf 91' lang='lat' dir='ltr'><strong>sed</strong></span> <span class='ocrx_word' id='word_1_247' title='bbox 578 1175 612 1201; x_wconf 87' lang='lat' dir='ltr'><strong>ad</strong></span> <span class='ocrx_word' id='word_1_248' title='bbox 629 1175 679 1201; x_wconf 83' lang='lat' dir='ltr'><strong>hoc</strong></span> <span class='ocrx_word' id='word_1_249' title='bbox 694 1175 870 1202; x_wconf 87' lang='lat' dir='ltr'><strong>ministerium</strong></span> <span class='ocrx_word' id='word_1_250' title='bbox 886 1181 926 1202; x_wconf 88' lang='lat' dir='ltr'><strong>est</strong></span> <span class='ocrx_word' id='word_1_251' title='bbox 939 1180 1055 1203; x_wconf 85' lang='lat' dir='ltr'><strong>creatus.</strong></span> 
     </span>
    </p>
   </div>
   <div class='ocr_carea' id='block_1_32' title="bbox 263 1210 1057 1246">
    <p class='ocr_par' dir='ltr' id='par_1_32' title="bbox 263 1210 1057 1246">
     <span class='ocr_line' id='line_1_32' title="bbox 263 1210 1057 1246; baseline -0.001 -8"><span class='ocrx_word' id='word_1_252' title='bbox 263 1212 411 1246; x_wconf 72' lang='lat' dir='ltr'><strong>Propterea</strong></span> <span class='ocrx_word' id='word_1_253' title='bbox 432 1210 642 1244; x_wconf 82' lang='lat' dir='ltr'><strong>unumquodque</strong></span> <span class='ocrx_word' id='word_1_254' title='bbox 657 1211 842 1246; x_wconf 75' lang='lat' dir='ltr'><strong>membrorum</strong></span> <span class='ocrx_word' id='word_1_255' title='bbox 863 1211 899 1237; x_wconf 89' lang='lat' dir='ltr'><strong>ttil</strong></span> <span class='ocrx_word' id='word_1_256' title='bbox 920 1211 1009 1237; x_wconf 85' lang='lat' dir='ltr'><strong>minus</strong></span> <span class='ocrx_word' id='word_1_257' title='bbox 1027 1218 1057 1238; x_wconf 87' lang='lat' dir='ltr'><strong>se</strong></span> 
     </span>
    </p>
   </div>
   <div class='ocr_carea' id='block_1_33' title="bbox 265 1245 1055 1280">
    <p class='ocr_par' dir='ltr' id='par_1_33' title="bbox 265 1245 1055 1280">
     <span class='ocr_line' id='line_1_33' title="bbox 265 1245 1055 1280; baseline -0.001 -7"><span class='ocrx_word' id='word_1_258' title='bbox 265 1246 366 1274; x_wconf 85' lang='lat' dir='ltr'><strong>habere</strong></span> <span class='ocrx_word' id='word_1_259' title='bbox 388 1246 551 1280; x_wconf 78' lang='lat' dir='ltr'><strong>intelligens,</strong></span> <span class='ocrx_word' id='word_1_260' title='bbox 563 1245 711 1272; x_wconf 86' lang='lat' dir='ltr'><strong>secundum</strong></span> <span class='ocrx_word' id='word_1_261' title='bbox 725 1245 902 1272; x_wconf 85' lang='lat' dir='ltr'><strong>ministerium</strong></span> <span class='ocrx_word' id='word_1_262' title='bbox 917 1267 924 1278; x_wconf 91' lang='lat'><strong>,</strong></span> <span class='ocrx_word' id='word_1_263' title='bbox 936 1246 968 1272; x_wconf 92' lang='lat' dir='ltr'><strong>ad</strong></span> <span class='ocrx_word' id='word_1_264' title='bbox 983 1246 1055 1280; x_wconf 87' lang='lat' dir='ltr'><strong>quod</strong></span> 
     </span>
    </p>
   </div>
   <div class='ocr_carea' id='block_1_34' title="bbox 265 1281 1056 1315">
    <p class='ocr_par' dir='ltr' id='par_1_34' title="bbox 265 1281 1056 1315">
     <span class='ocr_line' id='line_1_34' title="bbox 265 1281 1056 1315; baseline -0.001 -6"><span class='ocrx_word' id='word_1_265' title='bbox 265 1287 307 1309; x_wconf 83' lang='lat' dir='ltr'><strong>est</strong></span> <span class='ocrx_word' id='word_1_266' title='bbox 320 1285 451 1313; x_wconf 78' lang='lat' dir='ltr'><strong>creatum,</strong></span> <span class='ocrx_word' id='word_1_267' title='bbox 464 1288 514 1308; x_wconf 91' lang='lat' dir='ltr'><strong>nec</strong></span> <span class='ocrx_word' id='word_1_268' title='bbox 525 1281 648 1315; x_wconf 86' lang='lat' dir='ltr'><strong>amplius,</strong></span> <span class='ocrx_word' id='word_1_269' title='bbox 661 1288 710 1308; x_wconf 91' lang='lat' dir='ltr'><strong>nec</strong></span> <span class='ocrx_word' id='word_1_270' title='bbox 724 1281 909 1308; x_wconf 88' lang='lat' dir='ltr'><strong>invidetalteri</strong></span> <span class='ocrx_word' id='word_1_271' title='bbox 925 1282 1056 1314; x_wconf 92' lang='lat' dir='ltr'><strong>membro,</strong></span> 
     </span>
    </p>
   </div>
   <div class='ocr_carea' id='block_1_35' title="bbox 264 1316 1055 1352">
    <p class='ocr_par' dir='ltr' id='par_1_35' title="bbox 264 1316 1055 1352">
     <span class='ocr_line' id='line_1_35' title="bbox 264 1316 1055 1352; baseline -0.003 -8"><span class='ocrx_word' id='word_1_272' title='bbox 264 1318 340 1352; x_wconf 64' lang='grc' dir='ltr'><strong>(τωδὶ</strong></span> <span class='ocrx_word' id='word_1_273' title='bbox 354 1317 413 1352; x_wconf 82' lang='lat' dir='ltr'><strong>plus</strong></span> <span class='ocrx_word' id='word_1_274' title='bbox 426 1316 534 1344; x_wconf 88' lang='lat' dir='ltr'><strong>habenti</strong></span> <span class='ocrx_word' id='word_1_275' title='bbox 546 1337 553 1349; x_wconf 92' lang='lat'><strong>,</strong></span> <span class='ocrx_word' id='word_1_276' title='bbox 571 1323 620 1343; x_wconf 89' lang='lat' dir='ltr'><strong>nec</strong></span> <span class='ocrx_word' id='word_1_277' title='bbox 639 1317 742 1352; x_wconf 77' lang='lat' dir='ltr'><strong>spernit</strong></span> <span class='ocrx_word' id='word_1_278' title='bbox 762 1317 874 1344; x_wconf 86' lang='lat' dir='ltr'><strong>alterum</strong></span> <span class='ocrx_word' id='word_1_279' title='bbox 888 1317 1055 1350; x_wconf 84' lang='lat' dir='ltr'><strong>membrum,</strong></span> 
     </span>
    </p>
   </div>
   <div class='ocr_carea' id='block_1_36' title="bbox 264 1351 1055 1387">
    <p class='ocr_par' dir='ltr' id='par_1_36' title="bbox 264 1351 1055 1387">
     <span class='ocr_line' id='line_1_36' title="bbox 264 1351 1055 1387; baseline 0.001 -8"><span class='ocrx_word' id='word_1_280' title='bbox 264 1351 461 1387; x_wconf 33' lang='lat' dir='ltr'><strong>(ptasi’minus</strong></span> <span class='ocrx_word' id='word_1_281' title='bbox 496 1351 608 1379; x_wconf 83' lang='lat' dir='ltr'><strong>habens.</strong></span> <span class='ocrx_word' id='word_1_282' title='bbox 636 1351 681 1379; x_wconf 89' lang='lat' dir='ltr'><strong>Sic</strong></span> <span class='ocrx_word' id='word_1_283' title='bbox 715 1356 757 1379; x_wconf 86' lang='lat' dir='ltr'><strong>est</strong></span> <span class='ocrx_word' id='word_1_284' title='bbox 781 1356 808 1379; x_wconf 89' lang='lat' dir='ltr'><strong>et</strong></span> <span class='ocrx_word' id='word_1_285' title='bbox 842 1353 912 1379; x_wconf 91' lang='lat' dir='ltr'><strong>inter</strong></span> <span class='ocrx_word' id='word_1_286' title='bbox 938 1357 1055 1380; x_wconf 86' lang='lat' dir='ltr'><strong>sanctos.</strong></span> 
     </span>
    </p>
   </div>
   <div class='ocr_carea' id='block_1_37' title="bbox 267 1387 1057 1423">
    <p class='ocr_par' dir='ltr' id='par_1_37' title="bbox 267 1387 1057 1423">
     <span class='ocr_line' id='line_1_37' title="bbox 267 1387 1057 1423; baseline -0.001 -8"><span class='ocrx_word' id='word_1_287' title='bbox 267 1387 581 1423; x_wconf 73' lang='lat' dir='ltr'><strong>Uuiuscujusquesaneti</strong></span> <span class='ocrx_word' id='word_1_288' title='bbox 596 1387 682 1414; x_wconf 87' lang='lat' dir='ltr'><strong>honor</strong></span> <span class='ocrx_word' id='word_1_289' title='bbox 699 1394 752 1414; x_wconf 90' lang='lat' dir='ltr'><strong>non</strong></span> <span class='ocrx_word' id='word_1_290' title='bbox 766 1392 808 1414; x_wconf 83' lang='lat' dir='ltr'><strong>est</strong></span> <span class='ocrx_word' id='word_1_291' title='bbox 822 1387 907 1415; x_wconf 89' lang='lat' dir='ltr'><strong>honor</strong></span> <span class='ocrx_word' id='word_1_292' title='bbox 921 1387 995 1423; x_wconf 90' lang='lat' dir='ltr'><strong>ejus,</strong></span> <span class='ocrx_word' id='word_1_293' title='bbox 1009 1388 1057 1415; x_wconf 88' lang='lat' dir='ltr'><strong>sed</strong></span> 
     </span>
    </p>
   </div>
   <div class='ocr_carea' id='block_1_38' title="bbox 260 1422 1058 1458">
    <p class='ocr_par' dir='ltr' id='par_1_38' title="bbox 260 1422 1058 1458">
     <span class='ocr_line' id='line_1_38' title="bbox 260 1422 1058 1458; baseline -0.003 -6"><span class='ocrx_word' id='word_1_294' title='bbox 260 1429 340 1452; x_wconf 76' lang='lat' dir='ltr'><strong>actus</strong></span> <span class='ocrx_word' id='word_1_295' title='bbox 359 1423 451 1458; x_wconf 85' lang='lat' dir='ltr'><strong>ipsius.</strong></span> <span class='ocrx_word' id='word_1_296' title='bbox 477 1422 575 1458; x_wconf 87' lang='lat' dir='ltr'><strong>Utputa</strong></span> <span class='ocrx_word' id='word_1_297' title='bbox 591 1443 598 1454; x_wconf 94' lang='lat'><strong>,</strong></span> <span class='ocrx_word' id='word_1_298' title='bbox 623 1423 736 1457; x_wconf 84' lang='lat' dir='ltr'><strong>apostoli</strong></span> <span class='ocrx_word' id='word_1_299' title='bbox 760 1424 925 1457; x_wconf 81' lang='lat' dir='ltr'><strong>apostolatus</strong></span> <span class='ocrx_word' id='word_1_300' title='bbox 952 1427 1058 1458; x_wconf 85' lang='lat' dir='ltr'><strong>putatur</strong></span> 
     </span>
    </p>
   </div>
   <div class='ocr_carea' id='block_1_39' title="bbox 261 1458 1056 1492">
    <p class='ocr_par' dir='ltr' id='par_1_39' title="bbox 261 1458 1056 1492">
     <span class='ocr_line' id='line_1_39' title="bbox 261 1458 1056 1492; baseline -0.003 -5"><span class='ocrx_word' id='word_1_301' title='bbox 261 1467 283 1487; x_wconf 76' lang='lat' dir='ltr'><strong>a</strong></span> <span class='ocrx_word' id='word_1_302' title='bbox 312 1459 388 1486; x_wconf 89' lang='lat' dir='ltr'><strong>nobis</strong></span> <span class='ocrx_word' id='word_1_303' title='bbox 424 1458 510 1485; x_wconf 83' lang='lat' dir='ltr'><strong>honor</strong></span> <span class='ocrx_word' id='word_1_304' title='bbox 538 1465 599 1485; x_wconf 88' lang='lat' dir='ltr'><strong>esse</strong></span> <span class='ocrx_word' id='word_1_305' title='bbox 636 1458 718 1492; x_wconf 67' lang='lat' dir='ltr'><strong>ipsius</strong></span> <span class='ocrx_word' id='word_1_306' title='bbox 746 1459 860 1492; x_wconf 84' lang='lat' dir='ltr'><strong>apostoli</strong></span> <span class='ocrx_word' id='word_1_307' title='bbox 886 1467 892 1485; x_wconf 84' lang='lat'><strong>:</strong></span> <span class='ocrx_word' id='word_1_308' title='bbox 921 1466 984 1486; x_wconf 86' lang='lat' dir='ltr'><strong>vere</strong></span> <span class='ocrx_word' id='word_1_309' title='bbox 1007 1466 1056 1485; x_wconf 90' lang='lat' dir='ltr'><strong>au-</strong></span> 
     </span>
    </p>
   </div>
   <div class='ocr_carea' id='block_1_40' title="bbox 264 1493 1055 1529">
    <p class='ocr_par' dir='ltr' id='par_1_40' title="bbox 264 1493 1055 1529">
     <span class='ocr_line' id='line_1_40' title="bbox 264 1493 1055 1529; baseline 0.001 -9"><span class='ocrx_word' id='word_1_310' title='bbox 264 1500 319 1522; x_wconf 89' lang='lat' dir='ltr'><strong>tent</strong></span> <span class='ocrx_word' id='word_1_311' title='bbox 346 1502 398 1521; x_wconf 91' lang='lat' dir='ltr'><strong>non</strong></span> <span class='ocrx_word' id='word_1_312' title='bbox 424 1498 464 1521; x_wconf 88' lang='lat' dir='ltr'><strong>est</strong></span> <span class='ocrx_word' id='word_1_313' title='bbox 489 1493 576 1520; x_wconf 82' lang='lat' dir='ltr'><strong>honor</strong></span> <span class='ocrx_word' id='word_1_314' title='bbox 601 1493 682 1528; x_wconf 85' lang='lat' dir='ltr'><strong>ejus,</strong></span> <span class='ocrx_word' id='word_1_315' title='bbox 707 1493 754 1521; x_wconf 88' lang='lat' dir='ltr'><strong>sed</strong></span> <span class='ocrx_word' id='word_1_316' title='bbox 782 1494 960 1521; x_wconf 87' lang='lat' dir='ltr'><strong>ministerium</strong></span> <span class='ocrx_word' id='word_1_317' title='bbox 987 1495 1055 1529; x_wconf 83' lang='lat' dir='ltr'><strong>ejus.</strong></span> 
     </span>
    </p>
   </div>
   <div class='ocr_carea' id='block_1_41' title="bbox 262 1529 1058 1563">
    <p class='ocr_par' dir='ltr' id='par_1_41' title="bbox 262 1529 1058 1563">
     <span class='ocr_line' id='line_1_41' title="bbox 262 1529 1058 1563; baseline -0.003 -5"><span class='ocrx_word' id='word_1_318' title='bbox 262 1530 343 1558; x_wconf 67' lang='lat' dir='ltr'><strong>Unde</strong></span> <span class='ocrx_word' id='word_1_319' title='bbox 365 1530 460 1557; x_wconf 83' lang='lat' dir='ltr'><strong>Paulus</strong></span> <span class='ocrx_word' id='word_1_320' title='bbox 483 1529 517 1556; x_wconf 88' lang='lat' dir='ltr'><strong>de</strong></span> <span class='ocrx_word' id='word_1_321' title='bbox 544 1529 696 1563; x_wconf 81' lang='lat' dir='ltr'><strong>apostolatu</strong></span> <span class='ocrx_word' id='word_1_322' title='bbox 718 1536 767 1556; x_wconf 81' lang='lat' dir='ltr'><strong>suo</strong></span> <span class='ocrx_word' id='word_1_323' title='bbox 792 1529 918 1557; x_wconf 87' lang='lat' dir='ltr'><strong>diccbat:</strong></span> <span class='ocrx_word' id='word_1_324' title='bbox 941 1529 1010 1556; x_wconf 87' lang='lat' dir='ltr'><strong>Nam</strong></span> <span class='ocrx_word' id='word_1_325' title='bbox 1036 1531 1058 1557; x_wconf 75' lang='lat' dir='ltr'><strong>si</strong></span> 
     </span>
    </p>
   </div>
   <div class='ocr_carea' id='block_1_42' title="bbox 264 1565 1058 1601">
    <p class='ocr_par' dir='ltr' id='par_1_42' title="bbox 264 1565 1058 1601">
     <span class='ocr_line' id='line_1_42' title="bbox 264 1565 1058 1601; baseline -0.001 -8"><span class='ocrx_word' id='word_1_326' title='bbox 264 1566 442 1601; x_wconf 60' lang='lat' dir='ltr'><strong>evangelium,</strong></span> <span class='ocrx_word' id='word_1_327' title='bbox 465 1569 564 1601; x_wconf 17' lang='lat' dir='ltr'><strong>nonres!</strong></span> <span class='ocrx_word' id='word_1_328' title='bbox 575 1565 635 1591; x_wconf 85' lang='lat' dir='ltr'><strong>mihi</strong></span> <span class='ocrx_word' id='word_1_329' title='bbox 645 1565 727 1600; x_wconf 80' lang='lat' dir='ltr'><strong>gloria</strong></span> <span class='ocrx_word' id='word_1_330' title='bbox 740 1573 749 1592; x_wconf 89' lang='lat'><em>:</em></span> <span class='ocrx_word' id='word_1_331' title='bbox 762 1565 896 1592; x_wconf 54' lang='lat' dir='ltr'><strong>auctoritas</strong></span> <span class='ocrx_word' id='word_1_332' title='bbox 913 1566 978 1592; x_wconf 85' lang='lat' dir='ltr'><strong>enim</strong></span> <span class='ocrx_word' id='word_1_333' title='bbox 995 1566 1058 1593; x_wconf 83' lang='lat' dir='ltr'><strong>nti/ti</strong></span> 
     </span>
    </p>
   </div>
   <div class='ocr_carea' id='block_1_43' title="bbox 262 1600 1054 1636">
    <p class='ocr_par' dir='ltr' id='par_1_43' title="bbox 262 1600 1054 1636">
     <span class='ocr_line' id='line_1_43' title="bbox 262 1600 1054 1636; baseline -0.001 -7"><span class='ocrx_word' id='word_1_334' title='bbox 262 1600 385 1629; x_wconf 62' lang='lat' dir='ltr'><strong>intumuit</strong></span> <span class='ocrx_word' id='word_1_335' title='bbox 400 1609 409 1627; x_wconf 91' lang='lat'><strong><em>:</em></strong></span> <span class='ocrx_word' id='word_1_336' title='bbox 424 1600 551 1636; x_wconf 18' lang='lat' dir='ltr'><strong>uariatum</strong></span> <span class='ocrx_word' id='word_1_337' title='bbox 575 1600 648 1632; x_wconf 77' lang='lat' dir='ltr'><strong>mihi,</strong></span> <span class='ocrx_word' id='word_1_338' title='bbox 675 1600 759 1636; x_wconf 71' lang='lat' dir='ltr'><strong>sinon</strong></span> <span class='ocrx_word' id='word_1_339' title='bbox 784 1601 985 1636; x_wconf 73' lang='lat' dir='ltr'><strong>evungelimvero</strong></span> <span class='ocrx_word' id='word_1_340' title='bbox 1007 1601 1054 1635; x_wconf 81' lang='grc' dir='ltr'><strong>(Ι.</strong></span> 
     </span>
    </p>
   </div>
   <div class='ocr_carea' id='block_1_44' title="bbox 263 1635 1057 1672">
    <p class='ocr_par' dir='ltr' id='par_1_44' title="bbox 263 1635 1057 1672">
     <span class='ocr_line' id='line_1_44' title="bbox 263 1635 1057 1672; baseline 0 -8"><span class='ocrx_word' id='word_1_341' title='bbox 263 1637 324 1664; x_wconf 80' lang='lat' dir='ltr'><strong>Car.</strong></span> <span class='ocrx_word' id='word_1_342' title='bbox 339 1637 366 1664; x_wconf 80' lang='lat'><strong>9.</strong></span> <span class='ocrx_word' id='word_1_343' title='bbox 383 1635 417 1663; x_wconf 80' lang='grc'><strong>16</strong></span> <span class='ocrx_word' id='word_1_344' title='bbox 427 1635 448 1672; x_wconf 93' lang='grc'><strong>).</strong></span> <span class='ocrx_word' id='word_1_345' title='bbox 464 1635 492 1662; x_wconf 87' lang='lat' dir='ltr'><strong>Si</strong></span> <span class='ocrx_word' id='word_1_346' title='bbox 506 1636 576 1662; x_wconf 89' lang='lat' dir='ltr'><strong>enim</strong></span> <span class='ocrx_word' id='word_1_347' title='bbox 591 1636 686 1662; x_wconf 77' lang='lat' dir='ltr'><strong>volens</strong></span> <span class='ocrx_word' id='word_1_348' title='bbox 699 1635 749 1662; x_wconf 87' lang='lat' dir='ltr'><strong>hoc</strong></span> <span class='ocrx_word' id='word_1_349' title='bbox 761 1643 820 1670; x_wconf 81' lang='lat' dir='ltr'><strong>ago.</strong></span> <span class='ocrx_word' id='word_1_350' title='bbox 838 1635 991 1664; x_wconf 82' lang='lat' dir='ltr'><strong>mercedem</strong></span> <span class='ocrx_word' id='word_1_351' title='bbox 1006 1636 1057 1664; x_wconf 84' lang='lat' dir='ltr'><strong>ha-</strong></span> 
     </span>
    </p>
   </div>
   <div class='ocr_carea' id='block_1_45' title="bbox 266 1671 1055 1705">
    <p class='ocr_par' dir='ltr' id='par_1_45' title="bbox 266 1671 1055 1705">
     <span class='ocr_line' id='line_1_45' title="bbox 266 1671 1055 1705; baseline -0.001 -5"><span class='ocrx_word' id='word_1_352' title='bbox 266 1672 318 1700; x_wconf 85' lang='lat' dir='ltr'><strong>beo</strong></span> <span class='ocrx_word' id='word_1_353' title='bbox 334 1681 340 1698; x_wconf 95' lang='lat'>:</span> <span class='ocrx_word' id='word_1_354' title='bbox 356 1672 378 1699; x_wconf 83' lang='lat' dir='ltr'><strong>si</strong></span> <span class='ocrx_word' id='word_1_355' title='bbox 392 1676 481 1698; x_wconf 87' lang='lat' dir='ltr'><strong>autem</strong></span> <span class='ocrx_word' id='word_1_356' title='bbox 497 1671 610 1704; x_wconf 89' lang='lat' dir='ltr'><strong>invitus,</strong></span> <span class='ocrx_word' id='word_1_357' title='bbox 626 1672 792 1705; x_wconf 74' lang='lat' dir='ltr'><strong>dispensatio</strong></span> <span class='ocrx_word' id='word_1_358' title='bbox 806 1671 870 1698; x_wconf 85' lang='lat' dir='ltr'><strong>mihi</strong></span> <span class='ocrx_word' id='word_1_359' title='bbox 886 1672 988 1698; x_wconf 88' lang='lat' dir='ltr'><strong>credita</strong></span> <span class='ocrx_word' id='word_1_360' title='bbox 1004 1677 1055 1700; x_wconf 87' lang='lat' dir='ltr'><strong>est.</strong></span> 
     </span>
    </p>
   </div>
   <div class='ocr_carea' id='block_1_46' title="bbox 261 1706 1058 1741">
    <p class='ocr_par' dir='ltr' id='par_1_46' title="bbox 261 1706 1058 1741">
     <span class='ocr_line' id='line_1_46' title="bbox 261 1706 1058 1741; baseline -0.003 -5"><span class='ocrx_word' id='word_1_361' title='bbox 261 1708 392 1736; x_wconf 80' lang='lat' dir='ltr'><strong>Similiter</strong></span> <span class='ocrx_word' id='word_1_362' title='bbox 408 1711 435 1734; x_wconf 89' lang='lat' dir='ltr'><strong>et</strong></span> <span class='ocrx_word' id='word_1_363' title='bbox 448 1707 605 1734; x_wconf 88' lang='lat' dir='ltr'><strong>diaconatus</strong></span> <span class='ocrx_word' id='word_1_364' title='bbox 617 1706 722 1733; x_wconf 88' lang='lat' dir='ltr'><strong>diaconi</strong></span> <span class='ocrx_word' id='word_1_365' title='bbox 735 1707 972 1741; x_wconf 84' lang='lat' dir='ltr'><strong>contemptibilitas</strong></span> <span class='ocrx_word' id='word_1_366' title='bbox 983 1707 1058 1734; x_wconf 88' lang='lat' dir='ltr'><strong>vide-</strong></span> 
     </span>
    </p>
   </div>
   <div class='ocr_carea' id='block_1_47' title="bbox 263 1743 1056 1777">
    <p class='ocr_par' dir='ltr' id='par_1_47' title="bbox 263 1743 1056 1777">
     <span class='ocr_line' id='line_1_47' title="bbox 263 1743 1056 1777; baseline -0.001 -6"><span class='ocrx_word' id='word_1_367' title='bbox 263 1749 308 1772; x_wconf 82' lang='lat' dir='ltr'><strong>tur</strong></span> <span class='ocrx_word' id='word_1_368' title='bbox 326 1751 342 1770; x_wconf 92' lang='lat' dir='ltr'><strong>a</strong></span> <span class='ocrx_word' id='word_1_369' title='bbox 365 1743 452 1775; x_wconf 87' lang='lat' dir='ltr'><strong>nobis,</strong></span> <span class='ocrx_word' id='word_1_370' title='bbox 474 1750 538 1769; x_wconf 86' lang='lat' dir='ltr'><strong>vero</strong></span> <span class='ocrx_word' id='word_1_371' title='bbox 563 1747 651 1769; x_wconf 86' lang='lat' dir='ltr'><strong>autem</strong></span> <span class='ocrx_word' id='word_1_372' title='bbox 678 1750 731 1769; x_wconf 86' lang='lat' dir='ltr'><strong>Ilotl</strong></span> <span class='ocrx_word' id='word_1_373' title='bbox 756 1746 798 1769; x_wconf 81' lang='lat' dir='ltr'><strong>est.</strong></span> <span class='ocrx_word' id='word_1_374' title='bbox 820 1743 1056 1777; x_wconf 82' lang='lat' dir='ltr'><strong>contentptibilitas</strong></span> 
     </span>
    </p>
   </div>
   <div class='ocr_carea' id='block_1_48' title="bbox 262 1777 1055 1814">
    <p class='ocr_par' dir='ltr' id='par_1_48' title="bbox 262 1777 1055 1814">
     <span class='ocr_line' id='line_1_48' title="bbox 262 1777 1055 1814; baseline -0.001 -8"><span class='ocrx_word' id='word_1_375' title='bbox 262 1780 332 1814; x_wconf 84' lang='lat' dir='ltr'><strong>ejus,</strong></span> <span class='ocrx_word' id='word_1_376' title='bbox 355 1778 401 1806; x_wconf 88' lang='lat' dir='ltr'><strong>sed</strong></span> <span class='ocrx_word' id='word_1_377' title='bbox 416 1783 491 1814; x_wconf 81' lang='lat' dir='ltr'><strong>actus</strong></span> <span class='ocrx_word' id='word_1_378' title='bbox 510 1777 607 1814; x_wconf 84' lang='lat' dir='ltr'><strong>ipsius.</strong></span> <span class='ocrx_word' id='word_1_379' title='bbox 624 1777 736 1814; x_wconf 80' lang='lat' dir='ltr'><strong>Propter</strong></span> <span class='ocrx_word' id='word_1_380' title='bbox 749 1777 819 1812; x_wconf 89' lang='lat' dir='ltr'><strong>quod</strong></span> <span class='ocrx_word' id='word_1_381' title='bbox 834 1779 903 1805; x_wconf 85' lang='lat' dir='ltr'><strong>Deus</strong></span> <span class='ocrx_word' id='word_1_382' title='bbox 918 1786 968 1805; x_wconf 88' lang='lat' dir='ltr'><strong>nec</strong></span> <span class='ocrx_word' id='word_1_383' title='bbox 988 1787 1055 1813; x_wconf 85' lang='lat' dir='ltr'><strong>apo-</strong></span> 
     </span>
    </p>
   </div>
   <div class='ocr_carea' id='block_1_49' title="bbox 263 1813 1056 1848">
    <p class='ocr_par' dir='ltr' id='par_1_49' title="bbox 263 1813 1056 1848">
     <span class='ocr_line' id='line_1_49' title="bbox 263 1813 1056 1848; baseline -0.001 -6"><span class='ocrx_word' id='word_1_384' title='bbox 263 1813 360 1842; x_wconf 79' lang='lat' dir='ltr'><strong>stolum</strong></span> <span class='ocrx_word' id='word_1_385' title='bbox 373 1813 487 1848; x_wconf 81' lang='lat' dir='ltr'><strong>amplius</strong></span> <span class='ocrx_word' id='word_1_386' title='bbox 501 1813 596 1847; x_wconf 80' lang='lat' dir='ltr'><strong>diligit,</strong></span> <span class='ocrx_word' id='word_1_387' title='bbox 613 1820 693 1847; x_wconf 89' lang='lat' dir='ltr'><strong>qum</strong></span> <span class='ocrx_word' id='word_1_388' title='bbox 706 1813 859 1845; x_wconf 84' lang='lat' dir='ltr'><strong>diaconum,</strong></span> <span class='ocrx_word' id='word_1_389' title='bbox 874 1814 936 1848; x_wconf 86' lang='lat' dir='ltr'><strong>quia</strong></span> <span class='ocrx_word' id='word_1_390' title='bbox 947 1819 1056 1848; x_wconf 83' lang='lat' dir='ltr'><strong>aposto-</strong></span> 
     </span>
    </p>
   </div>
   <div class='ocr_carea' id='block_1_50' title="bbox 263 1848 1052 1884">
    <p class='ocr_par' dir='ltr' id='par_1_50' title="bbox 263 1848 1052 1884">
     <span class='ocr_line' id='line_1_50' title="bbox 263 1848 1052 1884; baseline 0 -7"><span class='ocrx_word' id='word_1_391' title='bbox 263 1850 305 1877; x_wconf 86' lang='lat' dir='ltr'><strong>lus</strong></span> <span class='ocrx_word' id='word_1_392' title='bbox 317 1854 368 1880; x_wconf 87' lang='lat' dir='ltr'><strong>est,</strong></span> <span class='ocrx_word' id='word_1_393' title='bbox 384 1856 433 1875; x_wconf 85' lang='lat' dir='ltr'><strong>nec</strong></span> <span class='ocrx_word' id='word_1_394' title='bbox 446 1848 597 1884; x_wconf 83' lang='lat' dir='ltr'><strong>diaconum,</strong></span> <span class='ocrx_word' id='word_1_395' title='bbox 613 1849 699 1875; x_wconf 76' lang='lat' dir='ltr'><strong>minus</strong></span> <span class='ocrx_word' id='word_1_396' title='bbox 713 1856 792 1883; x_wconf 88' lang='lat' dir='ltr'><strong>quam</strong></span> <span class='ocrx_word' id='word_1_397' title='bbox 803 1849 956 1883; x_wconf 76' lang='lat' dir='ltr'><strong>apostolum</strong></span> <span class='ocrx_word' id='word_1_398' title='bbox 966 1869 974 1880; x_wconf 81' lang='lat'><em>.</em></span> <span class='ocrx_word' id='word_1_399' title='bbox 989 1850 1052 1884; x_wconf 83' lang='lat' dir='ltr'><strong>quia</strong></span> 
     </span>
    </p>
   </div>
   <div class='ocr_carea' id='block_1_51' title="bbox 507 1883 1055 1918">
    <p class='ocr_par' dir='ltr' id='par_1_51' title="bbox 507 1883 1055 1918">
     <span class='ocr_line' id='line_1_51' title="bbox 507 1883 1055 1918; baseline 0.005 -9"><span class='ocrx_word' id='word_1_400' title='bbox 507 1883 569 1917; x_wconf 87' lang='lat' dir='ltr'><strong>quia</strong></span> <span class='ocrx_word' id='word_1_401' title='bbox 583 1890 633 1910; x_wconf 90' lang='lat' dir='ltr'><strong>nec</strong></span> <span class='ocrx_word' id='word_1_402' title='bbox 659 1884 795 1918; x_wconf 84' lang='lat' dir='ltr'><strong>apostolus</strong></span> <span class='ocrx_word' id='word_1_403' title='bbox 821 1891 868 1917; x_wconf 83' lang='lat' dir='ltr'><strong>pI‘O</strong></span> <span class='ocrx_word' id='word_1_404' title='bbox 887 1885 983 1911; x_wconf 91' lang='lat' dir='ltr'><strong>tnerito</strong></span> <span class='ocrx_word' id='word_1_405' title='bbox 999 1883 1055 1912; x_wconf 31' lang='lat' dir='ltr'><strong>’suo</strong></span> 
     </span>
    </p>
   </div>
   <div class='ocr_carea' id='block_1_52' title="bbox 263 1918 1055 1953">
    <p class='ocr_par' dir='ltr' id='par_1_52' title="bbox 263 1918 1055 1953">
     <span class='ocr_line' id='line_1_52' title="bbox 263 1918 1055 1953; baseline 0 -6"><span class='ocrx_word' id='word_1_406' title='bbox 263 1919 432 1948; x_wconf 84' lang='lat' dir='ltr'><strong>antecedenti</strong></span> <span class='ocrx_word' id='word_1_407' title='bbox 451 1918 595 1945; x_wconf 89' lang='lat' dir='ltr'><strong>honoratus</strong></span> <span class='ocrx_word' id='word_1_408' title='bbox 610 1923 660 1950; x_wconf 88' lang='lat' dir='ltr'><strong>est,</strong></span> <span class='ocrx_word' id='word_1_409' title='bbox 675 1923 704 1945; x_wconf 90' lang='lat' dir='ltr'><strong>ut</strong></span> <span class='ocrx_word' id='word_1_410' title='bbox 715 1924 786 1946; x_wconf 75' lang='lat' dir='ltr'><strong>esset</strong></span> <span class='ocrx_word' id='word_1_411' title='bbox 800 1919 948 1953; x_wconf 78' lang='lat' dir='ltr'><strong>apostolus,</strong></span> <span class='ocrx_word' id='word_1_412' title='bbox 960 1920 1008 1947; x_wconf 87' lang='lat' dir='ltr'><strong>sed</strong></span> <span class='ocrx_word' id='word_1_413' title='bbox 1021 1921 1055 1948; x_wconf 91' lang='lat' dir='ltr'><strong>ad</strong></span> 
     </span>
    </p>
   </div>
   <div class='ocr_carea' id='block_1_53' title="bbox 263 1952 1054 1989">
    <p class='ocr_par' dir='ltr' id='par_1_53' title="bbox 263 1952 1054 1989">
     <span class='ocr_line' id='line_1_53' title="bbox 263 1952 1054 1989; baseline 0 -6"><span class='ocrx_word' id='word_1_414' title='bbox 263 1957 315 1984; x_wconf 89' lang='lat' dir='ltr'><strong>ltoe</strong></span> <span class='ocrx_word' id='word_1_415' title='bbox 329 1954 504 1982; x_wconf 85' lang='lat' dir='ltr'><strong>ministerium</strong></span> <span class='ocrx_word' id='word_1_416' title='bbox 515 1959 593 1988; x_wconf 87' lang='lat' dir='ltr'><strong>aptus</strong></span> <span class='ocrx_word' id='word_1_417' title='bbox 601 1958 641 1980; x_wconf 84' lang='lat' dir='ltr'><strong>est</strong></span> <span class='ocrx_word' id='word_1_418' title='bbox 651 1952 784 1989; x_wconf 81' lang='lat' dir='ltr'><strong>judicatus</strong></span> <span class='ocrx_word' id='word_1_419' title='bbox 795 1952 939 1981; x_wconf 79' lang='lat' dir='ltr'><strong>secundum</strong></span> <span class='ocrx_word' id='word_1_420' title='bbox 953 1961 1054 1983; x_wconf 92' lang='lat' dir='ltr'><strong>motum</strong></span> 
     </span>
    </p>
   </div>
   <div class='ocr_carea' id='block_1_54' title="bbox 261 1988 1054 2025">
    <p class='ocr_par' dir='ltr' id='par_1_54' title="bbox 261 1988 1054 2025">
     <span class='ocr_line' id='line_1_54' title="bbox 261 1988 1054 2025; baseline 0 -7"><span class='ocrx_word' id='word_1_421' title='bbox 261 1992 359 2019; x_wconf 75' lang='lat' dir='ltr'><strong>anima:</strong></span> <span class='ocrx_word' id='word_1_422' title='bbox 373 1998 438 2018; x_wconf 70' lang='lat' dir='ltr'><strong>sum.</strong></span> <span class='ocrx_word' id='word_1_423' title='bbox 455 1989 492 2025; x_wconf 85' lang='grc' dir='ltr'><strong>(α)</strong></span> <span class='ocrx_word' id='word_1_424' title='bbox 509 1988 574 2025; x_wconf 82' lang='lat' dir='ltr'><strong>[Nec</strong></span> <span class='ocrx_word' id='word_1_425' title='bbox 595 1989 723 2016; x_wconf 80' lang='lat' dir='ltr'><strong>diaconus</strong></span> <span class='ocrx_word' id='word_1_426' title='bbox 739 1997 786 2024; x_wconf 88' lang='lat' dir='ltr'><strong>pro</strong></span> <span class='ocrx_word' id='word_1_427' title='bbox 806 1991 902 2017; x_wconf 91' lang='lat' dir='ltr'><strong>merito</strong></span> <span class='ocrx_word' id='word_1_428' title='bbox 917 1997 967 2017; x_wconf 87' lang='lat' dir='ltr'><strong>suo</strong></span> <span class='ocrx_word' id='word_1_429' title='bbox 977 1996 1054 2018; x_wconf 88' lang='lat' dir='ltr'><strong>antc-</strong></span> 
     </span>
    </p>
   </div>
   <div class='ocr_carea' id='block_1_55' title="bbox 262 2025 1056 2061">
    <p class='ocr_par' dir='ltr' id='par_1_55' title="bbox 262 2025 1056 2061">
     <span class='ocr_line' id='line_1_55' title="bbox 262 2025 1056 2061; baseline -0.001 -7"><span class='ocrx_word' id='word_1_430' title='bbox 262 2027 367 2055; x_wconf 84' lang='lat' dir='ltr'><strong>cedettti</strong></span> <span class='ocrx_word' id='word_1_431' title='bbox 380 2030 549 2059; x_wconf 86' lang='lat' dir='ltr'><strong>contemptus</strong></span> <span class='ocrx_word' id='word_1_432' title='bbox 564 2029 643 2061; x_wconf 85' lang='lat' dir='ltr'><strong>estut</strong></span> <span class='ocrx_word' id='word_1_433' title='bbox 657 2029 728 2061; x_wconf 82' lang='lat' dir='ltr'><strong>esset</strong></span> <span class='ocrx_word' id='word_1_434' title='bbox 742 2025 879 2061; x_wconf 80' lang='lat' dir='ltr'><strong>diaconus.</strong></span> <span class='ocrx_word' id='word_1_435' title='bbox 895 2025 942 2053; x_wconf 84' lang='lat' dir='ltr'><strong>sed</strong></span> <span class='ocrx_word' id='word_1_436' title='bbox 955 2026 987 2053; x_wconf 90' lang='lat' dir='ltr'><strong>ad</strong></span> <span class='ocrx_word' id='word_1_437' title='bbox 1004 2027 1056 2055; x_wconf 90' lang='lat' dir='ltr'><strong>hoc</strong></span> 
     </span>
    </p>
   </div>
   <div class='ocr_carea' id='block_1_56' title="bbox 262 2060 1054 2095">
    <p class='ocr_par' dir='ltr' id='par_1_56' title="bbox 262 2060 1054 2095">
     <span class='ocr_line' id='line_1_56' title="bbox 262 2060 1054 2095; baseline -0.001 -5"><span class='ocrx_word' id='word_1_438' title='bbox 262 2062 439 2090; x_wconf 90' lang='lat' dir='ltr'><strong>ministerium</strong></span> <span class='ocrx_word' id='word_1_439' title='bbox 461 2065 538 2095; x_wconf 88' lang='lat' dir='ltr'><strong>aptus</strong></span> <span class='ocrx_word' id='word_1_440' title='bbox 563 2065 604 2088; x_wconf 90' lang='lat' dir='ltr'><strong>est</strong></span> <span class='ocrx_word' id='word_1_441' title='bbox 621 2060 754 2095; x_wconf 86' lang='lat' dir='ltr'><strong>judicatus</strong></span> <span class='ocrx_word' id='word_1_442' title='bbox 779 2060 925 2088; x_wconf 84' lang='lat' dir='ltr'><strong>secundum</strong></span> <span class='ocrx_word' id='word_1_443' title='bbox 953 2067 1054 2090; x_wconf 87' lang='lat' dir='ltr'><strong>motum</strong></span> 
     </span>
    </p>
   </div>
   <div class='ocr_carea' id='block_1_57' title="bbox 259 2095 1054 2132">
    <p class='ocr_par' dir='ltr' id='par_1_57' title="bbox 259 2095 1054 2132">
     <span class='ocr_line' id='line_1_57' title="bbox 259 2095 1054 2132; baseline -0.001 -6"><span class='ocrx_word' id='word_1_444' title='bbox 259 2099 357 2127; x_wconf 63' lang='lat' dir='ltr'><strong>animae</strong></span> <span class='ocrx_word' id='word_1_445' title='bbox 377 2095 462 2132; x_wconf 54' lang='grc' dir='ltr'>ωειλ]</span> <span class='ocrx_word' id='word_1_446' title='bbox 485 2096 598 2131; x_wconf 84' lang='lat' dir='ltr'><strong>Propter</strong></span> <span class='ocrx_word' id='word_1_447' title='bbox 633 2096 702 2130; x_wconf 88' lang='lat' dir='ltr'><strong>quod</strong></span> <span class='ocrx_word' id='word_1_448' title='bbox 725 2103 811 2131; x_wconf 82' lang='lat' dir='ltr'><strong>neque</strong></span> <span class='ocrx_word' id='word_1_449' title='bbox 834 2097 971 2132; x_wconf 89' lang='lat' dir='ltr'><strong>apostolus</strong></span> <span class='ocrx_word' id='word_1_450' title='bbox 995 2098 1054 2125; x_wconf 90' lang='lat' dir='ltr'><strong>lau-</strong></span> 
     </span>
    </p>
   </div>
   <div class='ocr_carea' id='block_1_58' title="bbox 259 2131 1054 2167">
    <p class='ocr_par' dir='ltr' id='par_1_58' title="bbox 259 2131 1054 2167">
     <span class='ocr_line' id='line_1_58' title="bbox 259 2131 1054 2167; baseline -0.001 -5"><span class='ocrx_word' id='word_1_451' title='bbox 259 2135 322 2162; x_wconf 79' lang='lat' dir='ltr'><strong>dent</strong></span> <span class='ocrx_word' id='word_1_452' title='bbox 348 2131 539 2166; x_wconf 33' lang='lat' dir='ltr'><strong>ltabebit’apud</strong></span> <span class='ocrx_word' id='word_1_453' title='bbox 565 2132 660 2164; x_wconf 88' lang='lat' dir='ltr'><strong>Deum,</strong></span> <span class='ocrx_word' id='word_1_454' title='bbox 682 2131 744 2167; x_wconf 88' lang='lat' dir='ltr'><strong>quia</strong></span> <span class='ocrx_word' id='word_1_455' title='bbox 768 2133 904 2166; x_wconf 73' lang='lat' dir='ltr'><strong>apostolus</strong></span> <span class='ocrx_word' id='word_1_456' title='bbox 928 2133 986 2165; x_wconf 79' lang='lat' dir='ltr'><strong>fuit,</strong></span> <span class='ocrx_word' id='word_1_457' title='bbox 1006 2133 1054 2161; x_wconf 89' lang='lat' dir='ltr'><strong>sed</strong></span> 
     </span>
    </p>
   </div>
   <div class='ocr_carea' id='block_1_59' title="bbox 261 2167 1055 2204">
    <p class='ocr_par' dir='ltr' id='par_1_59' title="bbox 261 2167 1055 2204">
     <span class='ocr_line' id='line_1_59' title="bbox 261 2167 1055 2204; baseline -0.001 -7"><span class='ocrx_word' id='word_1_458' title='bbox 261 2170 285 2198; x_wconf 86' lang='lat' dir='ltr'><strong>si</strong></span> <span class='ocrx_word' id='word_1_459' title='bbox 297 2176 365 2204; x_wconf 85' lang='lat' dir='ltr'><strong>opus</strong></span> <span class='ocrx_word' id='word_1_460' title='bbox 373 2167 538 2204; x_wconf 78' lang='lat' dir='ltr'><strong>apostolatus</strong></span> <span class='ocrx_word' id='word_1_461' title='bbox 546 2167 586 2194; x_wconf 85' lang='lat' dir='ltr'><strong>sui</strong></span> <span class='ocrx_word' id='word_1_462' title='bbox 599 2167 814 2204; x_wconf 18' lang='lat' dir='ltr'><strong>bettcrimpleviti:</strong></span> <span class='ocrx_word' id='word_1_463' title='bbox 830 2175 916 2202; x_wconf 85' lang='lat' dir='ltr'><strong>neque</strong></span> <span class='ocrx_word' id='word_1_464' title='bbox 926 2169 1055 2196; x_wconf 86' lang='lat' dir='ltr'><strong>diaconus</strong></span> 
     </span>
    </p>
   </div>
   <div class='ocr_carea' id='block_1_60' title="bbox 260 2202 1055 2240">
    <p class='ocr_par' dir='ltr' id='par_1_60' title="bbox 260 2202 1055 2240">
     <span class='ocr_line' id='line_1_60' title="bbox 260 2202 1055 2240; baseline -0.001 -7"><span class='ocrx_word' id='word_1_465' title='bbox 260 2202 462 2240; x_wconf 77' lang='lat' dir='ltr'><strong>exprobrandus</strong></span> <span class='ocrx_word' id='word_1_466' title='bbox 483 2207 534 2240; x_wconf 72' lang='lat' dir='ltr'><strong>est,</strong></span> <span class='ocrx_word' id='word_1_467' title='bbox 563 2202 625 2240; x_wconf 87' lang='lat' dir='ltr'><strong>quia</strong></span> <span class='ocrx_word' id='word_1_468' title='bbox 649 2202 776 2240; x_wconf 70' lang='lat' dir='ltr'><strong>diaconus</strong></span> <span class='ocrx_word' id='word_1_469' title='bbox 796 2203 862 2240; x_wconf 72' lang='lat' dir='ltr'><strong>init,</strong></span> <span class='ocrx_word' id='word_1_470' title='bbox 877 2204 924 2230; x_wconf 84' lang='lat' dir='ltr'><strong>sed</strong></span> <span class='ocrx_word' id='word_1_471' title='bbox 943 2205 965 2231; x_wconf 92' lang='lat' dir='ltr'><strong>si</strong></span> <span class='ocrx_word' id='word_1_472' title='bbox 987 2212 1055 2239; x_wconf 91' lang='lat' dir='ltr'><strong>opus</strong></span> 
     </span>
    </p>
   </div>
   <div class='ocr_carea' id='block_1_61' title="bbox 261 2237 1052 2274">
    <p class='ocr_par' dir='ltr' id='par_1_61' title="bbox 261 2237 1052 2274">
     <span class='ocr_line' id='line_1_61' title="bbox 261 2237 1052 2274; baseline -0.001 -6"><span class='ocrx_word' id='word_1_473' title='bbox 261 2237 340 2268; x_wconf 82' lang='lat' dir='ltr'><strong>suum</strong></span> <span class='ocrx_word' id='word_1_474' title='bbox 354 2238 483 2274; x_wconf 73' lang='lat' dir='ltr'><strong>neglexit.</strong></span> <span class='ocrx_word' id='word_1_475' title='bbox 499 2237 526 2264; x_wconf 86' lang='lat' dir='ltr'><strong>In</strong></span> <span class='ocrx_word' id='word_1_476' title='bbox 541 2239 614 2274; x_wconf 81' lang='lat' dir='ltr'><strong>nullo</strong></span> <span class='ocrx_word' id='word_1_477' title='bbox 627 2245 691 2273; x_wconf 74' lang='lat' dir='ltr'><strong>ergo</strong></span> <span class='ocrx_word' id='word_1_478' title='bbox 707 2238 822 2265; x_wconf 90' lang='lat' dir='ltr'><strong>hominis</strong></span> <span class='ocrx_word' id='word_1_479' title='bbox 832 2245 874 2266; x_wconf 88' lang='lat' dir='ltr'><strong>est</strong></span> <span class='ocrx_word' id='word_1_480' title='bbox 887 2240 982 2273; x_wconf 88' lang='lat' dir='ltr'><strong>honor,</strong></span> <span class='ocrx_word' id='word_1_481' title='bbox 1000 2237 1052 2267; x_wconf 83' lang='lat' dir='ltr'><strong>nisi</strong></span> 
     </span>
    </p>
   </div>
   <div class='ocr_carea' id='block_1_62' title="bbox 263 2273 1054 2312">
    <p class='ocr_par' dir='ltr' id='par_1_62' title="bbox 263 2273 1054 2312">
     <span class='ocr_line' id='line_1_62' title="bbox 263 2273 1054 2312; baseline -0.001 -9"><span class='ocrx_word' id='word_1_482' title='bbox 263 2277 289 2304; x_wconf 91' lang='lat' dir='ltr'><strong>itt</strong></span> <span class='ocrx_word' id='word_1_483' title='bbox 305 2284 360 2312; x_wconf 87' lang='lat' dir='ltr'><strong>quo</strong></span> <span class='ocrx_word' id='word_1_484' title='bbox 372 2273 441 2302; x_wconf 76' lang='lat' dir='ltr'><strong>bene</strong></span> <span class='ocrx_word' id='word_1_485' title='bbox 460 2273 579 2312; x_wconf 82' lang='lat' dir='ltr'><strong>implevit</strong></span> <span class='ocrx_word' id='word_1_486' title='bbox 600 2281 667 2308; x_wconf 90' lang='lat' dir='ltr'><strong>optts</strong></span> <span class='ocrx_word' id='word_1_487' title='bbox 687 2280 764 2312; x_wconf 83' lang='lat' dir='ltr'><strong>suum</strong></span> <span class='ocrx_word' id='word_1_488' title='bbox 776 2283 787 2312; x_wconf 57' lang='grc' dir='ltr'><strong>Δτ</strong></span> <span class='ocrx_word' id='word_1_489' title='bbox 801 2279 828 2301; x_wconf 94' lang='lat' dir='ltr'><strong>ct</strong></span> <span class='ocrx_word' id='word_1_490' title='bbox 842 2275 912 2312; x_wconf 82' lang='lat' dir='ltr'><strong>nulla</strong></span> <span class='ocrx_word' id='word_1_491' title='bbox 934 2281 1054 2302; x_wconf 83' lang='lat' dir='ltr'><strong>eontem-</strong></span> 
     </span>
    </p>
   </div>
   <div class='ocr_carea' id='block_1_63' title="bbox 261 2309 1052 2346">
    <p class='ocr_par' dir='ltr' id='par_1_63' title="bbox 261 2309 1052 2346">
     <span class='ocr_line' id='line_1_63' title="bbox 261 2309 1052 2346; baseline 0 -8"><span class='ocrx_word' id='word_1_492' title='bbox 261 2309 321 2346; x_wconf 55' lang='lat' dir='ltr'><strong>ptio&#39;</strong></span> <span class='ocrx_word' id='word_1_493' title='bbox 338 2311 397 2346; x_wconf 92' lang='lat' dir='ltr'><strong>ejus</strong></span> <span class='ocrx_word' id='word_1_494' title='bbox 411 2313 472 2343; x_wconf 76' lang='lat' dir='ltr'><strong>est,</strong></span> <span class='ocrx_word' id='word_1_495' title='bbox 487 2309 539 2346; x_wconf 72' lang='lat' dir='ltr'><strong>nisi</strong></span> <span class='ocrx_word' id='word_1_496' title='bbox 562 2309 588 2335; x_wconf 95' lang='lat' dir='ltr'><strong>in</strong></span> <span class='ocrx_word' id='word_1_497' title='bbox 611 2317 663 2343; x_wconf 90' lang='lat' dir='ltr'><strong>qtto</strong></span> <span class='ocrx_word' id='word_1_498' title='bbox 679 2309 794 2346; x_wconf 78' lang='lat' dir='ltr'><strong>neglexit</strong></span> <span class='ocrx_word' id='word_1_499' title='bbox 817 2311 951 2344; x_wconf 89' lang='lat' dir='ltr'><strong>proprium</strong></span> <span class='ocrx_word' id='word_1_500' title='bbox 974 2319 1052 2345; x_wconf 89' lang='lat' dir='ltr'><strong>opus.</strong></span> 
     </span>
    </p>
   </div>
   <div class='ocr_carea' id='block_1_64' title="bbox 263 2345 1055 2380">
    <p class='ocr_par' dir='ltr' id='par_1_64' title="bbox 263 2345 1055 2380">
     <span class='ocr_line' id='line_1_64' title="bbox 263 2345 1055 2380; baseline -0.003 -5"><span class='ocrx_word' id='word_1_501' title='bbox 263 2345 340 2375; x_wconf 78' lang='lat' dir='ltr'><strong>Unde</strong></span> <span class='ocrx_word' id='word_1_502' title='bbox 354 2345 423 2374; x_wconf 66' lang='lat' dir='ltr'><strong>Sicut</strong></span> <span class='ocrx_word' id='word_1_503' title='bbox 446 2352 492 2380; x_wconf 88' lang='lat' dir='ltr'><strong>pes</strong></span> <span class='ocrx_word' id='word_1_504' title='bbox 505 2345 618 2372; x_wconf 87' lang='lat' dir='ltr'><strong>libenter</strong></span> <span class='ocrx_word' id='word_1_505' title='bbox 631 2345 714 2371; x_wconf 87' lang='lat' dir='ltr'><strong>servit</strong></span> <span class='ocrx_word' id='word_1_506' title='bbox 725 2345 805 2372; x_wconf 89' lang='lat' dir='ltr'><strong>oculo</strong></span> <span class='ocrx_word' id='word_1_507' title='bbox 818 2366 826 2378; x_wconf 94' lang='lat'><strong>,</strong></span> <span class='ocrx_word' id='word_1_508' title='bbox 843 2346 919 2380; x_wconf 87' lang='lat' dir='ltr'><strong>quasi</strong></span> <span class='ocrx_word' id='word_1_509' title='bbox 935 2346 983 2373; x_wconf 91' lang='lat' dir='ltr'><strong>sibi</strong></span> <span class='ocrx_word' id='word_1_510' title='bbox 996 2355 1055 2374; x_wconf 86' lang='lat' dir='ltr'><strong>ser-</strong></span> 
     </span>
    </p>
   </div>
   <div class='ocr_carea' id='block_1_65' title="bbox 262 2379 1055 2415">
    <p class='ocr_par' dir='ltr' id='par_1_65' title="bbox 262 2379 1055 2415">
     <span class='ocr_line' id='line_1_65' title="bbox 262 2379 1055 2415; baseline 0 -6"><span class='ocrx_word' id='word_1_511' title='bbox 262 2382 355 2414; x_wconf 87' lang='lat' dir='ltr'><strong>vienti,</strong></span> <span class='ocrx_word' id='word_1_512' title='bbox 372 2379 460 2409; x_wconf 86' lang='lat' dir='ltr'><strong>sciens</strong></span> <span class='ocrx_word' id='word_1_513' title='bbox 474 2380 535 2415; x_wconf 83' lang='lat' dir='ltr'><strong>quia</strong></span> <span class='ocrx_word' id='word_1_514' title='bbox 554 2379 605 2407; x_wconf 82' lang='lat' dir='ltr'><strong>nisi</strong></span> <span class='ocrx_word' id='word_1_515' title='bbox 619 2381 722 2410; x_wconf 82' lang='lat' dir='ltr'><strong>oculus.</strong></span> <span class='ocrx_word' id='word_1_516' title='bbox 738 2388 788 2407; x_wconf 89' lang='lat' dir='ltr'><strong>suo</strong></span> <span class='ocrx_word' id='word_1_517' title='bbox 811 2379 960 2408; x_wconf 80' lang='lat' dir='ltr'><strong>ministerio</strong></span> <span class='ocrx_word' id='word_1_518' title='bbox 975 2383 1055 2409; x_wconf 80' lang='lat' dir='ltr'><strong>fuerit</strong></span> 
     </span>
    </p>
   </div>
   <div class='ocr_carea' id='block_1_66' title="bbox 264 2416 1054 2451">
    <p class='ocr_par' dir='ltr' id='par_1_66' title="bbox 264 2416 1054 2451">
     <span class='ocr_line' id='line_1_66' title="bbox 264 2416 1054 2451; baseline 0 -7"><span class='ocrx_word' id='word_1_519' title='bbox 264 2425 339 2450; x_wconf 87' lang='lat' dir='ltr'><strong>usus,</strong></span> <span class='ocrx_word' id='word_1_520' title='bbox 356 2424 406 2446; x_wconf 87' lang='lat' dir='ltr'><strong>nec</strong></span> <span class='ocrx_word' id='word_1_521' title='bbox 426 2417 483 2451; x_wconf 91' lang='lat' dir='ltr'><strong>ipse</strong></span> <span class='ocrx_word' id='word_1_522' title='bbox 497 2423 547 2442; x_wconf 85' lang='lat' dir='ltr'><strong>suo</strong></span> <span class='ocrx_word' id='word_1_523' title='bbox 572 2416 668 2449; x_wconf 87' lang='lat' dir='ltr'><strong>poterit</strong></span> <span class='ocrx_word' id='word_1_524' title='bbox 688 2416 724 2442; x_wconf 91' lang='lat' dir='ltr'><strong>uti</strong></span> <span class='ocrx_word' id='word_1_525' title='bbox 755 2425 760 2442; x_wconf 95' lang='lat'>:</span> <span class='ocrx_word' id='word_1_526' title='bbox 780 2421 807 2442; x_wconf 91' lang='lat' dir='ltr'><strong>et</strong></span> <span class='ocrx_word' id='word_1_527' title='bbox 826 2417 918 2444; x_wconf 85' lang='lat' dir='ltr'><strong>oculus</strong></span> <span class='ocrx_word' id='word_1_528' title='bbox 941 2417 1054 2444; x_wconf 75' lang='lat' dir='ltr'><strong>libenter</strong></span> 
     </span>
    </p>
   </div>
   <div class='ocr_carea' id='block_1_67' title="bbox 261 2451 1053 2487">
    <p class='ocr_par' dir='ltr' id='par_1_67' title="bbox 261 2451 1053 2487">
     <span class='ocr_line' id='line_1_67' title="bbox 261 2451 1053 2487; baseline 0.001 -8"><span class='ocrx_word' id='word_1_529' title='bbox 261 2453 343 2479; x_wconf 80' lang='lat' dir='ltr'><strong>servit</strong></span> <span class='ocrx_word' id='word_1_530' title='bbox 357 2452 428 2486; x_wconf 83' lang='lat' dir='ltr'><strong>petii,</strong></span> <span class='ocrx_word' id='word_1_531' title='bbox 443 2451 519 2486; x_wconf 86' lang='lat' dir='ltr'><strong>quasi</strong></span> <span class='ocrx_word' id='word_1_532' title='bbox 531 2451 579 2477; x_wconf 90' lang='lat' dir='ltr'><strong>sibi</strong></span> <span class='ocrx_word' id='word_1_533' title='bbox 595 2451 739 2483; x_wconf 88' lang='lat' dir='ltr'><strong>servienti,</strong></span> <span class='ocrx_word' id='word_1_534' title='bbox 759 2452 846 2478; x_wconf 77' lang='lat' dir='ltr'><strong>sciens</strong></span> <span class='ocrx_word' id='word_1_535' title='bbox 861 2453 923 2486; x_wconf 85' lang='lat' dir='ltr'><strong>quia</strong></span> <span class='ocrx_word' id='word_1_536' title='bbox 938 2452 989 2479; x_wconf 71' lang='lat' dir='ltr'><strong>nisi</strong></span> <span class='ocrx_word' id='word_1_537' title='bbox 1007 2461 1053 2487; x_wconf 87' lang='lat' dir='ltr'><strong>pes</strong></span> 
     </span>
    </p>
   </div>
   <div class='ocr_carea' id='block_1_68' title="bbox 261 2486 1054 2521">
    <p class='ocr_par' dir='ltr' id='par_1_68' title="bbox 261 2486 1054 2521">
     <span class='ocr_line' id='line_1_68' title="bbox 261 2486 1054 2521; baseline 0.001 -7"><span class='ocrx_word' id='word_1_538' title='bbox 261 2496 310 2514; x_wconf 80' lang='lat' dir='ltr'><strong>suo</strong></span> <span class='ocrx_word' id='word_1_539' title='bbox 320 2488 408 2515; x_wconf 79' lang='lat' dir='ltr'><strong>ofﬁcio</strong></span> <span class='ocrx_word' id='word_1_540' title='bbox 419 2487 498 2514; x_wconf 79' lang='lat' dir='ltr'><strong>fuerit</strong></span> <span class='ocrx_word' id='word_1_541' title='bbox 509 2494 582 2519; x_wconf 83' lang='lat' dir='ltr'><strong>usus,</strong></span> <span class='ocrx_word' id='word_1_542' title='bbox 599 2494 649 2514; x_wconf 86' lang='lat' dir='ltr'><strong>nec</strong></span> <span class='ocrx_word' id='word_1_543' title='bbox 664 2486 720 2521; x_wconf 87' lang='lat' dir='ltr'><strong>ipse</strong></span> <span class='ocrx_word' id='word_1_544' title='bbox 734 2494 783 2513; x_wconf 90' lang='lat' dir='ltr'><strong>suo</strong></span> <span class='ocrx_word' id='word_1_545' title='bbox 797 2489 892 2521; x_wconf 88' lang='lat' dir='ltr'><strong>poterit</strong></span> <span class='ocrx_word' id='word_1_546' title='bbox 904 2489 941 2515; x_wconf 91' lang='lat' dir='ltr'><strong>uti</strong></span> <span class='ocrx_word' id='word_1_547' title='bbox 954 2497 960 2515; x_wconf 76' lang='grc' dir='ltr'>ε</span> <span class='ocrx_word' id='word_1_548' title='bbox 976 2486 1014 2515; x_wconf 62' lang='lat' dir='ltr'><strong>sui</strong></span> <span class='ocrx_word' id='word_1_549' title='bbox 1027 2494 1054 2516; x_wconf 90' lang='lat' dir='ltr'><strong>et</strong></span> 
     </span>
    </p>
   </div>
   <div class='ocr_carea' id='block_1_69' title="bbox 262 2521 1054 2557">
    <p class='ocr_par' dir='ltr' id='par_1_69' title="bbox 262 2521 1054 2557">
     <span class='ocr_line' id='line_1_69' title="bbox 262 2521 1054 2557; baseline 0.001 -7"><span class='ocrx_word' id='word_1_550' title='bbox 262 2524 346 2550; x_wconf 86' lang='lat' dir='ltr'><strong>sancti</strong></span> <span class='ocrx_word' id='word_1_551' title='bbox 373 2523 485 2549; x_wconf 89' lang='lat' dir='ltr'><strong>invicem</strong></span> <span class='ocrx_word' id='word_1_552' title='bbox 510 2523 560 2549; x_wconf 87' lang='lat' dir='ltr'><strong>sibi</strong></span> <span class='ocrx_word' id='word_1_553' title='bbox 581 2521 679 2549; x_wconf 88' lang='lat' dir='ltr'><strong>debent</strong></span> <span class='ocrx_word' id='word_1_554' title='bbox 691 2530 750 2549; x_wconf 83' lang='lat' dir='ltr'><strong>esse</strong></span> <span class='ocrx_word' id='word_1_555' title='bbox 768 2524 879 2557; x_wconf 83' lang='lat' dir='ltr'><strong>subjecti</strong></span> <span class='ocrx_word' id='word_1_556' title='bbox 893 2544 900 2554; x_wconf 82' lang='grc'>,</span> <span class='ocrx_word' id='word_1_557' title='bbox 918 2529 946 2550; x_wconf 85' lang='grc' dir='ltr'><strong>ιιι</strong></span> <span class='ocrx_word' id='word_1_558' title='bbox 967 2525 1054 2552; x_wconf 88' lang='lat' dir='ltr'><strong>tninor</strong></span> 
     </span>
    </p>
   </div>
   <div class='ocr_carea' id='block_1_70' title="bbox 262 2557 1051 2592">
    <p class='ocr_par' dir='ltr' id='par_1_70' title="bbox 262 2557 1051 2592">
     <span class='ocr_line' id='line_1_70' title="bbox 262 2557 1051 2592; baseline 0.001 -7"><span class='ocrx_word' id='word_1_559' title='bbox 262 2558 357 2592; x_wconf 89' lang='lat' dir='ltr'><strong>tttajori</strong></span> <span class='ocrx_word' id='word_1_560' title='bbox 370 2566 422 2584; x_wconf 91' lang='lat' dir='ltr'><strong>non</strong></span> <span class='ocrx_word' id='word_1_561' title='bbox 434 2557 561 2590; x_wconf 89' lang='lat' dir='ltr'><strong>invideat,</strong></span> <span class='ocrx_word' id='word_1_562' title='bbox 576 2558 650 2592; x_wconf 85' lang='lat' dir='ltr'><strong>quasi</strong></span> <span class='ocrx_word' id='word_1_563' title='bbox 663 2557 769 2592; x_wconf 80' lang='lat' dir='ltr'><strong>majori,</strong></span> <span class='ocrx_word' id='word_1_564' title='bbox 784 2559 954 2586; x_wconf 74' lang='lat' dir='ltr'><strong>Sedlibcntcr</strong></span> <span class='ocrx_word' id='word_1_565' title='bbox 968 2560 992 2586; x_wconf 85' lang='lat' dir='ltr'><strong>ei</strong></span> <span class='ocrx_word' id='word_1_566' title='bbox 1006 2560 1051 2587; x_wconf 89' lang='lat' dir='ltr'><strong>ob-</strong></span> 
     </span>
    </p>
   </div>
   <div class='ocr_carea' id='block_1_71' title="bbox 261 2593 1054 2629">
    <p class='ocr_par' dir='ltr' id='par_1_71' title="bbox 261 2593 1054 2629">
     <span class='ocr_line' id='line_1_71' title="bbox 261 2593 1054 2629; baseline 0.003 -9"><span class='ocrx_word' id='word_1_567' title='bbox 261 2598 400 2628; x_wconf 80' lang='lat' dir='ltr'><strong>sequatur,</strong></span> <span class='ocrx_word' id='word_1_568' title='bbox 414 2594 488 2628; x_wconf 89' lang='lat' dir='ltr'><strong>qttasi</strong></span> <span class='ocrx_word' id='word_1_569' title='bbox 503 2593 554 2620; x_wconf 87' lang='lat' dir='ltr'><strong>sibi</strong></span> <span class='ocrx_word' id='word_1_570' title='bbox 569 2593 706 2625; x_wconf 86' lang='lat' dir='ltr'><strong>servienti,</strong></span> <span class='ocrx_word' id='word_1_571' title='bbox 726 2593 752 2620; x_wconf 92' lang='lat' dir='ltr'><strong>in</strong></span> <span class='ocrx_word' id='word_1_572' title='bbox 764 2601 797 2621; x_wconf 87' lang='lat' dir='ltr'><strong>eo</strong></span> <span class='ocrx_word' id='word_1_573' title='bbox 812 2602 869 2629; x_wconf 83' lang='lat' dir='ltr'><strong>tpso</strong></span> <span class='ocrx_word' id='word_1_574' title='bbox 884 2595 954 2629; x_wconf 86' lang='lat' dir='ltr'><strong>quod</strong></span> <span class='ocrx_word' id='word_1_575' title='bbox 968 2595 1054 2629; x_wconf 85' lang='lat' dir='ltr'><strong>major</strong></span> 
     </span>
    </p>
   </div>
   <div class='ocr_carea' id='block_1_72' title="bbox 259 2629 1054 2664">
    <p class='ocr_par' dir='ltr' id='par_1_72' title="bbox 259 2629 1054 2664">
     <span class='ocr_line' id='line_1_72' title="bbox 259 2629 1054 2664; baseline 0.001 -8"><span class='ocrx_word' id='word_1_576' title='bbox 259 2633 313 2662; x_wconf 80' lang='lat' dir='ltr'><strong>est,</strong></span> <span class='ocrx_word' id='word_1_577' title='bbox 334 2633 361 2656; x_wconf 89' lang='lat' dir='ltr'><strong>et</strong></span> <span class='ocrx_word' id='word_1_578' title='bbox 381 2629 466 2662; x_wconf 82' lang='lat' dir='ltr'><strong>major</strong></span> <span class='ocrx_word' id='word_1_579' title='bbox 486 2635 538 2654; x_wconf 91' lang='lat' dir='ltr'><strong>non</strong></span> <span class='ocrx_word' id='word_1_580' title='bbox 559 2633 713 2655; x_wconf 84' lang='lat' dir='ltr'><strong>contemnat</strong></span> <span class='ocrx_word' id='word_1_581' title='bbox 728 2629 858 2656; x_wconf 89' lang='lat' dir='ltr'><strong>tttittorem</strong></span> <span class='ocrx_word' id='word_1_582' title='bbox 871 2650 878 2661; x_wconf 88' lang='lat'><strong>,</strong></span> <span class='ocrx_word' id='word_1_583' title='bbox 894 2631 953 2663; x_wconf 86' lang='lat' dir='ltr'><strong>quia</strong></span> <span class='ocrx_word' id='word_1_584' title='bbox 969 2631 1054 2664; x_wconf 85' lang='lat' dir='ltr'><strong>major</strong></span> 
     </span>
    </p>
   </div>
   <div class='ocr_carea' id='block_1_73' title="bbox 262 2663 1049 2699">
    <p class='ocr_par' dir='ltr' id='par_1_73' title="bbox 262 2663 1049 2699">
     <span class='ocr_line' id='line_1_73' title="bbox 262 2663 1049 2699; baseline 0.001 -8"><span class='ocrx_word' id='word_1_585' title='bbox 262 2670 305 2691; x_wconf 80' lang='lat' dir='ltr'><strong>est</strong></span> <span class='ocrx_word' id='word_1_586' title='bbox 317 2685 324 2696; x_wconf 94' lang='lat'><strong>,</strong></span> <span class='ocrx_word' id='word_1_587' title='bbox 337 2664 384 2691; x_wconf 85' lang='lat' dir='ltr'><strong>sed</strong></span> <span class='ocrx_word' id='word_1_588' title='bbox 398 2663 513 2691; x_wconf 89' lang='lat' dir='ltr'><strong>libenter</strong></span> <span class='ocrx_word' id='word_1_589' title='bbox 525 2663 549 2690; x_wconf 91' lang='lat' dir='ltr'><strong>ei</strong></span> <span class='ocrx_word' id='word_1_590' title='bbox 562 2664 724 2698; x_wconf 87' lang='lat' dir='ltr'><strong>obscqttatur</strong></span> <span class='ocrx_word' id='word_1_591' title='bbox 734 2684 740 2696; x_wconf 93' lang='lat'><strong>,</strong></span> <span class='ocrx_word' id='word_1_592' title='bbox 757 2666 832 2699; x_wconf 82' lang='lat' dir='ltr'><strong>quasi</strong></span> <span class='ocrx_word' id='word_1_593' title='bbox 847 2666 896 2692; x_wconf 86' lang='lat' dir='ltr'><strong>sibi</strong></span> <span class='ocrx_word' id='word_1_594' title='bbox 910 2663 1049 2693; x_wconf 78' lang='lat' dir='ltr'><strong>servienti.</strong></span> 
     </span>
    </p>
   </div>
   <div class='ocr_carea' id='block_1_74' title="bbox 263 2699 1053 2735">
    <p class='ocr_par' dir='ltr' id='par_1_74' title="bbox 263 2699 1053 2735">
     <span class='ocr_line' id='line_1_74' title="bbox 263 2699 1053 2735; baseline 0.001 -8"><span class='ocrx_word' id='word_1_595' title='bbox 263 2699 326 2727; x_wconf 69' lang='grc' dir='ltr'><strong>ΙΙωο</strong></span> <span class='ocrx_word' id='word_1_596' title='bbox 348 2699 436 2727; x_wconf 86' lang='lat' dir='ltr'><strong>omnia</strong></span> <span class='ocrx_word' id='word_1_597' title='bbox 463 2699 634 2726; x_wconf 84' lang='lat' dir='ltr'><strong>tractavimus</strong></span> <span class='ocrx_word' id='word_1_598' title='bbox 653 2705 761 2734; x_wconf 89' lang='lat' dir='ltr'><strong>propter</strong></span> <span class='ocrx_word' id='word_1_599' title='bbox 784 2700 852 2727; x_wconf 84' lang='lat' dir='ltr'><strong>duos</strong></span> <span class='ocrx_word' id='word_1_600' title='bbox 877 2701 984 2734; x_wconf 73' lang='lat' dir='ltr'><strong>l&#39;rztttes,</strong></span> <span class='ocrx_word' id='word_1_601' title='bbox 1008 2702 1053 2735; x_wconf 88' lang='lat' dir='ltr'><strong>qui</strong></span> 
     </span>
    </p>
   </div>
   <div class='ocr_carea' id='block_1_75' title="bbox 260 2735 1054 2772">
    <p class='ocr_par' dir='ltr' id='par_1_75' title="bbox 260 2735 1054 2772">
     <span class='ocr_line' id='line_1_75' title="bbox 260 2735 1054 2772; baseline 0.001 -9"><span class='ocrx_word' id='word_1_602' title='bbox 260 2737 393 2772; x_wconf 87' lang='lat' dir='ltr'><strong>pelicrttnt</strong></span> <span class='ocrx_word' id='word_1_603' title='bbox 403 2736 452 2763; x_wconf 80' lang='lat' dir='ltr'><strong>sibi</strong></span> <span class='ocrx_word' id='word_1_604' title='bbox 468 2735 619 2772; x_wconf 82' lang='lat' dir='ltr'><strong>primatum,</strong></span> <span class='ocrx_word' id='word_1_605' title='bbox 634 2744 694 2762; x_wconf 92' lang='lat' dir='ltr'><strong>cum</strong></span> <span class='ocrx_word' id='word_1_606' title='bbox 713 2744 764 2762; x_wconf 91' lang='lat' dir='ltr'><strong>non</strong></span> <span class='ocrx_word' id='word_1_607' title='bbox 781 2736 937 2763; x_wconf 79' lang='lat' dir='ltr'><strong>debuissent</strong></span> <span class='ocrx_word' id='word_1_608' title='bbox 949 2757 955 2764; x_wconf 89' lang='lat'><strong>.</strong></span> <span class='ocrx_word' id='word_1_609' title='bbox 971 2742 997 2763; x_wconf 88' lang='lat' dir='ltr'><strong>et</strong></span> <span class='ocrx_word' id='word_1_610' title='bbox 1006 2737 1054 2764; x_wconf 86' lang='lat' dir='ltr'><strong>de-</strong></span> 
     </span>
    </p>
   </div>
   <div class='ocr_carea' id='block_1_76' title="bbox 258 2771 1052 2807">
    <p class='ocr_par' dir='ltr' id='par_1_76' title="bbox 258 2771 1052 2807">
     <span class='ocr_line' id='line_1_76' title="bbox 258 2771 1052 2807; baseline -0.001 -7"><span class='ocrx_word' id='word_1_611' title='bbox 258 2771 318 2800; x_wconf 75' lang='lat' dir='ltr'><strong>uem</strong></span> <span class='ocrx_word' id='word_1_612' title='bbox 341 2771 453 2807; x_wconf 84' lang='lat' dir='ltr'><strong>apostoli</strong></span> <span class='ocrx_word' id='word_1_613' title='bbox 483 2771 608 2805; x_wconf 72' lang='lat' dir='ltr'><strong>indignati</strong></span> <span class='ocrx_word' id='word_1_614' title='bbox 629 2776 692 2798; x_wconf 83' lang='lat' dir='ltr'><strong>sunt</strong></span> <span class='ocrx_word' id='word_1_615' title='bbox 710 2776 802 2798; x_wconf 77' lang='lat' dir='ltr'><strong>contra</strong></span> <span class='ocrx_word' id='word_1_616' title='bbox 827 2780 874 2799; x_wconf 80' lang='lat' dir='ltr'><strong>eos</strong></span> <span class='ocrx_word' id='word_1_617' title='bbox 887 2792 895 2805; x_wconf 93' lang='lat'><strong>,</strong></span> <span class='ocrx_word' id='word_1_618' title='bbox 922 2779 982 2799; x_wconf 85' lang='lat' dir='ltr'><strong>eum</strong></span> <span class='ocrx_word' id='word_1_619' title='bbox 999 2780 1052 2800; x_wconf 91' lang='lat' dir='ltr'><strong>tton</strong></span> 
     </span>
    </p>
   </div>
   <div class='ocr_carea' id='block_1_77' title="bbox 290 2838 1051 2872">
    <p class='ocr_par' dir='ltr' id='par_1_77' title="bbox 290 2838 1051 2872">
     <span class='ocr_line' id='line_1_77' title="bbox 290 2838 1051 2872; baseline 0 -8"><span class='ocrx_word' id='word_1_620' title='bbox 290 2841 300 2872; x_wconf 59' lang='grc' dir='ltr'>ξ</span> <span class='ocrx_word' id='word_1_621' title='bbox 317 2843 344 2872; x_wconf 71' lang='lat' dir='ltr'><strong>t’.</strong></span> <span class='ocrx_word' id='word_1_622' title='bbox 358 2844 384 2864; x_wconf 85' lang='lat' dir='ltr'><strong>n.</strong></span> <span class='ocrx_word' id='word_1_623' title='bbox 398 2843 425 2865; x_wconf 76' lang='lat' dir='ltr'><strong>et</strong></span> <span class='ocrx_word' id='word_1_624' title='bbox 436 2838 495 2864; x_wconf 69' lang='grc' dir='ltr'><strong>ιτΔὶιί</strong></span> <span class='ocrx_word' id='word_1_625' title='bbox 509 2839 532 2863; x_wconf 92' lang='lat' dir='ltr'><strong>in</strong></span> <span class='ocrx_word' id='word_1_626' title='bbox 545 2838 777 2872; x_wconf 74' lang='lat' dir='ltr'><strong>ntarg.,fastidioso_.</strong></span> <span class='ocrx_word' id='word_1_627' title='bbox 789 2839 835 2864; x_wconf 84' lang='lat' dir='ltr'><strong>alia</strong></span> <span class='ocrx_word' id='word_1_628' title='bbox 852 2839 934 2872; x_wconf 79' lang='lat' dir='ltr'><strong>lectio,</strong></span> <span class='ocrx_word' id='word_1_629' title='bbox 943 2840 1051 2872; x_wconf 73' lang='lat' dir='ltr'><strong>factioso.</strong></span> 
     </span>
    </p>
   </div>
   <div class='ocr_carea' id='block_1_78' title="bbox 291 2870 934 2903">
    <p class='ocr_par' dir='ltr' id='par_1_78' title="bbox 291 2870 934 2903">
     <span class='ocr_line' id='line_1_78' title="bbox 291 2870 934 2903; baseline 0 -7"><span class='ocrx_word' id='word_1_630' title='bbox 291 2870 328 2902; x_wconf 82' lang='lat' dir='ltr'><strong>(tt)</strong></span> <span class='ocrx_word' id='word_1_631' title='bbox 341 2872 435 2897; x_wconf 68' lang='lat' dir='ltr'><strong>bucinis</strong></span> <span class='ocrx_word' id='word_1_632' title='bbox 446 2871 525 2897; x_wconf 74' lang='lat' dir='ltr'><strong>clausa</strong></span> <span class='ocrx_word' id='word_1_633' title='bbox 541 2871 628 2897; x_wconf 83' lang='lat' dir='ltr'><strong>desunt</strong></span> <span class='ocrx_word' id='word_1_634' title='bbox 640 2871 663 2895; x_wconf 87' lang='lat' dir='ltr'><strong>in</strong></span> <span class='ocrx_word' id='word_1_635' title='bbox 677 2870 810 2900; x_wconf 71' lang='lat' dir='ltr'><strong>exetnptari</strong></span> <span class='ocrx_word' id='word_1_636' title='bbox 822 2871 934 2903; x_wconf 76' lang='lat' dir='ltr'><strong>quodam.</strong></span> 
     </span>
    </p>
   </div>
   <div class='ocr_carea' id='block_1_79' title="bbox 901 125 1256 156">
    <p class='ocr_par' dir='ltr' id='par_1_79' title="bbox 901 125 1256 156">
     <span class='ocr_line' id='line_1_79' title="bbox 901 125 1256 156; baseline 0.006 -2"><span class='ocrx_word' id='word_1_637' title='bbox 901 126 989 154; x_wconf 82' lang='lat' dir='ltr'><strong>UPUS</strong></span> <span class='ocrx_word' id='word_1_638' title='bbox 1009 125 1256 156; x_wconf 76' lang='lat' dir='ltr'><strong>IMPERFECTUM</strong></span> 
     </span>
    </p>
   </div>
   <div class='ocr_carea' id='block_1_80' title="bbox 1856 124 1908 154">
    <p class='ocr_par' dir='ltr' id='par_1_80' title="bbox 1856 124 1908 154">
     <span class='ocr_line' id='line_1_80' title="bbox 1856 124 1908 154; baseline 0 -1"><span class='ocrx_word' id='word_1_639' title='bbox 1856 124 1908 154; x_wconf 62' lang='lat'><strong>851</strong></span> 
     </span>
    </p>
   </div>
   <div class='ocr_carea' id='block_1_81' title="bbox 1117 183 1910 217">
    <p class='ocr_par' dir='ltr' id='par_1_81' title="bbox 1117 183 1910 217">
     <span class='ocr_line' id='line_1_81' title="bbox 1117 183 1910 217; baseline 0.006 -6"><span class='ocrx_word' id='word_1_640' title='bbox 1117 183 1283 214; x_wconf 83' lang='lat' dir='ltr'><strong>debuissent.</strong></span> <span class='ocrx_word' id='word_1_641' title='bbox 1301 186 1374 214; x_wconf 83' lang='lat' dir='ltr'><strong>Sicut</strong></span> <span class='ocrx_word' id='word_1_642' title='bbox 1398 186 1481 214; x_wconf 74' lang='lat' dir='ltr'><strong>Filius</strong></span> <span class='ocrx_word' id='word_1_643' title='bbox 1495 187 1604 215; x_wconf 70' lang='lat' dir='ltr'><strong>hominis</strong></span> <span class='ocrx_word' id='word_1_644' title='bbox 1617 195 1668 215; x_wconf 77' lang='lat' dir='ltr'><strong>non</strong></span> <span class='ocrx_word' id='word_1_645' title='bbox 1683 189 1748 215; x_wconf 80' lang='lat' dir='ltr'><strong>venit</strong></span> <span class='ocrx_word' id='word_1_646' title='bbox 1767 189 1910 217; x_wconf 70' lang='lat' dir='ltr'><strong>ministrari</strong></span> 
     </span>
    </p>
   </div>
   <div class='ocr_carea' id='block_1_82' title="bbox 1115 220 1911 258">
    <p class='ocr_par' dir='ltr' id='par_1_82' title="bbox 1115 220 1911 258">
     <span class='ocr_line' id='line_1_82' title="bbox 1115 220 1911 258; baseline 0.008 -12"><span class='ocrx_word' id='word_1_647' title='bbox 1115 220 1160 246; x_wconf 68' lang='lat' dir='ltr'><strong>sed</strong></span> <span class='ocrx_word' id='word_1_648' title='bbox 1175 221 1380 258; x_wconf 22' lang='grc' dir='ltr'><strong>ηιίηῇςιηπενιει</strong></span> <span class='ocrx_word' id='word_1_649' title='bbox 1393 222 1456 249; x_wconf 79' lang='lat' dir='ltr'><strong>dare</strong></span> <span class='ocrx_word' id='word_1_650' title='bbox 1467 223 1579 250; x_wconf 78' lang='lat' dir='ltr'><strong>animum</strong></span> <span class='ocrx_word' id='word_1_651' title='bbox 1588 231 1661 250; x_wconf 75' lang='lat' dir='ltr'><strong>suam</strong></span> <span class='ocrx_word' id='word_1_652' title='bbox 1673 224 1698 250; x_wconf 83' lang='lat' dir='ltr'><strong>in</strong></span> <span class='ocrx_word' id='word_1_653' title='bbox 1711 224 1911 258; x_wconf 76' lang='lat' dir='ltr'><strong>redemptionem</strong></span> 
     </span>
    </p>
   </div>
   <div class='ocr_carea' id='block_1_83' title="bbox 1116 256 1908 294">
    <p class='ocr_par' dir='ltr' id='par_1_83' title="bbox 1116 256 1908 294">
     <span class='ocr_line' id='line_1_83' title="bbox 1116 256 1908 294; baseline 0.008 -13"><span class='ocrx_word' id='word_1_654' title='bbox 1116 264 1162 289; x_wconf 85' lang='lat' dir='ltr'><strong>pro</strong></span> <span class='ocrx_word' id='word_1_655' title='bbox 1178 256 1274 284; x_wconf 70' lang='lat' dir='ltr'><strong>multis.</strong></span> <span class='ocrx_word' id='word_1_656' title='bbox 1289 257 1395 294; x_wconf 61' lang='lat' dir='ltr'><strong>Adhuc</strong></span> <span class='ocrx_word' id='word_1_657' title='bbox 1417 258 1488 285; x_wconf 91' lang='lat' dir='ltr'><strong>enim</strong></span> <span class='ocrx_word' id='word_1_658' title='bbox 1504 259 1536 286; x_wconf 84' lang='lat' dir='ltr'><strong>ad</strong></span> <span class='ocrx_word' id='word_1_659' title='bbox 1558 260 1699 294; x_wconf 77' lang='lat' dir='ltr'><strong>imaginem</strong></span> <span class='ocrx_word' id='word_1_660' title='bbox 1723 256 1822 287; x_wconf 81' lang='lat' dir='ltr'><strong>Christi</strong></span> <span class='ocrx_word' id='word_1_661' title='bbox 1846 260 1908 288; x_wconf 79' lang='lat' dir='ltr'><strong>facti</strong></span> 
     </span>
    </p>
   </div>
   <div class='ocr_carea' id='block_1_84' title="bbox 1113 293 1911 330">
    <p class='ocr_par' dir='ltr' id='par_1_84' title="bbox 1113 293 1911 330">
     <span class='ocr_line' id='line_1_84' title="bbox 1113 293 1911 330; baseline 0.009 -14"><span class='ocrx_word' id='word_1_662' title='bbox 1113 298 1216 324; x_wconf 86' lang='lat' dir='ltr'><strong>sumus,</strong></span> <span class='ocrx_word' id='word_1_663' title='bbox 1239 296 1268 330; x_wconf 74' lang='lat' dir='ltr'><strong>ut</strong></span> <span class='ocrx_word' id='word_1_664' title='bbox 1294 293 1442 330; x_wconf 74' lang='lat' dir='ltr'><strong>imitatores</strong></span> <span class='ocrx_word' id='word_1_665' title='bbox 1467 293 1623 330; x_wconf 18' lang='lat' dir='ltr'><strong>efﬁciamur,</strong></span> <span class='ocrx_word' id='word_1_666' title='bbox 1637 294 1780 322; x_wconf 88' lang='lat' dir='ltr'><strong>volttntatis</strong></span> <span class='ocrx_word' id='word_1_667' title='bbox 1799 296 1857 330; x_wconf 87' lang='lat' dir='ltr'><strong>ejus</strong></span> <span class='ocrx_word' id='word_1_668' title='bbox 1881 303 1911 323; x_wconf 76' lang='lat' dir='ltr'><strong>et</strong></span> 
     </span>
    </p>
   </div>
   <div class='ocr_carea' id='block_1_85' title="bbox 1112 327 1908 366">
    <p class='ocr_par' dir='ltr' id='par_1_85' title="bbox 1112 327 1908 366">
     <span class='ocr_line' id='line_1_85' title="bbox 1112 327 1908 366; baseline 0.008 -14"><span class='ocrx_word' id='word_1_669' title='bbox 1112 327 1334 366; x_wconf 71' lang='lat' dir='ltr'><strong>conversationis.</strong></span> <span class='ocrx_word' id='word_1_670' title='bbox 1358 328 1491 366; x_wconf 74' lang='lat' dir='ltr'><strong>Numquid</strong></span> <span class='ocrx_word' id='word_1_671' title='bbox 1515 330 1548 366; x_wconf 84' lang='lat' dir='ltr'><strong>ad</strong></span> <span class='ocrx_word' id='word_1_672' title='bbox 1563 330 1764 366; x_wconf 85' lang='lat' dir='ltr'><strong>similitudinem</strong></span> <span class='ocrx_word' id='word_1_673' title='bbox 1779 327 1908 365; x_wconf 72' lang='lat' dir='ltr'><strong>majesta-</strong></span> 
     </span>
    </p>
   </div>
   <div class='ocr_carea' id='block_1_86' title="bbox 1114 364 1908 402">
    <p class='ocr_par' dir='ltr' id='par_1_86' title="bbox 1114 364 1908 402">
     <span class='ocr_line' id='line_1_86' title="bbox 1114 364 1908 402; baseline 0.008 -15"><span class='ocrx_word' id='word_1_674' title='bbox 1114 364 1147 388; x_wconf 90' lang='lat' dir='ltr'><strong>tis</strong></span> <span class='ocrx_word' id='word_1_675' title='bbox 1157 364 1215 402; x_wconf 85' lang='lat' dir='ltr'><strong>ejus</strong></span> <span class='ocrx_word' id='word_1_676' title='bbox 1226 370 1319 402; x_wconf 80' lang='lat' dir='ltr'><strong>sumus</strong></span> <span class='ocrx_word' id='word_1_677' title='bbox 1332 364 1435 402; x_wconf 81' lang='lat' dir='ltr'><strong>creati?</strong></span> <span class='ocrx_word' id='word_1_678' title='bbox 1447 364 1513 392; x_wconf 84' lang='lat' dir='ltr'><strong>Nam</strong></span> <span class='ocrx_word' id='word_1_679' title='bbox 1528 365 1572 392; x_wconf 90' lang='lat' dir='ltr'><strong>ille</strong></span> <span class='ocrx_word' id='word_1_680' title='bbox 1584 365 1694 402; x_wconf 79' lang='lat' dir='ltr'><strong>quidem</strong></span> <span class='ocrx_word' id='word_1_681' title='bbox 1711 364 1832 402; x_wconf 86' lang='lat' dir='ltr'><strong>nostram</strong></span> <span class='ocrx_word' id='word_1_682' title='bbox 1847 374 1908 394; x_wconf 80' lang='lat' dir='ltr'><strong>car-</strong></span> 
     </span>
    </p>
   </div>
   <div class='ocr_carea' id='block_1_87' title="bbox 1113 398 1908 438">
    <p class='ocr_par' dir='ltr' id='par_1_87' title="bbox 1113 398 1908 438">
     <span class='ocr_line' id='line_1_87' title="bbox 1113 398 1908 438; baseline 0.009 -16"><span class='ocrx_word' id='word_1_683' title='bbox 1113 405 1173 438; x_wconf 85' lang='lat' dir='ltr'><strong>nem</strong></span> <span class='ocrx_word' id='word_1_684' title='bbox 1188 398 1284 425; x_wconf 88' lang='lat' dir='ltr'><strong>imitari</strong></span> <span class='ocrx_word' id='word_1_685' title='bbox 1299 400 1403 433; x_wconf 88' lang='lat' dir='ltr'><strong>potuit,</strong></span> <span class='ocrx_word' id='word_1_686' title='bbox 1419 405 1568 438; x_wconf 18' lang='lat' dir='ltr'><strong>nosuattte’m</strong></span> <span class='ocrx_word' id='word_1_687' title='bbox 1583 398 1654 428; x_wconf 83' lang='lat' dir='ltr'><strong>illius</strong></span> <span class='ocrx_word' id='word_1_688' title='bbox 1665 401 1832 438; x_wconf 86' lang='lat' dir='ltr'><strong>diviuitatem</strong></span> <span class='ocrx_word' id='word_1_689' title='bbox 1845 402 1908 429; x_wconf 89' lang='lat' dir='ltr'><strong>imi-</strong></span> 
     </span>
    </p>
   </div>
   <div class='ocr_carea' id='block_1_88' title="bbox 1113 435 1908 472">
    <p class='ocr_par' dir='ltr' id='par_1_88' title="bbox 1113 435 1908 472">
     <span class='ocr_line' id='line_1_88' title="bbox 1113 435 1908 472; baseline 0.008 -13"><span class='ocrx_word' id='word_1_690' title='bbox 1113 435 1162 459; x_wconf 88' lang='lat' dir='ltr'><strong>tari</strong></span> <span class='ocrx_word' id='word_1_691' title='bbox 1178 440 1231 472; x_wconf 78' lang='lat' dir='ltr'><strong>non</strong></span> <span class='ocrx_word' id='word_1_692' title='bbox 1247 441 1390 472; x_wconf 80' lang='lat' dir='ltr'><strong>possumus</strong></span> <span class='ocrx_word' id='word_1_693' title='bbox 1407 436 1478 472; x_wconf 11' lang='lat' dir='ltr'><strong>gused</strong></span> <span class='ocrx_word' id='word_1_694' title='bbox 1494 436 1519 462; x_wconf 90' lang='lat' dir='ltr'><strong>itt</strong></span> <span class='ocrx_word' id='word_1_695' title='bbox 1541 435 1592 465; x_wconf 91' lang='lat' dir='ltr'><strong>hoc</strong></span> <span class='ocrx_word' id='word_1_696' title='bbox 1606 443 1699 472; x_wconf 86' lang='lat' dir='ltr'><strong>sumus</strong></span> <span class='ocrx_word' id='word_1_697' title='bbox 1725 437 1812 472; x_wconf 87' lang='lat' dir='ltr'><strong>imago</strong></span> <span class='ocrx_word' id='word_1_698' title='bbox 1827 438 1887 471; x_wconf 88' lang='lat' dir='ltr'><strong>ejus</strong></span> <span class='ocrx_word' id='word_1_699' title='bbox 1898 458 1908 469; x_wconf 88' lang='lat'><strong>,</strong></span> 
     </span>
    </p>
   </div>
   <div class='ocr_carea' id='block_1_89' title="bbox 1112 468 1908 509">
    <p class='ocr_par' dir='ltr' id='par_1_89' title="bbox 1112 468 1908 509">
     <span class='ocr_line' id='line_1_89' title="bbox 1112 468 1908 509; baseline 0.008 -15"><span class='ocrx_word' id='word_1_700' title='bbox 1112 473 1140 494; x_wconf 84' lang='lat' dir='ltr'><strong>ut</strong></span> <span class='ocrx_word' id='word_1_701' title='bbox 1152 468 1223 509; x_wconf 80' lang='lat' dir='ltr'><strong>quod</strong></span> <span class='ocrx_word' id='word_1_702' title='bbox 1238 469 1262 496; x_wconf 89' lang='lat' dir='ltr'><strong>ei</strong></span> <span class='ocrx_word' id='word_1_703' title='bbox 1276 469 1374 509; x_wconf 80' lang='lat' dir='ltr'><strong>bonum</strong></span> <span class='ocrx_word' id='word_1_704' title='bbox 1384 470 1504 509; x_wconf 79' lang='lat' dir='ltr'><strong>_videtur,</strong></span> <span class='ocrx_word' id='word_1_705' title='bbox 1518 475 1546 498; x_wconf 90' lang='lat' dir='ltr'><strong>et</strong></span> <span class='ocrx_word' id='word_1_706' title='bbox 1565 471 1634 509; x_wconf 76' lang='lat' dir='ltr'><strong>apud</strong></span> <span class='ocrx_word' id='word_1_707' title='bbox 1650 479 1700 509; x_wconf 83' lang='lat' dir='ltr'><strong>nos</strong></span> <span class='ocrx_word' id='word_1_708' title='bbox 1709 473 1745 499; x_wconf 85' lang='lat' dir='ltr'><strong>sit</strong></span> <span class='ocrx_word' id='word_1_709' title='bbox 1756 468 1866 505; x_wconf 66' lang='lat' dir='ltr'><strong>bonum,</strong></span> <span class='ocrx_word' id='word_1_710' title='bbox 1879 468 1908 501; x_wconf 81' lang='lat' dir='ltr'><strong>et</strong></span> 
     </span>
    </p>
   </div>
   <div class='ocr_carea' id='block_1_90' title="bbox 1111 504 1907 541">
    <p class='ocr_par' dir='ltr' id='par_1_90' title="bbox 1111 504 1907 541">
     <span class='ocr_line' id='line_1_90' title="bbox 1111 504 1907 541; baseline 0.008 -12"><span class='ocrx_word' id='word_1_711' title='bbox 1111 504 1181 537; x_wconf 90' lang='lat' dir='ltr'><strong>quod</strong></span> <span class='ocrx_word' id='word_1_712' title='bbox 1193 504 1217 531; x_wconf 89' lang='lat' dir='ltr'><strong>ei</strong></span> <span class='ocrx_word' id='word_1_713' title='bbox 1235 505 1335 532; x_wconf 86' lang='lat' dir='ltr'><strong>malum</strong></span> <span class='ocrx_word' id='word_1_714' title='bbox 1349 505 1468 538; x_wconf 79' lang='lat' dir='ltr'><strong>videtur,</strong></span> <span class='ocrx_word' id='word_1_715' title='bbox 1485 511 1512 533; x_wconf 91' lang='lat' dir='ltr'><strong>et</strong></span> <span class='ocrx_word' id='word_1_716' title='bbox 1525 504 1593 540; x_wconf 89' lang='lat' dir='ltr'><strong>apud</strong></span> <span class='ocrx_word' id='word_1_717' title='bbox 1609 515 1658 534; x_wconf 87' lang='lat' dir='ltr'><strong>nos</strong></span> <span class='ocrx_word' id='word_1_718' title='bbox 1670 508 1705 534; x_wconf 84' lang='lat' dir='ltr'><strong>sit</strong></span> <span class='ocrx_word' id='word_1_719' title='bbox 1717 508 1828 535; x_wconf 77' lang='lat' dir='ltr'><strong>malum.</strong></span> <span class='ocrx_word' id='word_1_720' title='bbox 1843 504 1907 541; x_wconf 78' lang='lat' dir='ltr'><strong>Qui-</strong></span> 
     </span>
    </p>
   </div>
   <div class='ocr_carea' id='block_1_91' title="bbox 1111 541 1907 579">
    <p class='ocr_par' dir='ltr' id='par_1_91' title="bbox 1111 541 1907 579">
     <span class='ocr_line' id='line_1_91' title="bbox 1111 541 1907 579; baseline 0.008 -15"><span class='ocrx_word' id='word_1_721' title='bbox 1111 547 1228 579; x_wconf 72' lang='lat' dir='ltr'><strong>cumque</strong></span> <span class='ocrx_word' id='word_1_722' title='bbox 1243 545 1331 567; x_wconf 87' lang='lat' dir='ltr'><strong>autent</strong></span> <span class='ocrx_word' id='word_1_723' title='bbox 1345 561 1351 572; x_wconf 90' lang='lat'><strong>,</strong></span> <span class='ocrx_word' id='word_1_724' title='bbox 1367 541 1479 579; x_wconf 86' lang='lat' dir='ltr'><strong>Domino</strong></span> <span class='ocrx_word' id='word_1_725' title='bbox 1493 542 1634 579; x_wconf 83' lang='lat' dir='ltr'><strong>humilitati</strong></span> <span class='ocrx_word' id='word_1_726' title='bbox 1649 543 1784 575; x_wconf 82' lang='lat' dir='ltr'><strong>studente,</strong></span> <span class='ocrx_word' id='word_1_727' title='bbox 1798 544 1907 577; x_wconf 85' lang='lat' dir='ltr'><strong>jactan-</strong></span> 
     </span>
    </p>
   </div>
   <div class='ocr_carea' id='block_1_92' title="bbox 1112 575 1908 613">
    <p class='ocr_par' dir='ltr' id='par_1_92' title="bbox 1112 575 1908 613">
     <span class='ocr_line' id='line_1_92' title="bbox 1112 575 1908 613; baseline 0.006 -13"><span class='ocrx_word' id='word_1_728' title='bbox 1112 575 1155 600; x_wconf 69' lang='lat' dir='ltr'><strong>tia:</strong></span> <span class='ocrx_word' id='word_1_729' title='bbox 1170 575 1268 606; x_wconf 87' lang='lat' dir='ltr'><strong>studet,</strong></span> <span class='ocrx_word' id='word_1_730' title='bbox 1294 583 1347 603; x_wconf 90' lang='lat' dir='ltr'><strong>non</strong></span> <span class='ocrx_word' id='word_1_731' title='bbox 1362 582 1404 603; x_wconf 82' lang='lat' dir='ltr'><strong>est</strong></span> <span class='ocrx_word' id='word_1_732' title='bbox 1424 577 1511 612; x_wconf 82' lang='lat' dir='ltr'><strong>imago</strong></span> <span class='ocrx_word' id='word_1_733' title='bbox 1539 578 1647 605; x_wconf 88' lang='lat' dir='ltr'><strong>Christi.</strong></span> <span class='ocrx_word' id='word_1_734' title='bbox 1664 578 1696 604; x_wconf 79' lang='lat' dir='ltr'><strong>Et</strong></span> <span class='ocrx_word' id='word_1_735' title='bbox 1711 580 1755 613; x_wconf 89' lang='lat' dir='ltr'><strong>qui</strong></span> <span class='ocrx_word' id='word_1_736' title='bbox 1768 599 1777 611; x_wconf 85' lang='lat'><strong>,</strong></span> <span class='ocrx_word' id='word_1_737' title='bbox 1793 575 1908 606; x_wconf 71' lang='lat' dir='ltr'><strong>Domino</strong></span> 
     </span>
    </p>
   </div>
   <div class='ocr_carea' id='block_1_93' title="bbox 1110 613 1908 645">
    <p class='ocr_par' dir='ltr' id='par_1_93' title="bbox 1110 613 1908 645">
     <span class='ocr_line' id='line_1_93' title="bbox 1110 613 1908 645; baseline 0.008 -10"><span class='ocrx_word' id='word_1_738' title='bbox 1110 615 1297 644; x_wconf 77' lang='lat' dir='ltr'><strong>paupertatem</strong></span> <span class='ocrx_word' id='word_1_739' title='bbox 1319 618 1436 645; x_wconf 85' lang='lat' dir='ltr'><strong>amante,</strong></span> <span class='ocrx_word' id='word_1_740' title='bbox 1462 613 1614 640; x_wconf 87' lang='lat' dir='ltr'><strong>divitiarum</strong></span> <span class='ocrx_word' id='word_1_741' title='bbox 1630 619 1734 640; x_wconf 87' lang='lat' dir='ltr'><strong>amator</strong></span> <span class='ocrx_word' id='word_1_742' title='bbox 1753 618 1795 641; x_wconf 88' lang='lat' dir='ltr'><strong>est</strong></span> <span class='ocrx_word' id='word_1_743' title='bbox 1813 615 1841 641; x_wconf 89' lang='lat' dir='ltr'><strong>in</strong></span> <span class='ocrx_word' id='word_1_744' title='bbox 1856 615 1908 642; x_wconf 82' lang='lat' dir='ltr'><strong>huc</strong></span> 
     </span>
    </p>
   </div>
   <div class='ocr_carea' id='block_1_94' title="bbox 1110 645 1909 680">
    <p class='ocr_par' dir='ltr' id='par_1_94' title="bbox 1110 645 1909 680">
     <span class='ocr_line' id='line_1_94' title="bbox 1110 645 1909 680; baseline 0.006 -8"><span class='ocrx_word' id='word_1_745' title='bbox 1110 645 1208 672; x_wconf 59' lang='lat' dir='ltr'><strong>seculo</strong></span> <span class='ocrx_word' id='word_1_746' title='bbox 1221 667 1228 676; x_wconf 82' lang='grc'>,</span> <span class='ocrx_word' id='word_1_747' title='bbox 1243 647 1348 680; x_wconf 87' lang='lat' dir='ltr'><strong>repellit</strong></span> <span class='ocrx_word' id='word_1_748' title='bbox 1362 656 1377 674; x_wconf 88' lang='lat' dir='ltr'><strong>a</strong></span> <span class='ocrx_word' id='word_1_749' title='bbox 1391 656 1421 675; x_wconf 85' lang='lat' dir='ltr'><strong>se</strong></span> <span class='ocrx_word' id='word_1_750' title='bbox 1443 647 1541 675; x_wconf 83' lang='lat' dir='ltr'><strong>Christi</strong></span> <span class='ocrx_word' id='word_1_751' title='bbox 1557 649 1768 677; x_wconf 87' lang='lat' dir='ltr'><strong>similitudinem.</strong></span> <span class='ocrx_word' id='word_1_752' title='bbox 1784 649 1845 676; x_wconf 80' lang='lat' dir='ltr'><strong>Non</strong></span> <span class='ocrx_word' id='word_1_753' title='bbox 1866 656 1909 677; x_wconf 84' lang='lat' dir='ltr'><strong>est</strong></span> 
     </span>
    </p>
   </div>
   <div class='ocr_carea' id='block_1_95' title="bbox 1110 681 1910 719">
    <p class='ocr_par' dir='ltr' id='par_1_95' title="bbox 1110 681 1910 719">
     <span class='ocr_line' id='line_1_95' title="bbox 1110 681 1910 719; baseline 0.009 -13"><span class='ocrx_word' id='word_1_754' title='bbox 1110 688 1189 707; x_wconf 89' lang='lat' dir='ltr'><strong>verus</strong></span> <span class='ocrx_word' id='word_1_755' title='bbox 1202 681 1359 719; x_wconf 82' lang='lat' dir='ltr'><strong>discipulus,</strong></span> <span class='ocrx_word' id='word_1_756' title='bbox 1384 683 1428 718; x_wconf 90' lang='lat' dir='ltr'><strong>qui</strong></span> <span class='ocrx_word' id='word_1_757' title='bbox 1443 691 1495 710; x_wconf 87' lang='lat' dir='ltr'><strong>non</strong></span> <span class='ocrx_word' id='word_1_758' title='bbox 1513 683 1631 711; x_wconf 82' lang='lat' dir='ltr'><strong>imitatur</strong></span> <span class='ocrx_word' id='word_1_759' title='bbox 1655 686 1810 719; x_wconf 81' lang='lat' dir='ltr'><strong>magistrum</strong></span> <span class='ocrx_word' id='word_1_760' title='bbox 1833 695 1841 712; x_wconf 89' lang='lat'>:</span> <span class='ocrx_word' id='word_1_761' title='bbox 1858 694 1910 713; x_wconf 87' lang='lat' dir='ltr'><strong>nec</strong></span> 
     </span>
    </p>
   </div>
   <div class='ocr_carea' id='block_1_96' title="bbox 1110 717 1778 753">
    <p class='ocr_par' dir='ltr' id='par_1_96' title="bbox 1110 717 1778 753">
     <span class='ocr_line' id='line_1_96' title="bbox 1110 717 1778 753; baseline 0.009 -11"><span class='ocrx_word' id='word_1_762' title='bbox 1110 720 1151 743; x_wconf 88' lang='lat' dir='ltr'><strong>est</strong></span> <span class='ocrx_word' id='word_1_763' title='bbox 1165 724 1228 744; x_wconf 87' lang='lat' dir='ltr'><strong>vera</strong></span> <span class='ocrx_word' id='word_1_764' title='bbox 1243 717 1340 752; x_wconf 78' lang='lat' dir='ltr'><strong>imago,</strong></span> <span class='ocrx_word' id='word_1_765' title='bbox 1357 717 1416 753; x_wconf 66' lang='lat' dir='ltr'><strong>quis</strong></span> <span class='ocrx_word' id='word_1_766' title='bbox 1430 719 1527 746; x_wconf 91' lang='lat' dir='ltr'><strong>similis</strong></span> <span class='ocrx_word' id='word_1_767' title='bbox 1541 727 1594 746; x_wconf 91' lang='lat' dir='ltr'><strong>non</strong></span> <span class='ocrx_word' id='word_1_768' title='bbox 1609 725 1651 747; x_wconf 86' lang='lat' dir='ltr'><strong>est</strong></span> <span class='ocrx_word' id='word_1_769' title='bbox 1663 717 1778 748; x_wconf 74' lang='lat' dir='ltr'><strong>auctori.</strong></span> 
     </span>
    </p>
   </div>
   <div class='ocr_carea' id='block_1_97' title="bbox 1297 785 1720 822">
    <p class='ocr_par' dir='ltr' id='par_1_97' title="bbox 1297 785 1720 822">
     <span class='ocr_line' id='line_1_97' title="bbox 1297 785 1720 822; baseline 0.007 -10"><span class='ocrx_word' id='word_1_770' title='bbox 1297 785 1410 813; x_wconf 84' lang='lat' dir='ltr'><strong>llontilia</strong></span> <span class='ocrx_word' id='word_1_771' title='bbox 1428 787 1518 821; x_wconf 70' lang='lat' dir='ltr'><em>xxxv}.</em></span> <span class='ocrx_word' id='word_1_772' title='bbox 1537 795 1569 814; x_wconf 75' lang='lat' dir='ltr'><strong>ea;</strong></span> <span class='ocrx_word' id='word_1_773' title='bbox 1581 789 1664 822; x_wconf 82' lang='lat' dir='ltr'><strong>capite</strong></span> <span class='ocrx_word' id='word_1_774' title='bbox 1674 796 1720 816; x_wconf 70' lang='grc' dir='ltr'><strong>π.</strong></span> 
     </span>
    </p>
   </div>
   <div class='ocr_carea' id='block_1_98' title="bbox 1144 851 1909 889">
    <p class='ocr_par' dir='ltr' id='par_1_98' title="bbox 1144 851 1909 889">
     <span class='ocr_line' id='line_1_98' title="bbox 1144 851 1909 889; baseline 0.007 -10"><span class='ocrx_word' id='word_1_775' title='bbox 1144 853 1189 881; x_wconf 66' lang='grc'><strong>29.</strong></span> <span class='ocrx_word' id='word_1_776' title='bbox 1203 851 1245 889; x_wconf 72' lang='lat' dir='ltr'><strong>Et</strong></span> <span class='ocrx_word' id='word_1_777' title='bbox 1256 853 1438 888; x_wconf 73' lang='lat' dir='ltr'><strong>egredientibus</strong></span> <span class='ocrx_word' id='word_1_778' title='bbox 1452 854 1487 881; x_wconf 73' lang='lat' dir='ltr'><strong>eis</strong></span> <span class='ocrx_word' id='word_1_779' title='bbox 1508 854 1540 881; x_wconf 83' lang='lat' dir='ltr'><strong>ab</strong></span> <span class='ocrx_word' id='word_1_780' title='bbox 1551 854 1655 882; x_wconf 70' lang='lat' dir='ltr'><strong>Iericho</strong></span> <span class='ocrx_word' id='word_1_781' title='bbox 1668 875 1676 888; x_wconf 92' lang='lat'><strong>,</strong></span> <span class='ocrx_word' id='word_1_782' title='bbox 1687 861 1792 889; x_wconf 73' lang='lat' dir='ltr'><strong>sequuta</strong></span> <span class='ocrx_word' id='word_1_783' title='bbox 1801 861 1840 883; x_wconf 71' lang='lat' dir='ltr'><strong>est</strong></span> <span class='ocrx_word' id='word_1_784' title='bbox 1851 865 1909 884; x_wconf 84' lang='lat' dir='ltr'><strong>eum</strong></span> 
     </span>
    </p>
   </div>
   <div class='ocr_carea' id='block_1_99' title="bbox 1109 888 1909 926">
    <p class='ocr_par' dir='ltr' id='par_1_99' title="bbox 1109 888 1909 926">
     <span class='ocr_line' id='line_1_99' title="bbox 1109 888 1909 926; baseline 0.009 -12"><span class='ocrx_word' id='word_1_785' title='bbox 1109 888 1282 926; x_wconf 17' lang='lat' dir='ltr'><strong>lurbttrntt‘tlta,</strong></span> <span class='ocrx_word' id='word_1_786' title='bbox 1304 894 1357 926; x_wconf 81' lang='lat' dir='ltr'><strong>etc.</strong></span> <span class='ocrx_word' id='word_1_787' title='bbox 1373 889 1566 926; x_wconf 80' lang='lat' dir='ltr'><strong>Testimonium</strong></span> <span class='ocrx_word' id='word_1_788' title='bbox 1583 891 1695 926; x_wconf 81' lang='lat' dir='ltr'><strong>studiosi</strong></span> <span class='ocrx_word' id='word_1_789' title='bbox 1717 888 1844 926; x_wconf 76' lang='lat' dir='ltr'><strong>agricolai</strong></span> <span class='ocrx_word' id='word_1_790' title='bbox 1866 898 1909 920; x_wconf 85' lang='lat' dir='ltr'><strong>est</strong></span> 
     </span>
    </p>
   </div>
   <div class='ocr_carea' id='block_1_100' title="bbox 1109 923 1908 955">
    <p class='ocr_par' dir='ltr' id='par_1_100' title="bbox 1109 923 1908 955">
     <span class='ocr_line' id='line_1_100' title="bbox 1109 923 1908 955; baseline 0.006 -5"><span class='ocrx_word' id='word_1_791' title='bbox 1109 925 1206 951; x_wconf 68' lang='lat' dir='ltr'><strong>messis</strong></span> <span class='ocrx_word' id='word_1_792' title='bbox 1219 923 1331 951; x_wconf 81' lang='lat' dir='ltr'><strong>fecunda</strong></span> <span class='ocrx_word' id='word_1_793' title='bbox 1347 933 1353 951; x_wconf 92' lang='lat'><strong><em>:</em></strong></span> <span class='ocrx_word' id='word_1_794' title='bbox 1366 925 1465 952; x_wconf 85' lang='lat' dir='ltr'><strong>assidui</strong></span> <span class='ocrx_word' id='word_1_795' title='bbox 1476 930 1566 953; x_wconf 88' lang='lat' dir='ltr'><strong>autem</strong></span> <span class='ocrx_word' id='word_1_796' title='bbox 1578 925 1697 954; x_wconf 85' lang='lat' dir='ltr'><strong>doctoris</strong></span> <span class='ocrx_word' id='word_1_797' title='bbox 1712 923 1908 955; x_wconf 67' lang='lat' dir='ltr'><strong>documentum</strong></span> 
     </span>
    </p>
   </div>
   <div class='ocr_carea' id='block_1_101' title="bbox 1109 960 1908 997">
    <p class='ocr_par' dir='ltr' id='par_1_101' title="bbox 1109 960 1908 997">
     <span class='ocr_line' id='line_1_101' title="bbox 1109 960 1908 997; baseline 0.005 -11"><span class='ocrx_word' id='word_1_798' title='bbox 1109 960 1222 997; x_wconf 82' lang='lat' dir='ltr'><strong>ecclesia</strong></span> <span class='ocrx_word' id='word_1_799' title='bbox 1237 960 1330 997; x_wconf 81' lang='lat' dir='ltr'><strong>plena:</strong></span> <span class='ocrx_word' id='word_1_800' title='bbox 1346 961 1518 997; x_wconf 63' lang='lat' dir='ltr'><strong>negotiatoris</strong></span> <span class='ocrx_word' id='word_1_801' title='bbox 1530 967 1685 997; x_wconf 84' lang='lat' dir='ltr'><strong>prosperata</strong></span> <span class='ocrx_word' id='word_1_802' title='bbox 1699 962 1825 994; x_wconf 79' lang='lat' dir='ltr'><strong>felicitas,</strong></span> <span class='ocrx_word' id='word_1_803' title='bbox 1839 971 1908 997; x_wconf 84' lang='lat' dir='ltr'><strong>apo-</strong></span> 
     </span>
    </p>
   </div>
   <div class='ocr_carea' id='block_1_102' title="bbox 1110 995 1906 1033">
    <p class='ocr_par' dir='ltr' id='par_1_102' title="bbox 1110 995 1906 1033">
     <span class='ocr_line' id='line_1_102' title="bbox 1110 995 1906 1033; baseline 0.006 -12"><span class='ocrx_word' id='word_1_804' title='bbox 1110 995 1186 1033; x_wconf 87' lang='lat' dir='ltr'><strong>theca</strong></span> <span class='ocrx_word' id='word_1_805' title='bbox 1203 995 1351 1033; x_wconf 61' lang='lat' dir='ltr'><strong>tttultiplev.</strong></span> <span class='ocrx_word' id='word_1_806' title='bbox 1377 995 1516 1033; x_wconf 62' lang='lat' dir='ltr'><strong>Neminem</strong></span> <span class='ocrx_word' id='word_1_807' title='bbox 1535 996 1612 1033; x_wconf 84' lang='lat' dir='ltr'><strong>labor</strong></span> <span class='ocrx_word' id='word_1_808' title='bbox 1636 997 1738 1024; x_wconf 88' lang='lat' dir='ltr'><strong>itineris</strong></span> <span class='ocrx_word' id='word_1_809' title='bbox 1754 995 1906 1033; x_wconf 73' lang='lat' dir='ltr'><strong>impedivit,</strong></span> 
     </span>
    </p>
   </div>
   <div class='ocr_carea' id='block_1_103' title="bbox 1109 1030 1907 1065">
    <p class='ocr_par' dir='ltr' id='par_1_103' title="bbox 1109 1030 1907 1065">
     <span class='ocr_line' id='line_1_103' title="bbox 1109 1030 1907 1065; baseline 0.006 -9"><span class='ocrx_word' id='word_1_810' title='bbox 1109 1031 1169 1065; x_wconf 89' lang='lat' dir='ltr'><strong>quia</strong></span> <span class='ocrx_word' id='word_1_811' title='bbox 1184 1039 1260 1057; x_wconf 85' lang='lat' dir='ltr'><strong>antur</strong></span> <span class='ocrx_word' id='word_1_812' title='bbox 1280 1030 1427 1065; x_wconf 85' lang='lat' dir='ltr'><strong>spiritualis</strong></span> <span class='ocrx_word' id='word_1_813' title='bbox 1442 1031 1622 1065; x_wconf 78' lang='lat' dir='ltr'><strong>fatigationem</strong></span> <span class='ocrx_word' id='word_1_814' title='bbox 1637 1041 1690 1059; x_wconf 91' lang='lat' dir='ltr'><strong>ttott</strong></span> <span class='ocrx_word' id='word_1_815' title='bbox 1704 1030 1799 1061; x_wconf 63' lang='lat' dir='ltr'><strong>sentit.</strong></span> <span class='ocrx_word' id='word_1_816' title='bbox 1813 1034 1907 1061; x_wconf 71' lang='lat' dir='ltr'><strong>Nemi-</strong></span> 
     </span>
    </p>
   </div>
   <div class='ocr_carea' id='block_1_104' title="bbox 1110 1066 1908 1102">
    <p class='ocr_par' dir='ltr' id='par_1_104' title="bbox 1110 1066 1908 1102">
     <span class='ocr_line' id='line_1_104' title="bbox 1110 1066 1908 1102; baseline 0.006 -10"><span class='ocrx_word' id='word_1_817' title='bbox 1110 1074 1170 1093; x_wconf 88' lang='lat' dir='ltr'><strong>nem</strong></span> <span class='ocrx_word' id='word_1_818' title='bbox 1193 1073 1274 1093; x_wconf 75' lang='lat' dir='ltr'><strong>sexus</strong></span> <span class='ocrx_word' id='word_1_819' title='bbox 1299 1066 1437 1093; x_wconf 88' lang='lat' dir='ltr'><strong>muliebris</strong></span> <span class='ocrx_word' id='word_1_820' title='bbox 1453 1067 1577 1099; x_wconf 87' lang='lat' dir='ltr'><strong>retmuit,</strong></span> <span class='ocrx_word' id='word_1_821' title='bbox 1592 1067 1654 1102; x_wconf 88' lang='lat' dir='ltr'><strong>quia</strong></span> <span class='ocrx_word' id='word_1_822' title='bbox 1679 1068 1747 1095; x_wconf 87' lang='lat' dir='ltr'><strong>inter</strong></span> <span class='ocrx_word' id='word_1_823' title='bbox 1766 1070 1854 1096; x_wconf 92' lang='lat' dir='ltr'><strong>virum</strong></span> <span class='ocrx_word' id='word_1_824' title='bbox 1879 1076 1908 1097; x_wconf 84' lang='lat' dir='ltr'><strong>et</strong></span> 
     </span>
    </p>
   </div>
   <div class='ocr_carea' id='block_1_105' title="bbox 1110 1102 1905 1139">
    <p class='ocr_par' dir='ltr' id='par_1_105' title="bbox 1110 1102 1905 1139">
     <span class='ocr_line' id='line_1_105' title="bbox 1110 1102 1905 1139; baseline 0.005 -11"><span class='ocrx_word' id='word_1_825' title='bbox 1110 1102 1250 1129; x_wconf 88' lang='lat' dir='ltr'><strong>mttliercm</strong></span> <span class='ocrx_word' id='word_1_826' title='bbox 1264 1103 1386 1137; x_wconf 89' lang='lat' dir='ltr'><strong>corporis</strong></span> <span class='ocrx_word' id='word_1_827' title='bbox 1399 1102 1506 1139; x_wconf 89' lang='lat' dir='ltr'><strong>quidem</strong></span> <span class='ocrx_word' id='word_1_828' title='bbox 1522 1103 1670 1139; x_wconf 85' lang='lat' dir='ltr'><strong>ditl&#39;erentia</strong></span> <span class='ocrx_word' id='word_1_829' title='bbox 1683 1108 1734 1135; x_wconf 85' lang='lat' dir='ltr'><strong>est,</strong></span> <span class='ocrx_word' id='word_1_830' title='bbox 1751 1106 1839 1139; x_wconf 82' lang='lat' dir='ltr'><strong>gratia</strong></span> <span class='ocrx_word' id='word_1_831' title='bbox 1853 1114 1905 1132; x_wconf 86' lang='lat' dir='ltr'><strong>au-</strong></span> 
     </span>
    </p>
   </div>
   <div class='ocr_carea' id='block_1_106' title="bbox 1110 1138 1907 1175">
    <p class='ocr_par' dir='ltr' id='par_1_106' title="bbox 1110 1138 1907 1175">
     <span class='ocr_line' id='line_1_106' title="bbox 1110 1138 1907 1175; baseline 0.005 -12"><span class='ocrx_word' id='word_1_832' title='bbox 1110 1141 1164 1175; x_wconf 70' lang='lat' dir='ltr'><strong>tem</strong></span> <span class='ocrx_word' id='word_1_833' title='bbox 1180 1145 1239 1175; x_wconf 73' lang='lat' dir='ltr'><strong>una</strong></span> <span class='ocrx_word' id='word_1_834' title='bbox 1253 1141 1304 1169; x_wconf 87' lang='lat' dir='ltr'><strong>est,</strong></span> <span class='ocrx_word' id='word_1_835' title='bbox 1330 1142 1357 1165; x_wconf 89' lang='lat' dir='ltr'><strong>et</strong></span> <span class='ocrx_word' id='word_1_836' title='bbox 1371 1146 1421 1164; x_wconf 87' lang='lat' dir='ltr'><strong>una</strong></span> <span class='ocrx_word' id='word_1_837' title='bbox 1433 1138 1561 1175; x_wconf 79' lang='lat' dir='ltr'><strong>conditio</strong></span> <span class='ocrx_word' id='word_1_838' title='bbox 1570 1138 1596 1175; x_wconf 88' lang='lat' dir='ltr'><strong>in</strong></span> <span class='ocrx_word' id='word_1_839' title='bbox 1610 1139 1744 1167; x_wconf 89' lang='lat' dir='ltr'><strong>ontnibtts.</strong></span> <span class='ocrx_word' id='word_1_840' title='bbox 1758 1138 1820 1167; x_wconf 33' lang='lat' dir='ltr'><strong>&#39;lllic</strong></span> <span class='ocrx_word' id='word_1_841' title='bbox 1841 1150 1907 1175; x_wconf 66' lang='lat' dir='ltr'><strong>ergo</strong></span> 
     </span>
    </p>
   </div>
   <div class='ocr_carea' id='block_1_107' title="bbox 1109 1172 1908 1214">
    <p class='ocr_par' dir='ltr' id='par_1_107' title="bbox 1109 1172 1908 1214">
     <span class='ocr_line' id='line_1_107' title="bbox 1109 1172 1908 1214; baseline 0.006 -15"><span class='ocrx_word' id='word_1_842' title='bbox 1109 1172 1257 1214; x_wconf 72' lang='lat' dir='ltr'><strong>uitii-rentia</strong></span> <span class='ocrx_word' id='word_1_843' title='bbox 1268 1179 1352 1200; x_wconf 81' lang='lat' dir='ltr'><strong>sexus</strong></span> <span class='ocrx_word' id='word_1_844' title='bbox 1357 1173 1519 1214; x_wconf 49' lang='lat' dir='ltr'><strong>Frequiritur,</strong></span> <span class='ocrx_word' id='word_1_845' title='bbox 1537 1173 1581 1201; x_wconf 89' lang='lat' dir='ltr'><strong>ubi</strong></span> <span class='ocrx_word' id='word_1_846' title='bbox 1591 1175 1797 1214; x_wconf 67' lang='lat' dir='ltr'><strong>causacarnalis</strong></span> <span class='ocrx_word' id='word_1_847' title='bbox 1811 1182 1864 1207; x_wconf 77' lang='lat' dir='ltr'><strong>est,</strong></span> <span class='ocrx_word' id='word_1_848' title='bbox 1874 1172 1908 1204; x_wconf 35' lang='lat' dir='ltr'><strong>‘ct</strong></span> 
     </span>
    </p>
   </div>
   <div class='ocr_carea' id='block_1_108' title="bbox 1109 1208 1907 1244">
    <p class='ocr_par' dir='ltr' id='par_1_108' title="bbox 1109 1208 1907 1244">
     <span class='ocr_line' id='line_1_108' title="bbox 1109 1208 1907 1244; baseline 0.005 -9"><span class='ocrx_word' id='word_1_849' title='bbox 1109 1208 1153 1235; x_wconf 87' lang='lat' dir='ltr'><strong>ttbi</strong></span> <span class='ocrx_word' id='word_1_850' title='bbox 1169 1215 1244 1242; x_wconf 85' lang='lat' dir='ltr'><strong>caro,</strong></span> <span class='ocrx_word' id='word_1_851' title='bbox 1256 1216 1309 1235; x_wconf 90' lang='lat' dir='ltr'><strong>non</strong></span> <span class='ocrx_word' id='word_1_852' title='bbox 1324 1208 1433 1243; x_wconf 84' lang='lat' dir='ltr'><strong>spiritus</strong></span> <span class='ocrx_word' id='word_1_853' title='bbox 1444 1214 1580 1243; x_wconf 88' lang='lat' dir='ltr'><strong>operatur.</strong></span> <span class='ocrx_word' id='word_1_854' title='bbox 1600 1209 1739 1237; x_wconf 85' lang='lat' dir='ltr'><strong>Neminem</strong></span> <span class='ocrx_word' id='word_1_855' title='bbox 1755 1214 1907 1244; x_wconf 84' lang='lat' dir='ltr'><strong>possessio-</strong></span> 
     </span>
    </p>
   </div>
   <div class='ocr_carea' id='block_1_109' title="bbox 1110 1244 1908 1281">
    <p class='ocr_par' dir='ltr' id='par_1_109' title="bbox 1110 1244 1908 1281">
     <span class='ocr_line' id='line_1_109' title="bbox 1110 1244 1908 1281; baseline 0.005 -11"><span class='ocrx_word' id='word_1_856' title='bbox 1110 1251 1296 1281; x_wconf 87' lang='lat' dir='ltr'><strong>num_suarum</strong></span> <span class='ocrx_word' id='word_1_857' title='bbox 1310 1244 1461 1272; x_wconf 89' lang='lat' dir='ltr'><strong>sollicitudo</strong></span> <span class='ocrx_word' id='word_1_858' title='bbox 1474 1245 1586 1281; x_wconf 80' lang='lat' dir='ltr'><strong>retraxit</strong></span> <span class='ocrx_word' id='word_1_859' title='bbox 1601 1246 1623 1277; x_wconf 70' lang='grc' dir='ltr'>ι,</span> <span class='ocrx_word' id='word_1_860' title='bbox 1647 1246 1707 1280; x_wconf 87' lang='lat' dir='ltr'><strong>quia</strong></span> <span class='ocrx_word' id='word_1_861' title='bbox 1723 1246 1908 1281; x_wconf 82' lang='lat' dir='ltr'><strong>ingredieban-</strong></span> 
     </span>
    </p>
   </div>
   <div class='ocr_carea' id='block_1_110' title="bbox 1110 1279 1906 1314">
    <p class='ocr_par' dir='ltr' id='par_1_110' title="bbox 1110 1279 1906 1314">
     <span class='ocr_line' id='line_1_110' title="bbox 1110 1279 1906 1314; baseline 0.005 -8"><span class='ocrx_word' id='word_1_862' title='bbox 1110 1285 1152 1306; x_wconf 87' lang='lat' dir='ltr'><strong>tur</strong></span> <span class='ocrx_word' id='word_1_863' title='bbox 1177 1279 1201 1305; x_wconf 92' lang='lat' dir='ltr'><strong>itt</strong></span> <span class='ocrx_word' id='word_1_864' title='bbox 1219 1281 1415 1314; x_wconf 86' lang='lat' dir='ltr'><strong>possessionem</strong></span> <span class='ocrx_word' id='word_1_865' title='bbox 1431 1280 1506 1314; x_wconf 81' lang='lat' dir='ltr'><strong>regni</strong></span> <span class='ocrx_word' id='word_1_866' title='bbox 1529 1279 1741 1308; x_wconf 59' lang='lat' dir='ltr'><strong>cmlcstistet-e</strong></span> <span class='ocrx_word' id='word_1_867' title='bbox 1752 1279 1828 1309; x_wconf 63' lang='lat' dir='ltr'><strong>cnim</strong></span> <span class='ocrx_word' id='word_1_868' title='bbox 1852 1292 1906 1310; x_wconf 84' lang='lat' dir='ltr'><strong>non</strong></span> 
     </span>
    </p>
   </div>
   <div class='ocr_carea' id='block_1_111' title="bbox 1110 1315 1906 1350">
    <p class='ocr_par' dir='ltr' id='par_1_111' title="bbox 1110 1315 1906 1350">
     <span class='ocr_line' id='line_1_111' title="bbox 1110 1315 1906 1350; baseline 0.005 -9"><span class='ocrx_word' id='word_1_869' title='bbox 1110 1315 1191 1342; x_wconf 85' lang='lat' dir='ltr'><strong>habet</strong></span> <span class='ocrx_word' id='word_1_870' title='bbox 1203 1323 1284 1350; x_wconf 85' lang='lat' dir='ltr'><strong>super</strong></span> <span class='ocrx_word' id='word_1_871' title='bbox 1299 1318 1397 1342; x_wconf 90' lang='lat' dir='ltr'><strong>terram</strong></span> <span class='ocrx_word' id='word_1_872' title='bbox 1408 1316 1479 1350; x_wconf 87' lang='lat' dir='ltr'><strong>quod</strong></span> <span class='ocrx_word' id='word_1_873' title='bbox 1487 1321 1568 1348; x_wconf 85' lang='lat' dir='ltr'><strong>amet,</strong></span> <span class='ocrx_word' id='word_1_874' title='bbox 1580 1316 1624 1350; x_wconf 90' lang='lat' dir='ltr'><strong>qui</strong></span> <span class='ocrx_word' id='word_1_875' title='bbox 1641 1315 1739 1343; x_wconf 91' lang='lat' dir='ltr'><strong>bonum</strong></span> <span class='ocrx_word' id='word_1_876' title='bbox 1751 1319 1864 1345; x_wconf 75' lang='lat' dir='ltr'><strong>easieste</strong></span> <span class='ocrx_word' id='word_1_877' title='bbox 1879 1319 1906 1346; x_wconf 89' lang='lat' dir='ltr'><strong>in</strong></span> 
     </span>
    </p>
   </div>
   <div class='ocr_carea' id='block_1_112' title="bbox 1110 1350 1908 1386">
    <p class='ocr_par' dir='ltr' id='par_1_112' title="bbox 1110 1350 1908 1386">
     <span class='ocr_line' id='line_1_112' title="bbox 1110 1350 1908 1386; baseline 0.006 -10"><span class='ocrx_word' id='word_1_878' title='bbox 1110 1350 1221 1377; x_wconf 87' lang='lat' dir='ltr'><strong>veritate</strong></span> <span class='ocrx_word' id='word_1_879' title='bbox 1235 1352 1392 1385; x_wconf 76' lang='lat' dir='ltr'><strong>gustaverit.</strong></span> <span class='ocrx_word' id='word_1_880' title='bbox 1413 1350 1488 1378; x_wconf 90' lang='lat' dir='ltr'><strong>Sicut</strong></span> <span class='ocrx_word' id='word_1_881' title='bbox 1501 1352 1571 1378; x_wconf 87' lang='lat' dir='ltr'><strong>enim</strong></span> <span class='ocrx_word' id='word_1_882' title='bbox 1584 1351 1627 1386; x_wconf 90' lang='lat' dir='ltr'><strong>qui</strong></span> <span class='ocrx_word' id='word_1_883' title='bbox 1648 1353 1794 1386; x_wconf 87' lang='lat' dir='ltr'><strong>pretiosum</strong></span> <span class='ocrx_word' id='word_1_884' title='bbox 1816 1360 1908 1386; x_wconf 71' lang='lat' dir='ltr'><strong>gusta-</strong></span> 
     </span>
    </p>
   </div>
   <div class='ocr_carea' id='block_1_113' title="bbox 1109 1386 1907 1421">
    <p class='ocr_par' dir='ltr' id='par_1_113' title="bbox 1109 1386 1907 1421">
     <span class='ocr_line' id='line_1_113' title="bbox 1109 1386 1907 1421; baseline 0.006 -10"><span class='ocrx_word' id='word_1_885' title='bbox 1109 1386 1178 1412; x_wconf 85' lang='lat' dir='ltr'><strong>verit</strong></span> <span class='ocrx_word' id='word_1_886' title='bbox 1189 1386 1277 1413; x_wconf 91' lang='lat' dir='ltr'><strong>cibum</strong></span> <span class='ocrx_word' id='word_1_887' title='bbox 1290 1406 1298 1419; x_wconf 90' lang='lat'><strong>,</strong></span> <span class='ocrx_word' id='word_1_888' title='bbox 1313 1387 1480 1421; x_wconf 85' lang='lat' dir='ltr'><strong>postmodum</strong></span> <span class='ocrx_word' id='word_1_889' title='bbox 1501 1387 1525 1413; x_wconf 87' lang='lat' dir='ltr'><strong>ei</strong></span> <span class='ocrx_word' id='word_1_890' title='bbox 1541 1386 1599 1414; x_wconf 71' lang='lat' dir='ltr'><strong>hmc</strong></span> <span class='ocrx_word' id='word_1_891' title='bbox 1610 1395 1671 1414; x_wconf 85' lang='lat' dir='ltr'><strong>esea</strong></span> <span class='ocrx_word' id='word_1_892' title='bbox 1693 1389 1845 1416; x_wconf 90' lang='lat' dir='ltr'><strong>communis</strong></span> <span class='ocrx_word' id='word_1_893' title='bbox 1868 1390 1907 1416; x_wconf 90' lang='lat' dir='ltr'><strong>itt-</strong></span> 
     </span>
    </p>
   </div>
   <div class='ocr_carea' id='block_1_114' title="bbox 1109 1421 1906 1457">
    <p class='ocr_par' dir='ltr' id='par_1_114' title="bbox 1109 1421 1906 1457">
     <span class='ocr_line' id='line_1_114' title="bbox 1109 1421 1906 1457; baseline 0.008 -11"><span class='ocrx_word' id='word_1_894' title='bbox 1109 1426 1182 1456; x_wconf 81' lang='lat' dir='ltr'><strong>grata</strong></span> <span class='ocrx_word' id='word_1_895' title='bbox 1197 1422 1299 1450; x_wconf 86' lang='lat' dir='ltr'><strong>videtur</strong></span> <span class='ocrx_word' id='word_1_896' title='bbox 1313 1432 1320 1450; x_wconf 88' lang='lat'><strong><em>:</em></strong></span> <span class='ocrx_word' id='word_1_897' title='bbox 1338 1423 1377 1451; x_wconf 86' lang='lat' dir='ltr'><strong>sic</strong></span> <span class='ocrx_word' id='word_1_898' title='bbox 1393 1423 1474 1457; x_wconf 88' lang='lat' dir='ltr'><strong>etqui</strong></span> <span class='ocrx_word' id='word_1_899' title='bbox 1489 1422 1572 1449; x_wconf 84' lang='lat' dir='ltr'><strong>semel</strong></span> <span class='ocrx_word' id='word_1_900' title='bbox 1591 1421 1624 1449; x_wconf 93' lang='lat' dir='ltr'><strong>de</strong></span> <span class='ocrx_word' id='word_1_901' title='bbox 1646 1422 1788 1450; x_wconf 88' lang='lat' dir='ltr'><strong>dulcedine</strong></span> <span class='ocrx_word' id='word_1_902' title='bbox 1805 1425 1906 1452; x_wconf 79' lang='lat' dir='ltr'><strong>Christi</strong></span> 
     </span>
    </p>
   </div>
   <div class='ocr_carea' id='block_1_115' title="bbox 1109 1457 1904 1492">
    <p class='ocr_par' dir='ltr' id='par_1_115' title="bbox 1109 1457 1904 1492">
     <span class='ocr_line' id='line_1_115' title="bbox 1109 1457 1904 1492; baseline 0.005 -8"><span class='ocrx_word' id='word_1_903' title='bbox 1109 1457 1178 1484; x_wconf 87' lang='lat' dir='ltr'><strong>bene</strong></span> <span class='ocrx_word' id='word_1_904' title='bbox 1193 1458 1347 1492; x_wconf 81' lang='lat' dir='ltr'><strong>gustaverit,</strong></span> <span class='ocrx_word' id='word_1_905' title='bbox 1362 1462 1529 1485; x_wconf 89' lang='lat' dir='ltr'><strong>terrenorum</strong></span> <span class='ocrx_word' id='word_1_906' title='bbox 1541 1458 1671 1486; x_wconf 92' lang='lat' dir='ltr'><strong>bonorum</strong></span> <span class='ocrx_word' id='word_1_907' title='bbox 1686 1459 1718 1485; x_wconf 89' lang='lat' dir='ltr'><strong>de</strong></span> <span class='ocrx_word' id='word_1_908' title='bbox 1731 1460 1833 1486; x_wconf 57' lang='lat' dir='ltr'><strong>callem</strong></span> <span class='ocrx_word' id='word_1_909' title='bbox 1851 1469 1904 1488; x_wconf 89' lang='lat' dir='ltr'><strong>non</strong></span> 
     </span>
    </p>
   </div>
   <div class='ocr_carea' id='block_1_116' title="bbox 1109 1492 1903 1528">
    <p class='ocr_par' dir='ltr' id='par_1_116' title="bbox 1109 1492 1903 1528">
     <span class='ocr_line' id='line_1_116' title="bbox 1109 1492 1903 1528; baseline 0.003 -8"><span class='ocrx_word' id='word_1_910' title='bbox 1109 1492 1223 1520; x_wconf 93' lang='lat' dir='ltr'><strong>multum</strong></span> <span class='ocrx_word' id='word_1_911' title='bbox 1240 1492 1322 1520; x_wconf 85' lang='lat' dir='ltr'><strong>sentit</strong></span> <span class='ocrx_word' id='word_1_912' title='bbox 1346 1500 1479 1527; x_wconf 86' lang='lat' dir='ltr'><strong>saporem.</strong></span> <span class='ocrx_word' id='word_1_913' title='bbox 1507 1494 1572 1527; x_wconf 86' lang='lat' dir='ltr'><strong>Quis</strong></span> <span class='ocrx_word' id='word_1_914' title='bbox 1588 1501 1640 1521; x_wconf 92' lang='lat' dir='ltr'><strong>non</strong></span> <span class='ocrx_word' id='word_1_915' title='bbox 1663 1493 1801 1522; x_wconf 82' lang='lat' dir='ltr'><strong>desideret</strong></span> <span class='ocrx_word' id='word_1_916' title='bbox 1817 1496 1903 1528; x_wconf 82' lang='lat' dir='ltr'><strong>illum,</strong></span> 
     </span>
    </p>
   </div>
   <div class='ocr_carea' id='block_1_117' title="bbox 1109 1529 1906 1564">
    <p class='ocr_par' dir='ltr' id='par_1_117' title="bbox 1109 1529 1906 1564">
     <span class='ocr_line' id='line_1_117' title="bbox 1109 1529 1906 1564; baseline 0.005 -10"><span class='ocrx_word' id='word_1_917' title='bbox 1109 1532 1155 1555; x_wconf 90' lang='lat' dir='ltr'><strong>attt</strong></span> <span class='ocrx_word' id='word_1_918' title='bbox 1166 1529 1227 1562; x_wconf 87' lang='lat' dir='ltr'><strong>quis</strong></span> <span class='ocrx_word' id='word_1_919' title='bbox 1237 1536 1290 1556; x_wconf 88' lang='lat' dir='ltr'><strong>ttott</strong></span> <span class='ocrx_word' id='word_1_920' title='bbox 1305 1533 1432 1564; x_wconf 83' lang='lat' dir='ltr'><strong>sequatur</strong></span> <span class='ocrx_word' id='word_1_921' title='bbox 1444 1536 1505 1555; x_wconf 89' lang='lat' dir='ltr'><strong>eum</strong></span> <span class='ocrx_word' id='word_1_922' title='bbox 1519 1537 1597 1564; x_wconf 82' lang='lat' dir='ltr'><strong>quem</strong></span> <span class='ocrx_word' id='word_1_923' title='bbox 1612 1529 1691 1556; x_wconf 87' lang='lat' dir='ltr'><strong>etiam</strong></span> <span class='ocrx_word' id='word_1_924' title='bbox 1702 1529 1756 1557; x_wconf 91' lang='lat' dir='ltr'><strong>duo</strong></span> <span class='ocrx_word' id='word_1_925' title='bbox 1765 1531 1843 1564; x_wconf 67' lang='lat' dir='ltr'><strong>caeci,</strong></span> <span class='ocrx_word' id='word_1_926' title='bbox 1859 1540 1906 1558; x_wconf 84' lang='lat' dir='ltr'><strong>au-</strong></span> 
     </span>
    </p>
   </div>
   <div class='ocr_carea' id='block_1_118' title="bbox 1109 1563 1907 1600">
    <p class='ocr_par' dir='ltr' id='par_1_118' title="bbox 1109 1563 1907 1600">
     <span class='ocr_line' id='line_1_118' title="bbox 1109 1563 1907 1600; baseline 0.005 -10"><span class='ocrx_word' id='word_1_927' title='bbox 1109 1568 1216 1598; x_wconf 87' lang='lat' dir='ltr'><strong>tequatn</strong></span> <span class='ocrx_word' id='word_1_928' title='bbox 1243 1563 1419 1599; x_wconf 86' lang='lat' dir='ltr'><strong>corporaliter</strong></span> <span class='ocrx_word' id='word_1_929' title='bbox 1441 1564 1571 1600; x_wconf 82' lang='lat' dir='ltr'><strong>viderent,</strong></span> <span class='ocrx_word' id='word_1_930' title='bbox 1590 1565 1765 1599; x_wconf 82' lang='lat' dir='ltr'><strong>spiritualiler</strong></span> <span class='ocrx_word' id='word_1_931' title='bbox 1787 1574 1907 1600; x_wconf 72' lang='lat' dir='ltr'><strong>aspexe-</strong></span> 
     </span>
    </p>
   </div>
   <div class='ocr_carea' id='block_1_119' title="bbox 1110 1599 1905 1634">
    <p class='ocr_par' dir='ltr' id='par_1_119' title="bbox 1110 1599 1905 1634">
     <span class='ocr_line' id='line_1_119' title="bbox 1110 1599 1905 1634; baseline 0.004 -8"><span class='ocrx_word' id='word_1_932' title='bbox 1110 1605 1182 1631; x_wconf 84' lang='lat' dir='ltr'><strong>runt,</strong></span> <span class='ocrx_word' id='word_1_933' title='bbox 1196 1604 1222 1626; x_wconf 90' lang='lat' dir='ltr'><strong>et</strong></span> <span class='ocrx_word' id='word_1_934' title='bbox 1237 1604 1380 1634; x_wconf 89' lang='lat' dir='ltr'><strong>antequatn</strong></span> <span class='ocrx_word' id='word_1_935' title='bbox 1398 1599 1522 1627; x_wconf 85' lang='lat' dir='ltr'><strong>audirent</strong></span> <span class='ocrx_word' id='word_1_936' title='bbox 1534 1621 1540 1632; x_wconf 86' lang='lat'><strong>,</strong></span> <span class='ocrx_word' id='word_1_937' title='bbox 1565 1600 1756 1628; x_wconf 84' lang='lat' dir='ltr'><strong>crediderunt?</strong></span> <span class='ocrx_word' id='word_1_938' title='bbox 1773 1599 1905 1629; x_wconf 67' lang='lat' dir='ltr'><strong>Nimirum</strong></span> 
     </span>
    </p>
   </div>
   <div class='ocr_carea' id='block_1_120' title="bbox 1109 1634 1904 1671">
    <p class='ocr_par' dir='ltr' id='par_1_120' title="bbox 1109 1634 1904 1671">
     <span class='ocr_line' id='line_1_120' title="bbox 1109 1634 1904 1671; baseline 0.004 -10"><span class='ocrx_word' id='word_1_939' title='bbox 1109 1634 1167 1662; x_wconf 67' lang='lat' dir='ltr'><strong>htcc</strong></span> <span class='ocrx_word' id='word_1_940' title='bbox 1179 1640 1220 1662; x_wconf 73' lang='lat' dir='ltr'><strong>est</strong></span> <span class='ocrx_word' id='word_1_941' title='bbox 1232 1635 1276 1662; x_wconf 89' lang='lat' dir='ltr'><strong>illa</strong></span> <span class='ocrx_word' id='word_1_942' title='bbox 1290 1642 1351 1671; x_wconf 80' lang='lat' dir='ltr'><strong>rosa</strong></span> <span class='ocrx_word' id='word_1_943' title='bbox 1366 1635 1392 1662; x_wconf 91' lang='lat' dir='ltr'><strong>itt</strong></span> <span class='ocrx_word' id='word_1_944' title='bbox 1406 1636 1508 1670; x_wconf 74' lang='lat' dir='ltr'><strong>eampis</strong></span> <span class='ocrx_word' id='word_1_945' title='bbox 1518 1635 1636 1668; x_wconf 79' lang='lat' dir='ltr'><strong>Jericlto,</strong></span> <span class='ocrx_word' id='word_1_946' title='bbox 1653 1636 1686 1663; x_wconf 87' lang='lat' dir='ltr'><strong>de</strong></span> <span class='ocrx_word' id='word_1_947' title='bbox 1699 1645 1749 1671; x_wconf 86' lang='lat' dir='ltr'><strong>qua</strong></span> <span class='ocrx_word' id='word_1_948' title='bbox 1765 1636 1904 1671; x_wconf 82' lang='lat' dir='ltr'><strong>Sapientia</strong></span> 
     </span>
    </p>
   </div>
   <div class='ocr_carea' id='block_1_121' title="bbox 1110 1670 1906 1706">
    <p class='ocr_par' dir='ltr' id='par_1_121' title="bbox 1110 1670 1906 1706">
     <span class='ocr_line' id='line_1_121' title="bbox 1110 1670 1906 1706; baseline 0.003 -9"><span class='ocrx_word' id='word_1_949' title='bbox 1110 1671 1227 1706; x_wconf 80' lang='lat' dir='ltr'><strong>loquitur</strong></span> <span class='ocrx_word' id='word_1_950' title='bbox 1240 1678 1288 1705; x_wconf 89' lang='lat' dir='ltr'><strong>per</strong></span> <span class='ocrx_word' id='word_1_951' title='bbox 1300 1670 1472 1698; x_wconf 84' lang='lat' dir='ltr'><strong>Salomonem</strong></span> <span class='ocrx_word' id='word_1_952' title='bbox 1489 1680 1494 1698; x_wconf 89' lang='lat'>:</span> <span class='ocrx_word' id='word_1_953' title='bbox 1517 1671 1589 1698; x_wconf 83' lang='lat' dir='ltr'><strong>Sicut</strong></span> <span class='ocrx_word' id='word_1_954' title='bbox 1604 1672 1691 1706; x_wconf 86' lang='lat' dir='ltr'><strong>palma</strong></span> <span class='ocrx_word' id='word_1_955' title='bbox 1709 1670 1831 1699; x_wconf 72' lang='lat' dir='ltr'><strong>excitata</strong></span> <span class='ocrx_word' id='word_1_956' title='bbox 1850 1683 1906 1700; x_wconf 76' lang='lat' dir='ltr'><strong>sunt</strong></span> 
     </span>
    </p>
   </div>
   <div class='ocr_carea' id='block_1_122' title="bbox 1109 1705 1904 1742">
    <p class='ocr_par' dir='ltr' id='par_1_122' title="bbox 1109 1705 1904 1742">
     <span class='ocr_line' id='line_1_122' title="bbox 1109 1705 1904 1742; baseline 0.005 -10"><span class='ocrx_word' id='word_1_957' title='bbox 1109 1706 1134 1732; x_wconf 85' lang='lat' dir='ltr'><strong>in</strong></span> <span class='ocrx_word' id='word_1_958' title='bbox 1145 1705 1237 1742; x_wconf 60' lang='lat' dir='ltr'><strong>Ctltltii,</strong></span> <span class='ocrx_word' id='word_1_959' title='bbox 1251 1711 1273 1733; x_wconf 84' lang='lat' dir='ltr'><strong>et</strong></span> <span class='ocrx_word' id='word_1_960' title='bbox 1286 1707 1350 1733; x_wconf 79' lang='lat' dir='ltr'><strong>sicut</strong></span> <span class='ocrx_word' id='word_1_961' title='bbox 1372 1706 1496 1738; x_wconf 74' lang='lat' dir='ltr'><strong>plautalia</strong></span> <span class='ocrx_word' id='word_1_962' title='bbox 1514 1713 1578 1733; x_wconf 73' lang='lat' dir='ltr'><strong>roso:</strong></span> <span class='ocrx_word' id='word_1_963' title='bbox 1591 1705 1617 1733; x_wconf 76' lang='lat' dir='ltr'><strong>in</strong></span> <span class='ocrx_word' id='word_1_964' title='bbox 1629 1706 1732 1734; x_wconf 78' lang='lat' dir='ltr'><strong>Iericho</strong></span> <span class='ocrx_word' id='word_1_965' title='bbox 1747 1707 1845 1742; x_wconf 75' lang='grc' dir='ltr'><strong>(ΕειἸί.</strong></span> <span class='ocrx_word' id='word_1_966' title='bbox 1861 1709 1904 1736; x_wconf 75' lang='lat'><strong>2|.</strong></span> 
     </span>
    </p>
   </div>
   <div class='ocr_carea' id='block_1_123' title="bbox 1110 1741 1906 1776">
    <p class='ocr_par' dir='ltr' id='par_1_123' title="bbox 1110 1741 1906 1776">
     <span class='ocr_line' id='line_1_123' title="bbox 1110 1741 1906 1776; baseline 0.005 -8"><span class='ocrx_word' id='word_1_967' title='bbox 1110 1742 1174 1776; x_wconf 83' lang='grc'><strong>18).</strong></span> <span class='ocrx_word' id='word_1_968' title='bbox 1189 1741 1261 1776; x_wconf 81' lang='lat' dir='ltr'><strong>Ergo</strong></span> <span class='ocrx_word' id='word_1_969' title='bbox 1275 1741 1332 1768; x_wconf 73' lang='lat' dir='ltr'><strong>lucc</strong></span> <span class='ocrx_word' id='word_1_970' title='bbox 1346 1747 1387 1769; x_wconf 88' lang='lat' dir='ltr'><strong>est</strong></span> <span class='ocrx_word' id='word_1_971' title='bbox 1407 1742 1451 1769; x_wconf 86' lang='lat' dir='ltr'><strong>illa</strong></span> <span class='ocrx_word' id='word_1_972' title='bbox 1463 1742 1659 1776; x_wconf 82' lang='lat' dir='ltr'><strong>speciosissima</strong></span> <span class='ocrx_word' id='word_1_973' title='bbox 1673 1741 1906 1775; x_wconf 32' lang='lat' dir='ltr'><strong>rosa,’sanctitatc</strong></span> 
     </span>
    </p>
   </div>
   <div class='ocr_carea' id='block_1_124' title="bbox 1106 1777 1903 1813">
    <p class='ocr_par' dir='ltr' id='par_1_124' title="bbox 1106 1777 1903 1813">
     <span class='ocr_line' id='line_1_124' title="bbox 1106 1777 1903 1813; baseline 0.004 -9"><span class='ocrx_word' id='word_1_974' title='bbox 1106 1777 1216 1811; x_wconf 74' lang='lat' dir='ltr'><strong>justitize</strong></span> <span class='ocrx_word' id='word_1_975' title='bbox 1236 1777 1358 1809; x_wconf 83' lang='lat' dir='ltr'><strong>candida,</strong></span> <span class='ocrx_word' id='word_1_976' title='bbox 1386 1782 1412 1804; x_wconf 89' lang='lat' dir='ltr'><strong>et</strong></span> <span class='ocrx_word' id='word_1_977' title='bbox 1436 1777 1566 1812; x_wconf 77' lang='lat' dir='ltr'><strong>passionis</strong></span> <span class='ocrx_word' id='word_1_978' title='bbox 1593 1779 1719 1813; x_wconf 77' lang='lat' dir='ltr'><strong>sanguine</strong></span> <span class='ocrx_word' id='word_1_979' title='bbox 1742 1779 1903 1808; x_wconf 80' lang='lat' dir='ltr'><strong>rubicunda.</strong></span> 
     </span>
    </p>
   </div>
   <div class='ocr_carea' id='block_1_125' title="bbox 1108 1813 1906 1847">
    <p class='ocr_par' dir='ltr' id='par_1_125' title="bbox 1108 1813 1906 1847">
     <span class='ocr_line' id='line_1_125' title="bbox 1108 1813 1906 1847; baseline 0.004 -7"><span class='ocrx_word' id='word_1_980' title='bbox 1108 1813 1184 1840; x_wconf 79' lang='lat' dir='ltr'><strong>Sicut</strong></span> <span class='ocrx_word' id='word_1_981' title='bbox 1195 1813 1265 1839; x_wconf 90' lang='lat' dir='ltr'><strong>enint</strong></span> <span class='ocrx_word' id='word_1_982' title='bbox 1280 1820 1339 1839; x_wconf 88' lang='lat' dir='ltr'><strong>rosa</strong></span> <span class='ocrx_word' id='word_1_983' title='bbox 1354 1817 1495 1847; x_wconf 85' lang='lat' dir='ltr'><strong>antequam</strong></span> <span class='ocrx_word' id='word_1_984' title='bbox 1505 1813 1635 1846; x_wconf 87' lang='lat' dir='ltr'><strong>videatur,</strong></span> <span class='ocrx_word' id='word_1_985' title='bbox 1647 1814 1771 1847; x_wconf 87' lang='lat' dir='ltr'><strong>sentitur,</strong></span> <span class='ocrx_word' id='word_1_986' title='bbox 1787 1819 1815 1841; x_wconf 88' lang='lat' dir='ltr'><strong>et</strong></span> <span class='ocrx_word' id='word_1_987' title='bbox 1830 1820 1906 1844; x_wconf 76' lang='lat' dir='ltr'><strong>antc-</strong></span> 
     </span>
    </p>
   </div>
   <div class='ocr_carea' id='block_1_126' title="bbox 1108 1849 1905 1882">
    <p class='ocr_par' dir='ltr' id='par_1_126' title="bbox 1108 1849 1905 1882">
     <span class='ocr_line' id='line_1_126' title="bbox 1108 1849 1905 1882; baseline 0.006 -8"><span class='ocrx_word' id='word_1_988' title='bbox 1108 1857 1186 1882; x_wconf 86' lang='lat' dir='ltr'><strong>quant</strong></span> <span class='ocrx_word' id='word_1_989' title='bbox 1210 1849 1374 1880; x_wconf 86' lang='lat' dir='ltr'><strong>inveniatur,</strong></span> <span class='ocrx_word' id='word_1_990' title='bbox 1399 1853 1504 1876; x_wconf 88' lang='lat' dir='ltr'><strong>tettetur</strong></span> <span class='ocrx_word' id='word_1_991' title='bbox 1531 1849 1556 1876; x_wconf 93' lang='lat' dir='ltr'><strong>in</strong></span> <span class='ocrx_word' id='word_1_992' title='bbox 1580 1849 1706 1877; x_wconf 89' lang='lat' dir='ltr'><strong>odoribus</strong></span> <span class='ocrx_word' id='word_1_993' title='bbox 1718 1850 1774 1876; x_wconf 79' lang='lat' dir='ltr'><strong>suis</strong></span> <span class='ocrx_word' id='word_1_994' title='bbox 1795 1859 1802 1876; x_wconf 86' lang='lat'><strong>:</strong></span> <span class='ocrx_word' id='word_1_995' title='bbox 1820 1851 1861 1878; x_wconf 89' lang='lat' dir='ltr'><strong>sic</strong></span> <span class='ocrx_word' id='word_1_996' title='bbox 1880 1857 1905 1879; x_wconf 79' lang='lat' dir='ltr'><strong>et</strong></span> 
     </span>
    </p>
   </div>
   <div class='ocr_carea' id='block_1_127' title="bbox 1104 1883 1904 1921">
    <p class='ocr_par' dir='ltr' id='par_1_127' title="bbox 1104 1883 1904 1921">
     <span class='ocr_line' id='line_1_127' title="bbox 1104 1883 1904 1921; baseline 0.005 -11"><span class='ocrx_word' id='word_1_997' title='bbox 1104 1883 1249 1921; x_wconf 75' lang='lat' dir='ltr'><strong>Dominum</strong></span> <span class='ocrx_word' id='word_1_998' title='bbox 1263 1888 1443 1921; x_wconf 78' lang='lat' dir='ltr'><strong>transeuntem</strong></span> <span class='ocrx_word' id='word_1_999' title='bbox 1457 1883 1489 1921; x_wconf 84' lang='lat' dir='ltr'><strong>de</strong></span> <span class='ocrx_word' id='word_1_1000' title='bbox 1507 1884 1585 1919; x_wconf 79' lang='lat' dir='ltr'><strong>longe</strong></span> <span class='ocrx_word' id='word_1_1001' title='bbox 1595 1906 1602 1916; x_wconf 88' lang='lat'><strong>,</strong></span> <span class='ocrx_word' id='word_1_1002' title='bbox 1616 1884 1669 1912; x_wconf 89' lang='lat' dir='ltr'><strong>duo</strong></span> <span class='ocrx_word' id='word_1_1003' title='bbox 1683 1886 1746 1912; x_wconf 73' lang='lat' dir='ltr'><strong>cazci</strong></span> <span class='ocrx_word' id='word_1_1004' title='bbox 1759 1890 1904 1921; x_wconf 83' lang='lat' dir='ltr'><strong>antequam</strong></span> 
     </span>
    </p>
   </div>
   <div class='ocr_carea' id='block_1_128' title="bbox 1107 1919 1904 1955">
    <p class='ocr_par' dir='ltr' id='par_1_128' title="bbox 1107 1919 1904 1955">
     <span class='ocr_line' id='line_1_128' title="bbox 1107 1919 1904 1955; baseline 0.004 -9"><span class='ocrx_word' id='word_1_1005' title='bbox 1107 1919 1228 1955; x_wconf 79' lang='lat' dir='ltr'><strong>viderent</strong></span> <span class='ocrx_word' id='word_1_1006' title='bbox 1243 1939 1250 1949; x_wconf 84' lang='lat'><strong>.</strong></span> <span class='ocrx_word' id='word_1_1007' title='bbox 1273 1919 1418 1946; x_wconf 74' lang='lat' dir='ltr'><strong>divinitatis</strong></span> <span class='ocrx_word' id='word_1_1008' title='bbox 1437 1919 1505 1955; x_wconf 29' lang='lat' dir='ltr'><strong>&quot;ejus</strong></span> <span class='ocrx_word' id='word_1_1009' title='bbox 1544 1921 1714 1955; x_wconf 77' lang='lat' dir='ltr'><strong>lragrantiam</strong></span> <span class='ocrx_word' id='word_1_1010' title='bbox 1748 1919 1904 1949; x_wconf 74' lang='lat' dir='ltr'><strong>senserunt.</strong></span> 
     </span>
    </p>
   </div>
   <div class='ocr_carea' id='block_1_129' title="bbox 1107 1953 1903 1991">
    <p class='ocr_par' dir='ltr' id='par_1_129' title="bbox 1107 1953 1903 1991">
     <span class='ocr_line' id='line_1_129' title="bbox 1107 1953 1903 1991; baseline 0.001 -8"><span class='ocrx_word' id='word_1_1011' title='bbox 1107 1955 1152 1983; x_wconf 78' lang='lat'><strong>50.</strong></span> <span class='ocrx_word' id='word_1_1012' title='bbox 1168 1953 1270 1991; x_wconf 72' lang='lat' dir='ltr'><strong>Etecce</strong></span> <span class='ocrx_word' id='word_1_1013' title='bbox 1279 1955 1330 1981; x_wconf 87' lang='lat' dir='ltr'><strong>duo</strong></span> <span class='ocrx_word' id='word_1_1014' title='bbox 1347 1955 1415 1982; x_wconf 71' lang='lat' dir='ltr'><strong>arci.</strong></span> <span class='ocrx_word' id='word_1_1015' title='bbox 1432 1954 1514 1988; x_wconf 84' lang='lat' dir='ltr'><strong>Ecce,</strong></span> <span class='ocrx_word' id='word_1_1016' title='bbox 1532 1953 1662 1987; x_wconf 73' lang='lat' dir='ltr'><strong>dicendo,</strong></span> <span class='ocrx_word' id='word_1_1017' title='bbox 1676 1958 1903 1991; x_wconf 69' lang='lat' dir='ltr'><strong>opportunitati-nt</strong></span> 
     </span>
    </p>
   </div>
   <div class='ocr_carea' id='block_1_130' title="bbox 1107 1990 1903 2025">
    <p class='ocr_par' dir='ltr' id='par_1_130' title="bbox 1107 1990 1903 2025">
     <span class='ocr_line' id='line_1_130' title="bbox 1107 1990 1903 2025; baseline 0.001 -7"><span class='ocrx_word' id='word_1_1018' title='bbox 1107 1990 1225 2018; x_wconf 89' lang='lat' dir='ltr'><strong>ostendit</strong></span> <span class='ocrx_word' id='word_1_1019' title='bbox 1241 2000 1247 2017; x_wconf 75' lang='grc' dir='ltr'>ί</span> <span class='ocrx_word' id='word_1_1020' title='bbox 1262 1990 1312 2017; x_wconf 90' lang='lat' dir='ltr'><strong>ltoc</strong></span> <span class='ocrx_word' id='word_1_1021' title='bbox 1325 1995 1374 2023; x_wconf 88' lang='lat' dir='ltr'><strong>est,</strong></span> <span class='ocrx_word' id='word_1_1022' title='bbox 1392 1996 1542 2025; x_wconf 89' lang='lat' dir='ltr'><strong>opporlttne</strong></span> <span class='ocrx_word' id='word_1_1023' title='bbox 1557 1991 1637 2018; x_wconf 91' lang='lat' dir='ltr'><strong>oblati</strong></span> <span class='ocrx_word' id='word_1_1024' title='bbox 1651 1997 1713 2019; x_wconf 88' lang='lat' dir='ltr'><strong>sunt</strong></span> <span class='ocrx_word' id='word_1_1025' title='bbox 1728 1996 1792 2019; x_wconf 86' lang='lat' dir='ltr'><strong>ante</strong></span> <span class='ocrx_word' id='word_1_1026' title='bbox 1808 1992 1903 2020; x_wconf 79' lang='lat' dir='ltr'><strong>faciem</strong></span> 
     </span>
    </p>
   </div>
   <div class='ocr_carea' id='block_1_131' title="bbox 1107 2025 1903 2062">
    <p class='ocr_par' dir='ltr' id='par_1_131' title="bbox 1107 2025 1903 2062">
     <span class='ocr_line' id='line_1_131' title="bbox 1107 2025 1903 2062; baseline 0.003 -9"><span class='ocrx_word' id='word_1_1027' title='bbox 1107 2025 1215 2062; x_wconf 84' lang='lat' dir='ltr'><strong>Christi.</strong></span> <span class='ocrx_word' id='word_1_1028' title='bbox 1234 2030 1262 2052; x_wconf 88' lang='lat' dir='ltr'><strong>ttt</strong></span> <span class='ocrx_word' id='word_1_1029' title='bbox 1280 2026 1380 2060; x_wconf 87' lang='lat' dir='ltr'><strong>apertis</strong></span> <span class='ocrx_word' id='word_1_1030' title='bbox 1392 2027 1487 2062; x_wconf 83' lang='lat' dir='ltr'><strong>oculis,</strong></span> <span class='ocrx_word' id='word_1_1031' title='bbox 1509 2028 1584 2061; x_wconf 88' lang='lat' dir='ltr'><strong>quasi</strong></span> <span class='ocrx_word' id='word_1_1032' title='bbox 1608 2031 1688 2053; x_wconf 82' lang='lat' dir='ltr'><strong>testes</strong></span> <span class='ocrx_word' id='word_1_1033' title='bbox 1703 2027 1810 2062; x_wconf 84' lang='lat' dir='ltr'><strong>virtutis</strong></span> <span class='ocrx_word' id='word_1_1034' title='bbox 1833 2029 1903 2062; x_wconf 84' lang='lat' dir='ltr'><strong>ejus,</strong></span> 
     </span>
    </p>
   </div>
   <div class='ocr_carea' id='block_1_132' title="bbox 1107 2061 1903 2097">
    <p class='ocr_par' dir='ltr' id='par_1_132' title="bbox 1107 2061 1903 2097">
     <span class='ocr_line' id='line_1_132' title="bbox 1107 2061 1903 2097; baseline -0.001 -8"><span class='ocrx_word' id='word_1_1035' title='bbox 1107 2061 1283 2097; x_wconf 78' lang='lat' dir='ltr'><strong>ascenderem</strong></span> <span class='ocrx_word' id='word_1_1036' title='bbox 1294 2069 1354 2088; x_wconf 92' lang='lat' dir='ltr'><strong>cum</strong></span> <span class='ocrx_word' id='word_1_1037' title='bbox 1369 2069 1401 2088; x_wconf 89' lang='lat' dir='ltr'><strong>eo</strong></span> <span class='ocrx_word' id='word_1_1038' title='bbox 1412 2062 1438 2088; x_wconf 93' lang='lat' dir='ltr'><strong>in</strong></span> <span class='ocrx_word' id='word_1_1039' title='bbox 1449 2061 1595 2089; x_wconf 56' lang='lat' dir='ltr'><strong>Jerusalem</strong></span> <span class='ocrx_word' id='word_1_1040' title='bbox 1607 2071 1613 2089; x_wconf 90' lang='lat'>:</span> <span class='ocrx_word' id='word_1_1041' title='bbox 1626 2062 1686 2097; x_wconf 86' lang='lat' dir='ltr'><strong>quia</strong></span> <span class='ocrx_word' id='word_1_1042' title='bbox 1699 2061 1818 2090; x_wconf 82' lang='lat' dir='ltr'><strong>futurum</strong></span> <span class='ocrx_word' id='word_1_1043' title='bbox 1834 2061 1903 2095; x_wconf 72' lang='lat' dir='ltr'><strong>erat,</strong></span> 
     </span>
    </p>
   </div>
   <div class='ocr_carea' id='block_1_133' title="bbox 1108 2096 1904 2132">
    <p class='ocr_par' dir='ltr' id='par_1_133' title="bbox 1108 2096 1904 2132">
     <span class='ocr_line' id='line_1_133' title="bbox 1108 2096 1904 2132; baseline 0.003 -8"><span class='ocrx_word' id='word_1_1044' title='bbox 1108 2103 1137 2124; x_wconf 93' lang='lat' dir='ltr'><strong>ttt</strong></span> <span class='ocrx_word' id='word_1_1045' title='bbox 1151 2096 1304 2124; x_wconf 81' lang='lat' dir='ltr'><strong>sacerdotes</strong></span> <span class='ocrx_word' id='word_1_1046' title='bbox 1319 2097 1413 2131; x_wconf 81' lang='lat' dir='ltr'><strong>repleti</strong></span> <span class='ocrx_word' id='word_1_1047' title='bbox 1437 2097 1533 2124; x_wconf 82' lang='lat' dir='ltr'><strong>invidia</strong></span> <span class='ocrx_word' id='word_1_1048' title='bbox 1545 2118 1553 2130; x_wconf 90' lang='lat'><strong>,</strong></span> <span class='ocrx_word' id='word_1_1049' title='bbox 1574 2096 1694 2125; x_wconf 84' lang='lat' dir='ltr'><strong>dicerent</strong></span> <span class='ocrx_word' id='word_1_1050' title='bbox 1707 2103 1802 2125; x_wconf 85' lang='lat' dir='ltr'><strong>contra</strong></span> <span class='ocrx_word' id='word_1_1051' title='bbox 1821 2106 1883 2126; x_wconf 88' lang='lat' dir='ltr'><strong>eum</strong></span> <span class='ocrx_word' id='word_1_1052' title='bbox 1896 2121 1904 2132; x_wconf 83' lang='lat'><strong>,</strong></span> 
     </span>
    </p>
   </div>
   <div class='ocr_carea' id='block_1_134' title="bbox 1107 2132 1905 2169">
    <p class='ocr_par' dir='ltr' id='par_1_134' title="bbox 1107 2132 1905 2169">
     <span class='ocr_line' id='line_1_134' title="bbox 1107 2132 1905 2169; baseline 0.001 -9"><span class='ocrx_word' id='word_1_1053' title='bbox 1107 2133 1136 2160; x_wconf 88' lang='lat' dir='ltr'><strong>In</strong></span> <span class='ocrx_word' id='word_1_1054' title='bbox 1149 2140 1200 2167; x_wconf 85' lang='lat' dir='ltr'><strong>qua</strong></span> <span class='ocrx_word' id='word_1_1055' title='bbox 1215 2137 1346 2167; x_wconf 80' lang='lat' dir='ltr'><strong>potestate</strong></span> <span class='ocrx_word' id='word_1_1056' title='bbox 1363 2133 1428 2160; x_wconf 78' lang='lat' dir='ltr'><strong>lacis</strong></span> <span class='ocrx_word' id='word_1_1057' title='bbox 1442 2133 1498 2160; x_wconf 72' lang='lat' dir='ltr'><strong>lucc</strong></span> <span class='ocrx_word' id='word_1_1058' title='bbox 1509 2133 1520 2160; x_wconf 70' lang='grc' dir='ltr'><strong><em>’ἒ</em></strong></span> <span class='ocrx_word' id='word_1_1059' title='bbox 1531 2138 1558 2159; x_wconf 84' lang='grc' dir='ltr'><strong>ιιι</strong></span> <span class='ocrx_word' id='word_1_1060' title='bbox 1572 2132 1697 2160; x_wconf 86' lang='lat' dir='ltr'><strong>videlicet</strong></span> <span class='ocrx_word' id='word_1_1061' title='bbox 1707 2134 1770 2160; x_wconf 86' lang='lat' dir='ltr'><strong>ca-ci</strong></span> <span class='ocrx_word' id='word_1_1062' title='bbox 1788 2142 1905 2169; x_wconf 70' lang='lat' dir='ltr'><strong>respon-</strong></span> 
     </span>
    </p>
   </div>
   <div class='ocr_carea' id='block_1_135' title="bbox 1107 2169 1901 2203">
    <p class='ocr_par' dir='ltr' id='par_1_135' title="bbox 1107 2169 1901 2203">
     <span class='ocr_line' id='line_1_135' title="bbox 1107 2169 1901 2203; baseline 0.003 -8"><span class='ocrx_word' id='word_1_1063' title='bbox 1107 2169 1204 2200; x_wconf 90' lang='lat' dir='ltr'><strong>deant,</strong></span> <span class='ocrx_word' id='word_1_1064' title='bbox 1218 2169 1267 2194; x_wconf 82' lang='lat' dir='ltr'><strong>etsi</strong></span> <span class='ocrx_word' id='word_1_1065' title='bbox 1283 2176 1335 2194; x_wconf 91' lang='lat' dir='ltr'><strong>non</strong></span> <span class='ocrx_word' id='word_1_1066' title='bbox 1349 2175 1429 2200; x_wconf 80' lang='lat' dir='ltr'><strong>voce,</strong></span> <span class='ocrx_word' id='word_1_1067' title='bbox 1447 2173 1534 2195; x_wconf 83' lang='lat' dir='ltr'><strong>tamen</strong></span> <span class='ocrx_word' id='word_1_1068' title='bbox 1557 2169 1612 2203; x_wconf 86' lang='lat' dir='ltr'><strong>ipsa</strong></span> <span class='ocrx_word' id='word_1_1069' title='bbox 1627 2176 1672 2195; x_wconf 86' lang='lat' dir='ltr'><strong>re:</strong></span> <span class='ocrx_word' id='word_1_1070' title='bbox 1688 2169 1758 2196; x_wconf 81' lang='lat' dir='ltr'><strong>Ecce</strong></span> <span class='ocrx_word' id='word_1_1071' title='bbox 1771 2177 1820 2197; x_wconf 91' lang='lat' dir='ltr'><strong>nos</strong></span> <span class='ocrx_word' id='word_1_1072' title='bbox 1836 2171 1901 2197; x_wconf 75' lang='lat' dir='ltr'><strong>ca-ci</strong></span> 
     </span>
    </p>
   </div>
   <div class='ocr_carea' id='block_1_136' title="bbox 1108 2203 1904 2240">
    <p class='ocr_par' dir='ltr' id='par_1_136' title="bbox 1108 2203 1904 2240">
     <span class='ocr_line' id='line_1_136' title="bbox 1108 2203 1904 2240; baseline 0.001 -10"><span class='ocrx_word' id='word_1_1073' title='bbox 1108 2205 1215 2240; x_wconf 79' lang='lat' dir='ltr'><strong>fuimus,</strong></span> <span class='ocrx_word' id='word_1_1074' title='bbox 1231 2207 1258 2240; x_wconf 84' lang='lat' dir='ltr'><strong>et</strong></span> <span class='ocrx_word' id='word_1_1075' title='bbox 1271 2204 1400 2240; x_wconf 82' lang='lat' dir='ltr'><strong>videmus.</strong></span> <span class='ocrx_word' id='word_1_1076' title='bbox 1411 2203 1479 2240; x_wconf 81' lang='lat' dir='ltr'><strong>Quid</strong></span> <span class='ocrx_word' id='word_1_1077' title='bbox 1492 2211 1554 2240; x_wconf 72' lang='lat' dir='ltr'><strong>ergo</strong></span> <span class='ocrx_word' id='word_1_1078' title='bbox 1563 2204 1596 2231; x_wconf 78' lang='lat' dir='ltr'><strong>de</strong></span> <span class='ocrx_word' id='word_1_1079' title='bbox 1608 2209 1739 2238; x_wconf 86' lang='lat' dir='ltr'><strong>potestate</strong></span> <span class='ocrx_word' id='word_1_1080' title='bbox 1753 2206 1904 2240; x_wconf 72' lang='lat' dir='ltr'><strong>requiritis,</strong></span> 
     </span>
    </p>
   </div>
   <div class='ocr_carea' id='block_1_137' title="bbox 1107 2239 1904 2275">
    <p class='ocr_par' dir='ltr' id='par_1_137' title="bbox 1107 2239 1904 2275">
     <span class='ocr_line' id='line_1_137' title="bbox 1107 2239 1904 2275; baseline 0.001 -9"><span class='ocrx_word' id='word_1_1081' title='bbox 1107 2240 1151 2274; x_wconf 91' lang='lat' dir='ltr'><strong>qui</strong></span> <span class='ocrx_word' id='word_1_1082' title='bbox 1167 2239 1262 2265; x_wconf 86' lang='lat' dir='ltr'><strong>videtis</strong></span> <span class='ocrx_word' id='word_1_1083' title='bbox 1280 2239 1425 2266; x_wconf 84' lang='lat' dir='ltr'><strong>virtutem?</strong></span> <span class='ocrx_word' id='word_1_1084' title='bbox 1438 2239 1605 2271; x_wconf 83' lang='lat' dir='ltr'><strong>Erubescitc,</strong></span> <span class='ocrx_word' id='word_1_1085' title='bbox 1619 2240 1739 2267; x_wconf 84' lang='lat' dir='ltr'><strong>carnales</strong></span> <span class='ocrx_word' id='word_1_1086' title='bbox 1753 2241 1824 2267; x_wconf 91' lang='lat' dir='ltr'><strong>oculi</strong></span> <span class='ocrx_word' id='word_1_1087' title='bbox 1837 2261 1844 2272; x_wconf 92' lang='lat'><strong>,</strong></span> <span class='ocrx_word' id='word_1_1088' title='bbox 1859 2242 1904 2275; x_wconf 90' lang='lat' dir='ltr'><strong>qtti</strong></span> 
     </span>
    </p>
   </div>
   <div class='ocr_carea' id='block_1_138' title="bbox 1107 2275 1904 2310">
    <p class='ocr_par' dir='ltr' id='par_1_138' title="bbox 1107 2275 1904 2310">
     <span class='ocr_line' id='line_1_138' title="bbox 1107 2275 1904 2310; baseline 0.001 -8"><span class='ocrx_word' id='word_1_1089' title='bbox 1107 2280 1169 2302; x_wconf 87' lang='lat' dir='ltr'><strong>ante</strong></span> <span class='ocrx_word' id='word_1_1090' title='bbox 1184 2282 1231 2301; x_wconf 90' lang='lat' dir='ltr'><strong>vos</strong></span> <span class='ocrx_word' id='word_1_1091' title='bbox 1246 2275 1380 2302; x_wconf 86' lang='lat' dir='ltr'><strong>Christum</strong></span> <span class='ocrx_word' id='word_1_1092' title='bbox 1393 2279 1507 2302; x_wconf 77' lang='lat' dir='ltr'><strong>stantem</strong></span> <span class='ocrx_word' id='word_1_1093' title='bbox 1522 2283 1572 2302; x_wconf 89' lang='lat' dir='ltr'><strong>tton</strong></span> <span class='ocrx_word' id='word_1_1094' title='bbox 1585 2275 1712 2309; x_wconf 87' lang='lat' dir='ltr'><strong>aspicitis,</strong></span> <span class='ocrx_word' id='word_1_1095' title='bbox 1729 2283 1809 2310; x_wconf 87' lang='lat' dir='ltr'><strong>quem</strong></span> <span class='ocrx_word' id='word_1_1096' title='bbox 1822 2278 1904 2303; x_wconf 71' lang='lat' dir='ltr'><strong>etiam</strong></span> 
     </span>
    </p>
   </div>
   <div class='ocr_carea' id='block_1_139' title="bbox 1107 2310 1902 2343">
    <p class='ocr_par' dir='ltr' id='par_1_139' title="bbox 1107 2310 1902 2343">
     <span class='ocr_line' id='line_1_139' title="bbox 1107 2310 1902 2343; baseline -0.001 -5"><span class='ocrx_word' id='word_1_1097' title='bbox 1107 2310 1277 2338; x_wconf 84' lang='lat' dir='ltr'><strong>crediderunt</strong></span> <span class='ocrx_word' id='word_1_1098' title='bbox 1287 2311 1340 2338; x_wconf 91' lang='lat' dir='ltr'><strong>duo</strong></span> <span class='ocrx_word' id='word_1_1099' title='bbox 1348 2311 1412 2337; x_wconf 66' lang='lat' dir='ltr'><strong>caici</strong></span> <span class='ocrx_word' id='word_1_1100' title='bbox 1425 2310 1549 2337; x_wconf 85' lang='lat' dir='ltr'><strong>sedentes</strong></span> <span class='ocrx_word' id='word_1_1101' title='bbox 1560 2319 1639 2338; x_wconf 76' lang='lat' dir='ltr'><strong>secus</strong></span> <span class='ocrx_word' id='word_1_1102' title='bbox 1648 2311 1728 2343; x_wconf 87' lang='lat' dir='ltr'><strong>viam,</strong></span> <span class='ocrx_word' id='word_1_1103' title='bbox 1741 2319 1794 2337; x_wconf 88' lang='lat' dir='ltr'><strong>ll0tl</strong></span> <span class='ocrx_word' id='word_1_1104' title='bbox 1812 2312 1839 2338; x_wconf 91' lang='lat' dir='ltr'><strong>in</strong></span> <span class='ocrx_word' id='word_1_1105' title='bbox 1852 2313 1902 2338; x_wconf 84' lang='lat' dir='ltr'><strong>via.</strong></span> 
     </span>
    </p>
   </div>
   <div class='ocr_carea' id='block_1_140' title="bbox 1108 2345 1902 2380">
    <p class='ocr_par' dir='ltr' id='par_1_140' title="bbox 1108 2345 1902 2380">
     <span class='ocr_line' id='line_1_140' title="bbox 1108 2345 1902 2380; baseline 0.001 -7"><span class='ocrx_word' id='word_1_1106' title='bbox 1108 2347 1165 2373; x_wconf 81' lang='lat' dir='ltr'><strong>Duo</strong></span> <span class='ocrx_word' id='word_1_1107' title='bbox 1179 2346 1242 2373; x_wconf 59' lang='lat' dir='ltr'><strong>catci</strong></span> <span class='ocrx_word' id='word_1_1108' title='bbox 1257 2346 1310 2373; x_wconf 86' lang='lat' dir='ltr'><strong>(luo</strong></span> <span class='ocrx_word' id='word_1_1109' title='bbox 1326 2346 1415 2380; x_wconf 84' lang='lat' dir='ltr'><strong>populi</strong></span> <span class='ocrx_word' id='word_1_1110' title='bbox 1429 2351 1501 2379; x_wconf 87' lang='lat' dir='ltr'><strong>sunt,</strong></span> <span class='ocrx_word' id='word_1_1111' title='bbox 1516 2345 1652 2378; x_wconf 83' lang='lat' dir='ltr'><strong>Judaicus,</strong></span> <span class='ocrx_word' id='word_1_1112' title='bbox 1670 2351 1697 2373; x_wconf 82' lang='lat' dir='ltr'><strong>et</strong></span> <span class='ocrx_word' id='word_1_1113' title='bbox 1711 2347 1832 2380; x_wconf 80' lang='lat' dir='ltr'><strong>gentilis.</strong></span> <span class='ocrx_word' id='word_1_1114' title='bbox 1850 2350 1902 2374; x_wconf 77' lang='lat' dir='ltr'><strong>Aut</strong></span> 
     </span>
    </p>
   </div>
   <div class='ocr_carea' id='block_1_141' title="bbox 1107 2381 1904 2416">
    <p class='ocr_par' dir='ltr' id='par_1_141' title="bbox 1107 2381 1904 2416">
     <span class='ocr_line' id='line_1_141' title="bbox 1107 2381 1904 2416; baseline 0 -7"><span class='ocrx_word' id='word_1_1115' title='bbox 1107 2381 1175 2409; x_wconf 91' lang='lat' dir='ltr'><strong>sicut</strong></span> <span class='ocrx_word' id='word_1_1116' title='bbox 1194 2381 1301 2416; x_wconf 88' lang='lat' dir='ltr'><strong>quidam</strong></span> <span class='ocrx_word' id='word_1_1117' title='bbox 1327 2382 1551 2416; x_wconf 85' lang='lat' dir='ltr'><strong>interpretantur,</strong></span> <span class='ocrx_word' id='word_1_1118' title='bbox 1565 2381 1644 2409; x_wconf 87' lang='lat' dir='ltr'><strong>ambo</strong></span> <span class='ocrx_word' id='word_1_1119' title='bbox 1667 2383 1786 2416; x_wconf 72' lang='lat' dir='ltr'><strong>gentium</strong></span> <span class='ocrx_word' id='word_1_1120' title='bbox 1799 2403 1807 2415; x_wconf 92' lang='lat'><strong>,</strong></span> <span class='ocrx_word' id='word_1_1121' title='bbox 1836 2391 1904 2409; x_wconf 76' lang='lat' dir='ltr'><strong>unus</strong></span> 
     </span>
    </p>
   </div>
   <div class='ocr_carea' id='block_1_142' title="bbox 1107 2417 1902 2453">
    <p class='ocr_par' dir='ltr' id='par_1_142' title="bbox 1107 2417 1902 2453">
     <span class='ocr_line' id='line_1_142' title="bbox 1107 2417 1902 2453; baseline 0 -9"><span class='ocrx_word' id='word_1_1122' title='bbox 1107 2425 1140 2444; x_wconf 82' lang='lat' dir='ltr'><strong>ex</strong></span> <span class='ocrx_word' id='word_1_1123' title='bbox 1155 2417 1238 2444; x_wconf 88' lang='lat' dir='ltr'><strong>Cltattt</strong></span> <span class='ocrx_word' id='word_1_1124' title='bbox 1249 2438 1256 2448; x_wconf 86' lang='lat'><strong>,</strong></span> <span class='ocrx_word' id='word_1_1125' title='bbox 1273 2417 1342 2444; x_wconf 87' lang='lat' dir='ltr'><strong>alius</strong></span> <span class='ocrx_word' id='word_1_1126' title='bbox 1356 2425 1389 2445; x_wconf 82' lang='lat' dir='ltr'><strong>ex</strong></span> <span class='ocrx_word' id='word_1_1127' title='bbox 1408 2417 1513 2451; x_wconf 79' lang='lat' dir='ltr'><strong>Japhet.</strong></span> <span class='ocrx_word' id='word_1_1128' title='bbox 1539 2417 1601 2445; x_wconf 88' lang='lat' dir='ltr'><strong>ldeo</strong></span> <span class='ocrx_word' id='word_1_1129' title='bbox 1616 2423 1704 2444; x_wconf 76' lang='lat' dir='ltr'><strong>aulum</strong></span> <span class='ocrx_word' id='word_1_1130' title='bbox 1730 2418 1795 2444; x_wconf 67' lang='lat' dir='ltr'><strong>eteci</strong></span> <span class='ocrx_word' id='word_1_1131' title='bbox 1806 2439 1814 2449; x_wconf 92' lang='lat'><strong>,</strong></span> <span class='ocrx_word' id='word_1_1132' title='bbox 1841 2427 1902 2453; x_wconf 75' lang='lat' dir='ltr'><strong>quia</strong></span> 
     </span>
    </p>
   </div>
   <div class='ocr_carea' id='block_1_143' title="bbox 1107 2452 1903 2488">
    <p class='ocr_par' dir='ltr' id='par_1_143' title="bbox 1107 2452 1903 2488">
     <span class='ocr_line' id='line_1_143' title="bbox 1107 2452 1903 2488; baseline 0.001 -9"><span class='ocrx_word' id='word_1_1133' title='bbox 1107 2452 1225 2479; x_wconf 89' lang='lat' dir='ltr'><strong>ttondum</strong></span> <span class='ocrx_word' id='word_1_1134' title='bbox 1241 2462 1281 2480; x_wconf 88' lang='lat' dir='ltr'><strong>ets</strong></span> <span class='ocrx_word' id='word_1_1135' title='bbox 1304 2458 1466 2487; x_wconf 86' lang='lat' dir='ltr'><strong>apparuerat</strong></span> <span class='ocrx_word' id='word_1_1136' title='bbox 1484 2453 1618 2488; x_wconf 83' lang='lat' dir='ltr'><strong>uuigenita</strong></span> <span class='ocrx_word' id='word_1_1137' title='bbox 1635 2453 1687 2479; x_wconf 80' lang='lat' dir='ltr'><strong>lux.</strong></span> <span class='ocrx_word' id='word_1_1138' title='bbox 1714 2453 1797 2480; x_wconf 61' lang='lat' dir='ltr'><strong>Secxa</strong></span> <span class='ocrx_word' id='word_1_1139' title='bbox 1812 2454 1880 2480; x_wconf 73' lang='lat' dir='ltr'><strong>tiam</strong></span> <span class='ocrx_word' id='word_1_1140' title='bbox 1895 2462 1903 2480; x_wconf 90' lang='lat'><strong><em>:</em></strong></span> 
     </span>
    </p>
   </div>
   <div class='ocr_carea' id='block_1_144' title="bbox 1107 2488 1902 2524">
    <p class='ocr_par' dir='ltr' id='par_1_144' title="bbox 1107 2488 1902 2524">
     <span class='ocr_line' id='line_1_144' title="bbox 1107 2488 1902 2524; baseline 0.001 -9"><span class='ocrx_word' id='word_1_1141' title='bbox 1107 2489 1133 2515; x_wconf 92' lang='lat' dir='ltr'><strong>id</strong></span> <span class='ocrx_word' id='word_1_1142' title='bbox 1148 2494 1199 2521; x_wconf 83' lang='lat' dir='ltr'><strong>est,</strong></span> <span class='ocrx_word' id='word_1_1143' title='bbox 1211 2489 1286 2524; x_wconf 78' lang='lat' dir='ltr'><strong>juxta</strong></span> <span class='ocrx_word' id='word_1_1144' title='bbox 1302 2490 1440 2516; x_wconf 84' lang='lat' dir='ltr'><strong>veritatem</strong></span> <span class='ocrx_word' id='word_1_1145' title='bbox 1453 2488 1688 2519; x_wconf 82' lang='lat' dir='ltr'><strong>conversabautur,</strong></span> <span class='ocrx_word' id='word_1_1146' title='bbox 1700 2489 1746 2515; x_wconf 75' lang='lat' dir='ltr'><strong>sed</strong></span> <span class='ocrx_word' id='word_1_1147' title='bbox 1760 2489 1902 2516; x_wconf 68' lang='lat' dir='ltr'><strong>veritatem</strong></span> 
     </span>
    </p>
   </div>
   <div class='ocr_carea' id='block_1_145' title="bbox 1106 2524 1903 2559">
    <p class='ocr_par' dir='ltr' id='par_1_145' title="bbox 1106 2524 1903 2559">
     <span class='ocr_line' id='line_1_145' title="bbox 1106 2524 1903 2559; baseline 0.001 -8"><span class='ocrx_word' id='word_1_1148' title='bbox 1106 2524 1228 2552; x_wconf 81' lang='lat' dir='ltr'><strong>invenire</strong></span> <span class='ocrx_word' id='word_1_1149' title='bbox 1252 2532 1305 2550; x_wconf 90' lang='lat' dir='ltr'><strong>non</strong></span> <span class='ocrx_word' id='word_1_1150' title='bbox 1333 2528 1471 2558; x_wconf 86' lang='lat' dir='ltr'><strong>poterant,</strong></span> <span class='ocrx_word' id='word_1_1151' title='bbox 1497 2524 1557 2559; x_wconf 90' lang='lat' dir='ltr'><strong>quia</strong></span> <span class='ocrx_word' id='word_1_1152' title='bbox 1584 2525 1626 2550; x_wconf 87' lang='lat' dir='ltr'><strong>via</strong></span> <span class='ocrx_word' id='word_1_1153' title='bbox 1651 2524 1771 2551; x_wconf 81' lang='lat' dir='ltr'><strong>velitatis</strong></span> <span class='ocrx_word' id='word_1_1154' title='bbox 1801 2526 1903 2552; x_wconf 83' lang='lat' dir='ltr'><strong>certior</strong></span> 
     </span>
    </p>
   </div>
   <div class='ocr_carea' id='block_1_146' title="bbox 1106 2559 1903 2587">
    <p class='ocr_par' dir='ltr' id='par_1_146' title="bbox 1106 2559 1903 2587">
     <span class='ocr_line' id='line_1_146' title="bbox 1106 2559 1903 2587; baseline -0.004 0"><span class='ocrx_word' id='word_1_1155' title='bbox 1106 2559 1194 2587; x_wconf 78' lang='lat' dir='ltr'><strong>adhuc</strong></span> <span class='ocrx_word' id='word_1_1156' title='bbox 1214 2560 1395 2587; x_wconf 80' lang='lat' dir='ltr'><strong>demonstrata</strong></span> <span class='ocrx_word' id='word_1_1157' title='bbox 1411 2567 1463 2586; x_wconf 91' lang='lat' dir='ltr'><strong>non</strong></span> <span class='ocrx_word' id='word_1_1158' title='bbox 1478 2560 1563 2587; x_wconf 80' lang='lat' dir='ltr'><strong>fuerat</strong></span> <span class='ocrx_word' id='word_1_1159' title='bbox 1576 2568 1583 2586; x_wconf 90' lang='lat'>:</span> <span class='ocrx_word' id='word_1_1160' title='bbox 1598 2559 1639 2586; x_wconf 86' lang='lat' dir='ltr'><strong>vel</strong></span> <span class='ocrx_word' id='word_1_1161' title='bbox 1653 2563 1799 2586; x_wconf 65' lang='lat' dir='ltr'><strong>secundum</strong></span> <span class='ocrx_word' id='word_1_1162' title='bbox 1819 2561 1903 2587; x_wconf 61' lang='lat' dir='ltr'><strong>ratiu—</strong></span> 
     </span>
    </p>
   </div>
   <div class='ocr_carea' id='block_1_147' title="bbox 1108 2594 1902 2629">
    <p class='ocr_par' dir='ltr' id='par_1_147' title="bbox 1108 2594 1902 2629">
     <span class='ocr_line' id='line_1_147' title="bbox 1108 2594 1902 2629; baseline 0.001 -8"><span class='ocrx_word' id='word_1_1163' title='bbox 1108 2603 1169 2622; x_wconf 89' lang='lat' dir='ltr'><strong>nem</strong></span> <span class='ocrx_word' id='word_1_1164' title='bbox 1184 2595 1257 2622; x_wconf 89' lang='lat' dir='ltr'><strong>verbi</strong></span> <span class='ocrx_word' id='word_1_1165' title='bbox 1270 2594 1408 2629; x_wconf 81' lang='lat' dir='ltr'><strong>degentes,</strong></span> <span class='ocrx_word' id='word_1_1166' title='bbox 1426 2602 1478 2622; x_wconf 87' lang='lat' dir='ltr'><strong>non</strong></span> <span class='ocrx_word' id='word_1_1167' title='bbox 1491 2599 1580 2621; x_wconf 87' lang='lat' dir='ltr'><strong>autent</strong></span> <span class='ocrx_word' id='word_1_1168' title='bbox 1602 2595 1626 2621; x_wconf 89' lang='lat' dir='ltr'><strong>in</strong></span> <span class='ocrx_word' id='word_1_1169' title='bbox 1643 2595 1696 2629; x_wconf 75' lang='lat' dir='ltr'><strong>ipsa</strong></span> <span class='ocrx_word' id='word_1_1170' title='bbox 1710 2596 1816 2622; x_wconf 86' lang='lat' dir='ltr'><strong>ratione</strong></span> <span class='ocrx_word' id='word_1_1171' title='bbox 1829 2598 1902 2622; x_wconf 75' lang='lat' dir='ltr'><strong>vt-rt-i</strong></span> 
     </span>
    </p>
   </div>
   <div class='ocr_carea' id='block_1_148' title="bbox 1106 2630 1900 2665">
    <p class='ocr_par' dir='ltr' id='par_1_148' title="bbox 1106 2630 1900 2665">
     <span class='ocr_line' id='line_1_148' title="bbox 1106 2630 1900 2665; baseline 0 -8"><span class='ocrx_word' id='word_1_1172' title='bbox 1106 2631 1284 2657; x_wconf 73' lang='lat' dir='ltr'><strong>consistentes</strong></span> <span class='ocrx_word' id='word_1_1173' title='bbox 1302 2639 1308 2656; x_wconf 87' lang='lat'>:</span> <span class='ocrx_word' id='word_1_1174' title='bbox 1324 2631 1386 2665; x_wconf 86' lang='lat' dir='ltr'><strong>quia</strong></span> <span class='ocrx_word' id='word_1_1175' title='bbox 1409 2631 1530 2657; x_wconf 86' lang='lat' dir='ltr'><strong>notitiam</strong></span> <span class='ocrx_word' id='word_1_1176' title='bbox 1553 2630 1626 2657; x_wconf 80' lang='lat' dir='ltr'><strong>verbi</strong></span> <span class='ocrx_word' id='word_1_1177' title='bbox 1650 2632 1766 2657; x_wconf 81' lang='lat' dir='ltr'><strong>nondum</strong></span> <span class='ocrx_word' id='word_1_1178' title='bbox 1785 2640 1900 2665; x_wconf 78' lang='lat' dir='ltr'><strong>accepe-</strong></span> 
     </span>
    </p>
   </div>
   <div class='ocr_carea' id='block_1_149' title="bbox 1107 2666 1904 2701">
    <p class='ocr_par' dir='ltr' id='par_1_149' title="bbox 1107 2666 1904 2701">
     <span class='ocr_line' id='line_1_149' title="bbox 1107 2666 1904 2701; baseline -0.001 -9"><span class='ocrx_word' id='word_1_1179' title='bbox 1107 2671 1176 2693; x_wconf 83' lang='lat' dir='ltr'><strong>rant.</strong></span> <span class='ocrx_word' id='word_1_1180' title='bbox 1197 2667 1270 2693; x_wconf 76' lang='lat' dir='ltr'><strong>Sicut</strong></span> <span class='ocrx_word' id='word_1_1181' title='bbox 1288 2666 1358 2693; x_wconf 90' lang='lat' dir='ltr'><strong>enim</strong></span> <span class='ocrx_word' id='word_1_1182' title='bbox 1377 2666 1422 2701; x_wconf 90' lang='lat' dir='ltr'><strong>qui</strong></span> <span class='ocrx_word' id='word_1_1183' title='bbox 1440 2666 1465 2693; x_wconf 91' lang='lat' dir='ltr'><strong>itt</strong></span> <span class='ocrx_word' id='word_1_1184' title='bbox 1483 2667 1599 2693; x_wconf 87' lang='lat' dir='ltr'><strong>tenebris</strong></span> <span class='ocrx_word' id='word_1_1185' title='bbox 1617 2667 1744 2698; x_wconf 84' lang='lat' dir='ltr'><strong>ambulat,</strong></span> <span class='ocrx_word' id='word_1_1186' title='bbox 1770 2667 1792 2694; x_wconf 81' lang='lat' dir='ltr'><strong>si</strong></span> <span class='ocrx_word' id='word_1_1187' title='bbox 1819 2669 1904 2694; x_wconf 56' lang='lat' dir='ltr'><strong>semul</strong></span> 
     </span>
    </p>
   </div>
   <div class='ocr_carea' id='block_1_150' title="bbox 1108 2701 1904 2736">
    <p class='ocr_par' dir='ltr' id='par_1_150' title="bbox 1108 2701 1904 2736">
     <span class='ocr_line' id='line_1_150' title="bbox 1108 2701 1904 2736; baseline -0.001 -8"><span class='ocrx_word' id='word_1_1188' title='bbox 1108 2702 1176 2728; x_wconf 88' lang='lat' dir='ltr'><strong>viam</strong></span> <span class='ocrx_word' id='word_1_1189' title='bbox 1193 2701 1359 2736; x_wconf 82' lang='lat' dir='ltr'><strong>perdiderit,</strong></span> <span class='ocrx_word' id='word_1_1190' title='bbox 1376 2702 1508 2729; x_wconf 81' lang='lat' dir='ltr'><strong>interdum</strong></span> <span class='ocrx_word' id='word_1_1191' title='bbox 1524 2706 1577 2728; x_wconf 86' lang='lat' dir='ltr'><strong>tota</strong></span> <span class='ocrx_word' id='word_1_1192' title='bbox 1594 2707 1671 2728; x_wconf 70' lang='lat' dir='ltr'><strong>noete</strong></span> <span class='ocrx_word' id='word_1_1193' title='bbox 1691 2703 1812 2729; x_wconf 88' lang='lat' dir='ltr'><strong>ambulat</strong></span> <span class='ocrx_word' id='word_1_1194' title='bbox 1827 2704 1904 2736; x_wconf 65' lang='lat' dir='ltr'><strong>juxta</strong></span> 
     </span>
    </p>
   </div>
   <div class='ocr_carea' id='block_1_151' title="bbox 1107 2737 1906 2771">
    <p class='ocr_par' dir='ltr' id='par_1_151' title="bbox 1107 2737 1906 2771">
     <span class='ocr_line' id='line_1_151' title="bbox 1107 2737 1906 2771; baseline 0.001 -9"><span class='ocrx_word' id='word_1_1195' title='bbox 1107 2738 1176 2763; x_wconf 91' lang='lat' dir='ltr'><strong>viattt</strong></span> <span class='ocrx_word' id='word_1_1196' title='bbox 1191 2745 1295 2769; x_wconf 87' lang='lat' dir='ltr'><strong>errans,</strong></span> <span class='ocrx_word' id='word_1_1197' title='bbox 1310 2741 1337 2764; x_wconf 84' lang='lat' dir='ltr'><strong>et</strong></span> <span class='ocrx_word' id='word_1_1198' title='bbox 1351 2746 1403 2764; x_wconf 91' lang='lat' dir='ltr'><strong>non</strong></span> <span class='ocrx_word' id='word_1_1199' title='bbox 1416 2738 1516 2764; x_wconf 84' lang='lat' dir='ltr'><strong>invenit</strong></span> <span class='ocrx_word' id='word_1_1200' title='bbox 1530 2738 1609 2769; x_wconf 90' lang='lat' dir='ltr'><strong>viam,</strong></span> <span class='ocrx_word' id='word_1_1201' title='bbox 1625 2737 1710 2764; x_wconf 70' lang='lat' dir='ltr'><strong>tlottct:</strong></span> <span class='ocrx_word' id='word_1_1202' title='bbox 1729 2745 1906 2771; x_wconf 70' lang='lat' dir='ltr'><strong>superveniat</strong></span> 
     </span>
    </p>
   </div>
   <div class='ocr_carea' id='block_1_152' title="bbox 1107 2772 1906 2801">
    <p class='ocr_par' dir='ltr' id='par_1_152' title="bbox 1107 2772 1906 2801">
     <span class='ocr_line' id='line_1_152' title="bbox 1107 2772 1906 2801; baseline 0.004 -3"><span class='ocrx_word' id='word_1_1203' title='bbox 1107 2772 1186 2800; x_wconf 88' lang='lat' dir='ltr'><strong>dies:</strong></span> <span class='ocrx_word' id='word_1_1204' title='bbox 1209 2773 1248 2801; x_wconf 91' lang='lat' dir='ltr'><strong>sic</strong></span> <span class='ocrx_word' id='word_1_1205' title='bbox 1261 2778 1289 2800; x_wconf 89' lang='lat' dir='ltr'><strong>et</strong></span> <span class='ocrx_word' id='word_1_1206' title='bbox 1310 2773 1433 2800; x_wconf 83' lang='lat' dir='ltr'><strong>homines</strong></span> <span class='ocrx_word' id='word_1_1207' title='bbox 1453 2772 1620 2800; x_wconf 84' lang='lat' dir='ltr'><strong>ambulantes</strong></span> <span class='ocrx_word' id='word_1_1208' title='bbox 1644 2773 1670 2800; x_wconf 92' lang='lat' dir='ltr'><strong>in</strong></span> <span class='ocrx_word' id='word_1_1209' title='bbox 1697 2774 1836 2801; x_wconf 83' lang='lat' dir='ltr'><strong>erroribus</strong></span> <span class='ocrx_word' id='word_1_1210' title='bbox 1861 2776 1906 2801; x_wconf 77' lang='lat' dir='ltr'><strong>\cl</strong></span> 
     </span>
    </p>
   </div>
   <div class='ocr_carea' id='block_1_153' title="bbox 1104 2840 1905 2894">
    <p class='ocr_par' dir='ltr' id='par_1_153' title="bbox 1104 2840 1905 2894">
     <span class='ocr_line' id='line_1_153' title="bbox 1104 2840 1905 2894; baseline 0.002 -29"><span class='ocrx_word' id='word_1_1211' title='bbox 1104 2872 1112 2894; x_wconf 52' lang='grc' dir='ltr'><em>ι</em></span> <span class='ocrx_word' id='word_1_1212' title='bbox 1127 2840 1241 2894; x_wconf 49' lang='grc' dir='ltr'>αἶτᾶἱιιθιη</span> <span class='ocrx_word' id='word_1_1213' title='bbox 1261 2841 1285 2865; x_wconf 89' lang='lat' dir='ltr'><strong>in</strong></span> <span class='ocrx_word' id='word_1_1214' title='bbox 1304 2847 1392 2872; x_wconf 57' lang='lat' dir='ltr'><strong>margo,</strong></span> <span class='ocrx_word' id='word_1_1215' title='bbox 1407 2841 1579 2871; x_wconf 67' lang='lat' dir='ltr'><strong>posscssionum</strong></span> <span class='ocrx_word' id='word_1_1216' title='bbox 1595 2847 1695 2866; x_wconf 76' lang='lat' dir='ltr'><strong>stutrnm</strong></span> <span class='ocrx_word' id='word_1_1217' title='bbox 1716 2841 1853 2868; x_wconf 71' lang='lat' dir='ltr'><strong>rt&#39;rurtlutia</strong></span> <span class='ocrx_word' id='word_1_1218' title='bbox 1867 2849 1905 2867; x_wconf 75' lang='lat' dir='ltr'><strong>rc-</strong></span> 
     </span>
     <span class='ocr_line' id='line_1_154' title="bbox 1114 2877 1186 2894; baseline 0 0"><span class='ocrx_word' id='word_1_1219' title='bbox 1114 2877 1126 2894; x_wconf 82' lang='lat' dir='ltr'><strong>r</strong></span> <span class='ocrx_word' id='word_1_1220' title='bbox 1181 2889 1186 2894; x_wconf 98' lang='lat'><strong>.</strong></span> 
     </span>
    </p>
   </div>
   <div class='ocr_carea' id='block_1_154' title="bbox 1114 2877 1186 2894">
    <p class='ocr_par' dir='ltr' id='par_1_154' title="bbox 1114 2877 1186 2894">
     <span class='ocr_line' id='line_1_155' title="bbox 1114 2877 1186 2894; baseline 0 0"><span class='ocrx_word' id='word_1_1221' title='bbox 1114 2877 1186 2894; x_wconf 63' lang='lat' dir='ltr'><strong>l&#39;lLl&#39;&quot;.</strong></span> 
     </span>
    </p>
   </div>
  </div>
