2021 3128
258 142 311 170 835

259 200 501 235 luissetimponere,
513 195 817 235 ςιιπι-νρὺῃιιιίειοωρὶςι
825 203 877 223 ηοιι
886 196 953 222 bona
961 195 1059 235 patien-

259 237 294 262 tia
308 232 508 269 suppoitabant,
525 242 574 260 nec
585 232 882 269 resistcliant._Prt)pter
895 239 953 269 qum
968 232 1057 256 omnia

259 266 436 304 etApiistoliis
444 270 477 296 ad
491 269 642 296 Corinthios
650 268 714 304 dicit
728 275 735 294 :
758 267 843 304 Videte
856 266 1007 292 iterationem
1017 273 1058 292 vc-

260 302 348 338 stram,
365 306 467 340 fratres.
482 305 542 339 quia
556 312 606 330 non
623 303 695 329 multi
707 302 834 340 sapientes
848 305 985 340 secundum
1000 309 1058 340 rar-

261 349 327 373 nem,
341 336 391 367 non
406 341 479 367 multi
489 336 579 402 ζον-Ιώ,
594 347 644 365 non
658 338 730 364 multi
746 337 858 369 nobiles;
871 338 915 363 sed
929 344 986 371 qure
995 336 1058 362 stul-

261 381 284 402 ta
298 381 356 402 sunt
369 375 457 402 mundi
475 384 488 402 ε
501 375 549 402 coit
570 374 651 402 Deus.
673 379 702 399 ut
717 373 855 402 confundat
873 373 998 402 sapientes
1010 380 1019 398 :
1035 376 1058 398 et

258 381 284 402 la
298 381 356 403 sunt
369 375 457 402 mundi
475 373 549 410 elegit
568 374 651 410 Deus,
673 379 702 399 ut
717 373 855 410 confundat
873 373 998 410 eripientch
1010 380 1019 398 :
1035 376 1059 398 et

259 412 363 444 inﬁrma
375 411 463 437 mundi
473 408 548 444 elegit
564 409 632 436 Deus
645 414 671 435 ut
682 409 821 444 confundat
836 408 911 442 fortia
925 416 934 434 :
948 412 970 433 et
983 409 1057 442 igno-

260 419 363 444 ltlltt'ma
375 419 461 437 muria:
473 419 512 437 ete
530 419 548 436 ιι
564 419 632 436 usus
645 419 671 435 ιιι
682 419 821 444 εοηιιιηιιαι
836 419 911 442 [unm
925 419 934 434 .'
948 419 970 433 et
983 419 1057 442 igitu-

260 447 329 477 biliuI
343 451 366 473 et
378 419 573 480 contemptilgiilia
585 444 673 471 mundi
685 443 757 479 elegit
769 443 852 480 Deus,
866 448 890 470 et
900 451 929 480 ea
942 451 1058 480 quianon

258 487 328 513 sunt,
345 487 372 508 ut
392 490 421 508 ea
443 478 499 515 quia
513 485 570 507 sunt
594 478 730 507 destrueret
750 479 789 514 (l.
815 478 877 515 Cor.
899 479 924 515 1.
945 479 1056 513 26-28).

259 518 293 543 At
308 517 352 544 ubi
366 513 489 544 Christus
501 523 581 550 super
594 522 640 542 eos
653 514 782 546 ascendit,
798 518 824 541 et
835 513 937 550 induxit
952 515 976 540 in
991 519 1058 541 terri-

258 552 340 587 plum,
358 551 434 578 Iavati
451 559 498 586 per
517 549 775 587 baptismtim,_l‘acti
791 553 853 576 sunt
864 549 898 587 de
913 550 1057 587 immundis

258 585 418 614 animalibus
438 585 559 613 homines
572 587 668 613 sancti.
692 585 818 619 Percepta
834 585 904 611 enim
924 585 995 612 verbi
1012 594 1057 612 ra-

257 623 338 653 tione.
355 622 483 657 sapientia
499 621 545 649 Dei
559 622 618 648 iacti
629 625 691 657 sunt
704 620 885 652 rationabiles,
900 625 926 647 et
941 621 1055 657 pruden-

259 663 297 684 tes
314 667 320 684 :
335 663 361 685 et
375 658 481 684 iuventa
494 661 536 685 est
549 656 766 684 irrationabilitas
777 663 868 682 eorum
882 662 942 682 esse
952 656 1056 689 simpli-

258 693 386 726 citasyet
400 693 513 720 stultitia
531 700 625 719 eorum
642 691 828 718 mansuetudo.
845 690 909 717 Nam
926 691 1055 725 simplici-

258 735 309 761 tas,
326 729 384 755 sine
398 729 501 755 ratione
520 727 606 758 verbi,
624 727 740 754 hominis
762 726 979 753 irrationabilitas
992 732 1032 754 cst
1047 737 1053 755 :

256 769 283 790 ct
298 763 473 790 mansuetudo
487 764 508 790 si
530 771 582 790 non
598 763 632 789 sit
649 767 757 796 propter
771 761 852 788 Deum
872 762 982 788 stultitia
1003 768 1054 790 est.

257 798 352 826 Adhuc
365 804 455 826 autem
473 803 582 832 accepta
603 797 696 832 gratia,
714 801 741 824 et
759 797 891 832 recognita
911 805 1055 831 regenera-

258 834 330 861 tione
343 842 391 862 sua
404 834 513 865 caelesti,
529 831 588 860 facti
602 831 663 860 sunt
674 833 707 859 de
721 831 832 859 inﬁrmis
846 837 872 859 ct
885 831 918 859 de
933 833 1055 866 ignobili-

257 869 308 896 bus
329 870 411 897 fortes
430 874 457 896 et
478 869 580 896 nobiles
598 877 604 894 ε
626 873 652 895 et
670 876 729 903 qua:
744 867 883 894 videbatur
902 867 1052 901 inlirmitas,

257 905 407 932 innocentia
423 909 464 932 est
478 905 583 932 inventa
599 904 625 930 in
638 903 688 936 eis,
705 903 855 938 ignobilitas
866 908 954 930 autem
970 903 1056 930 humi-

258 939 328 968 litas.
345 940 412 967 Nam
425 939 575 967 innocentia
591 940 648 966 sine
665 939 720 966 Deo
734 938 875 965 inlirinitas
889 939 1052 973 a‘stimatur,

257 980 284 1002 et
297 975 431 1003 humilitas
452 983 504 1002 non
519 980 628 1010 propter
641 974 725 1001 Deum
744 974 893 1008 ignobilitas
908 974 1051 1008 judicatur.

257 1011 322 1037 ltem
339 1011 489 1045 rejicientes
509 1009 527 1037 εἰ
546 1009 577 1038 se
597 1017 679 1036 onera
692 1010 855 1041 dminouum,
876 1009 1053 1043 suscipientes

259 1053 340 1080 super
361 1044 390 1073 se
401 1046 493 1080 jugum
509 1045 606 1073 Christi
629 1052 718 1080 suave,
735 1049 761 1071 et
777 1052 844 1071 unus
865 1045 922 1078 ejus
939 1044 1007 1076 leve,
1027 1052 1054 1072 et

258 1079 343 1115 ipsum
366 1079 497 1108 sessorem
522 1081 546 1107 in
569 1079 693 1108 cordibus
713 1080 768 1107 suis
790 1080 974 1114 suscipientes,
992 1080 1053 1108 l'acti

257 1122 320 1143 sunt
339 1115 480 1151 patientes.
497 1116 561 1143 Nam
577 1116 700 1150 patientia
718 1115 905 1142 irrationaliilis
920 1115 1052 1143 oueril’era

257 1153 404 1178 aestimatur
425 1157 452 1179 et
472 1152 559 1186 ligata,
575 1152 600 1178 id
623 1154 673 1179 est.
695 1150 818 1177 dialiolici
833 1152 933 1178 erroris
948 1152 1053 1179 vinculo

257 1187 395 1222 impedita,
415 1192 444 1214 ut
465 1195 517 1214 nou
533 1187 643 1214 haberet
663 1186 810 1213 libertatein
833 1187 870 1213 ire
885 1193 938 1220 quo
959 1187 1050 1214 vellet.

256 1221 322 1249 Nam
344 1229 439 1249 omnes
464 1222 584 1249 homines
604 1226 745 1256 antequam
763 1229 913 1254 peccemus,
938 1221 1052 1250 liberum

258 1256 366 1291 quidem
383 1257 512 1285 habemus
524 1257 677 1288 arbitrium,
692 1257 713 1283 si
733 1257 854 1283 volumus
867 1257 943 1291 sequi
956 1257 1052 1284 volun-

257 1297 338 1319 tatem
352 1292 460 1325 diaholi,
473 1301 506 1320 an
523 1300 586 1320 non.
602 1292 678 1326 Quod
690 1292 713 1319 si
726 1291 809 1319 semel
829 1296 969 1326 peccantes
982 1293 1052 1320 obli-

255 1328 406 1362 gaverimus
420 1335 470 1355 nos
482 1328 607 1363 operibus
621 1328 690 1361 ejus,
700 1327 754 1362 jam
770 1331 860 1363 nostra
875 1327 975 1355 virtute
987 1336 1051 1356 cva-

256 1363 321 1391 dere
337 1371 388 1390 non
405 1371 561 1398 possumus;
578 1363 624 1390 sed
640 1363 708 1390 sicut
723 1363 807 1398 navis,
823 1362 906 1390 fracto
918 1363 1052 1397 guberna-

255 1399 325 1431 culo,
342 1399 404 1426 illuc
420 1399 533 1430 ducitur,
548 1399 592 1426 ubi
605 1403 748 1433 tempestas
763 1397 878 1425 voluerit
893 1407 898 1424 :
915 1399 954 1425 sic
966 1403 992 1426 et
1004 1399 1053 1426 ho-

254 1441 309 1466 ino,
324 1434 420 1461 divinae
442 1434 533 1469 gratia:
547 1434 645 1461 auxilio
659 1433 760 1467 perdito
775 1441 821 1469 per
836 1438 984 1468 peccatum,
999 1435 1052 1469 agit

256 1442 309 1466 uio,
324 1442 420 1461 omnia
460 1442 533 1461 raiite
547 1442 645 1461 auxmo
659 1442 760 1467 percito
775 1442 821 1468 per
836 1442 984 1468 peccatum,
999 1442 1052 1469 agit

256 1477 309 1496 non
324 1470 395 1504 quod
410 1442 476 1501 vult,
493 1470 539 1497 sed
551 1470 621 1504 quod
641 1469 762 1496 diabolus
776 1468 842 1496 vult.
863 1468 898 1495 Et
911 1469 961 1496 nisi
981 1470 1052 1498 Deus

255 1504 341 1531 valida
352 1513 431 1532 manu
443 1505 633 1532 misericordia:
647 1512 702 1532 sua:
715 1504 824 1531 solverit
837 1511 908 1536 eum,
921 1512 1005 1539 usque
1017 1505 1051 1533 ad

254 1545 367 1567 mortem
390 1541 417 1567 in
432 1545 602 1575 peccatorum
622 1547 730 1567 suorum
747 1539 860 1566 vinculis
873 1541 1048 1574 permanebit.

254 1575 325 1610 Ergo
347 1574 438 1602 nostra
452 1575 558 1610 quidem
573 1576 710 1602 voluntate
724 1579 750 1602 et
771 1574 929 1609 negligentia
951 1575 1047 1610 alliga-

254 1619 323 1643 iuur,
342 1610 389 1639 sed
410 1618 457 1645 per
481 1611 527 1637 Dei
542 1611 751 1638 misericordiam
771 1610 944 1638 absolvimur.
974 1610 1050 1639 Sicut

252 1646 325 1673 enim
347 1646 467 1674 videmus
480 1646 507 1673 in
523 1647 579 1673 istis
593 1646 772 1673 mundialibus
793 1647 892 1680 regnis,
913 1647 1049 1680 quomodo

254 1682 279 1708 in
296 1681 388 1716 primis
400 1682 506 1716 quidem
519 1689 598 1709 nemo
614 1686 700 1716 potest
714 1681 803 1708 facere
817 1681 932 1715 seipsum
947 1689 1048 1716 regem,

252 1716 299 1744 sed
312 1717 423 1751 populus
436 1722 509 1744 creat
522 1717 571 1744 sibi
586 1724 675 1751 regem
688 1724 766 1751 quem
782 1716 912 1750 elegerit;
928 1725 988 1744 cum
1001 1725 1049 1745 rex

253 1753 298 1780 ille
311 1752 392 1780 fuerit
409 1752 493 1780 lactus
512 1757 539 1779 ct
552 1753 725 1779 conlirmatus
748 1752 773 1778 in
792 1759 885 1786 regno,
899 1752 953 1786 jam
969 1752 1050 1780 habet

252 1792 413 1822 potestatem
432 1788 457 1814 in
482 1787 643 1820 hominibus,
660 1793 687 1814 et
700 1795 752 1814 non
775 1791 862 1822 potest
880 1788 993 1823 populus
1003 1788 1049 1822 ju-

251 1830 314 1857 gum
327 1823 384 1858 ejus
397 1822 431 1850 de
441 1824 545 1850 cervice
559 1830 606 1850 sua
619 1823 749 1857 repellere
764 1831 769 1848 :
786 1830 846 1850 nam
860 1822 973 1857 primum
988 1824 1049 1858 qui-

251 1859 313 1885 dem
329 1858 354 1885 in
369 1862 500 1892 potestate
518 1859 608 1893 populi
622 1862 674 1891 est,
696 1858 782 1885 facere
801 1858 850 1884 sibi
864 1866 953 1892 regem
969 1865 1048 1893 quem

252 1893 318 1925 vult,
334 1893 432 1920 factum
445 1897 534 1920 autem
550 1894 583 1920 de
599 1901 682 1927 regno
692 1893 822 1928 repellere
832 1895 885 1926 jam
900 1901 952 1919 non
968 1899 1007 1920 est
1021 1894 1046 1920 in

251 1932 384 1962 potestate
398 1928 467 1963 ejus,
486 1933 512 1955 et
527 1928 566 1955 sic
588 1929 710 1955 voluntas
726 1929 813 1962 populi
837 1933 926 1962 postea
951 1929 977 1955 in
999 1937 1048 1956 ne—

251 1964 400 1991 cessitatem
415 1963 578 1991 convertitur
593 1973 600 1990 :
615 1964 653 1990 sic
663 1969 689 1991 et
704 1964 794 1996 homo,
819 1964 970 1998 priusquam
990 1972 1048 1999 pec-

250 2004 302 2032 cet,
326 1999 438 2026 liberuin
460 1999 539 2026 habet
561 1999 714 2030 arbitrium,
741 2005 828 2026 utrum
857 1999 920 2026 velit
943 2000 992 2026 sub
1007 2007 1048 2026 re-

249 2043 303 2069 gno
313 2034 475 2062 cssediaboli
483 2043 489 2066 ;
498 2042 558 2061 cum
569 2040 656 2061 autem
668 2035 802 2070 peccando
811 2041 839 2061 se
848 2034 986 2061 tradiderit
998 2035 1048 2062 sub

252 2078 334 2105 regno
348 2070 438 2104 ipsius,
450 2071 505 2105 jam
520 2078 572 2097 non
589 2075 676 2104 potest
689 2070 721 2097 de
737 2074 868 2103 potestate
880 2070 938 2104 ejus
953 2070 1026 2097 exire
1039 2078 1047 2098 :

250 2111 277 2132 et
287 2107 326 2132 sic
340 2106 423 2139 prima
436 2106 558 2132 voluntas
569 2105 627 2140 cjus
638 2105 663 2132 iii
676 2106 860 2132 necessitatem
871 2105 1046 2134 convertitur.

251 2141 283 2168 Et
300 2141 350 2167 hoc
360 2145 410 2173 est,
425 2140 496 2176 quod
511 2141 632 2168 homines
646 2141 789 2168 StDClIlnl‘eS
804 2145 832 2168 et
842 2145 994 2175 peccatores
1008 2141 1048 2168 di-

249 2185 312 2203 cere
326 2177 414 2203 solent
429 2175 439 2202 ξ
456 2175 589 2211 Numquid
611 2177 735 2203 nolumus
749 2184 809 2204 esse
823 2176 925 2203 sancti?
939 2181 964 2203 et
987 2178 1046 2211 quis

250 2220 302 2239 non
319 2211 374 2238 vult
388 2219 447 2238 esse
458 2212 562 2246 jUallls?
577 2212 629 2238 Sed
645 2220 696 2238 uou
713 2219 863 2246 possumus.
878 2212 972 2238 Verum
986 2212 1046 2247 qui-

249 2248 310 2274 dem
321 2251 373 2280 est,
387 2246 458 2282 quod
472 2247 573 2279 dicunt,
589 2247 636 2274 sed
650 2256 701 2273 non
717 2247 816 2274 habent
827 2247 1023 2274 excusationem
1037 2257 1044 2275 :

249 2283 310 2317 quia
326 2282 439 2317 primum
462 2287 604 2316 potuerunt
623 2291 675 2309 non
690 2290 749 2310 esse
764 2283 813 2309 sub
837 2287 967 2317 potestate
986 2283 1045 2309 dia-

250 2318 315 2351 boli,
328 2318 350 2344 si
364 2317 527 2350 voluissent;
545 2322 683 2352 postquam
698 2326 760 2345 vero
773 2318 908 2352 posuerint
919 2318 1043 2345 thronum

250 2354 348 2381 diaboli
363 2353 388 2380 in
402 2353 527 2380 cordibus
541 2354 606 2385 suis,
619 2354 674 2387 jam
689 2361 766 2380 nemo
781 2359 868 2387 potest
887 2361 933 2380 eos
947 2353 981 2380 de
996 2361 1044 2387 po-

251 2394 346 2416 testate
356 2389 453 2416 diaholi
463 2389 579 2423 eripere,
593 2389 644 2415 uisi
657 2390 730 2415 solus
742 2389 819 2416 Deus.
831 2388 935 2421 Solvite,
949 2389 1045 2423 inquit.

250 2424 409 2456 Quomodo?
425 2424 477 2451 Per
490 2425 643 2451 doctrinam
656 2429 782 2457 vestram,
798 2432 845 2458 per
858 2424 985 2451 miracula
1000 2432 1045 2451 ve-

251 2465 304 2500 stra
317 2469 324 2486 :
340 2460 401 2500 quia
416 2467 509 2500 omnes
530 2460 656 2500 Judcciet
669 2465 762 2500 gentes
777 2468 822 2499 per
836 2459 971 2500 apostolos
983 2464 1046 2500 sunt

251 2495 365 2521 liberati.
382 2496 504 2522 Adducite
523 2496 594 2522 mihi.
616 2495 667 2522 Per
681 2495 869 2526 iiiinislerium,
895 2495 920 2522 id
936 2500 987 2526 est,
1010 2496 1044 2522 ad

249 2530 360 2565 gloriam
374 2531 499 2565 corrigite
521 2531 590 2557 illos.
609 2531 679 2558 Duos
694 2535 782 2557 autem
807 2531 878 2557 misit
896 2530 1044 2565 apostolos,

250 2565 310 2599 quia
323 2573 368 2600 per
379 2566 431 2592 duo
440 2567 574 2600 generalia
588 2567 711 2593 mandata
721 2575 800 2593 omne
810 2574 894 2600 genus
905 2566 1044 2594 hominum

251 2602 283 2627 de
299 2605 406 2634 peccato
418 2601 573 2629 absolvitur.
585 2602 697 2635 Qualia?
710 2601 806 2637 Diliges
816 2602 953 2628 Demittunt
962 2601 1045 2628 Deum

251 2643 319 2662 tuum
340 2644 372 2672 ea;
397 2641 448 2663 toto
471 2638 545 2663 corde
566 2643 618 2669 tuo,
640 2643 661 2664 et
677 2638 818 2672 proxinmnt
834 2643 903 2664 tuum
923 2637 988 2663 sicut
1006 2642 1044 2663 te-

250 2673 332 2706 ipsum
348 2671 436 2706 (Deut.
449 2671 473 2698 6.
484 2672 509 2699 5.
526 2672 605 2699 Leuit.
618 2673 661 2700 l9.
671 2671 724 2708 l8).
736 2673 762 2700 In
773 2674 812 2699 his
823 2674 926 2700 duobus
936 2673 1045 2699 manda-

251 2709 284 2734 tis
302 2715 381 2734 omne
402 2713 537 2742 peccatum
553 2709 701 2742 expellitur,
717 2713 744 2736 et
760 2710 847 2736 omnis
860 2708 960 2743 justitia
978 2715 1043 2735 con-

252 2749 411 2770 summatur.
428 2745 480 2770 Aut
494 2750 567 2770 certe
581 2744 633 2770 alia
643 2745 707 2776 duo,
724 2743 798 2776 Quod
808 2745 852 2770 tibi
867 2752 916 2770 non
929 2744 964 2770 vis
977 2743 1043 2777 fieri,

250 2779 294 2804 ulii
307 2787 337 2805 ne
349 2779 436 2813 feceris
451 2778 526 2814 (Tob.
541 2779 566 2806 4.
578 2779 632 2814 16).
647 2779 723 2812 lteiii,
741 2780 814 2812 Quod
824 2780 898 2807 vultis
910 2784 938 2805 ut
950 2780 1044 2814 faciam

250 2814 318 2840 vobis
340 2816 468 2847 homines,
489 2815 563 2848 facile
581 2819 605 2840 et
623 2822 666 2841 vos
686 2816 801 2842 simitner
819 2815 925 2849 (Matth.
941 2815 968 2841 7.
985 2815 1042 2848 12).

250 2849 363 2881 Quidam
380 2855 467 2877 autem
484 2851 548 2877 istos
563 2850 629 2877 duos
644 2851 751 2877 Petrum
770 2855 797 2877 et
812 2851 961 2885 Philippum
975 2857 1041 2884 apo-

250 2885 334 2911 stolus
346 2887 452 2919 exponit
466 2886 575 2920 intelligi
589 2890 714 2921 oportere
727 2895 733 2914 :
749 2888 871 2922 quoniam
887 2887 912 2914 hi
927 2886 1040 2921 primum

897 136 984 165 UPUS
1003 135 1246 164 lMl‘ERFECTUM

1854 137 1906 163 83}

1114 192 1339 227 transgredientes
1354 191 1478 219 Juilaicos
1494 192 1569 220 ﬁnes.
1583 197 1676 227 gentes
1693 192 1862 222 adduxerunt
1876 194 1909 220 ad

1112 229 1265 265 (illiristuiii:
1282 227 1418 265 Philippus
1431 228 1537 265 quidem
1555 228 1710 260 Samariam,
1729 238 1808 264 quatit
1826 232 1910 265 ipsam

1111 263 1258 290 Samariam
1281 263 1382 289 asinam
1397 270 1458 289 esse
1482 263 1672 297 interpretatur
1686 273 1692 291 τ
1712 263 1805 292 l‘etrus
1820 263 1909 294 autem

1111 304 1216 332 gentes,
1236 298 1369 332 accipiens
1388 298 1540 334 gornelium
1561 307 1593 325 ex
1614 299 1744 334 gentibus.
1766 302 1842 334 quasi
1859 304 1909 328 Sa-

1112 333 1202 360 inariac
1217 333 1327 367 pullum.
1345 334 1370 360 5.
1387 332 1420 359 Et
1439 334 1461 359 si
1478 334 1533 367 quis
1548 332 1731 368 robis’nliqnid
1747 332 1850 367 ditent,
1869 338 1908 363 di-

1110 369 1157 406 cite
1169 376 1177 395 :
1191 368 1314 395 Dominus
1327 377 1525 406 oprrqnteorttni
1537 369 1670 396 desiderat.
1687 371 1725 397 Ne
1737 371 1842 402 dicatis.
1859 373 1910 399 Dn-

1110 402 1198 440 iniiiiis
1219 408 1298 435 tuus;
1315 402 1412 438 neque,
1430 404 1555 440 Dominus
1575 411 1681 437 noster;
1699 414 1795 440 neque,
1817 408 1908 434 Domi-

1111 446 1160 476 tius
1171 439 1352 476 jumentorum
1373 447 1380 464 :
1398 443 1426 466 ut
1439 439 1587 476 intelligant
1601 447 1704 476 omnes,
1725 439 1785 476 quia
1799 450 1849 476 ego
1863 451 1908 470 so-

1110 474 1152 501 lus
1172 474 1321 511 Dominus,
1336 482 1398 511 non
1413 475 1499 511 solum
1523 475 1677 503 animalium
1688 498 1694 505 .
1716 474 1804 511 neque
1817 474 1908 507 solum

1109 517 1201 536 eorutn
1219 510 1262 544 qiti
1278 509 1342 536 niilii
1360 510 1456 536 subditi
1472 515 1544 542 sunt,
1565 511 1610 538 sed
1626 512 1743 539 omnium
1761 509 1908 542 'hominum

1109 545 1188 581 etiam
1202 546 1245 580 qui
1260 545 1324 581 mihi
1338 545 1462 572 contrarii
1476 551 1548 572 sunt.
1562 546 1627 573 Nam
1638 551 1664 574 ct
1678 553 1831 581 peccatores
1844 557 1909 577 Con-

1108 580 1209 607 ditione
1224 580 1331 614 quidem
1346 581 1397 607 mei
1412 585 1483 613 sunt,
1498 581 1634 608 Voluntate
1647 580 1735 609 autem
1751 591 1799 610 sua
1812 585 1909 612 diabo-

1110 615 1141 654 lil
1152 615 1223 654 Mons
1236 620 1274 654 est
1294 616 1359 654 enim
1375 616 1440 642 orbis
1455 621 1529 643 terrte
1546 622 1569 643 et
1589 617 1718 654 plenitudo
1739 619 1794 653 ejus
1820 620 1906 654 (Psal.

1107 650 1152 677 ‘25.
1175 651 1212 685 l).
1228 650 1353 677 Dominus
1373 659 1475 685 operam
1495 659 1580 678 eorum
1597 652 1731 680 desiderat.
1745 650 1852 682 jllslttitl
1869 662 1910 683 est

1108 690 1135 712 ut
1155 686 1299 720 aliquando
1322 692 1443 713 creatura
1464 688 1562 714 serviat
1583 696 1632 713 suo
1656 690 1779 716 creatori.
1806 691 1909 718 Gentes

1107 721 1179 748 cnim
1193 722 1262 748 Deus
1278 722 1303 748 in
1319 726 1449 760 potestate
1461 721 1557 749 diaboli
1580 730 1627 756 pro
1648 728 1766 758 tempore
1788 727 1908 760 reliquit,

1108 761 1136 793 ut
1157 762 1250 788 tentet.
1276 764 1329 783 ll0ll
1350 757 1375 783 iu
1401 761 1530 784 :etcrnuin
1553 761 1722 793 contempsit.
1747 764 1775 787 ut
1801 757 1908 793 perdat.

1106 791 1220 818 Necesse
1234 798 1274 819 est
1284 797 1372 819 autem
1389 793 1472 828 utliat
1484 793 1555 827 quod
1569 791 1695 828 scriptum
1707 800 1765 822 est:
1785 791 1909 823 Ποιηὶηεε

1106 833 1129 854 et
1138 827 1393 867 jumento_sulrttbis,
1406 827 1525 867 Domine
1540 827 1629 867 (Darii.
1645 830 1689 856 55.
1707 831 1745 863 7).
1767 831 1909 867 Confestim

1106 869 1189 888 anteiit
1204 863 1310 902 remittet
1330 871 1381 902 eos:
1400 863 1505 902 Animal
1519 864 1627 902 quidem
1643 871 1782 902 ltostquani
1805 863 1909 902 iii-gres.

1105 905 1164 924 sum
1178 903 1218 925 est
1231 900 1257 925 in
1278 897 1424 925 Jerusalem
1440 897 1549 931 Judzeto,
1566 899 1597 926 ad
1612 897 1749 927 dominum
1764 897 1848 929 smmi
1868 912 1909 930 re-

1106 934 1216 959 missum
1230 938 1281 964 est,
1303 934 1426 960 animalis
1443 938 1531 960 autem
1554 935 1691 969 prophetia
1711 937 1735 962 in
1754 937 1849 964 Juda-a
1866 947 1908 966 re-

1105 969 1213 995 mansit.
1226 969 1291 1006 Nam
1307 969 1340 995 de
1348 969 1453 1006 animali
1466 969 1510 995 illo
1523 977 1574 1006 non
1590 970 1649 1003 huc,
1666 972 1735 1005 qtiod
1754 972 1907 1006 ridebatur,

1107 1005 1286 1043 necessarium
1301 1008 1358 1031 erat
1370 1004 1486 1043 Christo,
1499 1005 1546 1043 sed
1563 1005 1637 1043 illud,
1652 1004 1722 1040 quod
1738 1004 1904 1043 itttulligelia;

1106 1043 1157 1070 tur,
1171 1039 1196 1066 id
1207 1044 1257 1072 cst,
1272 1048 1324 1066 non
1335 1047 1408 1071 caro,
1426 1040 1471 1066 sed
1489 1041 1555 1067 ratio
1569 1049 1574 1066 :
1589 1039 1702 1075 ideoque
1714 1050 1777 1069 caro
1793 1039 1908 1072 reniis~a

1105 1079 1156 1106 est,
1170 1075 1238 1102 ratio
1249 1080 1337 1102 autem
1351 1079 1452 1102 retenta
1464 1080 1514 1102 est.
1529 1076 1581 1102 Aut
1594 1076 1640 1103 ita.
1655 1076 1711 1103 Non
1723 1078 1800 1109 dixit,
1815 1084 1842 1106 et
1858 1080 1907 1107 ite-

1105 1118 1164 1136 rum
1178 1111 1294 1137 remittet
1308 1118 1353 1137 cos
1368 1111 1401 1136 ad
1421 1116 1446 1137 te
1460 1119 1466 1135 :
1483 1111 1528 1137 sed
1546 1115 1657 1142 tantum,
1676 1111 1796 1140 [lentitth
1807 1123 1863 1146 eos,
1878 1122 1906 1142 ut

1105 1153 1138 1184 ne
1153 1146 1309 1184 mysterium
1322 1145 1483 1180 prtccederet
1496 1146 1635 1184 rationem.
1652 1147 1717 1174 Nam
1733 1153 1798 1182 puto
1813 1150 1840 1176 in
1854 1145 1907 1184 pri-

1104 1181 1155 1218 mis
1170 1180 1292 1218 homines
1304 1190 1356 1208 nun
1371 1189 1495 1218 sermone
1507 1182 1577 1208 iindo
1592 1184 1693 1209 vocavit
1705 1180 1904 1218 apostolorum,

1103 1216 1150 1252 sed
1167 1224 1213 1250 pcr
1229 1217 1352 1244 virtutem
1369 1216 1483 1251 Spiritus
1501 1218 1584 1244 sancti
1603 1219 1681 1244 solvit
1698 1216 1798 1252 pariter
1812 1225 1841 1247 et
1855 1216 1905 1248 ad;

1103 1251 1187 1278 duxit.
1210 1252 1351 1287 Postquam
1372 1257 1461 1279 autem
1482 1252 1601 1286 adduxit,
1622 1251 1714 1281 iterum
1736 1254 1906 1284 dimisitcos

1104 1286 1131 1313 in
1145 1287 1267 1324 arbitrio,
1282 1286 1416 1324 iitrlahore
1426 1295 1481 1324 suo
1494 1288 1639 1316 condtante
1652 1290 1736 1324 gratia
1749 1291 1905 1324 justiﬁcen-

1105 1327 1157 1359 tur.
1173 1322 1237 1349 Nam
1253 1323 1323 1357 quod
1346 1323 1431 1349 vocati
1454 1331 1555 1355 sumus,
1577 1324 1621 1351 Dei
1643 1322 1692 1355 est,
1715 1322 1787 1359 quod
1810 1332 1902 1354 autem

1103 1357 1254 1395 (llgllBjKﬁl
1267 1359 1441 1395 vocationem
1454 1359 1566 1395 vivimus
1576 1380 1582 1389 ,
1602 1357 1731 1386 nostrum‘
1741 1361 1845 1395 pariter
1864 1369 1905 1390 Cal

1103 1397 1130 1429 et.
1143 1393 1201 1420 Dei.
1218 1393 1274 1420 Hoc
1285 1400 1325 1420 cst
1338 1394 1407 1428 quod
1419 1394 1466 1425 ait,
1484 1394 1580 1421 lterum
1596 1396 1712 1422 remittet
1726 1393 1785 1429 eos,
1801 1406 1856 1424 non
1870 1399 1904 1425 ad

1102 1428 1249 1464 diabolum,
1265 1429 1309 1464 qui
1324 1430 1397 1464 prius
1413 1429 1520 1456 tenebat
1536 1437 1593 1461 eos,
1608 1430 1655 1457 sed
1672 1431 1697 1457 in
1713 1428 1826 1458 arbitrio
1841 1441 1902 1464 stin,

1102 1463 1244 1497 adiuvante
1266 1463 1358 1499 gratia:
1375 1465 1477 1491 scilicet
1494 1464 1575 1491 dono.
1595 1467 1621 1492 4.
1646 1465 1702 1492 [loc
1721 1472 1806 1493 autem
1822 1463 1903 1496 totum

1102 1499 1198 1537 factum
1210 1505 1245 1526 eu
1255 1504 1281 1537 ut
1293 1499 1439 1537 impleretur
1453 1499 1520 1537 quod
1533 1501 1627 1537 dictum
1641 1506 1676 1527 est
1690 1511 1734 1536 per
1749 1506 1903 1537 prophetam

1101 1534 1225 1561 dicentem
1237 1542 1246 1561 :
1261 1535 1286 1562 5.
1304 1534 1386 1562 Dicite
1400 1535 1462 1569 ﬁlia:
1482 1535 1556 1568 Sion,
1570 1535 1637 1563 Ecce
1647 1534 1694 1563 res
1706 1534 1763 1564 tuus
1778 1534 1846 1565 venit
1859 1541 1902 1565 tibi

1101 1575 1256 1609 munimenta,
1272 1571 1360 1609 sedens
1369 1579 1450 1609 super
1468 1571 1576 1609 asinum,
1600 1577 1623 1598 et
1642 1572 1739 1606 pullum
1758 1574 1843 1607 [ilium
1856 1575 1902 1609 ju-

1101 1605 1178 1632 menti
1200 1605 1292 1641 (Zacli.
1315 1606 1341 1633 9.
1367 1605 1406 1641 9).
1432 1606 1561 1633 Dominus
1586 1605 1676 1634 noster
1695 1605 1901 1637 ascelideus'ad

1101 1645 1214 1678 mortem
1229 1641 1434 1678 Jerosolymain,
1448 1649 1571 1678 magnam
1586 1643 1698 1677 gratiam
1710 1644 1784 1678 pacis
1796 1650 1825 1672 et
1837 1653 1902 1672 eun-

1100 1676 1200 1715 cordiaa
1214 1677 1313 1715 mundo
1329 1677 1453 1715 universo
1465 1678 1546 1715 quasi
1564 1676 1596 1704 iu'
1607 1676 1768 1706 tcsL'iiiienio
1782 1682 1900 1715 reliquit.

1102 1710 1385 1751 ln_mysterium_eiiim
1401 1712 1519 1751 gentium
1533 1711 1692 1751 futurarum,
1706 1715 1806 1742 sedens
1821 1710 1901 1751 εὐρει-

1100 1746 1202 1773 asinam
1212 1752 1257 1784 _et
1272 1748 1382 1784 pullum»
1395 1748 1463 1784 ejus,
1487 1749 1595 1784 intravit
1616 1748 1642 1775 iii
1659 1750 1799 1784 templum,
1821 1746 1902 1781 et'sic

1099 1787 1194 1818 gentes
1208 1782 1308 1810 Iudicis
1322 1782 1471 1816 conjunxit.
1485 1783 1580 1810 Sciens
1592 1788 1681 1811 autem
1695 1782 1826 1818 propheta
1842 1795 1900 1813 uia-

1100 1817 1183 1844 litiam
1196 1818 1361 1851 Judzcorum,
1377 1818 1436 1852 quia
1453 1819 1643 1846 contradicturi
1664 1817 1772 1847 fuerant
1791 1822 1901 1849 Christo

1100 1853 1255 1892 ascendenti
1272 1854 1298 1880 in
1320 1854 1460 1887 templum,
1481 1854 1541 1881 ideo
1557 1855 1769 1892 prtemoiiuit,rut
1784 1864 1834 1892 per
1849 1857 1900 1885 hoc

1099 1889 1203 1924 signum
1229 1893 1424 1924 cognoscerent
1446 1896 1536 1923 regem
1557 1897 1634 1916 suum
1653 1890 1756 1924 .lud;ei,
1780 1889 1876 1920 dicens
1893 1904 1900 1920 ;

1100 1922 1165 1949 Ecce
1175 1932 1220 1962 rea;
1234 1922 1291 1962 tuus
1306 1925 1370 1962 venit
1383 1925 1427 1951 tibi
1440 1922 1594 1962 mansuetus,
1610 1925 1697 1962 sedens
1710 1922 1787 1962 super
1799 1929 1901 1955 asinam

1099 1964 1122 1997 et
1137 1959 1234 1993 pullum
1248 1961 1314 1997 ejus.
1331 1959 1410 1992 Ecce,
1424 1959 1589 1997 ostendentis
1602 1961 1711 1997 verbum
1727 1959 1769 1989 est
1783 1972 1790 1990 :
1804 1963 1832 1990 id
1847 1970 1899 1997 cst,

1099 1994 1156 2034 Non
1172 1994 1304 2034 corporali
1325 1999 1444 2034 aspectu,
1459 1995 1505 2022 sed
1519 1996 1802 2034 spiritualiiutcllectu
1817 1994 1899 2034 opera

1100 2031 1225 2068 virtutum
1239 2031 1297 2064 ejus
1313 2030 1433 2068 aspicite,
1450 2037 1502 2068 non
1515 2030 1623 2068 schema
1637 2032 1766 2068 visionum
1785 2030 1855 2068 ejus.
1872 2035 1901 2063 Si

1098 2065 1168 2092 enim
1182 2065 1289 2092 schema
1307 2066 1365 2100 ejus
1377 2066 1545 2099 aspexi-ritis,
1565 2066 1705 2101 dejiciendi
1721 2069 1787 2095 estis
1799 2065 1830 2096 in
1850 2079 1900 2096 na-

1100 2105 1159 2138 lul‘ﬂ
1174 2101 1288 2138 humana
1305 2110 1311 2127 :
1326 2102 1348 2127 si
1366 2106 1455 2128 autem
1479 2109 1546 2138 opus
1565 2101 1622 2136 ejus
1644 2103 1882 2132 Consideravcritis
1893 2126 1901 2138 ,

1098 2137 1218 2163 salvandi
1234 2137 1299 2163 estis
1322 2137 1346 2162 in
1363 2137 1573 2173 virtutedivitia.
1588 2139 1656 2165 Ante
1674 2143 1794 2173 tempora
1809 2137 1900 2168 autem

1098 2173 1179 2198 multa
1207 2172 1366 2209 constitutus
1394 2171 1537 2209 pr0pheta,
1564 2173 1655 2209 videns
1682 2171 1742 2201 eum
1768 2176 1901 2209 spirituali

1098 2211 1216 2241 aspectu,
1231 2208 1276 2242 qui
1290 2208 1406 2234 uouduni
1422 2213 1499 2234 natus
1511 2207 1605 2240 fuerat,
1618 2208 1677 2236 ideo
1688 2207 1804 2242 dicebat,
1823 2211 1899 2243 Eae,

1098 2247 1126 2268 ut
1138 2243 1290 2281 ostenderet
1305 2244 1363 2277 quia
1380 2243 1434 2281 ille»,
1450 2243 1483 2269 de
1495 2251 1548 2277 quo
1567 2243 1732 2281 loquebatur,
1749 2252 1900 2281 antequam

1098 2279 1321 2318 iiiisceretui',jain
1333 2284 1399 2306 erat.
1409 2279 1542 2318 pumergo
1551 2278 1669 2306 videritis
1677 2288 1735 2318 eum
1745 2280 1772 2307 in
1787 2278 1900 2318 templo,

1098 2322 1115 2341 ο
1126 2313 1221 2347 Judmi,
1235 2315 1315 2341 nolite
1328 2314 1442 2348 superbe
1453 2321 1532 2348 agere
1539 2320 1630 2341 contra
1642 2323 1701 2342 eum
1714 2316 1838 2345 dicentes
1845 2313 1859 2345 ’ς
1870 2319 1882 2344 l
1887 2313 1902 2345 ii

1097 2358 1146 2384 qua
1158 2353 1278 2384 potestate
1292 2350 1345 2376 haec
1358 2350 1421 2384 facis
1434 2348 1614 2384 (Luc.20.2)?
1625 2351 1690 2383 Quia
1703 2351 1772 2379 Ecce
1781 2361 1829 2380 rex
1843 2359 1902 2380 tuus

1097 2387 1161 2412 venit
1176 2385 1219 2412 tibi
1234 2390 1385 2417 mansuetus,
1396 2386 1485 2411 sedetis
1501 2393 1576 2418 super
1590 2387 1697 2414 asinam.
1715 2388 1803 2416 Nolite
1816 2391 1902 2416 consi-

1097 2421 1200 2457 derare,
1211 2421 1237 2448 in
1251 2428 1301 2456 qua
1311 2425 1442 2457 potestate
1454 2420 1524 2452 facit,
1540 2421 1586 2447 sed
1601 2422 1767 2450 considerate
1782 2429 1899 2457 tantum,

1097 2457 1119 2484 si
1136 2455 1222 2483 facere
1237 2461 1325 2491 potest
1340 2465 1346 2482 :
1364 2456 1489 2491 quoniam
1506 2456 1555 2482 hoc
1569 2458 1680 2484 credere
1695 2464 1751 2489 εει,
1769 2460 1835 2486 illud
1853 2455 1901 2486 au;

1102 2497 1154 2519 tem
1171 2496 1285 2520 tentare.
1300 2491 1367 2518 Ecce
1379 2500 1423 2518 rei:
1438 2496 1495 2517 tuus
1509 2492 1573 2527 venit
1586 2493 1628 2519 tibi
1641 2499 1797 2527 nutnsuctus,
1811 2496 1901 2522 sedem

1097 2535 1173 2565 super
1184 2528 1293 2554 asinam.
1308 2527 1394 2565 Nolite
1409 2527 1515 2565 dicere,
1534 2526 1651 2565 Nosnon
1667 2529 1787 2565 [iubemus
1803 2539 1899 2565 regem,

1098 2560 1145 2590 "iii
1160 2565 1331 2590 tantummodo
1346 2563 1469 2590 Censuram
1479 2560 1568 2596 (Joun.
1585 2563 1628 2590 19.
1643 2564 1697 2598 l5).
1707 2564 1774 2591 Ecce
1782 2560 1901 2593 rex-tuus

1097 2599 1162 2626 venit
1176 2598 1219 2625 tibi
1226 2604 1382 2630 mansuetus,
1395 2599 1483 2625 sedens
1497 2605 1573 2631 super
1587 2600 1694 2626 asiiiam.
1710 2600 1738 2627 Si
1756 2601 1899 2630 intellexe-

1098 2635 1146 2667 ris,
1163 2635 1234 2662 venit
1255 2635 1319 2667 tibi;
1335 2635 1356 2662 si
1371 2643 1423 2661 non
1440 2632 1614 2667 intellexeris,
1635 2637 1723 2663 veniet
1737 2643 1833 2664 contra
1851 2645 1877 2665 te
1891 2649 1898 2665 :

1098 2670 1185 2707 idest,
1202 2671 1224 2697 si
1239 2671 1416 2707 intellexeris,
1434 2669 1522 2695 veniet
1544 2674 1571 2695 ut
1585 2670 1669 2707 salvat
1691 2676 1727 2702 te,
1739 2677 1767 2698 et
1786 2673 1838 2699 sub
1854 2682 1900 2707 ρει

1097 2706 1175 2733 dibus
1194 2707 1245 2733 tuis
1260 2706 1382 2742 subjiciat
1403 2707 1512 2740 gentes.
1536 2704 1650 2742 etdicas
1673 2714 1719 2740 per
1739 2704 1900 2742 prophetam

1097 2742 1240 2776 gaudens:
1259 2741 1384 2774 Quoniam
1406 2741 1474 2767 Deus
1499 2740 1626 2773 excelsus,
1651 2740 1834 2775 terribilisfct
1858 2751 1900 2770 rex

1097 2786 1203 2811 magnus
1224 2785 1299 2812 super
1316 2785 1415 2803 omnem
1433 2781 1545 2812 terram;
1565 2777 1670 2812 subjecit
1684 2778 1794 2812 populos
1810 2780 1897 2811 nobis,

1096 2818 1119 2839 et
1139 2810 1224 2849 petitas
1237 2810 1283 2839 sub
1304 2810 1520 2849 pedibusnostris
1535 2810 1543 2844 (
1561 2810 1633 2849 Psal.
1659 2813 1703 2840 46.
1718 2810 1794 2848 3-5).
1816 2813 1899 2849 Elegit

1096 2847 1182 2875 tios’t'n
1196 2849 1358 2874 nereditatem
1377 2848 1434 2880 sibi,
1452 2847 1560 2882 speciem
1574 2847 1656 2875 Jucob
1670 2856 1744 2882 quem
1755 2847 1896 2876 dilexitfb‘t

1097 2890 1184 2914 autem
1197 2891 1248 2911 uoti
1261 2883 1433 2916 intellexeris,
1442 2883 1528 2912 veniet
1545 2889 1573 2912 ut
1588 2884 1679 2920 perdat
1697 2887 1734 2917 te,
1747 2887 1776 2911 et
1786 2885 1821 2912 de
1835 2890 1897 2912 tem-
