2021 3128
124 157 173 185 655

125 213 266 241 multorum
296 210 434 237 hominum
463 207 580 236 ﬁdelium
604 207 778 235 habitantium
806 207 831 234 in
857 215 908 234 una

125 250 218 279 domo,
232 247 300 274 sicut
317 246 443 279 scriptum
458 249 517 279 est;
535 244 663 279 lleuswqui
682 243 829 279 inhabitare
850 243 911 279 facit

125 277 253 311 unanimes
274 281 301 308 in
316 277 377 306 una
391 280 465 306 domo
480 280 488 313 (
504 278 574 306 Psal.
595 278 639 305 67.
655 279 669 305 7
682 278 702 312 ).
721 278 838 312 Denique
850 277 911 305 vide

126 319 180 353 ipsa
207 317 267 353 folia
293 316 334 343 lici
353 336 360 347 ,
384 314 517 353 quomodo
541 313 910 353 secutidum__similitudinem

126 348 217 380 litantis
228 351 339 379 formata
353 348 423 377 stitit.
436 349 508 376 Folia
523 353 611 376 autem
626 348 764 375 viriditatis
775 352 836 374 sunt
849 355 911 382 spe-

125 389 177 415 cies
192 385 374 415 tantummodo
389 385 535 412 sanctitatis
551 384 576 411 in
590 384 696 410 homine
706 403 713 413 ,
728 389 772 410 attt
785 384 843 410 sine
858 383 911 409 frti-

126 427 168 450 ctu
192 421 404 457 operumjverba
427 419 560 457 religiosa.
577 419 741 457 Quicumque
755 425 818 457 ergo
833 418 912 445 homo

126 453 264 493 religiosus
275 477 282 488 ,
308 455 335 493 id
359 459 416 493 est,
443 455 523 481 arbor
537 454 717 485 rationabilis,
732 453 871 493 profitetur
883 460 911 479 se

125 489 187 520 esse
200 492 260 524 Dei,
277 495 304 519 et
321 491 450 524 justitiam
475 497 526 516 non
540 494 666 523 operatur
678 509 686 521 ,
699 489 780 524 arbor
794 492 835 515 est
852 493 910 514 tam

127 523 363 563 tummodo'tfolia
380 526 438 563 sine
461 524 547 563 fructu
570 527 692 563 portans,
704 523 798 563 quales
816 530 912 563 sum-us

127 571 174 590 nos
183 583 189 594 ,
201 562 234 589 de
246 557 340 596 quibus
354 557 673 596 prophetavitApostolus
682 566 689 585 :
698 557 798 591 Erunt,
815 557 909 596 inquit,

126 599 149 625 in
160 593 300 624 novissimis
323 593 409 622 diebus
424 595 535 621 homines
551 593 651 628 iseipsos
674 598 804 626 amantes,
826 593 912 627 cupidi

125 634 302 668 pecuniarum,
317 631 376 657 elati
386 651 393 661 ,
410 629 508 664 superbi
520 629 687 668 ,_pnrenlibu_s
697 637 746 668 non
759 628 909 668 obedientes,

126 663 257 695 calumniis
272 674 325 693 sure
339 663 461 691 amatores
475 663 555 698 magis
566 672 641 698 quam
658 663 722 696 Dei,
736 663 842 698 speciem
855 664 911 698 qui-

127 704 180 729 dem
193 703 292 737 pietatis
314 700 440 737 habentes,
452 700 567 726 virtutem
579 704 661 737 autem
673 699 726 733 ejus
744 698 910 733 abnegantes,

126 733 225 774 quos'in
239 738 314 767 liuent
331 735 508 762 maledictum;
526 739 561 774 est
576 733 910 774 Dotltllltlf,'ul_nltmquattt

126 768 156 800 ὶειι
177 773 227 799 illis
248 773 342 806 {ructus
366 770 580 806 ιιίιδραιιινλείειέι
601 769 732 796 maledixit
752 768 868 806 Judazis,
889 773 912 795 et

126 803 267 840 arueruntl
281 806 307 833 2.
331 806 397 832 Tim.
413 805 438 831 5.
455 804 530 840 1-5).
557 803 640 840 secus
659 809 746 840 autem
765 804 844 840 rvifam
870 807 911 830 est

125 843 198 877 juxta
224 839 363 877 mundum.
384 840 445 877 Ideo
458 847 521 875 ergo
536 839 635 877 nullum
651 840 675 866 in
688 839 786 877 ludi-is
798 839 910 877 fructum

127 873 248 905 Christus
261 877 344 911 potuit
359 873 559 909 invenire,‘quia
568 874 642 911 juxta
654 873 778 911 mundum
793 873 911 911 viventes

127 918 215 944 erant,
230 909 327 943 idest,
343 910 489 938 secundum
503 909 640 936 mundttm.
656 909 766 936 Mundus
781 909 852 935 enim
868 909 909 935 via

128 953 166 974 est
176 947 333 978 communis,
346 953 393 981 per
403 953 481 980 quam
490 951 586 981 omnes
595 948 731 981 transeunt
742 944 787 978 qui
797 951 912 981 nascun—

128 987 185 1014 tur.
202 982 271 1009 sicut
284 978 454 1015 exposuimus
475 980 501 1006 in
516 979 640 1014 parabola
663 979 828 1015 seminantis.
840 978 909 1015 Qui-

127 1025 239 1052 cumque
252 1013 410 1052 ergo'honio
424 1013 521 1045 lidelis,
533 1015 559 1041 id
574 1019 630 1047 est,
641 1014 721 1041 arbor
735 1013 908 1052 rationabilis,

125 1048 204 1088 juxta
224 1048 350 1088 minutum
367 1051 476 1088 vivens__,
493 1057 635 1088 numquam
660 1054 747 1088 potest
762 1049 790 1076 in
801 1048 909 1088 sefru-

127 1084 198 1115 'ctum
211 1087 319 1123 justitizc
334 1091 434 1123 tenere.
450 1084 524 1123 [itide
542 1085 638 1123 l’aulus
651 1084 755 1111 dicebat
775 1084 807 1123 ad
820 1084 911 1111 Timo-

128 1119 219 1151 theuui
235 1133 241 1149 :
257 1122 338 1148 Nemo
352 1121 462 1148 militum
476 1119 530 1146 Deo
545 1120 657 1154 implicat
673 1128 699 1146 se
712 1119 817 1152 negotiis
834 1127 910 1146 stew-

127 1158 235 1189 laribus,
250 1163 277 1184 ut
290 1157 313 1184 ei
326 1156 423 1190 placeat
435 1176 441 1187 ,
458 1156 498 1182 cui
510 1163 536 1182 se
550 1153 662 1190 probavit
675 1154 721 1190 (2.
740 1153 805 1181 Tim.
819 1154 846 1182 2.
859 1154 877 1182 4
889 1154 908 1189 ).

128 1193 162 1221 Ut
176 1193 236 1228 quid
252 1200 304 1219 non
318 1196 403 1226 potest
416 1191 516 1228 fruetus
530 1197 593 1217 suos
607 1190 717 1228 tenere'l
729 1190 909 1228 Transeuntes

129 1225 199 1256 enim
212 1234 238 1256 et
251 1225 449 1255 retra’nseuntes
460 1225 613 1258 d:l‘lllOll€S,
629 1225 669 1252 vel
684 1225 795 1252 ministri
810 1225 892 1258 ipsius
902 1244 908 1256 ,

127 1271 175 1298 per
187 1264 255 1290 viam
268 1283 275 1295 ,
292 1262 387 1298 idest,
401 1266 527 1298 vagantes
545 1268 593 1298 per
606 1261 732 1298 mundum
755 1267 830 1286 sutmi
840 1281 847 1293 ,
862 1267 909 1286 ex-

127 1295 229 1326 cutiunt
242 1305 298 1325 eos.
314 1297 387 1324 Sicut
401 1297 472 1323 enim
487 1295 674 1323 irrationabilis
689 1300 758 1322 terra
770 1316 777 1328 ,
792 1302 850 1329 qua:
865 1302 905 1321 se-

127 1341 174 1361 cus
185 1334 254 1360 viam
266 1333 350 1367 posita
363 1336 419 1364 est,
433 1338 539 1365 semper
548 1331 729 1367 conculcatur,
741 1335 767 1356 ct
779 1330 850 1367 dura
858 1333 909 1367 est,

127 1374 156 1396 et
168 1365 274 1396 semina
285 1367 413 1395 doctrina:
429 1368 455 1393 in
468 1366 557 1393 sulcos
570 1373 664 1393 sensus
678 1365 718 1392 sui
733 1373 783 1392 non
798 1365 908 1399 recipit,

128 1405 174 1432 sed
189 1403 309 1431 volatiles
324 1402 431 1436 spiritus
445 1402 548 1436 rapiunt
573 1409 604 1428 ea
620 1409 626 1428 :
641 1401 679 1428 sic
692 1406 718 1427 et
729 1401 816 1427 onmis
831 1401 910 1427 arbor

128 1439 289 1467 rationabilis
306 1438 384 1472 juxta
408 1437 475 1464 viam
497 1436 581 1471 posita
595 1443 737 1472 numquam
751 1440 841 1472 potest,
851 1442 910 1462 esse

129 1475 278 1507 fructifera,
298 1470 323 1500 id
339 1478 393 1506 est,
409 1470 654 1499 botno'sccundum
679 1471 805 1498 mundum
819 1470 910 1507 vivens

128 1505 365 1546 numqnatn'potest
375 1508 487 1535 evadere
500 1514 513 1533 a
528 1511 647 1546 peccato,
657 1511 685 1546 _ut
695 1507 729 1533 sit
738 1505 909 1546 justus.Fre-

127 1550 239 1580 quenter
253 1542 322 1580 enini
344 1547 511 1580 transeuntes
530 1542 643 1580 _spiritus
656 1542 726 1576 ipsas
740 1548 857 1580 gemmas
868 1542 910 1574 ju-

127 1576 206 1607 stitia:
220 1579 355 1607 excutiunt
369 1578 402 1605 de
418 1578 497 1605 ramis
512 1578 569 1611 ejus
579 1598 586 1610 ,
598 1581 738 1611 antequam
758 1576 910 1610 aperiantur

128 1615 155 1642 in
169 1615 259 1642 liores.
283 1614 415 1641 Interdum
440 1618 527 1640 autem
551 1613 622 1646 ipsos
637 1612 715 1638 liores
735 1611 789 1645 jam
804 1616 910 1645 apertos

128 1651 282 1682 excutiunt,
308 1649 441 1676 interdum
455 1655 519 1675 vero
532 1648 612 1674 etiam
629 1654 704 1681 poma
720 1647 774 1681 ipsa
798 1647 910 1682 formata

128 1686 273 1720 deponunt.
291 1684 366 1712 Romi
381 1683 450 1710 enim
464 1687 525 1720 sunt
538 1682 634 1720 anima:
648 1690 742 1709 sensus
762 1682 843 1716 ipsius
853 1702 859 1712 ,
876 1681 910 1708 de

128 1717 224 1755 quibus
244 1720 332 1746 omnia
347 1720 417 1746 bona
430 1718 584 1755 procedunt.
604 1717 723 1755 Gemma:
736 1722 830 1755 autem
849 1720 910 1755 sunt

129 1751 206 1783 home
228 1755 402 1790 cogitationes
425 1751 589 1790 colimrentes
615 1753 639 1778 in
662 1753 794 1790 sensibus.
818 1751 910 1790 Aperti

127 1797 215 1820 autem
241 1786 322 1818 liores
344 1793 405 1817 sunt
428 1789 503 1815 bona:
525 1789 683 1814 voluntates.
710 1788 781 1814 Sicut
796 1789 866 1814 enim
877 1786 911 1814 de

127 1827 241 1862 gemmis
255 1825 335 1862 liores
350 1823 509 1862 procedunt,
525 1823 605 1862 itahde
621 1823 697 1849 benis
708 1822 911 1862 cogitationibus

129 1858 274 1889 nascuntur
286 1861 361 1887 house
375 1860 533 1886 voluntates.
559 1858 634 1885 Sicut
657 1863 744 1885 autem
760 1858 841 1884 ﬂores
857 1865 910 1884 non

128 1902 242 1932 possunt
256 1896 414 1932 procedere,
434 1895 483 1920 nisi
497 1893 575 1932 fuerit
586 1901 688 1927 gemma
704 1902 710 1919 :
725 1894 843 1932 sic‘bona
865 1900 912 1932 vo-

130 1928 218 1959 luntas
231 1928 302 1958 nasci
325 1939 377 1969 non
392 1934 494 1969 potest,
518 1929 567 1955 nisi
580 1928 788 1969 praeesserit'in
805 1928 911 1969 homine

127 1968 253 2003 cogitatio
269 1967 346 2003 bona.
363 1963 433 1993 Bona
446 1965 516 1991 enim
529 1963 674 2003 cogitantes
682 1963 826 2003 incipimns
839 1964 910 1990 desi-

127 1999 224 2030 deiare
243 2009 302 2037 qua:
322 2002 390 2028 bona
406 2005 466 2026 sunt
480 1999 550 2037 apud
565 2000 659 2037 Deum.
682 1999 747 2026 Nam
763 1999 912 2037 voluntates

128 2039 208 2066 bona:
230 2034 268 2065 sic
293 2043 387 2064 suaves
401 2040 462 2062 Slllll.
481 2035 552 2069 apud
574 2035 673 2067 Deum,
687 2034 912 2068 quemadmodum

129 2073 254 2101 odoriferi
275 2071 362 2099 Πυτιλε.
377 2070 452 2098 Unde
472 2071 596 2098 Salomon
620 2069 745 2096 dicebat:
761 2069 822 2102 Fili,
841 2077 912 2095 serva

129 2115 154 2136 te
166 2118 181 2136 α
191 2108 382 2144 cogitationibus
396 2114 451 2142 qua!
463 2111 520 2133 sunt
535 2106 588 2144 sine
600 2106 816 2144 intellecluﬂwap.
832 2104 909 2144 145).

129 2140 328 2172 Ροιιιιι’;ιιιιθιιι
360 2140 420 2169 sunt
441 2149 521 2175 opera
545 2141 652 2175 iustitiae
679 2140 812 2174 perfectae.
839 2140 913 2167 Sicut

129 2180 201 2206 enim
216 2187 247 2206 ex
261 2178 371 2205 floribus
382 2184 460 2211 poma
474 2176 628 2208 formantur,
640 2176 675 2202 ita
688 2183 719 2202 ex
733 2176 807 2202 bouis
819 2175 913 2202 volun-

129 2215 229 2244 tatibus
243 2220 323 2247 opera
337 2212 453 2247 perfecta
475 2217 628 2238 nascuntur.
653 2211 728 2247 Sicut
750 2216 837 2247 autem
851 2214 912 2237 ante

129 2257 239 2284 pomum
253 2246 302 2277 llos
314 2246 505 2284 prtecedit,_ita
521 2251 582 2273 ante
597 2254 662 2284 opus
676 2246 772 2272 bonum
786 2246 853 2284 bona
868 2253 913 2284 vo-

130 2280 229 2312 luntas.
243 2280 335 2312 Omnis
355 2283 445 2317 itaque
460 2281 608 2316 homo,‘qui
619 2282 674 2316 jam
688 2289 737 2308 nec
756 2282 853 2317 cogitat
865 2280 913 2307 ali-

129 2320 238 2355 quando
251 2327 310 2354 quae
323 2319 391 2355 bona
401 2316 462 2355 sunt
472 2337 480 2350 ,
494 2318 565 2355 ipsas
575 2324 694 2351 gemmas
704 2316 812 2355 jnstitia:
825 2317 857 2342 de
872 2323 913 2342 ra-

130 2351 197 2388 mis,
214 2355 239 2382 ιιι
253 2351 308 2387 est,
323 2353 356 2381 de
369 2353 490 2385 sensibus
504 2352 578 2387 ejus,
596 2356 761 2388 transeuntes
777 2351 913 2388 daemones

129 2386 315 2418 excusserunt.
341 2389 391 2423 Qui
414 2392 501 2415 autem
528 2388 625 2422 cogitat
645 2386 752 2421 quidem
776 2386 863 2418 bona,
888 2390 914 2413 et

131 2426 256 2460 proponit
270 2426 296 2452 in
309 2422 451 2460 cor'deisuo
466 2423 552 2450 facere
564 2422 633 2460 quod
647 2422 744 2449 bonum
759 2426 800 2448 est
813 2430 818 2447 :
835 2426 894 2460 puta
905 2442 912 2452 ,

129 2457 373 2496 iiut-eiceniosynas
387 2459 487 2496 facere,
504 2458 685 2496 aut_jejunare_
695 2478 702 2488 ,
716 2462 762 2496 aut
774 2457 913 2483 continens

130 2503 193 2523 esse
204 2516 211 2528 ,
225 2501 252 2524 et
265 2492 351 2522 tanien
365 2493 578 2528 concupiscentia
598 2492 687 2519 sweuli
709 2493 808 2524 victus,
823 2496 868 2518 aut
880 2499 912 2518 ex

129 2539 299 2565 quacumque
313 2530 453 2565 occasione
468 2528 608 2565 mutaverit
630 2528 792 2565 voluntatem
815 2535 889 2553 suam
905 2535 911 2553 :

130 2563 165 2593 de
189 2563 262 2593 illius
271 2573 349 2593 sensu
361 2564 415 2599 jatn
429 2570 534 2598 apertos
553 2563 631 2590 flores
644 2563 778 2599 dwmonesi
791 2569 915 2589 excusse—

130 2607 203 2628 runt.
221 2602 269 2635 Qui
284 2598 371 2627 autem
386 2599 510 2634 cogitavit
524 2600 601 2631 bona,
617 2603 642 2625 et
655 2598 801 2635 proposuit,
812 2603 838 2624 et
853 2604 914 2635 per:

130 2638 194 2664 fecit
207 2633 277 2671 quod
301 2633 451 2670 proposuit,
479 2634 523 2660 ille
547 2641 623 2668 poma
645 2633 778 2667 produxit.
798 2633 873 2671 Quod
891 2633 914 2671 si

129 2667 227 2700 iterum
243 2667 400 2705 peccaverit,
416 2675 442 2697 et
455 2667 560 2703 propter
575 2674 680 2705 peccata
691 2668 828 2705 Sequentia
838 2667 916 2702 justi—

131 2708 176 2734 tia:
190 2703 271 2739 opera
284 2707 370 2741 priora
392 2705 549 2739 perdiderit,
565 2704 598 2731 de
613 2705 664 2731 iilis
677 2703 798 2741 sensibus
813 2703 914 2741 dtemo-

131 2750 181 2770 nes
194 2738 246 2776 jam
261 2738 375 2776 ptirfecta
394 2738 474 2776 poma
486 2743 669 2767 excusserunt.
684 2738 759 2776 Sicut
771 2746 834 2773 ergo
847 2738 917 2765 difli-

129 2778 185 2805 cile
194 2774 239 2804 cst
261 2774 384 2804 arborem
403 2775 477 2809 juxta
502 2775 571 2801 viam
595 2776 713 2810 positam
732 2774 833 2810 fructos
853 2781 915 2810 suos

131 2820 218 2846 usque
240 2812 274 2838 ad
300 2808 476 2846 inatttritatetii
493 2808 604 2837 servare
617 2810 679 2846 :rsic
699 2809 805 2846 dilﬁcile
819 2813 860 2836 est
876 2808 916 2846 vi:

131 2843 192 2875 rum
231 2846 336 2873 fidelem
360 2847 432 2880 juxta
457 2844 534 2871 istum
559 2845 686 2873 mundum
712 2845 842 2872 viventem
857 2864 863 2876 ,
890 2843 915 2870 id

129 2890 188 2912 est.
207 2884 234 2911 iu
255 2885 354 2908 :n-ttbm
372 2880 429 2914 ejus
443 2901 449 2911 ,
465 2880 591 2912 justitiam
615 2880 807 2908 imn'iaeulatatu
833 2887 915 2914 u~quc

303 2942 433 2972 ΡΑτιιοι..
455 2940 513 2970 Gn.
537 2938 614 2968 LVI.

651 151 682 179 IN
702 150 913 179 MATTHIEUM.
936 150 1049 179 HOMIL.
1072 150 1191 179 XXXIX.

1701 151 1754 179 an;

969 208 995 234 in
1010 208 1088 235 linem
1102 215 1218 236 servare.
1235 207 1262 236 Si
1278 208 1315 235 vis
1332 216 1395 244 ergo
1420 207 1519 236 fructus
1541 209 1651 242 justitite
1666 217 1749 244 usque

968 243 994 270 in
1024 245 1101 270 linem
1133 249 1233 276 tenere,
1268 243 1362 271 recede
1387 244 1421 271 de
1447 244 1488 271 via
1504 265 1510 276 ,
1533 249 1560 271 et
1582 243 1712 278 planutro'
1727 246 1752 272 in

965 278 1025 305 loco
1039 283 1152 310 secreto,
1171 283 1198 306 ut
1222 286 1270 305 nec
1291 279 1406 306 mundus
1428 283 1514 306 tecum
1539 279 1636 314 aliquid
1657 279 1752 306 habeat

965 320 1116 345 commune,
1130 321 1179 341 nec
1193 318 1219 340 tu
1234 321 1293 341 cum
1308 314 1415 340 mundo.
1435 314 1467 340 Et
1480 315 1516 340 ait
1529 315 1568 341 illi
1584 322 1592 341 .'
1606 314 1754 350 Numquam

965 356 996 384 ex
1007 354 1030 375 Ie
1039 350 1134 384 fructus
1145 353 1262 375 nascatur
1278 349 1304 375 in
1317 350 1503 384 sempiternum.
1517 353 1575 376 Non
1591 350 1652 384 quia
1668 351 1751 376 ntale-

965 383 1178 416 dixit'arborem,
1201 385 1260 410 ideo
1272 385 1372 410 fructus
1387 392 1439 410 non
1452 384 1534 415 dedit.
1553 383 1606 411 sed'
1620 385 1679 419 quia
1699 392 1752 412 non

965 419 1054 451 dabat,
1070 418 1129 446 ideo
1142 419 1278 445 maledixit
1291 420 1325 451 ei,
1343 423 1370 445 ut
1388 427 1436 446 nec
1452 419 1513 446 folia
1529 420 1584 453 ipsa
1601 418 1749 453 proferret;

966 454 1055 490 idest,
1079 461 1129 490 non
1153 454 1212 490 ideo
1235 453 1318 481 Judmi
1335 454 1515 490 perdiderunt
1534 455 1674 487 justitiam,
1691 456 1751 490 quia

966 488 1035 515 Deus
1055 496 1101 515 eos
1115 489 1272 523 dereliquit,
1294 489 1340 517 sed
1362 489 1421 516 ideo
1434 497 1482 517 eos
1507 490 1575 516 Deus
1598 488 1750 524 dereliquit,

965 524 1026 561 quia
1045 524 1175 561 justiti:th
1196 532 1248 561 non
1270 524 1425 557 amerebant,
1449 529 1476 561 ut
1498 533 1547 552 nec
1571 525 1625 560 ipsa
1648 526 1752 561 species

965 559 1069 592 pietatis
1081 564 1151 585 esset
1170 559 1196 586 in
1211 560 1260 591 eis,
1274 564 1320 586 aut
1334 567 1432 587 sermo.
1449 560 1482 587 Et
1497 568 1557 587 vrrc
1574 559 1640 587 sicut
1657 559 1751 588 melius

964 598 1015 629 est,
1031 598 1058 620 ιιι
1073 601 1124 620 non
1138 595 1170 621 sit
1186 595 1274 625 arbor.
1291 602 1369 629 quam
1391 600 1418 622 ut
1432 596 1466 622 sit
1478 596 1595 629 qui-lem,
1610 601 1636 623 et
1657 603 1752 623 secun-

965 628 1029 655 dum
1042 636 1127 663 genus
1141 638 1218 656 suum
1236 628 1349 656 fructum
1361 639 1413 657 non
1429 628 1507 658 faciat
1520 639 1527 656 :
1541 631 1579 658 sic
1591 631 1685 658 tnelius
1699 636 1750 663 est,

964 669 993 690 ut
1007 671 1055 700 nec
1068 665 1103 691 sit
1116 664 1195 691 homo
1211 665 1267 697 Dei,
1281 673 1359 699 quam
1375 670 1404 692 ut
1421 666 1453 692 sit
1465 665 1583 700 quidem.
1600 670 1627 693 et
1639 673 1751 693 convcr-

964 699 1092 727 salimiem
1107 708 1158 726 non
1172 700 1266 727 habeat
1281 701 1427 727 seetmdum
1440 699 1531 727 Deum.
1545 701 1595 734 Qui
1611 701 1680 728 enim
1692 705 1751 728 tnns

964 741 1017 760 non
1030 739 1080 768 est,
1094 735 1115 762 si
1130 735 1175 761 tibi
1188 742 1239 761 non
1250 735 1367 768 obaudil,
1382 743 1433 762 non
1449 735 1523 763 doles
1537 745 1543 762 :
1555 736 1589 763 de
1603 736 1648 763 illo
1662 741 1749 764 autem

963 770 1080 804 graviter
1089 770 1172 801 doles,
1188 770 1233 804 qui
1253 775 1313 797 tuus
1326 775 1376 803 est,
1396 775 1424 797 et
1438 775 1462 798 te
1474 771 1630 804 contemnit,
1646 776 1673 798 et
1692 772 1751 798 aliis

946 804 1046 841 __servit
1062 812 1068 830 :
1084 805 1122 841 sic
1136 805 1205 831 Deus
1218 812 1270 832 non
1288 810 1388 833 tantum
1403 806 1436 833 de
1451 806 1579 833 alieno‘et
1591 811 1682 840 aperte
1695 807 1751 833 dia-

964 838 1025 875 bolo
1044 840 1168 866 servienti
1184 841 1322 873 irascitur,
1337 846 1463 875 quantum
1478 841 1510 868 de
1525 848 1573 868 suo
1592 838 1689 869 diaboli
1713 842 1752 868 fa-

963 873 1051 901 ciente
1065 874 1238 902 voluntatem.
1255 875 1316 902 Ideo
1330 873 1356 902 in
1367 876 1419 903 lino
1432 877 1520 903 smculi
1535 877 1592 910 ipse
1608 877 1677 904 Deus
1690 878 1752 904 mit-

964 913 1004 945 tet
1011 910 1192 944 operationem
1204 911 1302 938 erroris
1318 911 1342 938 in
1359 912 1433 943 tales,
1447 912 1514 938 sicut
1524 912 1679 945 ctqnotidie
1694 911 1750 939 ﬁeri

964 943 1099 981 videmus,
1115 949 1145 972 ut
1158 945 1267 972 credant
1290 947 1437 979 mendacio,
1452 947 1495 981 qui
1516 943 1752 974 non-crediderunt

963 979 1139 1016 veritatitsed
1162 987 1358 1009 consenserunt
1382 979 1524 1016 iniquitati,
1548 986 1576 1009 ut
1597 982 1751 1016 judicentur

963 1021 1066 1041 omnes.
1081 1015 1138 1042 Non
1155 1016 1209 1052 volt
1230 1017 1301 1052 enim
1323 1021 1352 1043 ut
1368 1015 1506 1043 videantur
1518 1024 1578 1044 esse
1598 1015 1690 1052 ipsius,
1706 1017 1750 1052 qui

962 1057 1026 1077 vere
1039 1057 1089 1077 non
1104 1055 1164 1077 sunt
1174 1051 1240 1085 ejus.
1261 1051 1333 1079 Uxor
1353 1053 1479 1079 meretrix
1500 1052 1595 1079 melius
1607 1051 1647 1079 est
1661 1057 1689 1079 ut
1703 1051 1752 1079 nec

962 1085 998 1112 sit
1012 1086 1060 1112 viri
1075 1086 1127 1117 sui.
1141 1093 1218 1120 quam
1231 1091 1259 1112 ut
1279 1087 1335 1121 ipsa
1356 1087 1436 1118 illius,
1452 1088 1520 1114 male
1535 1087 1693 1114 ambulando
1706 1095 1752 1114 ex—

962 1120 1025 1156 cjlet
1037 1128 1096 1148 eum
1112 1121 1137 1148 in
1149 1121 1218 1148 zelo.
1230 1121 1262 1148 Et
1273 1120 1381 1156 nrt-farta
1396 1127 1430 1148 est
1441 1123 1559 1149 continuo
1572 1122 1689 1156 ficulnea.
1704 1122 1749 1150 90.

966 1155 995 1182 Et
1009 1156 1118 1183 videntes
1131 1156 1258 1190 discipuli.
1280 1155 1364 1183 mirati
1386 1162 1443 1183 sunt
1466 1155 1576 1184 direntes
1595 1166 1604 1184 :
1619 1157 1751 1191 Quomodo

962 1192 1080 1217 continuo
1092 1192 1157 1217 aruit
1173 1191 1280 1225 ﬁculnea
1298 1192 1407 1219 Hllirati
1428 1197 1499 1224 sunt,
1516 1192 1574 1226 quia
1590 1200 1679 1220 sermo
1693 1193 1751 1226 ejus

962 1227 1036 1260 quasi
1053 1226 1158 1252 ﬂamma
1172 1226 1309 1253 descendit
1321 1226 1353 1253 ad
1371 1227 1473 1254 radices
1487 1227 1580 1261 ipsius.
1594 1227 1615 1254 0
1628 1228 1749 1259 apostoli,

962 1261 1005 1295 qui
1019 1261 1122 1288 vidistis
1136 1261 1187 1288 Laz
1197 1269 1261 1288 il'lllll
1273 1261 1404 1296 sepultum
1416 1266 1441 1289 et
1457 1262 1589 1295 putridum
1606 1263 1699 1289 itermn
1712 1270 1751 1289 ve-

962 1296 1078 1333 nientem
1093 1296 1124 1333 ad
1138 1297 1220 1333 vitam
1233 1298 1290 1333 solo
1305 1303 1428 1333 sermone
1444 1297 1531 1332 (Joan.
1545 1297 1590 1333 il)
1603 1306 1609 1323 :
1621 1298 1685 1333 quid
1702 1305 1752 1333 ιιιιτ

962 1332 1067 1362 ramini,
1082 1331 1103 1358 si
1119 1331 1214 1358 videtis
1236 1332 1357 1358 arborem
1382 1331 1585 1360 solo'sermone
1604 1331 1752 1359 siccatam?

962 1366 1011 1400 Qui
1023 1367 1094 1393 enim
1117 1371 1205 1400 potest
1226 1367 1304 1393 vitam
1320 1367 1429 1398 donare,
1457 1367 1500 1394 ille
1523 1372 1609 1402 potest
1628 1371 1656 1394 et
1670 1367 1750 1394 vitam

962 1402 1068 1428 aulerre
1083 1410 1089 1428 :
1104 1402 1147 1435 qui
1161 1406 1248 1428 autem
1264 1403 1343 1429 vitam
1356 1402 1460 1429 auferre
1474 1410 1527 1430 non
1543 1407 1639 1437 potest,
1655 1409 1702 1429 nec
1713 1402 1751 1428 vi-

962 1442 1015 1463 tam
1031 1436 1094 1463 dare
1107 1441 1201 1471 potest.
1210 1437 1254 1463 2i.
1271 1437 1434 1472 Respondent
1448 1443 1529 1464 autem
1538 1438 1622 1469 Jesus,
1632 1438 1666 1463 ait
1679 1437 1730 1464 illis
1741 1445 1751 1464 :

962 1472 1040 1498 Amen
1053 1472 1109 1498 dico
1122 1473 1197 1503 vobis,
1218 1472 1239 1498 si
1253 1472 1388 1499 habueritis
1403 1473 1491 1506 ﬁdem,
1512 1477 1534 1499 et
1554 1481 1602 1499 non
1619 1473 1749 1499 Ita'siluae-

961 1507 1027 1543 ritis,
1046 1515 1095 1543 non
1117 1507 1200 1543 solum
1219 1507 1250 1533 de
1272 1508 1379 1540 ﬁculnea
1401 1508 1498 1543 facietis
1512 1516 1519 1535 :
1534 1508 1578 1534 sed
1597 1513 1619 1535 et
1638 1508 1659 1533 si
1673 1508 1751 1543 rixanti

962 1542 1020 1568 huic
1034 1542 1145 1568 dixeritis
1155 1562 1161 1572 ,
1179 1541 1250 1568 Tolle
1268 1547 1298 1574 te,
1314 1547 1335 1568 et
1347 1541 1417 1577 jartu
1430 1548 1454 1569 le
1467 1543 1491 1569 in
1507 1551 1585 1576 mare,
1607 1543 1658 1576 ﬁet.
1673 1542 1751 1570 Mons

962 1577 1007 1613 ille
1023 1577 1169 1609 invisibilis,
1181 1577 1224 1611 qui
1241 1578 1349 1604 arbores
1372 1578 1547 1605 infructuosos
1561 1578 1690 1613 producit.
1706 1579 1749 1604 tibi

961 1612 1019 1639 loca
1041 1616 1144 1646 petrosa
1159 1617 1183 1639 et
1203 1620 1307 1646 aspera.
1331 1613 1374 1639 ubi
1394 1613 1538 1648 prmcipitia
1558 1613 1710 1648 pendentia,
1723 1617 1751 1640 et

962 1655 1093 1680 cavernae,
1117 1655 1168 1674 non
1185 1647 1335 1675 hominibus
1357 1648 1388 1674 ad
1410 1647 1581 1675 habitandum
1603 1653 1682 1682 aptae,
1703 1649 1748 1675 sed

963 1683 1065 1715 bestiis,
1082 1683 1126 1710 tibi
1146 1683 1215 1710 nulla
1239 1688 1278 1709 est
1304 1683 1425 1717 planities
1440 1683 1472 1710 ad
1488 1683 1706 1718 requiescendum
1722 1683 1748 1710 in

962 1726 1037 1754 pace,
1051 1718 1097 1745 sed
1113 1718 1312 1754 ascensiouibus
1324 1723 1350 1745 et
1363 1718 1580 1746 descensionibus
1594 1719 1687 1754 plenus
1698 1723 1748 1746 est.

963 1754 1126 1789 Quicumque
1139 1754 1209 1780 enim
1220 1753 1326 1779 diabolo
1341 1758 1420 1784 stant.
1435 1754 1500 1781 alias
1513 1753 1669 1787 ascendunt,
1685 1754 1750 1781 alias

963 1789 1136 1816 descendunt.
1152 1789 1201 1822 Qui
1216 1797 1291 1815 mons
1304 1793 1345 1816 est
1359 1789 1455 1822 dictus,
1473 1798 1524 1816 non
1541 1794 1648 1824 propter
1660 1789 1751 1818 altitu-

963 1824 1051 1852 dinetn
1065 1824 1210 1859 dignitatis,
1225 1824 1293 1850 sicut
1306 1824 1391 1859 angeli
1410 1826 1503 1856 sancti,
1518 1825 1564 1852 sed
1582 1829 1689 1859 propter
1708 1824 1750 1850 iit-

963 1859 1096 1887 ﬂationeni
1113 1859 1257 1894 superbize;
1279 1867 1330 1886 non
1347 1866 1453 1894 propter
1468 1860 1616 1887 firmitatem
1636 1860 1750 1891 \irlutis,

963 1895 1009 1922 sed
1030 1899 1138 1930 propter
1158 1895 1321 1922 itmnobilem
1342 1900 1369 1922 et
1394 1895 1598 1930 incorrigibilcm
1621 1895 1749 1922 malitiam

964 1938 1048 1957 suam.
1063 1930 1142 1957 Istum
1155 1934 1270 1957 montetn
1283 1930 1366 1957 tollite
1381 1931 1415 1957 de
1435 1931 1521 1958 medio
1533 1936 1694 1962 sanctorum,
1706 1930 1750 1957 ubi

964 1965 1038 1997 fides,
1062 1966 1104 1992 ubi
1128 1973 1199 1999 spes,
1216 1965 1260 1992 ubi
1277 1966 1383 1998 caritas,
1407 1966 1450 1992 ubi
1472 1966 1593 2001 planities
1610 1966 1691 2001 pacis,
1707 1965 1750 1991 ubi

964 2001 1075 2036 speciosi
1097 2001 1183 2028 fontes
1200 2001 1338 2027 doctorum
1352 2021 1360 2033 ,
1383 2001 1426 2027 tibi
1450 2006 1521 2035 prata
1543 2001 1662 2028 florentia
1691 2008 1751 2027 rore

964 2037 1128 2072 gratiarum,
1144 2036 1196 2072 rubi
1218 2035 1340 2072 volucres
1363 2037 1457 2069 sancti,
1480 2036 1585 2063 assidue
1611 2041 1752 2072 vernantes

964 2070 1085 2099 cantibus
1109 2071 1249 2098 delectant.
1277 2070 1309 2097 Et
1328 2072 1396 2097 mille
1416 2076 1439 2097 Ie
1459 2073 1484 2097 in
1505 2079 1574 2097 mare
1596 2070 1640 2097 'id
1658 2074 1708 2103 est,
1726 2070 1751 2097 in

964 2107 1043 2134 istum
1067 2105 1205 2138 nutndum,
1222 2106 1264 2132 tibi
1280 2113 1355 2140 aqua:
1369 2111 1427 2132 stitit
1448 2107 1534 2138 salsaa,
1549 2111 1576 2133 et
1590 2114 1641 2133 non
1658 2114 1752 2139 procc-

964 2142 1057 2169 drntcs
1070 2141 1103 2168 ad
1119 2148 1205 2173 nsum,
1227 2140 1251 2168 id
1266 2146 1318 2173 est,
1335 2142 1422 2175 populi
1438 2141 1531 2175 iniqui,
1547 2149 1598 2168 non
1612 2142 1752 2175 prolicien-

965 2149 1057 2169 urntcs
1070 2149 1103 2168 au
1119 2149 1205 2173 usum,
1227 2149 1251 2168 iu
1266 2149 1318 2173 est,
1335 2149 1422 2175 popttu
1438 2149 1473 2168 ltII
1495 2149 1531 2172 ιιι,
1547 2149 1598 2168 non
1612 2149 1752 2175 prouetcn-

965 2182 1005 2204 tes
1017 2176 1049 2204 ad
1061 2177 1171 2211 gloriam
1186 2177 1241 2209 Dei,
1255 2177 1279 2202 in
1294 2184 1360 2211 quos
1373 2177 1461 2203 omnia
1477 2149 1561 2203 iinlcia
1578 2177 1685 2203 lhnnina
1699 2177 1753 2211 spi-

964 2211 1099 2240 ritualium
1109 2211 1252 2246 gratiarum
1265 2216 1385 2242 currunt,
1398 2217 1423 2238 ct
1436 2212 1579 2238 sulsitatem
1591 2219 1683 2238 eorum
1697 2220 1755 2238 mu-

965 2253 1021 2274 tare
1043 2255 1095 2282 non
1124 2250 1252 2281 possunt;
1276 2246 1322 2273 sed
1343 2248 1425 2282 magis
1445 2247 1550 2274 illortnn
1575 2247 1679 2273 salsitas
1692 2254 1753 2274 cor-

964 2283 1064 2316 rmnpit
1082 2281 1108 2308 in
1135 2289 1164 2309 se
1188 2282 1354 2309 dulcedinem
1378 2282 1539 2309 venientium
1565 2281 1701 2309 fluminum
1727 2282 1752 2308 in

965 2326 1039 2345 mare
1050 2317 1128 2351 hujus
1143 2317 1244 2350 mundi,
1268 2317 1310 2344 tibi
1331 2325 1436 2352 semper
1451 2317 1620 2344 dominantur
1635 2321 1752 2351 potesta~

965 2358 1015 2383 tes.
1030 2356 1057 2380 et
1075 2353 1240 2380 diversorum
1263 2352 1402 2387 spirituum
1428 2352 1573 2386 periculosa
1597 2353 1753 2379 certamina.

966 2388 1039 2416 Sicut
1054 2389 1124 2414 enim
1140 2387 1243 2414 assidua
1257 2392 1297 2414 est
1317 2388 1341 2414 in
1357 2388 1422 2414 mari
1443 2393 1595 2422 tempestas,
1612 2388 1649 2414 sic
1664 2388 1689 2414 in
1706 2388 1756 2413 iSIt)

965 2423 1064 2450 mundo
1078 2423 1246 2458 persequutio
1259 2426 1369 2458 satante,
1392 2422 1434 2450 ubi
1458 2430 1598 2457 numquam
1625 2423 1755 2456 tranquil-

966 2459 1025 2485 litas
1039 2457 1089 2491 est,
1106 2458 1152 2485 sed
1168 2457 1370 2485 ascendentibus
1390 2458 1477 2490 undis,
1496 2458 1521 2485 id
1535 2462 1589 2490 est,
1606 2458 1755 2485 lcntationiv

966 2493 1015 2519 bus
1028 2493 1224 2528 impellentibus
1238 2497 1265 2520 et
1286 2492 1415 2527 impulsis,
1438 2494 1551 2528 invicem,
1563 2501 1591 2520 se
1606 2494 1756 2528 percutiunt

966 2527 1097 2562 aqtnefet
1113 2529 1225 2563 invicem
1247 2535 1277 2555 se
1299 2528 1421 2563 frangunt
1442 2532 1468 2555 et
1489 2527 1706 2563 confringitntur,
1729 2534 1756 2556 et

967 2564 1078 2591 invii-em
1107 2570 1136 2590 se
1161 2562 1367 2598 confringcntes
1382 2563 1522 2598 quemdam
1549 2562 1754 2591 irrationabilem

967 2606 1060 2626 sonum
1076 2598 1148 2625 dant.
1163 2598 1207 2626 Sic
1218 2599 1319 2633 seipsos
1334 2598 1465 2631 homines,
1479 2599 1662 2626 occasionibus
1678 2599 1756 2633 hujus

967 2634 1058 2661 mtmdi
1083 2642 1115 2660 ex
1138 2634 1195 2667 ipso
1218 2634 1316 2661 mundo
1338 2633 1517 2667 nascentibus,
1533 2634 1607 2668 quasi
1624 2635 1710 2666 undis,
1726 2641 1774 2663 se.

967 2669 1079 2696 invicem
1099 2669 1242 2696 comedunt
1255 2673 1283 2696 et
1304 2669 1467 2704 impugnant,
1487 2673 1514 2696 et
1534 2677 1565 2696 ex
1581 2677 1610 2696 se
1625 2669 1700 2704 quasi
1713 2669 1755 2695 in—

968 2712 1045 2731 sanas
1057 2711 1136 2731 voces
1149 2704 1233 2739 pelagi
1247 2704 1392 2732 dimittunt.
1402 2703 1754 2739 UndedicebatApostolns:

970 2739 1057 2776 guinis
1076 2739 1171 2776 clamor
1186 2739 1375 2776 el_irt_ztollatnr
1392 2748 1408 2766 ιι
1421 2741 1500 2776 pobis.
1522 2741 1630 2776 (Ep/tes.
1652 2742 1678 2768 ι.
1697 2740 1755 2776 51).

969 2771 1109 2800 Hittetein
1118 2773 1257 2809 πηιηῶὴί
1270 2782 1351 2801 sonus
1365 2774 1501 2809 confusus,
1516 2771 1562 2802 tibi
1580 2771 1754 2802 inconstantia

969 2809 1133 2841 aeterna,ubi
1156 2808 1324 2844 infatigabilis
1345 2811 1480 2838 contentio
1500 2809 1703 2844 undarnmbnbi
1721 2811 1754 2836 ti-

971 2853 1028 2872 mor
1039 2849 1090 2876 esl,
1109 2849 1134 2871 et
1149 2843 1253 2878 semper
1273 2846 1364 2872 monis
1386 2846 1442 2873 ﬂuit
1463 2845 1558 2880 imago.
1577 2845 1621 2872 22.
1637 2843 1669 2871 Et
1683 2852 1755 2870 omne

972 2881 1142 2914 quodcumque
1156 2880 1272 2912 prliirflis
1293 2880 1318 2906 in
1332 2881 1463 2911 creatione,
1480 2879 1604 2906 σήμηνε(
1618 2879 1754 2911 ιίΓπίμίινξίδ,

1564 2927 1603 2959 ιὸ
