2065 3128
290 161 335 188 ιιςι
925 157 1011 185 Ol‘US
1031 156 1271 185 Iill’EltFECTliM

288 219 342 246 vult
359 219 459 252 dicere,
475 220 526 247 lali-
541 224 579 246 cst
594 229 599 246 ;
612 218 768 246 Deluicratis
786 225 832 244 vos
846 217 951 251 quidem
965 237 972 248 ,
989 223 1080 242 sacer-

289 255 377 284 dotes.
391 251 466 289 quasi
481 256 611 290 jii~titiaiu
624 255 823 288 Scripturartun
837 253 990 290 lialietttes_.
1005 251 1080 290 ‘l‘lafi

289 291 377 324 populi
391 286 566 324 pra-cesseres
577 312 584 322 ,
601 296 663 316 ante
678 286 820 324 populares
844 287 957 324 credere
968 286 1080 318 Joanui,

291 323 436 353 iit’ouiin-s
453 327 489 363 illi
515 331 633 363 vestium
658 323 835 363 sequerentur
855 323 1030 363 exeniplitiii_3
1054 327 1081 362 et

288 369 340 398 non
356 362 442 389 solum
454 361 504 388 hoc
518 368 568 388 non
584 357 748 398 iecistis,sed
762 367 810 387 nec
826 363 965 393 postquam
977 357 1080 398 vidistis

288 397 442 430 publicanos
454 402 480 424 et
496 397 649 423 meretrices
663 396 814 425 credentes,
828 402 875 421 nec
889 401 959 420 nunc
975 393 1078 420 confusi

288 429 351 458 i-stis
364 454 370 462 ,
388 438 433 459 aut
458 432 608 465 compnucti
631 439 637 457 :
660 431 720 466 qitia
740 430 871 465 publicani
885 434 911 456 et
925 429 1078 456 meretrices

285 467 465 499 crediderunt,
477 469 520 501 qui
532 466 641 494 eri-dere
654 475 705 492 non
719 466 910 498 Speraltantur;
928 472 976 491 vos
987 469 1077 501 autem

287 503 313 529 in
329 503 424 529 duritia
442 499 633 537 pcriuansistis,
646 502 691 538 qui
702 501 861 538 videbaiiiini
875 501 955 538 totius
967 499 1077 538 justitiaa

286 535 481 568 sectatores.'et
496 546 529 564 ne
552 542 613 564 tunc
632 535 737 572 quidem
760 537 942 571 piruitentiatn
965 535 1075 572 egistis,

287 581 315 598 ιιι
327 573 483 606 crederetis,
497 578 523 599 ιιι
539 574 578 600 vel
603 571 706 599 illorum
721 572 872 605 exemplum
887 571 1074 605 scqticremini.

285 609 381 642 quibus
395 608 546 636 debueratis
565 609 613 643 ipsi
631 615 690 635 esse
705 608 865 641 exemplum.
881 606 1011 643 Numquid
1029 613 1075 643 vos

285 651 344 677 mag
356 651 368 669 s
382 644 438 671 sine
454 649 561 678 peccato
574 641 655 670 cratis
665 651 743 677 quam
759 643 807 674 illi,
822 648 858 673 ιιι,
875 643 926 669 illis
940 641 1075 678 credenti-

286 679 334 704 bus
351 679 375 705 ei
388 700 395 710 ,
410 677 458 706 vos
473 687 524 706 non
547 679 690 706 crederetis
703 678 829 706 Clu-isto?
843 678 915 709 Non,
930 677 976 704 sed
992 677 1075 711 magis

284 719 483 748 contemptores
511 715 557 742 Dei
573 735 579 746 ,
603 715 685 748 magis
706 714 812 748 superbi
827 734 833 743 .
847 718 873 740 et
894 721 968 739 vana:
983 713 1074 744 gloria:

283 754 429 781 :itiiatores,
447 755 473 776 et
486 750 544 777 dttri
558 771 565 782 ,
582 750 625 784 qtti
642 757 691 776 nec
710 749 861 784 prmcedcre
879 749 938 775 illos
954 748 1073 775 toluislis

284 785 310 810 iu
324 785 374 810 ﬁde
384 806 392 818 ,
407 793 455 812 nec
465 786 551 818 sequi.
566 783 598 812 Et
613 793 675 812 vere
691 792 784 818 magna
799 783 921 811 confusio
931 789 968 810 cst
981 790 1072 810 sacer-

283 819 375 846 dotum
388 841 395 853 ,
421 825 448 848 et
466 822 583 847 otunimn
606 821 764 848 clericomm
776 841 784 852 ,
798 820 904 855 quando
926 819 984 845 laici
1000 819 1074 845 inve-

284 855 394 882 niuntur
413 856 545 883 ﬁdeliores
560 857 609 887 eis,
625 861 667 882 aut
682 856 816 888 iustiores.
831 855 970 888 Quomodo
983 859 1072 881 autem

284 899 336 917 non
362 891 396 918 sit
418 891 555 921 conlusio.
580 899 642 919 esse
664 892 721 918 illos
743 890 884 918 inferiores
899 890 1072 924 laicis,quos

283 926 363 953 etiam
376 927 492 960 :cquales
506 934 567 954 es<e
580 926 701 953 confusio
721 927 780 953 est?
802 925 852 953 Per
866 925 934 952 lianc
948 933 1012 959 ergo
1027 933 1072 959 pa-

285 962 403 988 raholam
418 962 457 989 eis
471 962 644 997 propltetahat
655 981 663 992 ,
679 962 739 996 quia
755 965 847 995 gentes
867 960 973 995 quidem
996 961 1070 997 quasi

285 997 408 1024 meliores
434 995 537 1024 {iterant
562 995 708 1031 eligendae,
723 1004 783 1032 qua:
809 996 834 1023 in
858 995 1070 1032 primisrquidein

283 1032 476 1059 coirumaciaut
491 1033 674 1064 ostenderunt,
688 1031 777 1066 postea
792 1037 880 1059 autem
895 1031 1071 1059 obedientiam

283 1066 460 1095 ethibuerunt
476 1077 482 1095 :
506 1073 534 1095 et
551 1068 634 1096 Judiei
654 1067 729 1100 quasi
751 1067 898 1095 deteriores
913 1066 1070 1100 objiciendi,

283 1103 328 1137 qui
345 1103 370 1130 in
384 1104 475 1137 primis
489 1104 595 1138 quidem
610 1102 720 1137 professi
731 1108 790 1129 sunt
800 1102 989 1133 obedientiam,
1000 1107 1072 1136 post-

283 1145 314 1164 ea
337 1143 425 1165 autem
448 1139 546 1166 inventi
560 1144 621 1166 sntit
635 1144 804 1166 contumaces
815 1159 822 1170 ,
838 1138 899 1173 quia
922 1138 1016 1165 melius
1031 1141 1072 1164 est

283 1173 352 1206 apud
367 1173 448 1201 Deum
461 1183 515 1201 non
530 1175 685 1209 prominere
709 1178 735 1201 et
749 1173 836 1201 facere
848 1194 855 1204 .
867 1181 945 1208 quam
963 1173 1071 1207 promit-

285 1213 341 1235 tere
372 1214 402 1236 et
416 1210 532 1237 mentiri.
547 1210 647 1236 Tamen
669 1211 694 1236 in
711 1210 866 1244 ﬁguratione
880 1209 1032 1236 Judmorum
1045 1213 1072 1235 et

284 1245 435 1277 gentilium,
451 1253 530 1280 quam
546 1245 728 1280 exposuimus,
745 1245 888 1271 multorum
901 1244 1069 1280 traditionem

283 1285 435 1313 sequentes,
450 1281 548 1313 aliquid
572 1280 634 1306 milii
659 1280 762 1307 videtur
775 1287 834 1307 esse
848 1280 1022 1307 contrarium.
1042 1279 1070 1306 Si

283 1316 354 1341 enim
368 1323 430 1342 vere
444 1315 468 1342 hi
484 1316 537 1342 duo
551 1316 595 1342 lilii
608 1316 690 1343 ,ιιιιιειιί
702 1320 728 1342 et
741 1316 854 1350 gentiles
869 1319 960 1342 essent
970 1314 1069 1342 intelli-

283 1350 372 1384 gendi,
385 1356 522 1385 postquam
537 1351 688 1378 sacerdotes
701 1351 855 1386 interrogati
865 1350 1069 1385 reSponderunt,

284 1386 398 1419 priorem
416 1386 497 1412 ﬁlium
511 1387 674 1413 Voliintatem
691 1387 772 1420 patris
788 1387 892 1418 iecisse,
905 1386 1068 1413 concludens

283 1421 406 1449 Christus
428 1422 579 1456 parabolam
592 1442 599 1454 ,
623 1422 661 1449 sie
681 1422 772 1449 debuit
785 1422 895 1449 dicere:
916 1422 994 1448 Amen
1015 1422 1071 1448 dico

284 1457 360 1488 vobis,
377 1457 438 1492 quia
458 1462 552 1492 gentes
576 1457 730 1492 pra‘cednnt
756 1465 802 1484 vos
825 1457 851 1484 in
876 1465 987 1491 regnum
1002 1457 1068 1484 Dei:

284 1500 355 1518 nttuc
370 1498 457 1519 autent
472 1493 550 1523 dicit,
566 1492 632 1525 Quia
644 1492 771 1527 publicani
785 1497 807 1519 et
821 1493 959 1519 meretrices
973 1500 1069 1527 priter-

283 1527 347 1554 dant
358 1535 398 1555 cos
411 1529 436 1554 in
447 1536 551 1563 regnum
564 1527 620 1554 Dei.
642 1528 717 1561 Quod
732 1528 814 1563 magis
833 1527 1003 1562 profanorum
1019 1527 1068 1554 lto-

284 1570 383 1589 mmnm
396 1563 573 1590 conditionem
589 1563 715 1597 ostendit,
730 1570 809 1598 qnam
824 1563 939 1598 gentium
955 1567 1069 1596 statum;

285 1599 334 1625 nisi
357 1598 425 1626 forte
447 1599 485 1626 sic
510 1599 697 1633 intelligamus,
715 1603 745 1626 ut
767 1605 846 1632 supra
861 1598 916 1632 jam
930 1598 1045 1626 diximus
1063 1609 1069 1626 :

283 1634 344 1668 quia
360 1642 392 1660 ex
408 1634 456 1661 hac
471 1634 629 1661 narrationis
649 1641 728 1661 causa
751 1633 906 1669 publicanos
926 1633 1071 1662 introduxit

283 1674 308 1695 et
327 1670 494 1702 meretrices,
511 1677 559 1705 pro
571 1677 603 1696 eo
618 1674 646 1697 nt
657 1670 740 1701 dicat,
752 1670 799 1696 Sic
817 1669 935 1705 gentium
957 1670 1070 1703 populus

283 1705 365 1740 inagis
382 1705 490 1739 placens
500 1704 540 1732 est
555 1705 609 1732 Deo
623 1712 701 1740 quam
718 1712 775 1737 vos,
791 1709 820 1731 ut
834 1704 913 1740 etiam
934 1705 1068 1738 publicani

282 1739 332 1772 ipsi
357 1745 384 1767 ct
403 1740 557 1768 meretrices
579 1740 796 1774 acceptabiliores
817 1739 869 1767 sint
889 1740 958 1773 apud
986 1741 1070 1767 Deum

284 1781 392 1808 propter
416 1775 645 1802 conversationem
673 1783 766 1808 suam,
783 1782 862 1809 quam
889 1783 935 1802 vos
963 1781 1071 1810 propter

283 1810 487 1843 promissiimctu
514 1817 629 1837 vestram
655 1811 820 1838 mendaeem.
851 1810 878 1837 Si
901 1818 963 1845 ergo
985 1812 1071 1844 placet

284 1849 392 1879 propter
406 1845 475 1872 hanc
489 1847 616 1872 rationem
629 1847 734 1873 traditio
749 1846 802 1878 illa,
812 1846 880 1872 bene
896 1855 901 1872 2
914 1847 954 1873 sin
970 1852 1070 1880 autem,

283 1885 371 1915 potest
386 1885 413 1908 ct
435 1881 519 1908 altera
540 1889 599 1908 esse
619 1881 725 1908 traditio
742 1882 812 1908 talis.
837 1882 903 1908 Cum
917 1881 1070 1910 sacerdotes

284 1925 335 1942 non
345 1916 461 1943 discendi
475 1924 563 1948 caus:t,
575 1916 619 1943 sed
630 1917 744 1943 terrendi
762 1916 1007 1951 interrogarrntJn
1022 1926 1071 1950 qua

284 1952 472 1986 potestatefacis
479 1954 530 1979 htL’t‘
538 1952 675 1987 (Matt/nil
683 1972 688 1978 .
696 1952 755 1986 25)?
763 1952 901 1979 audierant.
908 1952 1068 1986 [regni-nter,

283 1989 351 2013 sicut
361 1988 470 2021 exponit
482 1987 842 2022 Joannes,quandodicebat.
853 1992 880 2014 ut
890 1995 969 2014 unum
980 1989 1069 2021 profe-

284 2030 340 2048 raiu
353 2023 386 2050 tle
401 2023 489 2049 multis
499 2023 649 2057 exemplum
660 2031 665 2048 :
677 2022 737 2049 Dixi
745 2023 819 2053 vobis.
829 2028 852 2050 et
860 2031 909 2049 non
919 2024 1069 2051 credidistis.

285 2056 367 2091 Opera
378 2066 433 2093 qua:
444 2067 488 2093 ego
504 2059 569 2093 [ario
582 2059 608 2084 in
628 2059 727 2085 nomine
742 2057 827 2085 Patris
839 2059 896 2090 mei,
913 2059 968 2092 ipsa
980 2060 1070 2093 testiﬁ-

283 2099 373 2129 cantur
386 2093 417 2119 de
430 2101 468 2120 me
482 2093 569 2128 (Jouu.
583 2094 626 2120 tit.
642 2094 698 2129 ‘25).
718 2094 793 2126 Item,
809 2093 839 2120 Si
856 2102 906 2120 non
919 2095 985 2128 facio
994 2103 1071 2129 opera

283 2127 370 2155 Patris
384 2129 441 2162 inei,
455 2127 531 2155 nolite
544 2129 646 2155 credere
664 2127 735 2156 iiii/ti.
747 2129 821 2161 Quod
832 2129 854 2156 si
866 2127 942 2164 facit),
952 2130 996 2156 etsi
1009 2127 1072 2157 ini/ii

282 2171 332 2189 uou
339 2164 411 2190 uultis
419 2164 569 2197 crcrlcrr,vel
575 2165 689 2198 operibus
696 2165 796 2195 credite,
804 2170 829 2191 ut
837 2165 921 2191 sciatis
929 2170 951 2190 et
962 2165 1070 2193 credatis

281 2199 341 2237 quia
354 2207 401 2237 ego
412 2200 438 2226 in
455 2199 540 2232 Putre,
550 2204 573 2226 et
592 2199 707 2237 l‘uterjn
719 2208 757 2226 me
765 2201 816 2233 εει(
831 2199 898 2237 Ibid.
909 2208 923 2226 it
945 2200 989 2227 57.
1004 2201 1037 2237 58
1048 2203 1068 2237 ).

281 2234 339 2261 Hoc
359 2235 430 2261 cuitu
449 2243 500 2261 non
524 2239 581 2262 erat
601 2235 740 2262 manifeste
763 2236 932 2269 pronuntiare
946 2257 952 2268 ,
968 2236 1028 2270 quia
1044 2234 1068 2264 in

282 2274 412 2303 potestate
433 2270 477 2296 Dei
503 2271 560 2297 h.rc
579 2270 700 2297 faciebat.
719 2270 847 2303 Quoniam
868 2279 943 2305 ergo,
965 2271 1021 2298 inec
1038 2279 1070 2299 eo

281 2305 397 2338 dicente,
413 2313 443 2332 ex
460 2306 562 2340 populis
577 2306 650 2332 iiitilti
666 2306 690 2332 iu
706 2314 766 2332 eum
784 2306 962 2337 credsderunt,
978 2314 1067 2333 sacer-

280 2341 357 2369 dotes
373 2346 460 2368 auteiu
475 2342 548 2374 juxta
563 2341 632 2375 quod
649 2350 700 2368 non
714 2341 891 2372 crediderant,
916 2342 961 2368 sed
983 2342 1070 2370 adhuc

281 2376 434 2411 frequenter
449 2377 648 2404 insui-rexerant
669 2384 750 2411 super
769 2384 840 2409 eum,
857 2376 1003 2404 introduxit
1022 2385 1069 2411 pa-

281 2412 399 2439 rabolain
423 2412 535 2439 duorum
557 2412 670 2438 ﬁliorum
687 2420 692 2438 :
709 2412 853 2439 ostendens
870 2413 908 2439 eis
928 2419 975 2446 per
997 2420 1066 2445 eam,

280 2448 405 2480 quoniam
419 2448 543 2474 meliores
556 2452 615 2473 stitit
633 2447 782 2481 populares,
795 2448 838 2482 qui
851 2455 865 2474 a
878 2448 1007 2482 principio
1019 2456 1070 2474 sai-

281 2482 397 2509 cttlarein
412 2488 438 2509 et
457 2484 589 2510 carnalem
611 2484 769 2517 proﬁtentur
782 2485 873 2515 vitam,
887 2491 966 2517 quam
980 2490 1069 2510 sacer-

280 2516 367 2549 dotes,
381 2518 424 2551 qui
439 2518 472 2544 ab
489 2519 564 2544 initio
578 2516 735 2552 prolitcntur
749 2525 778 2544 se
791 2518 845 2545 Deo
862 2516 961 2546 servire
977 2527 983 2545 :
1000 2527 1066 2553 quo-

281 2552 352 2588 niam
364 2553 504 2586 populares
514 2553 632 2587 qttidetu,
647 2554 688 2580 vel
699 2554 784 2580 satiati
797 2553 901 2582 actibus
912 2554 966 2580 suis
980 2552 1065 2588 malis,

280 2587 423 2622 aliquando
436 2589 585 2622 compuncti
600 2594 789 2616 emivertuntur
801 2590 833 2615 ad
856 2589 948 2622 Deum,
962 2594 989 2617 et
1003 2587 1068 2616 inci-

281 2623 355 2656 piunt
368 2623 471 2656 operari
483 2624 611 2656 justitiam
629 2624 689 2656 Dei;
706 2625 857 2651 sacerdotes
872 2630 959 2651 autent
974 2625 1068 2658 impae-

279 2658 397 2695 iiitibiles
416 2658 563 2689 constituti,
587 2667 730 2694 niunqunin
754 2660 879 2687 desinunt
904 2668 1014 2695 peccare
1040 2661 1065 2687 in

280 2692 373 2730 lteiini.
390 2694 461 2721 Duos
482 2702 546 2729 ergo
561 2695 628 2721 lilios
642 2692 705 2722 dicit
725 2696 849 2722 laiciu'um
873 2692 1065 2730 conditionem,

277 2734 302 2765 et
320 2728 439 2765 ordinem
458 2728 637 2756 sacerdotum.
653 2731 717 2764 Quis
736 2736 777 2758 est
793 2731 866 2765 prior
879 2731 966 2758 lilius‘!
979 2728 1067 2765 Ροριιὲ

277 2763 328 2790 liis.
344 2764 419 2792 Prior
433 2766 503 2792 enim
528 2765 640 2799 populus
659 2763 765 2792 ei'eatus
786 2763 836 2799 est,
858 2766 954 2794 deinde
977 2763 1065 2794 sacer-

275 2800 364 2832 dotes,
377 2802 420 2836 qni
439 2806 534 2835 regunt
548 2801 682 2834 populum.
706 2802 829 2835 Alioquin
843 2808 903 2829 ante
918 2803 999 2829 creati
1018 2810 1063 2829 rc-

275 2841 374 2867 i-tores,
392 2844 473 2870 quam
492 2835 633 2870 regerent?
655 2836 711 2872 [Son
737 2838 807 2863 enim
828 2837 940 2872 populus
956 2843 1064 2872 propter

277 2872 546 2907 sacerdotescrcatus
559 2876 610 2902 est,
624 2871 669 2907 sed
690 2873 842 2898 sacerdotes
857 2871 964 2907 propter
979 2880 1062 2906 popu-

277 2906 343 2932 lum.
358 2906 423 2934 Naiu
435 2911 460 2933 ct
475 2907 601 2933 tittiitdtiiii
623 2905 694 2933 Deus
709 2912 770 2935 ante
791 2905 913 2941 creaiut,‘
924 2913 949 2936 et
968 2905 1059 2940 postea

1881 161 1931 188 8:52

1137 214 1284 252 boiuinem,
1310 216 1354 250 qui
1382 221 1484 248 regeret
1509 216 1646 243 mundum.
1673 217 1791 252 Denique
1817 219 1928 252 populos

1137 249 1182 277 Dei
1196 259 1228 277 ex
1243 249 1362 285 tempore
1380 251 1494 278 Aliralim
1507 252 1598 285 coepit,
1614 249 1767 279 sacerdotes
1788 249 1876 280 aiitcin
1896 262 1927 282 cx

1136 290 1256 320 tempore
1270 286 1370 313 Aaron.
1387 286 1420 313 Et
1435 287 1498 313 dixit
1515 287 1558 313 imi
1578 295 1664 314 eorum
1676 295 1684 313 :
1697 287 1759 318 Fili.
1779 289 1843 315 vade
1857 290 1928 316 hodie

1134 322 1234 354 operari
1245 322 1270 348 iu
1284 322 1380 349 t'iiieam
1393 330 1482 348 meam.
1494 322 1525 348 At
1537 323 1579 349 ille
1591 323 1730 357 respondit,
1743 322 1822 354 Nolo.
1837 324 1927 352 Postea

1132 362 1217 382 autem
1232 358 1376 391 paenitentia
1394 363 1486 388 motus,
1503 357 1556 384 irit.
1573 357 1605 384 Et
1624 359 1746 386 accedens
1760 359 1795 385 ad
1809 359 1924 392 alterum,

1132 392 1196 418 dixit
1214 393 1338 419 similiter.
1356 393 1387 419 At
1400 393 1443 419 ille
1455 393 1618 427 respondens,
1631 395 1665 420 ait
1679 402 1688 420 :
1705 394 1753 426 lio,
1768 395 1889 428 domina;
1903 401 1926 423 et

1131 435 1181 453 non
1195 428 1326 466 ii-it_._i\'aiu
1341 429 1409 455 sicut
1428 437 1522 466 itiones
1537 428 1619 455 .lnda-i
1629 431 1757 466 quamvis
1771 431 1923 466 interrogati

1132 467 1159 489 et
1174 470 1220 496 per
1233 463 1330 490 illosrm
1345 469 1372 490 et
1386 472 1432 497 per
1445 463 1546 496 Jesuin,
1561 465 1635 499 quasi
1657 472 1672 491 a
1694 465 1748 492 Deo
1764 474 1812 500 per
1825 463 1924 494 eos'lo-

1130 503 1240 536 queute,
1252 499 1452 536 Spoponderuut
1465 500 1552 526 omnia
1566 507 1595 526 se
1610 499 1736 532 {actui-0s,
1751 509 1810 535 quae
1823 509 1924 536 pracc—

1131 539 1206 571 prrat
1217 534 1256 561 eis
1273 535 1352 566 licus,
1368 539 1394 561 et
1410 543 1461 561 non
1475 535 1607 566 fecerunt;
1622 542 1716 569 gentes
1728 534 1816 563 autem
1825 534 1924 571 'quam-

1129 569 1170 605 vis
1183 577 1234 595 non
1248 571 1420 604 proiitiscriut
1435 571 1518 605 prius.
1533 575 1622 597 tamen
1640 576 1731 605 postea
1745 569 1922 600 obedientiam

1129 603 1185 631 Deo
1193 603 1347 642 dederunt:
1363 605 1397 632 ita
1416 603 1486 633 enim
1501 611 1528 633 et
1544 603 1685 641 populares
1704 615 1750 641 per
1764 607 1814 635 hoc
1827 608 1922 642 ipsum,

1129 639 1204 677 quod
1214 640 1369 677 sa'cularein
1385 641 1532 677 suscipiunt
1545 639 1636 674 vitam,
1653 639 1787 677 denegare
1800 639 1922 671 videntur

1128 675 1306 712 obedientiam
1325 676 1397 708 Deo;
1412 675 1565 704 sacerdotes
1585 682 1675 704 autem
1693 675 1777 712 magis
1801 679 1923 706 videntur

1128 711 1477 752 obedientiaiiunpromittere
1488 713 1551 752 Deo.
1563 713 1694 752 pra-pipue
1710 711 1756 752 per
1772 714 1822 741 hoc
1836 715 1921 752 ipsum

1127 747 1196 780 quod
1211 747 1362 780 specialiter
1377 748 1402 774 in
1415 748 1562 774 inini~terio
1575 748 1619 775 Dei
1631 747 1839 776 c0ii5tituuntnr.
1856 749 1920 778 Nam

1127 781 1172 814 qui
1188 783 1282 819 doctor
1297 783 1384 818 populi
1399 784 1580 814 constituitur,
1603 784 1661 810 sine
1683 784 1765 810 dubio
1783 786 1921 819 proﬁtetur

1126 823 1156 843 se
1165 817 1248 854 talem
1270 817 1338 850 fore,
1353 819 1457 853 qualem
1480 826 1539 846 esse
1554 823 1660 854 oportet
1679 817 1827 846 doctorem.
1848 821 1921 848 Sicut

1128 852 1199 878 enim
1213 853 1257 888 qui
1271 852 1409 887 sutoriaiu,
1426 855 1498 881 verbi
1515 852 1604 886 conia,
1617 859 1662 881 aut
1674 862 1868 890 quamcumque
1881 857 1919 883 al-

1127 891 1209 914 teram
1226 889 1363 925 proﬁtetur
1376 894 1471 922 artem,
1483 890 1532 916 etsi
1546 889 1698 924 specialiter
1713 898 1764 916 non
1779 889 1918 925 Sponden,

1126 926 1214 950 tamen
1239 932 1286 958 per
1302 924 1467 962 lioc‘ipsuni
1481 925 1552 958 quod
1572 925 1700 952 sutoriam
1717 924 1857 962 professus
1879 933 1919 954 est

1125 963 1224 996 artem,
1238 964 1266 996 et
1281 961 1413 994 opiﬁcium
1429 961 1469 987 vel
1494 961 1676 996 magisterium
1697 961 1756 993 ejus
1771 962 1836 988 artis
1855 969 1917 996 ape-

1126 994 1189 1026 ruit,
1202 995 1307 1022 videtiir
1323 996 1400 1023 tacite
1413 994 1737 1030 omnilnisﬁspopoudisse,
1763 1001 1790 1023 ut
1807 994 1918 1025 siue—re-

1127 1030 1304 1064 prehensione
1324 1031 1430 1065 impleat
1446 1039 1526 1066 quam
1546 1031 1683 1066 professus
1704 1037 1745 1058 cst
1760 1037 1844 1059 artem
1861 1042 1867 1060 :
1882 1034 1917 1061 sic

1126 1066 1262 1099 sacerdos,
1276 1071 1301 1094 et
1317 1067 1404 1093 omnis
1419 1067 1543 1100 clericus,
1560 1067 1610 1094 etsi
1622 1067 1775 1101 specialiter
1789 1075 1842 1094 non
1856 1076 1915 1102 pro-

1126 1101 1223 1133 mittat,
1240 1107 1328 1129 taiucn
1351 1110 1397 1136 per
1410 1102 1460 1128 hoc
1485 1103 1569 1136 ipsum
1584 1103 1654 1136 quod
1670 1103 1764 1129 doctor
1778 1101 1916 1130 constitui-

1125 1140 1168 1163 tur
1182 1137 1304 1168 aliorum,
1322 1139 1399 1164 tacite
1416 1139 1570 1171 promittere
1587 1138 1640 1164 Deo
1657 1138 1771 1169 videtur,
1789 1139 1815 1165 in
1830 1140 1916 1166 omni-

1125 1171 1174 1199 bus
1188 1173 1374 1199 ohauditurum
1396 1181 1426 1200 se
1442 1173 1505 1199 Deo.
1521 1174 1585 1206 Qua:
1608 1174 1642 1200 sit
1660 1178 1748 1200 autent
1766 1174 1853 1206 vinea,
1878 1175 1916 1202 vel

1145 1208 1259 1244 uomodo
1276 1209 1346 1235 Deus
1362 1209 1483 1242 loquatur
1498 1209 1530 1235 ad
1545 1209 1677 1240 homines,
1694 1209 1809 1236 diximus
1825 1217 1915 1244 supra.

1145 1214 1259 1234 uomodo
1276 1214 1346 1235 Deus
1362 1214 1483 1242 loquatttr
1498 1214 1530 1235 ad
1545 1214 1677 1240 homines,
1694 1214 1809 1236 diximus
1825 1217 1915 1244 supra.

1125 1214 1188 1280 guis
1203 1252 1216 1270 ε
1229 1243 1327 1280 duobus
1342 1244 1399 1278 fecit
1415 1244 1567 1270 voluntatem
1589 1244 1691 1279 patris?
1713 1245 1743 1270 At
1758 1245 1796 1271 illi
1812 1253 1917 1280 respou—

1125 1278 1226 1311 deruut,
1243 1279 1345 1306 Primus
1372 1279 1404 1306 Et
1419 1287 1510 1306 verum
1525 1284 1575 1310 est,
1590 1278 1651 1314 quia
1667 1280 1762 1306 melior
1773 1284 1813 1306 est
1824 1278 1916 1312 laicus,

1127 1315 1170 1348 qui
1187 1315 1212 1341 in
1233 1315 1314 1349 priiita
1331 1315 1397 1342 facie
1417 1315 1573 1342 saecularem
1595 1316 1674 1342 vitam
1698 1316 1866 1349 proﬁtetur”.
1888 1325 1917 1344 rc

1125 1357 1187 1377 vera
1201 1356 1288 1377 atitem
1299 1351 1483 1384 eomplectitur
1498 1351 1674 1385 Spiritualeni.
1686 1358 1764 1384 quam
1780 1351 1916 1385 sacerdos,

1124 1387 1168 1421 qni
1190 1386 1214 1412 in
1233 1386 1315 1420 prima
1329 1386 1435 1421 quidem
1455 1386 1521 1412 l'acie
1535 1387 1675 1421 prolitetur
1689 1386 1768 1413 vitam
1790 1387 1917 1421 spiritua-

1124 1420 1186 1453 lein,
1205 1429 1233 1449 re
1249 1429 1309 1448 vera
1324 1420 1411 1448 autem
1430 1420 1600 1456 amplectitur
1617 1422 1696 1448 vitam
1720 1420 1868 1449 carnalem.
1885 1423 1918 1450 Et

1123 1457 1220 1483 melior
1246 1462 1287 1483 est
1313 1457 1394 1484 laicus
1420 1461 1482 1484 ante
1507 1457 1588 1484 Detini
1615 1456 1799 1492 pmnitcntiaiu
1822 1465 1915 1492 agens,

1123 1500 1201 1524 quam
1224 1492 1336 1519 clericus
1358 1499 1515 1526 permanens
1541 1493 1565 1519 in
1584 1491 1708 1526 peccatis.
1733 1491 1829 1520 Laicus
1842 1491 1916 1520 enim

1124 1527 1149 1554 in
1171 1528 1313 1561 diejudicii
1328 1528 1422 1554 stolam
1439 1528 1632 1556 sacerdotalem
1652 1528 1775 1561 accipiet.
1789 1532 1816 1555 et
1830 1536 1844 1554 a
1862 1529 1916 1556 Deo

1123 1563 1268 1590 chrismate
1283 1569 1396 1597 ungciur
1416 1564 1442 1590 in
1462 1564 1639 1590 sacerdotium
1655 1573 1661 1590 :
1677 1563 1803 1590 sacerdos
1826 1569 1915 1591 autem

1124 1603 1247 1633 peccator
1255 1599 1411 1632 spoliabitur
1423 1599 1564 1625 sacerdotii
1573 1599 1708 1631 dignitate,
1723 1606 1801 1631 quain
1813 1598 1914 1632 habuit,

1123 1639 1150 1660 et
1171 1635 1219 1661 erit
1235 1635 1304 1661 inter
1318 1634 1440 1661 inﬁdeles
1460 1639 1486 1660 et
1502 1634 1662 1668 liypocritas,
1679 1634 1783 1660 dicente
1805 1634 1916 1662 Domino

1123 1669 1157 1696 de
1173 1671 1242 1696 nian
1258 1670 1441 1704 dispensatore
1456 1679 1462 1696 :
1477 1670 1507 1697 Si
1523 1675 1604 1695 autem
1618 1670 1720 1704 carpet-it
1734 1669 1819 1695 sedere
1831 1678 1915 1697 servus

1123 1706 1277 1732 manducare
1291 1711 1313 1731 et
1329 1705 1410 1731 bibere
1429 1714 1486 1731 cum
1498 1705 1611 1737 ebriosis,
1632 1705 1711 1731 veniat
1725 1705 1843 1731 dominus
1862 1709 1915 1739 ejus

1124 1741 1219 1775 diequa
1234 1749 1283 1767 nou
1295 1746 1388 1775 sperat,
1404 1746 1425 1766 et
1439 1741 1501 1767 liora
1518 1748 1567 1774 qua
1579 1741 1687 1775 ignorat,
1703 1745 1725 1766 et
1741 1740 1833 1766 dividet
1847 1749 1913 1773 eum,

1124 1782 1267 1812 partemque
1294 1776 1348 1811 ejus
1376 1781 1449 1812 ponet
1471 1784 1528 1802 cum
1553 1776 1692 1812 Iiypocritis
1714 1781 1746 1812 ret
1770 1775 1915 1807 inﬁdelibus

1138 1811 1198 1838 Luc.
1215 1812 1257 1838 Η.
1274 1812 1318 1839 45.
1341 1811 1395 1846 46).
1414 1811 1487 1838 Unde
1506 1816 1533 1838 et
1551 1811 1630 1838 modo
1652 1811 1691 1838 sic
1713 1811 1830 1837 invenies
1847 1819 1912 1838 rem.

1133 1846 1265 1874 Saecularis
1277 1849 1355 1873 homo
1370 1852 1429 1881 post
1444 1852 1580 1882 peccatum
1595 1847 1671 1874 l'acile
1685 1846 1716 1873 ad
1730 1847 1913 1881 ptenitentiam

1124 1883 1213 1917 venit;
1243 1890 1303 1909 nam
1330 1888 1475 1915 occupatus
1502 1883 1660 1917 negligentia
1685 1881 1822 1914 sa-enlari,
1851 1882 1913 1909 dum

1124 1916 1267 1952 Scripturis
1283 1926 1333 1944 non
1348 1919 1412 1944 satis
1433 1918 1554 1947 attendit,
1571 1916 1677 1952 Semper
1691 1917 1715 1944 ei
1730 1925 1789 1951 qua:
1810 1919 1834 1944 in
1847 1917 1916 1944 Scri-

1125 1953 1209 1988 pturis
1230 1954 1313 1986 posita
1329 1958 1399 1982 sunt.
1424 1961 1491 1980 nova
1505 1953 1628 1980 videntur
1642 1962 1648 1980 :
1663 1953 1775 1986 ideoque
1789 1961 1849 1980 cuin
1865 1961 1915 1980 au-

1123 1989 1161 2016 dit
1174 1989 1272 2023 aliquid
1291 1988 1323 2015 lie
1336 1989 1419 2023 gloria
1438 1993 1600 2021 sanctorum,
1614 1993 1661 2014 aut
1674 1988 1707 2015 de
1728 1995 1806 2022 poma
1822 1996 1915 2022 pecca-

1125 2030 1223 2056 torum,
1252 2024 1327 2057 qnasi
1356 2032 1452 2050 novum
1477 2024 1575 2058 aliquid
1598 2024 1720 2056 audiens,
1750 2025 1914 2058 expavescit,

1123 2059 1239 2094 dumque
1254 2065 1298 2086 aut
1313 2059 1380 2086 bona
1395 2060 1568 2094 concupiscit,
1590 2064 1636 2086 aut
1651 2059 1719 2085 iuala
1740 2059 1813 2086 timet
1837 2067 1916 2086 com-

1124 2100 1247 2130 punctus,
1269 2095 1301 2121 ad
1320 2093 1501 2129 patuitcntiaiu
1522 2095 1575 2121 cito
1595 2094 1721 2121 decurrit.
1736 2093 1806 2121 Nihil
1824 2100 1916 2121 autem

1124 2131 1324 2166 inipossibilius,
1343 2139 1421 2165 quam
1441 2131 1512 2156 illum
1530 2131 1674 2166 corrigere,
1686 2130 1730 2163 qui
1740 2130 1834 2166 omnia
1852 2131 1916 2161 scit,

1123 2171 1150 2192 ct
1163 2165 1251 2193 tamen
1276 2171 1450 2193 contemnens
1466 2167 1573 2198 bonum,
1594 2165 1679 2200 diligit
1694 2165 1803 2192 malum.
1817 2165 1914 2192 Omnia

1123 2202 1194 2228 enim
1210 2209 1383 2236 quaecumque
1399 2207 1459 2228 sunt
1481 2201 1506 2227 iu
1528 2201 1682 2235 Scripturis,
1703 2205 1813 2234 prepter
1825 2200 1918 2234 quoli-

1123 2237 1228 2264 dianaut
1245 2237 1443 2264 meditationem
1459 2242 1521 2264 ante
1540 2237 1633 2263 oculos
1646 2236 1705 2270 ejus
1723 2236 1869 2263 inveterata
1889 2241 1917 2263 et

1122 2273 1184 2299 vilia
1198 2274 1373 2299 :estiniantur.
1388 2273 1452 2299 Nam
1466 2272 1589 2307 quicquid
1607 2272 1660 2298 illic
1679 2271 1797 2298 terribile
1809 2276 1850 2298 est
1865 2279 1917 2298 usu

1123 2308 1236 2335 \‘ilescit.
1259 2308 1401 2342 Pr0pterea
1422 2306 1552 2340 clericus,
1577 2307 1620 2341 qui
1643 2314 1749 2340 semper
1769 2306 1916 2334 meditatur

1123 2343 1283 2378 Scripturas,
1300 2348 1345 2370 aut
1357 2343 1464 2370 omnino
1477 2343 1667 2370 observaturus
1681 2347 1732 2375 est,
1746 2347 1772 2369 et
1786 2343 1837 2369 erit
1852 2349 1915 2376 pcr-

1122 2379 1224 2411 lccttts;
1239 2385 1284 2405 aut
1296 2379 1317 2406 si
1333 2379 1415 2406 semel
1434 2378 1547 2413 coeperit
1567 2378 1624 2405 illas
1637 2382 1821 2410 contemnere,
1838 2386 1916 2404 inun-

1122 2423 1200 2449 quam
1221 2414 1352 2441 excitatur
1372 2415 1396 2441 in
1422 2414 1484 2446 illis,
1509 2418 1537 2440 ut
1561 2414 1663 2440 timeat.
1684 2413 1750 2446 Quis
1770 2413 1917 2449 aliquando

1123 2448 1188 2476 vidit
1210 2451 1335 2477 clericum
1359 2450 1411 2477 cito
1427 2449 1610 2484 pieniteutiam
1631 2448 1774 2483 agentem?
1795 2448 1848 2475 Sed
1863 2448 1916 2484 etsi

1122 2486 1306 2520 deprehensus
1327 2483 1504 2511 luiiuiliavrrit
1527 2492 1566 2515 se,
1592 2492 1644 2510 non
1659 2484 1731 2510 λι]εο
1754 2484 1838 2510 dolet
1852 2483 1916 2517 quia

1123 2519 1251 2554 peccavit,
1265 2521 1310 2547 Sed
1325 2521 1496 2547 confunditur
1507 2520 1566 2554 quia
1578 2519 1691 2554 perdidit
1700 2520 1812 2554 gloriam
1824 2526 1914 2545 suam.

1123 2557 1248 2588 Putasne,
1268 2557 1405 2584 Dominus.
1421 2556 1495 2590 quasi
1517 2554 1641 2590 crudelis,
1657 2555 1761 2581 clericis
1782 2556 1915 2589 pieniteu-

1122 2593 1184 2619 tiain
1206 2592 1356 2626 denegavit,
1372 2591 1484 2618 dicens:
1502 2591 1531 2617 Si
1548 2589 1754 2626 saIAin/‘atuatum
1775 2590 1863 2624 fuerit,
1887 2590 1913 2616 iii

1120 2637 1170 2662 quo
1191 2624 1322 2654 coudieiur
1341 2626 1446 2660 (Matth.
1463 2627 1490 2653 5.
1507 2625 1569 2662 ιδῃ
1589 2624 1641 2652 Sed
1664 2626 1744 2662 quasi
1763 2627 1917 2662 naturalem

1121 2671 1176 2690 rem
1192 2670 1251 2689 esse
1265 2663 1451 2695 coii5ideraus,
1468 2661 1528 2696 quia
1550 2669 1602 2687 nou
1615 2666 1656 2687 est
1670 2661 1714 2695 qui
1730 2661 1825 2687 doceat
1840 2661 1917 2687 illuni

1120 2704 1264 2729 errantem,
1281 2698 1326 2732 qtti
1351 2703 1470 2724 errantes
1490 2697 1555 2723 alios
1579 2697 1739 2730 corrigebat,
1762 2696 1821 2722 ideo
1836 2696 1914 2722 addi-

1119 2734 1168 2768 dit,
1180 2740 1205 2761 et
1224 2734 1287 2760 d-cit
1303 2743 1309 2760 :
1323 2734 1402 2759 Anien
1418 2733 1473 2759 dico
1487 2732 1565 2764 vobis,
1580 2732 1640 2768 quia
1652 2732 1818 2768 publicauiﬂet
1832 2739 1913 2768 ιιιιζτεε

1119 2765 1192 2797 (rides
1207 2770 1350 2802 prwceduiit
1372 2776 1413 2795 vos
1429 2768 1454 2794 in
1470 2776 1574 2803 rrgiiuiu
1587 2766 1646 2794 ltci.
1659 2767 1687 2794 Id
1698 2772 1760 2803 rest,
1781 2765 1839 2793 Non
1853 2766 1915 2792 dico

1120 2806 1271 2840 populares,
1286 2806 1330 2839 qui
1343 2804 1488 2840 secundum
1498 2804 1633 2840 rationem
1650 2802 1722 2840 verbi
1739 2803 1820 2840 vitain
1836 2809 1914 2839 suam

1118 2837 1274 2876 dispensant
1289 2837 1355 2867 {sed
1372 2838 1505 2874 publicani
1518 2843 1545 2866 et
1562 2838 1728 2868 titercti'ices,
1744 2837 1788 2872 qui
1804 2838 1914 2864 deside-

1152 2913 1159 2927 ¹
1180 2915 1205 2935 \'.
1217 2913 1254 2938 D..
1270 2913 1295 2934 In
1305 2909 1386 2938 prima
1398 2909 1496 2938 quidem
1506 2909 1568 2940 [acie
1580 2906 1662 2940 incipit
1676 2911 1747 2932 ruam
1761 2906 1893 2932 cui-uatem.
