2021 3128
257 156 308 185 855

256 213 329 240 mino
349 212 486 241 exhibere.
510 212 585 240 Sicut
605 211 694 240 autem
714 211 806 239 duram
828 216 926 239 terram
944 212 1044 240 ferrum

256 248 368 278 emollit.
383 249 422 275 sic
439 253 464 276 et
480 249 588 275 verbum
600 247 724 274 duritiam
739 247 825 274 cordis
840 247 950 275 relaxat.
973 247 1047 275 Sicut

257 289 344 310 raSIro
360 283 447 310 ferreo
465 283 554 310 herba:
573 283 698 310 radicitus
711 282 860 309 evelluntur
872 290 885 308 ιι
901 284 992 314 vinea,
1009 283 1047 310 sic

256 322 284 345 et
297 319 349 345 acri
364 326 487 346 sermone
502 319 562 344 vitia
578 318 612 345 de
627 318 723 352 populo
738 322 901 346 resecantur.
930 318 965 345 Ut
979 319 1047 346 sicut

256 354 369 381 colonos
384 354 504 388 quamvis
519 353 552 380 de
570 361 619 380 suo
641 361 751 380 ntunera
775 353 901 380 obtulerit
919 353 1044 387 domino,

257 397 309 416 non
332 390 370 416 sic
385 397 444 415 cum
461 389 553 422 placat,
581 388 714 423 quomodo
732 388 753 415 si
769 388 803 415 de
820 388 895 415 vinea
910 390 967 423 ejus
982 389 1045 415 red-

253 424 308 451 itus
329 425 352 451 ei
374 424 515 451 obtulerit:
531 424 570 450 sic
580 428 607 450 et
619 424 745 450 sacerdos
756 431 808 450 tton
825 428 924 450 tanttttn
939 429 1046 458 propter

255 467 330 486 suam
341 459 468 493 justitiam
484 459 569 493 placet
585 459 707 490 Domino,
723 458 857 492 quomodo
876 459 897 486 si
918 460 1044 494 populum

222 500 224 503 '
255 494 302 522 Dei
331 495 356 521 in
375 495 515 521 sanctitate
536 494 666 526 docuerit,
689 494 813 528 quoniam
839 494 921 528 ipsius
941 494 1043 528 justitia

254 537 305 556 una
319 533 369 560 est,
385 529 472 564 populi
485 533 572 556 autent
586 529 732 563 multiplex.
750 530 793 556 54.
815 529 876 556 Cum
886 535 968 556 autem
984 535 1045 556 lent-

254 573 302 598 pits
317 565 542 600 appropinquasset
554 566 692 599 fructuum,
709 565 776 591 misit
788 573 871 591 servos
884 573 942 592 suos
953 565 988 590 ad
999 573 1044 591 co-

254 600 335 632 lonos,
348 606 373 626 ut
387 601 526 635 acciperent
539 600 570 625 tle
582 599 703 635 fructibus
715 600 776 626 suis.
791 600 835 627 55.
856 600 886 626 Et
898 601 1042 634 apprehen-

253 635 338 661 dentes
350 635 432 662 caloni
448 643 531 662 servos
544 635 606 669 ejus,
618 643 694 661 omini
705 635 856 667 ceciderunt,
868 636 945 662 alium
960 640 1044 662 autem

253 670 406 702 ocridcrunt,
424 670 501 697 alium
517 679 573 696 vero
591 670 773 703 iapiduveruttl.
789 671 832 697 56.
857 670 954 697 Iterum
976 671 1044 697 misit

253 705 419 741 aliosisarvos
435 706 518 741 plures
531 705 666 740 prioribus,
680 710 714 741 Act
732 707 842 740 fecerunt
863 707 897 733 eis
918 705 1042 733 similiter.

251 740 295 766 37.
321 739 462 767 Nouissitite
474 745 558 767 autent
573 741 638 767 misit
651 739 685 766 ud
697 739 738 767 eos
749 741 831 774 ﬁliuni
842 749 924 771 suum,
937 741 1021 768 dicens
1035 749 1044 768 :

259 774 413 802 Verebantur
423 777 504 808 ﬁliuni
516 784 608 802 meum.
621 775 720 803 Servos
734 783 796 803 suos
809 777 872 804 dicit
887 777 1040 810 prophetas,

251 818 319 844 quos
345 818 392 844 per
416 811 532 845 singulas
557 811 742 845 generationes
765 811 837 838 misit
860 812 892 838 ad
915 812 1042 845 populum

250 845 415 873 Judtcorttm.
439 846 582 873 Considera
603 847 738 879 quomodo
752 854 799 880 per
813 847 931 881 singulos
944 847 1042 881 gradus

251 881 441 908 misericordia.-
454 881 550 908 divinae
566 881 663 908 malitia
678 881 830 908 .lttdzeorum
843 883 992 914 crescebat,
1015 886 1043 909 et

250 916 384 950 quomodo
407 925 453 950 per
475 917 592 948 singulos
611 917 708 951 gradus
727 917 843 944 Judaictc
864 917 971 946 malitia:
993 917 1041 944 Dei

251 951 433 979 misericordia
458 952 614 980 addebatur.
639 956 667 979 et
688 957 780 979 contra
802 953 970 980 clementiam
996 952 1041 979 Dei

250 986 400 1022 malignitas
422 987 535 1014 htttnana
555 987 682 1015 certabat.
700 987 768 1014 Ecce
788 988 916 1022 qitalisvis
941 988 1041 1014 amicus

250 1021 360 1057 alicujus
385 1022 463 1049 fuerit
486 1023 576 1055 homo,
603 1023 626 1049 si
650 1023 733 1049 semel
747 1022 780 1048 ab
796 1021 840 1050 illo
855 1022 935 1050 fuerit
947 1030 1041 1057 passus

250 1056 383 1092 injuriam,
409 1063 653 1092 qttaiituttn-ttmquc
675 1058 805 1092 frangitur
828 1058 887 1091 ejus
909 1056 1038 1090 affectus;

249 1091 271 1118 si
295 1091 390 1119 iterum
415 1091 509 1127 passus
525 1091 617 1122 fuerit;
635 1091 829 1124 iterutn’tnagis
849 1093 975 1120 minuitur
992 1103 998 1121 :
1014 1098 1041 1121 et

248 1126 271 1153 si
288 1127 384 1154 iterum
398 1126 510 1162 amplius
526 1136 579 1155 non
601 1128 728 1154 titiuttitur
746 1129 862 1155 amicitia
876 1129 944 1161 ejus,
968 1134 1040 1156 certe

250 1166 338 1189 tamen
362 1171 413 1189 non
438 1163 554 1190 additur.
581 1163 625 1190 Dei
640 1167 727 1190 autem
743 1164 924 1190 misericordia
939 1170 1039 1198 quanto

249 1198 333 1230 magis
348 1206 361 1223 a
374 1198 475 1225 ludatis
488 1198 680 1228 oll'etnlebattir,
705 1203 778 1225 tanto
795 1199 909 1233 amplius
923 1199 1040 1227 addeba-

249 1236 292 1258 tur
306 1232 330 1259 in
344 1233 391 1259 eis.
408 1233 475 1260 Ecce
488 1234 558 1260 enim
574 1239 632 1267 post
644 1237 715 1260 tanta
730 1233 858 1260 beneﬁcia
874 1234 929 1264 Dei.
944 1240 970 1261 et
981 1236 1039 1262 sine

248 1267 428 1304 admonitione
440 1268 561 1304 Domini,
579 1268 725 1295 debuerant
740 1269 852 1295 Domino
863 1270 973 1304 justitiai
983 1277 1038 1297 sua:

249 1302 345 1329 tributa
360 1303 511 1337 persolvere
526 1313 532 1329 :
547 1308 634 1330 tamen
650 1311 702 1330 non
720 1302 891 1331 reddentibus
903 1305 952 1337 eis,
967 1306 1039 1333 misit

248 1343 346 1371 paucos
357 1346 448 1365 servos
460 1346 533 1369 suos,
546 1339 640 1372 quibus
653 1339 757 1366 occisis.
767 1339 865 1366 addidit
882 1340 1035 1373 bonitatem,

251 1380 311 1410 cuin
324 1373 466 1410 debuisset
481 1374 569 1406 irasci,
588 1379 615 1400 et
634 1374 705 1410 misit
719 1376 818 1408 plures.
835 1375 900 1402 Item
915 1375 1036 1410 pluribus

247 1407 406 1440 interiectis,
431 1409 608 1436 accumulavit
629 1409 785 1441 bonitatem,
810 1414 838 1437 et
857 1407 928 1437 misit
943 1411 1037 1439 Filium

247 1451 336 1475 suout,
358 1449 385 1470 et
405 1444 475 1472 hunc
488 1451 540 1471 non
553 1444 627 1478 quasi
641 1444 674 1471 ad
687 1445 816 1471 obnoxios
831 1453 917 1479 poenio
930 1451 1039 1474 senten-

248 1479 309 1515 tiam
328 1479 500 1514 bajtilantcui.
521 1479 567 1506 scd
585 1480 718 1514 patientia:
734 1481 836 1507 veniam
853 1490 861 1507 :
876 1486 902 1508 et
922 1487 981 1515 post
1000 1486 1038 1509 tot

246 1514 347 1541 scelera
371 1515 457 1542 adhuc
476 1515 514 1542 eis
535 1515 725 1542 misericordias
738 1515 825 1542 locum
840 1514 971 1544 servabat.
993 1516 1038 1545 Sic

246 1549 316 1586 enim
330 1549 393 1576 dit-it
412 1559 418 1577 :
436 1549 553 1576 Forsitan
570 1550 650 1582 filium
664 1558 746 1576 meum
758 1551 943 1578 reverebantur.
968 1553 1037 1586 Ergo

246 1585 328 1615 misit,
349 1586 510 1621 confundere
525 1585 594 1617 illos,
617 1593 668 1612 non
683 1587 892 1621 autempunirc.
907 1586 972 1614 Nam
989 1596 1037 1621 pro

246 1621 326 1655 tantis
342 1620 443 1653 injuriis
468 1620 582 1655 benigno
605 1621 716 1647 Domino
736 1620 886 1648 sufﬁciebat
907 1623 962 1649 sola
976 1620 1037 1650 vin—

247 1654 315 1681 dicta
332 1655 449 1690 pudoris.
464 1656 595 1690 Cogitavit
608 1663 671 1691 ergo
684 1656 752 1690 apud
769 1665 797 1683 se
821 1665 828 1683 :
852 1658 973 1690 quamvis
988 1667 1036 1686 ne-

244 1698 296 1724 que
309 1692 507 1728 contumeliam
525 1698 618 1728 servos
630 1690 714 1728 inops
735 1690 883 1728 debuerant
897 1701 903 1718 :
917 1693 978 1727 quia
992 1694 1037 1728 qui

245 1726 330 1752 servis
345 1726 445 1753 faciunt
460 1727 594 1759 injuriatti,
620 1726 756 1753 domittutti
782 1726 949 1755 exhonoratit
966 1739 973 1756 ε
996 1726 1036 1756 ιέι-

245 1768 307 1787 nicn
329 1761 430 1788 mittam
456 1761 551 1788 Filium
576 1769 673 1793 meum,
699 1761 743 1796 qui
765 1766 849 1789 totum
873 1764 991 1797 possidet
1010 1765 1036 1792 in

246 1801 350 1823 natura.
367 1797 393 1822 Si
407 1804 498 1823 amare
511 1804 570 1823 eum
586 1797 730 1829 voluerint,
747 1802 788 1824 est
806 1797 875 1832 qttod
890 1804 993 1826 ametur
1009 1800 1035 1827 iit

246 1838 291 1862 eo,
314 1832 374 1865 quia
393 1837 452 1866 post
472 1839 515 1859 me
530 1832 603 1858 solus
620 1837 659 1859 est
675 1832 776 1863 bonus;
793 1834 814 1859 si
830 1833 961 1861 voluerint
976 1842 1035 1862 eum

249 1866 352 1902 timere,
376 1867 499 1901 estquod
514 1867 637 1894 timeatur
650 1867 675 1893 in
691 1874 734 1898 eo,
759 1868 819 1902 quia
835 1872 894 1901 post
907 1877 949 1896 me
962 1871 1036 1897 salus

247 1901 372 1937 terribilis
385 1906 426 1937 est
447 1902 525 1929 Deus.
543 1902 587 1929 58.
603 1902 633 1928 At
647 1902 687 1929 illi
701 1901 810 1930 videntes
824 1903 905 1937 ﬁlium
919 1905 1036 1932 dixerunt

243 1935 310 1962 intra
322 1944 348 1962 se
362 1944 371 1963 :
386 1936 435 1962 Hic
449 1941 484 1963 est
498 1937 587 1968 lieres;
600 1937 688 1969 venite,
704 1935 848 1965 occidamus
861 1947 926 1970 eum,
939 1945 962 1966 et
972 1940 1036 1967 obti-

243 1971 355 1998 nebimus
374 1972 682 2010 liet'editatemwrjulex
703 1973 826 2010 omnibus
841 1975 965 2008 operibus
977 1976 1036 2010 ejus

242 2012 424 2045 cognoverunt
437 2015 498 2045 cum
512 2007 607 2045 Filium
624 2008 670 2045 Dei
685 2016 762 2041 esse;
784 2009 834 2036 ltoc
849 2010 919 2036 enim
934 2007 1035 2045 signiti-

242 2046 292 2078 cat
307 2042 398 2070 dicens
414 2052 419 2069 :
438 2042 503 2069 Ecce
517 2043 558 2069 Iit'c
569 2047 604 2070 est
618 2044 689 2070 heres
702 2052 711 2071 :
727 2048 814 2071 tamen
830 2042 969 2078 postquam
993 2047 1034 2074 in-

245 2077 383 2115 Iroivit»in
405 2078 542 2115 templum,
561 2083 706 2115 eiciunes
729 2077 875 2115 vctidentes
898 2081 1033 2115 animalia,

243 2120 302 2150 qua-
317 2113 349 2139 ad
364 2114 522 2150 sacriﬁcium
539 2113 733 2150 vendebantur,
749 2114 820 2141 foras
833 2115 921 2149 cjecit,
935 2116 959 2143 iti
976 2113 1036 2150 qui;

243 2148 291 2186 litis
311 2149 463 2186 sacerdotes
478 2149 549 2175 avari
567 2153 628 2176 tunc
642 2148 865 2186 delectabantur:
881 2155 943 2178 tunc
965 2148 1034 2186 prte-

242 2183 320 2217 cipuc
333 2184 515 2217 cogitaverunt
530 2192 591 2211 etim
606 2185 739 2216 occidere,
764 2185 884 2213 dicentes
899 2183 972 2214 intra
982 2196 1011 2214 se
1027 2196 1033 2214 :

242 2218 269 2246 Si
294 2219 406 2253 populus
429 2220 507 2246 isinni
533 2219 656 2246 ltabucrit
669 2219 760 2252 Deum,
777 2229 886 2248 necesse
901 2223 1036 2250 cstutdi-

244 2254 331 2281 mittat
351 2255 569 2282 consuetudinem
592 2254 754 2287 hostiarum,
777 2264 838 2290 qua:
857 2256 889 2283 ad
917 2262 1035 2285 nostrum

241 2290 376 2324 pertinent
402 2291 514 2322 lucrum,
538 2294 563 2316 et
586 2290 737 2324 acquiescat
758 2292 846 2317 otl‘crri
873 2293 1034 2320 sacriﬁcium

241 2325 361 2363 jtts‘tititri,
378 2332 448 2363 quae.»
461 2325 499 2363 ad
516 2325 627 2359 gloriam
644 2325 690 2363 Dei
716 2328 846 2360 pertinet;
858 2332 897 2363 ret
920 2328 959 2355 sic
979 2327 1035 2363 jam

242 2368 293 2386 nou
309 2361 359 2386 erit
370 2361 483 2395 popttltis
494 2360 543 2387 istc
558 2361 690 2395 possessio
703 2366 803 2394 nostra,
819 2362 865 2388 sed
882 2363 925 2390 Dei
944 2371 950 2388 :
963 2360 1037 2390 vitie-

242 2396 303 2421 licet
322 2395 418 2422 nonad
435 2401 555 2422 nostrqu
569 2399 699 2429 qua-stunt
716 2397 861 2430 pertinens,
876 2397 921 2424 sed
937 2398 991 2425 Dei.
1007 2398 1035 2426 Si

241 2435 330 2468 autem
343 2431 520 2468 occiderimus
533 2438 604 2463 eum,
626 2431 688 2468 dum
711 2440 764 2458 tioti
783 2437 825 2459 est
842 2433 886 2467 qtti
904 2433 912 2448 ¹
926 2433 1036 2468 justitite

241 2465 343 2503 fructus
356 2473 370 2491 a
387 2467 481 2500 popqu
497 2471 598 2503 qua-rat
611 2467 728 2503 neglecta
743 2465 858 2503 jttstttia,
875 2468 914 2495 sic
926 2465 1035 2503 semper

243 2500 375 2527 tenebitur
387 2501 551 2528 consuetudo
563 2500 759 2528 oll'vrciidarum
775 2502 931 2535 ltostiat‘uui,
954 2500 1034 2532 et'sic

242 2536 295 2571 lict
308 2541 398 2562 nostra
419 2537 552 2569 possessio
572 2536 604 2563 :td
623 2542 743 2564 nostrum
765 2539 900 2571 pertinens
921 2540 1034 2566 lttcrtun.

242 2569 275 2596 Et
291 2570 340 2596 hoc
353 2575 394 2597 est
407 2571 475 2605 quod
489 2571 564 2604 dicit,
585 2572 618 2598 Et
632 2578 720 2599 nostra
736 2569 786 2599 erit
800 2573 944 2601 hereditas.
974 2575 1036 2602 lltec

240 2606 367 2639 cogitatio
390 2607 539 2632 communis
561 2611 603 2633 est
624 2608 741 2634 omnium
756 2609 922 2635 sacerdotum
940 2617 1035 2636 carna-

241 2640 317 2677 11ιιιιι,
343 2641 386 2675 qui
411 2649 462 2667 non
478 2647 545 2677 sunt
568 2641 672 2669 solliciti
685 2643 818 2675 quomodo
835 2645 946 2677 populiis
962 2646 1035 2672 vivat

241 2675 299 2713 sine
308 2681 426 2713 peccato,
437 2676 483 2703 sed
498 2677 628 2710 aspiciunt
640 2678 700 2711 quid
716 2678 740 2704 iii
752 2675 863 2705 ecclesia
871 2675 1034 2713 conferatur,

227 2716 270 2744 ~et
285 2711 334 2738 hoc
348 2712 501 2738 ciistituattt
514 2712 654 2739 sacerdotii
671 2714 710 2739 sui
725 2716 836 2740 lucrum.
861 2714 893 2740 Et
918 2723 969 2742 non
990 2711 1034 2742 so;

243 2746 296 2772 lim
312 2747 476 2778 sacerdotes,
500 2747 547 2773 sed
569 2748 648 2774 etiam
669 2756 762 2775 omnes
778 2749 898 2776 homines
914 2751 1035 2778 carnales

242 2781 293 2808 hoc
307 2782 393 2808 solum
412 2783 562 2809 existimant
581 2790 668 2813 suum,
693 2789 718 2809 ct
743 2783 792 2810 hoc
811 2784 912 2811 lucrum
938 2786 1036 2814 habere

244 2823 273 2841 se
287 2817 320 2843 de
334 2817 383 2844 hac
398 2818 449 2844 vita
465 2817 638 2850 arbitrantur,
661 2818 730 2852 quod
756 2819 903 2847 secundum
927 2829 1034 2849 carnem

275 2887 284 2902 ¹
301 2888 370 2918 Apud
380 2889 524 2915 ilutiiiiieliu.
535 2892 561 2914 et
573 2888 653 2914 Morel.
668 2888 767 2920 legitur,
779 2897 842 2921 qua.

878 152 966 182 OPUS
985 150 1227 181 IMPEBFECTUM
1844 154 1890 183 θςὸ

1099 212 1224 240 delectati
1238 211 1334 240 fuerint
1348 212 1374 240 in
1387 212 1436 248 hac
1449 213 1511 240 vita.
1527 213 1658 248 Quoniam
1671 219 1760 242 autem
1773 214 1889 243 volentes

1102 248 1242 285 ostendere
1255 248 1362 282 quidem
1375 247 1470 285 Filium
1485 247 1591 283 semper
1605 250 1696 282 fuisse,
1716 249 1888 285 quemadtno.

1099 283 1162 310 diuit
1177 283 1292 316 Patrem,
1307 290 1367 310 cum
1381 283 1494 311 dicimus
1507 285 1569 314 illis.
1587 285 1614 312 Si
1637 285 1704 312 ﬁlius
1714 283 1766 318 est,
1778 291 1804 312 et
1816 291 1888 313 natus

1099 323 1151 355 est,
1165 323 1193 345 et
1212 319 1317 355 uilicum
1331 318 1410 355 habet
1425 329 1430 345 :
1449 320 1628 353 propositione
1649 321 1768 355 negativa
1783 327 1889 354 respon—

1099 353 1173 386 dent,
1190 353 1285 380 nonde
1297 354 1458 388 proprietate
1473 354 1532 381 Filii
1549 355 1594 382 Dei
1605 353 1750 382 secundum
1763 353 1886 383 Carnem:

1098 390 1159 423 quia
1183 393 1242 423 post
1269 389 1477 415 incarnationem
1493 390 1579 416 dictos
1595 396 1635 417 est
1650 391 1733 418 Filius
1748 399 1781 418 ex
1807 391 1888 423 bapti-

1098 427 1169 454 smo,‘
1181 425 1249 450 sicut
1265 428 1292 450 et
1311 424 1401 451 cmteri
1413 426 1496 451 sancti
1512 433 1518 449 :
1530 431 1608 452 antea
1619 430 1707 453 atttettt
1721 426 1830 453 verbum
1843 426 1888 453 fuit

1098 467 1204 493 semper
1218 466 1278 485 cum
1293 459 1379 486 Patre.
1389 459 1463 492 Quos
1473 460 1553 487 etiam
1566 461 1634 487 Deus
1646 469 1677 487 ex
1692 461 1742 488 hoc
1757 461 1814 487 loco
1827 469 1887 487 con-

1098 495 1197 530 viiicit,
1220 494 1314 530 dicetis
1335 502 1342 520 :
1363 494 1464 521 Mittam
1478 495 1559 528 [ilium
1576 504 1668 522 meum.
1688 496 1800 529 Quando
1826 503 1886 530 ergo

1097 529 1184 556 adhuc
1197 529 1329 565 cogitabat
1343 531 1376 556 de
1395 530 1598 565 ligansmittendo
1610 530 1676 557 Filio
1692 536 1750 564 post
1771 529 1887 565 prophe-

1098 569 1148 598 tas,
1157 565 1211 599 jam
1228 564 1310 591 Filius
1327 569 1392 592 erat.
1409 564 1510 593 Deinde
1520 566 1540 593 si
1553 575 1585 593 eo
1596 567 1676 594 modo
1684 567 1784 594 dicitur
1794 566 1885 597 Filius,

1097 600 1167 626 sicut
1187 607 1281 626 omnes
1295 600 1391 632 sancti,
1406 599 1442 634 ad
1454 607 1521 634 quos
1535 602 1632 628 factum
1643 605 1684 628 est
1699 603 1807 628 verbum
1824 601 1885 632 Dei;

1096 634 1188 662 debuit
1202 639 1290 662 autem
1306 639 1332 661 et
1347 635 1490 669 prophetas
1504 635 1573 663 ﬁlios
1585 636 1684 668 dicere,
1696 637 1767 663 sicut
1775 642 1802 663 et
1813 636 1888 663 Citri-

1096 675 1166 697 stunt
1179 674 1246 703 ;‘aut
1261 675 1287 697 et
1299 669 1435 697 Christum
1450 679 1557 698 servum
1573 671 1674 704 dicere,
1688 672 1755 697 sicut
1768 676 1795 698 et
1810 676 1888 698 Cirte-

1097 713 1141 732 ros
1163 706 1307 740 prophetas
1331 714 1337 731 :
1360 712 1391 732 ex
1407 713 1456 740 qtta
1471 713 1500 732 re
1514 706 1655 740 prophetas
1673 706 1779 740 quidem
1795 713 1887 733 servos

1095 747 1206 773 omnes,
1221 741 1291 767 hunc
1305 744 1392 767 autem
1411 741 1496 767 Solum
1511 741 1606 768 Filium
1619 741 1772 775 appellavit.
1794 741 1837 768 59.
1854 741 1887 768 Et

1095 777 1222 809 ejecerunt
1234 783 1289 801 eum
1300 781 1372 803 extm
1383 777 1490 802 vineam.
1505 776 1532 802 ltl
1545 781 1594 807 est,
1611 781 1684 803 extra
1698 777 1829 803 civitatein
1844 777 1888 804 Je-

1095 812 1221 838 rusalem.
1240 810 1273 837 Et
1285 810 1368 838 Judzri
1383 818 1432 838 suo
1445 811 1557 838 consilio
1572 811 1611 838 usi
1624 812 1760 844 ejeccrunt
1774 819 1847 844 eum,
1861 816 1888 839 et

1096 845 1167 873 Deus
1183 854 1231 873 stto
1242 846 1354 873 consilio
1363 846 1422 880 ejici
1437 854 1496 873 etim
1510 846 1652 875 ordinavit.
1669 847 1712 873 Isti
1724 847 1885 880 cogitabant,

1095 886 1122 908 ut
1141 881 1242 908 crimen
1266 881 1358 908 mortis
1378 881 1436 914 ejus
1453 887 1528 908 extra
1548 882 1681 909 civitatem
1697 882 1884 916 expellerent:

1094 916 1165 944 Deus
1174 916 1316 951 cogitabat,
1327 924 1360 942 ue
1370 918 1454 943 virttis
1468 917 1669 944 resurrectionis
1679 916 1736 950 ejus
1750 918 1886 944 civitatem

1094 950 1225 979 scelerum
1239 952 1365 984 salvaret,
1383 951 1408 978 id
1422 956 1472 983 est,
1492 957 1519 978 ut
1534 950 1633 978 .lutlaeis
1644 953 1749 986 quidem
1764 960 1886 980 morere-

1093 991 1136 1014 tur
1157 987 1189 1013 ad
1218 991 1348 1018 mortem,
1370 986 1493 1021 gentibus
1517 992 1605 1013 autem
1628 993 1778 1021 resurgeret
1793 987 1826 1013 ad
1849 988 1887 1014 vi-

1095 1026 1160 1048 tam.
1177 1023 1222 1049 40.
1238 1021 1300 1048 Cum
1313 1029 1372 1056 ergo
1385 1022 1477 1057 venerit
1489 1023 1615 1054 dominus,
1629 1022 1688 1056 quid
1703 1023 1776 1057 [aciei
1789 1023 1886 1049 calonis

1092 1057 1165 1084 illis?
1177 1058 1221 1084 41.
1239 1057 1331 1084 Dicunt
1344 1057 1382 1084 illi
1398 1064 1408 1083 :
1423 1056 1505 1083 Malos
1518 1057 1584 1084 male
1596 1057 1690 1091 perdit.
1707 1057 1762 1084 Non
1774 1063 1814 1084 est
1828 1058 1887 1084 illo-

1093 1100 1153 1119 rum
1169 1092 1238 1127 quod
1256 1092 1328 1127 jttste
1340 1092 1535 1126 )udicaverunt,
1559 1093 1605 1119 sed
1621 1093 1702 1126 ipsius
1715 1100 1813 1119 caustc.
1839 1093 1888 1120 list.

1091 1128 1162 1154 enim
1175 1135 1254 1155 causa
1267 1127 1396 1159 veritatis,
1412 1135 1471 1162 qurc
1485 1127 1559 1162 quasi
1573 1127 1723 1154 violentiam
1740 1128 1792 1154 illis
1811 1128 1884 1159 l't-rit,

1092 1167 1187 1190 utnon
1207 1165 1317 1197 possent
1341 1169 1400 1190 eam
1423 1163 1520 1189 celare.
1546 1162 1620 1190 Sicut
1639 1163 1695 1189 sole
1718 1163 1744 1189 iit
1770 1163 1887 1190 nubibus

1092 1199 1246 1229 constituto.
1269 1198 1330 1230 hoc,
1351 1197 1421 1232 qttcd
1435 1201 1476 1224 cst
1492 1197 1559 1228 dies,
1577 1205 1629 1224 non
1645 1203 1685 1224 est
1698 1198 1805 1225 uubiutn
1821 1206 1886 1232 pcr-

1091 1233 1250 1260 tiiittentium
1269 1241 1330 1260 ettui
1349 1240 1478 1266 apparere
1494 1240 1575 1267 super
1590 1238 1703 1265 terram,
1728 1233 1774 1260 sed
1800 1235 1885 1260 virtus

1093 1269 1170 1301 solis,
1193 1276 1251 1303 quat
1265 1267 1446 1302 pertransirus
1460 1268 1554 1298 nubes.
1578 1269 1665 1303 ctiatnr
1680 1268 1886 1302 impedientibus

1090 1304 1130 1330 eis
1152 1308 1262 1338 apparet
1281 1312 1287 1329 :
1303 1304 1342 1329 sic
1361 1302 1431 1336 jusle
1453 1304 1634 1336 pronuntiavit
1655 1302 1806 1330 Juda-ortnu
1831 1312 1885 1331 tton

1091 1339 1203 1373 placata,
1218 1338 1264 1365 sed
1278 1339 1397 1372 apposita
1413 1338 1574 1372 malignitas.
1590 1338 1750 1365 Erravcrttut
1764 1338 1832 1365 bene
1844 1339 1887 1365 di-

1090 1373 1185 1400 cendo.
1202 1373 1267 1400 Nam
1283 1373 1425 1400 mendaces
1436 1378 1563 1406 quantttm
1577 1374 1609 1399 ad
1627 1381 1655 1400 se
1670 1378 1731 1400 tunc
1745 1374 1884 1400 mentiun-

1091 1412 1144 1441 tur,
1168 1408 1275 1443 quando
1288 1408 1404 1435 dixeriut
1417 1408 1557 1435 veritatem
1575 1417 1581 1435 :
1598 1408 1645 1435 sed
1665 1409 1689 1435 in
1711 1408 1760 1436 hoc
1773 1410 1884 1439 Sil‘ClliO.

1090 1443 1134 1470 tibi
1150 1443 1211 1471 licet
1225 1443 1378 1470 hominibus
1397 1443 1467 1469 aliud
1484 1444 1583 1470 sentire
1599 1444 1624 1469 in
1647 1444 1736 1474 corde.
1761 1449 1788 1470 et
1811 1444 1884 1471 aliud

1090 1479 1180 1506 dicere
1193 1479 1218 1506 in
1231 1486 1365 1509 sermone.
1381 1483 1468 1505 tamen
1484 1479 1517 1505 ita
1533 1479 1643 1506 veritate
1655 1479 1750 1506 Christi
1767 1479 1885 1506 circum-

1089 1514 1187 1541 dantur
1201 1514 1323 1540 homines
1338 1519 1364 1541 et
1378 1518 1510 1545 tenentur.
1535 1518 1563 1540 ut
1578 1514 1626 1548 ipsi
1646 1514 1774 1541 adversus
1787 1523 1816 1542 se
1835 1515 1882 1548 ju-

1090 1549 1163 1576 dices
1188 1549 1261 1576 ﬁant.
1282 1549 1374 1580 Putas,
1396 1550 1529 1583 quomodo
1552 1550 1578 1575 iii
1597 1549 1640 1575 die
1655 1549 1746 1584 judicii
1769 1551 1884 1576 conviti-

1089 1584 1166 1611 cettdi
1181 1589 1243 1611 sunt
1263 1589 1415 1618 peceatores
1431 1584 1456 1610 in
1472 1584 1527 1610 suis
1544 1584 1667 1617 peccatis,
1685 1585 1719 1611 ita
1734 1589 1762 1611 ut
1780 1585 1884 1612 tutllnm

1089 1619 1206 1646 colorem
1222 1619 1401 1646 excusationis
1420 1620 1575 1646 inveniant?
1598 1620 1641 1646 ubi
1664 1620 1718 1653 ipsa
1732 1627 1813 1654 opera
1829 1625 1885 1647 sla-

1090 1659 1197 1682 ttietitttr
1217 1659 1279 1681 ante
1298 1655 1388 1681 oeulos
1411 1655 1575 1688 peccatoris.
1600 1656 1705 1681 dicente
1729 1655 1859 1689 propheta
1876 1664 1883 1681 :

1089 1691 1200 1725 Arguam
1215 1695 1246 1721 te,
1266 1694 1290 1716 et
1305 1694 1413 1716 stultiori:
1426 1695 1513 1716 contra
1532 1690 1621 1724 facient
1639 1696 1708 1717 tuum
1726 1696 1828 1724 peccatu
1840 1696 1886 1716 tua

1091 1725 1175 1760 (Psul.
1190 1726 1234 1752 19.
1248 1725 1314 1759 2i);
1336 1724 1379 1751 ubi
1392 1725 1590 1760 animainripsa:
1602 1726 1774 1760 cogitationes
1794 1725 1886 1752 cordis

1089 1759 1230 1794 accusant,
1261 1765 1287 1787 et
1314 1767 1330 1786 e
1348 1765 1442 1786 contra
1464 1759 1597 1787 excitatur
1618 1760 1781 1787 conscientia
1804 1761 1883 1794 quasi

1089 1796 1235 1823 domestica
1255 1795 1340 1826 testis,
1355 1795 1461 1822 dicente
1476 1795 1604 1830 Apostolo
1620 1804 1625 1821 :
1642 1795 1840 1830 ﬂagitationibus
1856 1804 1885 1823 se

1088 1831 1192 1858 invicem
1209 1830 1394 1861 ttccttsantibus,
1417 1835 1460 1856 out
1479 1831 1554 1856 etiam
1567 1830 1765 1865 defendentibus,
1785 1831 1811 1857 in
1829 1832 1882 1862 die,

1089 1875 1145 1893 cum
1161 1865 1284 1901 judicabit
1302 1864 1425 1901 Domitius
1435 1865 1533 1892 occulta
1549 1866 1676 1892 hominum
1692 1866 1777 1900 (liom.
1794 1866 1822 1892 ‘2.
1835 1866 1881 1893 15.

1089 1901 1146 1935 16).
1162 1900 1217 1928 ⁷810
1237 1906 1264 1928 et
1287 1900 1452 1932 sacerdotes,
1479 1901 1563 1929 vinea:
1585 1901 1728 1934 spiritttalis
1749 1902 1882 1933 culturus,

1088 1937 1133 1971 qtti
1155 1936 1280 1970 populoin
1302 1943 1354 1971 non
1369 1935 1401 1962 ad
1417 1936 1461 1962 Dci
1477 1936 1585 1969 gloriam
1599 1937 1768 1965 exercebant.
1782 1936 1830 1963 scd
1848 1936 1883 1962 ad

1089 1970 1166 1998 suum
1190 1972 1291 1998 lucrum
1314 1970 1510 1998 fructiﬁcabaut
1527 1980 1534 1998 :
1550 1971 1584 1998 ita
1604 1979 1652 1998 cos
1677 1971 1804 2002 Domitius
1825 1972 1885 1999 suis

1089 2007 1223 2041 parabolis
1237 2006 1433 2038 circumclusit,
1459 2011 1485 2032 tit
1500 2007 1548 2040 ipsi
1563 2014 1592 2034 se
1609 2014 1654 2033 sua
1670 2007 1800 2034 sententia
1816 2015 1884 2033 cott-

1088 2042 1258 2069 demnareut.
1275 2041 1340 2074 Quis
1359 2041 1431 2068 illtiiti
1447 2041 1582 2074 defendet,
1604 2042 1647 2076 qui
1669 2043 1784 2076 scipsutu
1803 2049 1883 2068 accu-

1088 2078 1148 2104 sat?
1162 2082 1206 2104 aut
1223 2077 1284 2111 quis
1298 2084 1359 2103 eum
1372 2076 1506 2104 existimet
1518 2077 1694 2107 iuuot-t-ntem,
1707 2078 1750 2111 qui
1763 2076 1884 2109 seipstmi

1088 2113 1243 2147 pronuntiat
1264 2113 1358 2139 reum?
1375 2111 1419 2138 Vte
1432 2113 1538 2144 animzr,
1562 2120 1620 2145 qum
1634 2112 1682 2138 sibi
1696 2112 1883 2139 defensionem

1088 2149 1260 2175 conscientia:
1277 2155 1328 2173 nou
1344 2152 1476 2181 prtcparat
1487 2147 1512 2173 iti
1529 2148 1572 2174 die
1583 2147 1688 2181 judicii!
1710 2148 1791 2174 Datur
1809 2148 1883 2173 ιιιιιιι

1089 2183 1166 2210 nobis
1186 2182 1348 2216 exemplum,
1372 2187 1399 2208 ut
1415 2190 1461 2216 per
1472 2182 1522 2209 ltoc
1536 2183 1663 2215 judicium
1679 2183 1886 2209 etntsidercmus

1089 2218 1206 2245 futurum
1216 2217 1344 2252 judicium
1359 2217 1467 2244 Christi.
1490 2218 1631 2244 Sciendum
1645 2222 1685 2244 εει
1697 2224 1798 2248 autem,
1819 2218 1884 2251 quia

1089 2253 1175 2281 Lucas
1187 2253 1294 2288 quidem
1307 2253 1470 2286 evangelista
1486 2253 1523 2278 sit:
1535 2253 1598 2280 dicit
1615 2262 1622 2279 :
1637 2253 1748 2279 Aditum.
1758 2258 1802 2278 uut
1825 2261 1887 2278 eunt

1089 2294 1159 2316 extra
1171 2287 1277 2321 vineam,
1299 2293 1321 2315 et
1332 2287 1485 2314 occiderunt.
1502 2287 1565 2314 Cum
1577 2296 1636 2323 ergo
1650 2289 1741 2314 venerit
1752 2288 1886 2320 dominus.

1089 2325 1169 2351 mulos
1190 2324 1247 2350 illo:
1272 2324 1337 2350 male
1361 2323 1458 2358 perdet.
1479 2323 1511 2349 Et
1527 2324 1705 2357 responderunt
1719 2323 1887 2358 succi‘dotes,

1089 2360 1160 2386 Absit
1176 2357 1372 2386 :iittellcxerttnt
1393 2359 1457 2384 enim
1467 2379 1474 2389 ,
1490 2359 1556 2393 quod
1571 2359 1601 2385 tle
1615 2358 1676 2393 ipsis
1688 2359 1779 2384 direret
1804 2357 1887 2392 (Luc.

1089 2395 1133 2422 20.
1149 2395 1191 2422 15.
1215 2395 1271 2428 16).
1295 2393 1445 2421 Secundum
1462 2393 1560 2421 Lucam
1573 2401 1636 2428 ergo
1647 2394 1802 2420 sacerdotes
1816 2401 1890 2420 con-

1090 2431 1221 2457 tradicuttt
1236 2429 1375 2456 sententia:
1387 2428 1484 2455 Christi
1498 2438 1504 2456 :
1518 2429 1662 2455 secundum
1676 2429 1829 2455 Manli-nunt
1843 2436 1892 2454 ati-

1091 2471 1143 2493 iem
1157 2465 1303 2499 suscipiunt
1319 2470 1346 2491 ct
1360 2463 1529 2491 conﬁrmant.
1552 2463 1580 2490 In
1596 2472 1678 2498 prima
1694 2465 1802 2498 quidem
1818 2465 1893 2490 tat-io

1090 2500 1214 2527 videntur
1236 2507 1295 2527 esse
1325 2499 1477 2530 contraria;
1510 2507 1603 2526 revera
1625 2505 1714 2526 autent
1743 2508 1796 2526 uoti
1822 2503 1893 2531 sunt

1089 2536 1234 2567 Contraria,
1253 2535 1299 2562 sed
1314 2535 1419 2561 diversa
1439 2535 1542 2561 ratione
1556 2540 1616 2561 stitit
1637 2534 1719 2561 dicta.
1744 2534 1790 2562 Ille
1811 2535 1893 2562 enim

1089 2571 1234 2598 Secundum
1251 2570 1453 2604 responsionem
1469 2571 1600 2596 sermonis
1620 2570 1723 2596 illorttttt
1746 2570 1892 2604 exposuit.

1090 2610 1139 2633 istc
1161 2611 1248 2632 autem
1273 2605 1419 2632 Secundum
1452 2605 1652 2637 responsionem
1686 2606 1787 2632 contis.
1819 2605 1894 2632 Nam

1090 2649 1152 2669 vere
1168 2641 1308 2668 visibililer
1322 2641 1428 2674 quidem
1449 2641 1474 2667 in
1497 2640 1562 2668 facie
1583 2640 1822 2671 contradxeruut,
1851 2641 1894 2666 tli-

1089 2682 1191 2707 ccntes,
1215 2676 1283 2702 Absit
1300 2684 1308 2702 :
1323 2677 1348 2703 iti
1370 2675 1451 2703 corde
1468 2681 1556 2703 autent
1571 2681 1597 2703 et
1611 2676 1635 2701 in
1650 2676 1816 2703 conscientia
1843 2684 1895 2702 sua

1090 2716 1276 2745 suaet-petunt.
1291 2711 1418 2743 dicentes,
1445 2711 1528 2738 Malos
1552 2711 1616 2737 mole
1636 2711 1730 2744 perdet.
1758 2711 1833 2744 Quid
1851 2715 1894 2738 est

1090 2747 1160 2782 quod
1175 2747 1308 2774 dicimus?
1330 2747 1421 2774 Otiiiiis
1442 2746 1521 2782 hoino
1534 2751 1561 2773 et
1574 2747 1672 2773 tttalom
1686 2748 1840 2780 cognoscit,
1867 2752 1898 2772 et.

1092 2783 1189 2809 honuni
1206 2792 1211 2808 :
1228 2787 1255 2809 et
1277 2782 1398 2816 intelligit
1416 2781 1484 2815 quod
1508 2787 1549 2808 est
1572 2782 1683 2814 justum,
1705 2787 1732 2808 ct.
1746 2782 1896 2814 injtlsltlttl.

1091 2818 1182 2845 Posuit
1193 2818 1265 2845 enim
1280 2818 1348 2844 Deus
1360 2817 1499 2851 qttcutdam
1511 2817 1632 2851 spiritum
1648 2817 1768 2843 scicntia:
1787 2817 1854 2843 boni
1869 2822 1898 2843 νι

1091 2853 1152 2880 mali
1167 2853 1194 2879 itt
1217 2853 1370 2879 hominibus
1383 2872 1389 2884 ,
1412 2857 1440 2878 ut
1461 2853 1698 2886 quotienscanique
1723 2860 1897 2885 peccamus.

1092 2888 1136 2916 illc
1160 2897 1184 2915 tu
1201 2888 1307 2916 silentio
1332 2888 1408 2923 quasi
1433 2891 1528 2914 tactum
1560 2893 1679 2914 nostrum
1709 2893 1824 2915 accuset
1843 2897 1851 2915 ;
1869 2895 1898 2915 et
