  <div class='ocr_page' id='page_1' title='image "/cluster/home/n/w/nwhite01/storage/ocr_20150623/56/njp.32101077772646/724.png"; bbox 0 0 2021 3128; ppageno 0'>
   <div class='ocr_carea' id='block_1_1' title="bbox 144 143 195 170">
    <p class='ocr_par' dir='ltr' id='par_1_1' title="bbox 144 143 195 170">
     <span class='ocr_line' id='line_1_1' title="bbox 144 143 195 170; baseline 0 0"><span class='ocrx_word' id='word_1_1' title='bbox 144 143 195 170; x_wconf 59' lang='grc' dir='ltr'><strong>θ.ὄῖ</strong></span> 
     </span>
    </p>
   </div>
   <div class='ocr_carea' id='block_1_2' title="bbox 144 198 927 233">
    <p class='ocr_par' dir='ltr' id='par_1_2' title="bbox 144 198 927 233">
     <span class='ocr_line' id='line_1_2' title="bbox 144 198 927 233; baseline -0.003 -6"><span class='ocrx_word' id='word_1_2' title='bbox 144 202 169 227; x_wconf 89' lang='lat' dir='ltr'><strong>lu</strong></span> <span class='ocrx_word' id='word_1_3' title='bbox 192 199 355 227; x_wconf 72' lang='lat' dir='ltr'><strong>conscientia</strong></span> <span class='ocrx_word' id='word_1_4' title='bbox 381 198 459 226; x_wconf 91' lang='lat' dir='ltr'><strong>Iacitc</strong></span> <span class='ocrx_word' id='word_1_5' title='bbox 479 198 512 226; x_wconf 82' lang='lat' dir='ltr'><strong>ad</strong></span> <span class='ocrx_word' id='word_1_6' title='bbox 532 199 646 226; x_wconf 81' lang='lat' dir='ltr'><strong>animant</strong></span> <span class='ocrx_word' id='word_1_7' title='bbox 668 199 793 233; x_wconf 86' lang='lat' dir='ltr'><strong>loquitur,</strong></span> <span class='ocrx_word' id='word_1_8' title='bbox 813 199 903 226; x_wconf 87' lang='lat' dir='ltr'><strong>dicens</strong></span> <span class='ocrx_word' id='word_1_9' title='bbox 922 208 927 225; x_wconf 93' lang='lat'>:</span> 
     </span>
    </p>
   </div>
   <div class='ocr_carea' id='block_1_3' title="bbox 144 234 928 268">
    <p class='ocr_par' dir='ltr' id='par_1_3' title="bbox 144 234 928 268">
     <span class='ocr_line' id='line_1_3' title="bbox 144 234 928 268; baseline -0.004 -5"><span class='ocrx_word' id='word_1_10' title='bbox 144 237 237 263; x_wconf 79' lang='lat' dir='ltr'><strong>Malum</strong></span> <span class='ocrx_word' id='word_1_11' title='bbox 253 240 294 261; x_wconf 83' lang='lat' dir='ltr'><strong>est.</strong></span> <span class='ocrx_word' id='word_1_12' title='bbox 310 235 369 267; x_wconf 87' lang='lat' dir='ltr'><strong>hoc,</strong></span> <span class='ocrx_word' id='word_1_13' title='bbox 383 239 410 261; x_wconf 90' lang='lat' dir='ltr'><strong>et</strong></span> <span class='ocrx_word' id='word_1_14' title='bbox 423 234 472 261; x_wconf 92' lang='lat' dir='ltr'><strong>ltoc</strong></span> <span class='ocrx_word' id='word_1_15' title='bbox 487 234 583 261; x_wconf 88' lang='lat' dir='ltr'><strong>bonum</strong></span> <span class='ocrx_word' id='word_1_16' title='bbox 595 241 646 262; x_wconf 82' lang='lat' dir='ltr'><strong>est.</strong></span> <span class='ocrx_word' id='word_1_17' title='bbox 661 234 803 268; x_wconf 74' lang='lat' dir='ltr'><strong>Propterea</strong></span> <span class='ocrx_word' id='word_1_18' title='bbox 820 235 841 262; x_wconf 87' lang='lat' dir='ltr'><strong>si</strong></span> <span class='ocrx_word' id='word_1_19' title='bbox 857 234 928 260; x_wconf 86' lang='lat' dir='ltr'><strong>fece-</strong></span> 
     </span>
    </p>
   </div>
   <div class='ocr_carea' id='block_1_4' title="bbox 144 269 930 303">
    <p class='ocr_par' dir='ltr' id='par_1_4' title="bbox 144 269 930 303">
     <span class='ocr_line' id='line_1_4' title="bbox 144 269 930 303; baseline -0.004 -5"><span class='ocrx_word' id='word_1_20' title='bbox 144 274 176 298; x_wconf 88' lang='lat' dir='ltr'><strong>rit</strong></span> <span class='ocrx_word' id='word_1_21' title='bbox 191 271 270 297; x_wconf 89' lang='lat' dir='ltr'><strong>homo</strong></span> <span class='ocrx_word' id='word_1_22' title='bbox 284 270 391 302; x_wconf 86' lang='lat' dir='ltr'><strong>malum,</strong></span> <span class='ocrx_word' id='word_1_23' title='bbox 406 274 433 296; x_wconf 87' lang='lat' dir='ltr'><strong>et</strong></span> <span class='ocrx_word' id='word_1_24' title='bbox 454 269 636 303; x_wconf 61' lang='lat' dir='ltr'><strong>deprehensus</strong></span> <span class='ocrx_word' id='word_1_25' title='bbox 650 270 728 297; x_wconf 88' lang='lat' dir='ltr'><strong>fuerit</strong></span> <span class='ocrx_word' id='word_1_26' title='bbox 742 270 766 296; x_wconf 92' lang='lat' dir='ltr'><strong>in</strong></span> <span class='ocrx_word' id='word_1_27' title='bbox 788 278 830 301; x_wconf 86' lang='lat' dir='ltr'><strong>eo,</strong></span> <span class='ocrx_word' id='word_1_28' title='bbox 843 269 930 296; x_wconf 82' lang='lat' dir='ltr'><strong>verbis</strong></span> 
     </span>
    </p>
   </div>
   <div class='ocr_carea' id='block_1_5' title="bbox 143 305 930 341">
    <p class='ocr_par' dir='ltr' id='par_1_5' title="bbox 143 305 930 341">
     <span class='ocr_line' id='line_1_5' title="bbox 143 305 930 341; baseline -0.003 -9"><span class='ocrx_word' id='word_1_29' title='bbox 143 307 249 341; x_wconf 81' lang='lat' dir='ltr'><strong>quidem</strong></span> <span class='ocrx_word' id='word_1_30' title='bbox 272 305 394 340; x_wconf 71' lang='lat' dir='ltr'><strong>denegat,</strong></span> <span class='ocrx_word' id='word_1_31' title='bbox 417 309 444 332; x_wconf 90' lang='lat' dir='ltr'><strong>et.</strong></span> <span class='ocrx_word' id='word_1_32' title='bbox 466 310 590 337; x_wconf 83' lang='lat' dir='ltr'><strong>excusat;</strong></span> <span class='ocrx_word' id='word_1_33' title='bbox 611 305 643 332; x_wconf 89' lang='lat' dir='ltr'><strong>ab</strong></span> <span class='ocrx_word' id='word_1_34' title='bbox 669 306 739 332; x_wconf 90' lang='lat' dir='ltr'><strong>intus</strong></span> <span class='ocrx_word' id='word_1_35' title='bbox 759 310 848 332; x_wconf 83' lang='lat' dir='ltr'><strong>autem</strong></span> <span class='ocrx_word' id='word_1_36' title='bbox 866 312 930 332; x_wconf 89' lang='lat' dir='ltr'><strong>con-</strong></span> 
     </span>
    </p>
   </div>
   <div class='ocr_carea' id='block_1_6' title="bbox 143 340 930 375">
    <p class='ocr_par' dir='ltr' id='par_1_6' title="bbox 143 340 930 375">
     <span class='ocr_line' id='line_1_6' title="bbox 143 340 930 375; baseline -0.003 -7"><span class='ocrx_word' id='word_1_37' title='bbox 143 340 253 369; x_wconf 74' lang='lat' dir='ltr'><strong>scientia</strong></span> <span class='ocrx_word' id='word_1_38' title='bbox 268 342 326 374; x_wconf 74' lang='lat' dir='ltr'><strong>ejus</strong></span> <span class='ocrx_word' id='word_1_39' title='bbox 341 341 517 375; x_wconf 84' lang='lat' dir='ltr'><strong>recognoscit,</strong></span> <span class='ocrx_word' id='word_1_40' title='bbox 541 345 567 366; x_wconf 84' lang='lat' dir='ltr'><strong>et</strong></span> <span class='ocrx_word' id='word_1_41' title='bbox 588 340 644 375; x_wconf 84' lang='lat' dir='ltr'><strong>sibi</strong></span> <span class='ocrx_word' id='word_1_42' title='bbox 658 341 712 374; x_wconf 82' lang='lat' dir='ltr'><strong>ipsa</strong></span> <span class='ocrx_word' id='word_1_43' title='bbox 726 341 857 372; x_wconf 54' lang='lat' dir='ltr'><strong>discusaa,</strong></span> <span class='ocrx_word' id='word_1_44' title='bbox 884 347 930 373; x_wconf 90' lang='lat' dir='ltr'><strong>per</strong></span> 
     </span>
    </p>
   </div>
   <div class='ocr_carea' id='block_1_7' title="bbox 143 374 927 412">
    <p class='ocr_par' dir='ltr' id='par_1_7' title="bbox 143 374 927 412">
     <span class='ocr_line' id='line_1_7' title="bbox 143 374 927 412; baseline -0.001 -9"><span class='ocrx_word' id='word_1_45' title='bbox 143 377 265 412; x_wconf 73' lang='lat' dir='ltr'><strong>spiritum</strong></span> <span class='ocrx_word' id='word_1_46' title='bbox 284 374 424 412; x_wconf 76' lang='lat' dir='ltr'><strong>confitetur</strong></span> <span class='ocrx_word' id='word_1_47' title='bbox 447 375 517 412; x_wconf 85' lang='lat' dir='ltr'><strong>qnod</strong></span> <span class='ocrx_word' id='word_1_48' title='bbox 537 375 608 402; x_wconf 82' lang='lat' dir='ltr'><strong>fecit.</strong></span> <span class='ocrx_word' id='word_1_49' title='bbox 624 374 701 412; x_wconf 81' lang='lat' dir='ltr'><strong>Unde</strong></span> <span class='ocrx_word' id='word_1_50' title='bbox 720 377 927 412; x_wconf 16' lang='lat' dir='ltr'><strong>scriptumyest:</strong></span> 
     </span>
    </p>
   </div>
   <div class='ocr_carea' id='block_1_8' title="bbox 143 409 928 446">
    <p class='ocr_par' dir='ltr' id='par_1_8' title="bbox 143 409 928 446">
     <span class='ocr_line' id='line_1_8' title="bbox 143 409 928 446; baseline -0.003 -8"><span class='ocrx_word' id='word_1_51' title='bbox 143 409 175 438; x_wconf 69' lang='lat' dir='ltr'><strong>lit</strong></span> <span class='ocrx_word' id='word_1_52' title='bbox 195 411 386 446; x_wconf 71' lang='lat' dir='ltr'><strong>cogitationibus</strong></span> <span class='ocrx_word' id='word_1_53' title='bbox 400 411 471 444; x_wconf 82' lang='lat' dir='ltr'><strong>impii</strong></span> <span class='ocrx_word' id='word_1_54' title='bbox 483 410 644 446; x_wconf 77' lang='lat' dir='ltr'><strong>interrogatio</strong></span> <span class='ocrx_word' id='word_1_55' title='bbox 657 411 703 437; x_wconf 81' lang='lat' dir='ltr'><strong>erit</strong></span> <span class='ocrx_word' id='word_1_56' title='bbox 718 409 835 446; x_wconf 71' lang='lat' dir='ltr'><strong>(Sapien.</strong></span> <span class='ocrx_word' id='word_1_57' title='bbox 850 411 872 437; x_wconf 81' lang='lat' dir='ltr'><strong>l.</strong></span> <span class='ocrx_word' id='word_1_58' title='bbox 888 409 928 443; x_wconf 86' lang='lat'><strong>9).</strong></span> 
     </span>
    </p>
   </div>
   <div class='ocr_carea' id='block_1_9' title="bbox 143 445 928 480">
    <p class='ocr_par' dir='ltr' id='par_1_9' title="bbox 143 445 928 480">
     <span class='ocr_line' id='line_1_9' title="bbox 143 445 928 480; baseline -0.003 -6"><span class='ocrx_word' id='word_1_59' title='bbox 143 447 210 474; x_wconf 75' lang='lat' dir='ltr'><strong>Ecce</strong></span> <span class='ocrx_word' id='word_1_60' title='bbox 222 445 242 473; x_wconf 64' lang='lat' dir='ltr'><strong>Si</strong></span> <span class='ocrx_word' id='word_1_61' title='bbox 257 454 362 473; x_wconf 83' lang='lat' dir='ltr'><strong>servum</strong></span> <span class='ocrx_word' id='word_1_62' title='bbox 378 449 450 472; x_wconf 92' lang='lat' dir='ltr'><strong>tuum</strong></span> <span class='ocrx_word' id='word_1_63' title='bbox 466 445 672 480; x_wconf 78' lang='lat' dir='ltr'><strong>deprehenderis</strong></span> <span class='ocrx_word' id='word_1_64' title='bbox 687 446 713 473; x_wconf 87' lang='lat' dir='ltr'><strong>in</strong></span> <span class='ocrx_word' id='word_1_65' title='bbox 727 445 797 473; x_wconf 81' lang='lat' dir='ltr'><strong>furto</strong></span> <span class='ocrx_word' id='word_1_66' title='bbox 807 467 814 478; x_wconf 91' lang='lat'><strong>,</strong></span> <span class='ocrx_word' id='word_1_67' title='bbox 832 450 860 472; x_wconf 87' lang='lat' dir='ltr'><strong>et</strong></span> <span class='ocrx_word' id='word_1_68' title='bbox 880 452 928 472; x_wconf 94' lang='lat' dir='ltr'><strong>vo-</strong></span> 
     </span>
    </p>
   </div>
   <div class='ocr_carea' id='block_1_10' title="bbox 143 480 930 516">
    <p class='ocr_par' dir='ltr' id='par_1_10' title="bbox 143 480 930 516">
     <span class='ocr_line' id='line_1_10' title="bbox 143 480 930 516; baseline -0.003 -8"><span class='ocrx_word' id='word_1_69' title='bbox 143 482 224 509; x_wconf 82' lang='lat' dir='ltr'><strong>lueris</strong></span> <span class='ocrx_word' id='word_1_70' title='bbox 246 489 307 507; x_wconf 90' lang='lat' dir='ltr'><strong>eum</strong></span> <span class='ocrx_word' id='word_1_71' title='bbox 329 482 475 515; x_wconf 78' lang='lat' dir='ltr'><strong>castigare,</strong></span> <span class='ocrx_word' id='word_1_72' title='bbox 491 481 577 516; x_wconf 84' lang='lat' dir='ltr'><strong>verbis</strong></span> <span class='ocrx_word' id='word_1_73' title='bbox 591 481 697 514; x_wconf 83' lang='lat' dir='ltr'><strong>quidem</strong></span> <span class='ocrx_word' id='word_1_74' title='bbox 717 481 831 516; x_wconf 80' lang='lat' dir='ltr'><strong>denegat</strong></span> <span class='ocrx_word' id='word_1_75' title='bbox 846 490 852 508; x_wconf 89' lang='lat'>:</span> <span class='ocrx_word' id='word_1_76' title='bbox 868 484 895 507; x_wconf 89' lang='lat' dir='ltr'><strong>et</strong></span> <span class='ocrx_word' id='word_1_77' title='bbox 907 480 930 506; x_wconf 65' lang='lat' dir='ltr'><strong>si</strong></span> 
     </span>
    </p>
   </div>
   <div class='ocr_carea' id='block_1_11' title="bbox 143 515 928 551">
    <p class='ocr_par' dir='ltr' id='par_1_11' title="bbox 143 515 928 551">
     <span class='ocr_line' id='line_1_11' title="bbox 143 515 928 551; baseline -0.004 -7"><span class='ocrx_word' id='word_1_78' title='bbox 143 518 291 551; x_wconf 85' lang='lat' dir='ltr'><strong>interrogas</strong></span> <span class='ocrx_word' id='word_1_79' title='bbox 312 523 383 548; x_wconf 82' lang='lat' dir='ltr'><strong>eum,</strong></span> <span class='ocrx_word' id='word_1_80' title='bbox 411 522 498 543; x_wconf 89' lang='lat' dir='ltr'><strong>utrttm</strong></span> <span class='ocrx_word' id='word_1_81' title='bbox 518 515 613 550; x_wconf 77' lang='lat' dir='ltr'><strong>dignus</strong></span> <span class='ocrx_word' id='word_1_82' title='bbox 635 521 677 544; x_wconf 79' lang='lat' dir='ltr'><strong>est</strong></span> <span class='ocrx_word' id='word_1_83' title='bbox 697 517 831 550; x_wconf 71' lang='lat' dir='ltr'><strong>castigari,</strong></span> <span class='ocrx_word' id='word_1_84' title='bbox 854 515 928 547; x_wconf 85' lang='lat' dir='ltr'><strong>dicit,</strong></span> 
     </span>
    </p>
   </div>
   <div class='ocr_carea' id='block_1_12' title="bbox 142 551 930 587">
    <p class='ocr_par' dir='ltr' id='par_1_12' title="bbox 142 551 930 587">
     <span class='ocr_line' id='line_1_12' title="bbox 142 551 930 587; baseline -0.004 -8"><span class='ocrx_word' id='word_1_85' title='bbox 142 552 217 584; x_wconf 76' lang='lat' dir='ltr'><strong>Non;</strong></span> <span class='ocrx_word' id='word_1_86' title='bbox 233 551 394 587; x_wconf 58' lang='lat' dir='ltr'><strong>cum-cientia</strong></span> <span class='ocrx_word' id='word_1_87' title='bbox 407 555 495 578; x_wconf 87' lang='lat' dir='ltr'><strong>autent</strong></span> <span class='ocrx_word' id='word_1_88' title='bbox 513 551 571 587; x_wconf 84' lang='lat' dir='ltr'><strong>ejus</strong></span> <span class='ocrx_word' id='word_1_89' title='bbox 584 552 734 585; x_wconf 85' lang='lat' dir='ltr'><strong>confitetur,</strong></span> <span class='ocrx_word' id='word_1_90' title='bbox 757 553 818 587; x_wconf 85' lang='lat' dir='ltr'><strong>quia</strong></span> <span class='ocrx_word' id='word_1_91' title='bbox 835 551 930 585; x_wconf 76' lang='lat' dir='ltr'><strong>dignus</strong></span> 
     </span>
    </p>
   </div>
   <div class='ocr_carea' id='block_1_13' title="bbox 143 585 928 621">
    <p class='ocr_par' dir='ltr' id='par_1_13' title="bbox 143 585 928 621">
     <span class='ocr_line' id='line_1_13' title="bbox 143 585 928 621; baseline -0.005 -6"><span class='ocrx_word' id='word_1_92' title='bbox 143 592 185 615; x_wconf 85' lang='lat' dir='ltr'><strong>est</strong></span> <span class='ocrx_word' id='word_1_93' title='bbox 199 588 274 615; x_wconf 75' lang='lat' dir='ltr'><strong>cadi.</strong></span> <span class='ocrx_word' id='word_1_94' title='bbox 300 585 344 614; x_wconf 91' lang='lat' dir='ltr'><strong>Sic</strong></span> <span class='ocrx_word' id='word_1_95' title='bbox 357 594 421 621; x_wconf 77' lang='lat' dir='ltr'><strong>ergo</strong></span> <span class='ocrx_word' id='word_1_96' title='bbox 435 591 463 613; x_wconf 89' lang='lat' dir='ltr'><strong>et.</strong></span> <span class='ocrx_word' id='word_1_97' title='bbox 475 586 628 614; x_wconf 75' lang='lat' dir='ltr'><strong>sacerdotes</strong></span> <span class='ocrx_word' id='word_1_98' title='bbox 643 587 718 614; x_wconf 67' lang='lat' dir='ltr'><strong>mala:</strong></span> <span class='ocrx_word' id='word_1_99' title='bbox 741 585 928 618; x_wconf 67' lang='lat' dir='ltr'><strong>cduscieutim,</strong></span> 
     </span>
    </p>
   </div>
   <div class='ocr_carea' id='block_1_14' title="bbox 143 621 929 657">
    <p class='ocr_par' dir='ltr' id='par_1_14' title="bbox 143 621 929 657">
     <span class='ocr_line' id='line_1_14' title="bbox 143 621 929 657; baseline -0.003 -8"><span class='ocrx_word' id='word_1_100' title='bbox 143 623 232 650; x_wconf 83' lang='lat' dir='ltr'><strong>verbis</strong></span> <span class='ocrx_word' id='word_1_101' title='bbox 248 622 356 657; x_wconf 86' lang='lat' dir='ltr'><strong>quidem</strong></span> <span class='ocrx_word' id='word_1_102' title='bbox 378 622 513 653; x_wconf 86' lang='lat' dir='ltr'><strong>dixerunt,</strong></span> <span class='ocrx_word' id='word_1_103' title='bbox 535 621 607 649; x_wconf 70' lang='lat' dir='ltr'><strong>Absit</strong></span> <span class='ocrx_word' id='word_1_104' title='bbox 631 630 640 649; x_wconf 87' lang='lat'><em>:</em></span> <span class='ocrx_word' id='word_1_105' title='bbox 659 623 819 650; x_wconf 83' lang='lat' dir='ltr'><strong>conscientia</strong></span> <span class='ocrx_word' id='word_1_106' title='bbox 842 625 929 648; x_wconf 86' lang='lat' dir='ltr'><strong>autem</strong></span> 
     </span>
    </p>
   </div>
   <div class='ocr_carea' id='block_1_15' title="bbox 143 657 930 691">
    <p class='ocr_par' dir='ltr' id='par_1_15' title="bbox 143 657 930 691">
     <span class='ocr_line' id='line_1_15' title="bbox 143 657 930 691; baseline -0.003 -7"><span class='ocrx_word' id='word_1_107' title='bbox 143 657 258 685; x_wconf 78' lang='lat' dir='ltr'><strong>confessi</strong></span> <span class='ocrx_word' id='word_1_108' title='bbox 283 661 354 688; x_wconf 85' lang='lat' dir='ltr'><strong>sunt,</strong></span> <span class='ocrx_word' id='word_1_109' title='bbox 377 657 438 691; x_wconf 85' lang='lat' dir='ltr'><strong>quia</strong></span> <span class='ocrx_word' id='word_1_110' title='bbox 461 657 545 684; x_wconf 86' lang='lat' dir='ltr'><strong>malos</strong></span> <span class='ocrx_word' id='word_1_111' title='bbox 558 658 625 685; x_wconf 86' lang='lat' dir='ltr'><strong>male</strong></span> <span class='ocrx_word' id='word_1_112' title='bbox 643 657 744 691; x_wconf 84' lang='lat' dir='ltr'><strong>perdet.</strong></span> <span class='ocrx_word' id='word_1_113' title='bbox 766 657 930 690; x_wconf 68' lang='lat' dir='ltr'><strong>Frequenter</strong></span> 
     </span>
    </p>
   </div>
   <div class='ocr_carea' id='block_1_16' title="bbox 143 692 929 726">
    <p class='ocr_par' dir='ltr' id='par_1_16' title="bbox 143 692 929 726">
     <span class='ocr_line' id='line_1_16' title="bbox 143 692 929 726; baseline -0.003 -7"><span class='ocrx_word' id='word_1_114' title='bbox 143 698 231 720; x_wconf 83' lang='lat' dir='ltr'><strong>autem</strong></span> <span class='ocrx_word' id='word_1_115' title='bbox 252 693 397 726; x_wconf 65' lang='lat' dir='ltr'><strong>Scriptura:</strong></span> <span class='ocrx_word' id='word_1_116' title='bbox 416 692 589 726; x_wconf 78' lang='lat' dir='ltr'><strong>cogitationes</strong></span> <span class='ocrx_word' id='word_1_117' title='bbox 610 692 698 719; x_wconf 85' lang='lat' dir='ltr'><strong>cordis</strong></span> <span class='ocrx_word' id='word_1_118' title='bbox 721 693 755 719; x_wconf 91' lang='lat' dir='ltr'><strong>ita</strong></span> <span class='ocrx_word' id='word_1_119' title='bbox 778 695 929 725; x_wconf 85' lang='lat' dir='ltr'><strong>exponunt,</strong></span> 
     </span>
    </p>
   </div>
   <div class='ocr_carea' id='block_1_17' title="bbox 142 727 928 762">
    <p class='ocr_par' dir='ltr' id='par_1_17' title="bbox 142 727 928 762">
     <span class='ocr_line' id='line_1_17' title="bbox 142 727 928 762; baseline -0.003 -8"><span class='ocrx_word' id='word_1_120' title='bbox 142 729 216 762; x_wconf 82' lang='lat' dir='ltr'><strong>quasi</strong></span> <span class='ocrx_word' id='word_1_121' title='bbox 228 728 297 755; x_wconf 87' lang='lat' dir='ltr'><strong>dicta</strong></span> <span class='ocrx_word' id='word_1_122' title='bbox 312 727 452 757; x_wconf 77' lang='lat' dir='ltr'><strong>sermonis.</strong></span> <span class='ocrx_word' id='word_1_123' title='bbox 464 727 531 754; x_wconf 84' lang='lat' dir='ltr'><strong>sicut</strong></span> <span class='ocrx_word' id='word_1_124' title='bbox 541 727 578 754; x_wconf 86' lang='lat' dir='ltr'><strong>ait</strong></span> <span class='ocrx_word' id='word_1_125' title='bbox 591 727 658 754; x_wconf 84' lang='lat' dir='ltr'><strong>Joh:</strong></span> <span class='ocrx_word' id='word_1_126' title='bbox 675 727 741 754; x_wconf 83' lang='lat' dir='ltr'><strong>Dicit</strong></span> <span class='ocrx_word' id='word_1_127' title='bbox 758 728 850 761; x_wconf 75' lang='lat' dir='ltr'><strong>impius</strong></span> <span class='ocrx_word' id='word_1_128' title='bbox 865 727 928 762; x_wconf 59' lang='lat' dir='ltr'><strong>Divo,</strong></span> 
     </span>
    </p>
   </div>
   <div class='ocr_carea' id='block_1_18' title="bbox 143 761 931 797">
    <p class='ocr_par' dir='ltr' id='par_1_18' title="bbox 143 761 931 797">
     <span class='ocr_line' id='line_1_18' title="bbox 143 761 931 797; baseline -0.003 -7"><span class='ocrx_word' id='word_1_129' title='bbox 143 761 250 790; x_wconf 78' lang='lat' dir='ltr'><strong>Discede</strong></span> <span class='ocrx_word' id='word_1_130' title='bbox 274 772 289 789; x_wconf 87' lang='lat' dir='ltr'><strong>a</strong></span> <span class='ocrx_word' id='word_1_131' title='bbox 318 771 373 794; x_wconf 83' lang='lat' dir='ltr'><strong>me,</strong></span> <span class='ocrx_word' id='word_1_132' title='bbox 400 763 458 797; x_wconf 87' lang='lat' dir='ltr'><strong>quia</strong></span> <span class='ocrx_word' id='word_1_133' title='bbox 484 763 536 789; x_wconf 71' lang='lat' dir='ltr'><strong>uias</strong></span> <span class='ocrx_word' id='word_1_134' title='bbox 555 768 619 797; x_wconf 25' lang='lat' dir='ltr'><strong>imas</strong></span> <span class='ocrx_word' id='word_1_135' title='bbox 648 771 748 790; x_wconf 80' lang='lat' dir='ltr'><strong>nouere</strong></span> <span class='ocrx_word' id='word_1_136' title='bbox 778 763 835 789; x_wconf 87' lang='lat' dir='ltr'><strong>nolo</strong></span> <span class='ocrx_word' id='word_1_137' title='bbox 861 761 931 796; x_wconf 81' lang='lat' dir='ltr'><strong>(Job</strong></span> 
     </span>
    </p>
   </div>
   <div class='ocr_carea' id='block_1_19' title="bbox 142 796 933 833">
    <p class='ocr_par' dir='ltr' id='par_1_19' title="bbox 142 796 933 833">
     <span class='ocr_line' id='line_1_19' title="bbox 142 796 933 833; baseline -0.003 -8"><span class='ocrx_word' id='word_1_138' title='bbox 142 799 186 825; x_wconf 69' lang='lat'><strong>2|.</strong></span> <span class='ocrx_word' id='word_1_139' title='bbox 205 799 258 833; x_wconf 76' lang='lat' dir='ltr'><strong>l4).</strong></span> <span class='ocrx_word' id='word_1_140' title='bbox 281 798 344 825; x_wconf 88' lang='lat' dir='ltr'><strong>ltettt</strong></span> <span class='ocrx_word' id='word_1_141' title='bbox 369 798 494 832; x_wconf 74' lang='lat' dir='ltr'><strong>propheta</strong></span> <span class='ocrx_word' id='word_1_142' title='bbox 519 807 530 833; x_wconf 21' lang='lat'><strong>:7</strong></span> <span class='ocrx_word' id='word_1_143' title='bbox 549 796 682 832; x_wconf 83' lang='lat' dir='ltr'><strong>Pupilluut</strong></span> <span class='ocrx_word' id='word_1_144' title='bbox 705 803 728 825; x_wconf 83' lang='lat' dir='ltr'><strong>et</strong></span> <span class='ocrx_word' id='word_1_145' title='bbox 749 798 870 824; x_wconf 81' lang='lat' dir='ltr'><strong>advenam</strong></span> <span class='ocrx_word' id='word_1_146' title='bbox 888 805 933 823; x_wconf 81' lang='lat' dir='ltr'><strong>oc—</strong></span> 
     </span>
    </p>
   </div>
   <div class='ocr_carea' id='block_1_20' title="bbox 143 832 932 866">
    <p class='ocr_par' dir='ltr' id='par_1_20' title="bbox 143 832 932 866">
     <span class='ocr_line' id='line_1_20' title="bbox 143 832 932 866; baseline -0.001 -6"><span class='ocrx_word' id='word_1_147' title='bbox 143 834 267 865; x_wconf 79' lang='lat' dir='ltr'><strong>ciderunt,</strong></span> <span class='ocrx_word' id='word_1_148' title='bbox 292 838 314 860; x_wconf 85' lang='lat' dir='ltr'><strong>et</strong></span> <span class='ocrx_word' id='word_1_149' title='bbox 334 833 450 860; x_wconf 68' lang='lat' dir='ltr'><strong>dixerunt</strong></span> <span class='ocrx_word' id='word_1_150' title='bbox 476 841 483 859; x_wconf 90' lang='lat'><strong><em>:</em></strong></span> <span class='ocrx_word' id='word_1_151' title='bbox 506 832 566 859; x_wconf 85' lang='lat' dir='ltr'><strong>Non</strong></span> <span class='ocrx_word' id='word_1_152' title='bbox 589 833 833 865; x_wconf 76' lang='lat' dir='ltr'><strong>videbitDaminus,</strong></span> <span class='ocrx_word' id='word_1_153' title='bbox 853 841 932 866; x_wconf 81' lang='lat' dir='ltr'><strong>neque</strong></span> 
     </span>
    </p>
   </div>
   <div class='ocr_carea' id='block_1_21' title="bbox 143 867 928 904">
    <p class='ocr_par' dir='ltr' id='par_1_21' title="bbox 143 867 928 904">
     <span class='ocr_line' id='line_1_21' title="bbox 143 867 928 904; baseline 0 -9"><span class='ocrx_word' id='word_1_154' title='bbox 143 869 261 904; x_wconf 71' lang='lat' dir='ltr'><strong>intelliget</strong></span> <span class='ocrx_word' id='word_1_155' title='bbox 275 868 344 895; x_wconf 71' lang='lat' dir='ltr'><strong>Deus</strong></span> <span class='ocrx_word' id='word_1_156' title='bbox 357 868 435 894; x_wconf 84' lang='lat' dir='ltr'><strong>Jacob</strong></span> <span class='ocrx_word' id='word_1_157' title='bbox 453 867 539 902; x_wconf 75' lang='lat' dir='ltr'><strong>(Psal.</strong></span> <span class='ocrx_word' id='word_1_158' title='bbox 556 867 600 904; x_wconf 62' lang='lat'><strong>95.</strong></span> <span class='ocrx_word' id='word_1_159' title='bbox 616 868 643 895; x_wconf 84' lang='grc'><strong>6.</strong></span> <span class='ocrx_word' id='word_1_160' title='bbox 653 869 691 903; x_wconf 85' lang='grc'><strong>7).</strong></span> <span class='ocrx_word' id='word_1_161' title='bbox 710 869 773 895; x_wconf 77' lang='lat' dir='ltr'><strong>item</strong></span> <span class='ocrx_word' id='word_1_162' title='bbox 785 869 909 904; x_wconf 81' lang='lat' dir='ltr'><strong>Salomon</strong></span> <span class='ocrx_word' id='word_1_163' title='bbox 922 877 928 895; x_wconf 96' lang='lat'>:</span> 
     </span>
    </p>
   </div>
   <div class='ocr_carea' id='block_1_22' title="bbox 145 903 932 939">
    <p class='ocr_par' dir='ltr' id='par_1_22' title="bbox 145 903 932 939">
     <span class='ocr_line' id='line_1_22' title="bbox 145 903 932 939; baseline 0 -9"><span class='ocrx_word' id='word_1_164' title='bbox 145 903 233 930; x_wconf 64' lang='lat' dir='ltr'><strong>Omnia</strong></span> <span class='ocrx_word' id='word_1_165' title='bbox 246 905 320 930; x_wconf 84' lang='lat' dir='ltr'><strong>homo</strong></span> <span class='ocrx_word' id='word_1_166' title='bbox 330 904 516 939; x_wconf 72' lang='lat' dir='ltr'><strong>transgrediens</strong></span> <span class='ocrx_word' id='word_1_167' title='bbox 529 903 555 929; x_wconf 82' lang='lat' dir='ltr'><strong>in</strong></span> <span class='ocrx_word' id='word_1_168' title='bbox 570 903 633 930; x_wconf 73' lang='lat' dir='ltr'><strong>lecta</strong></span> <span class='ocrx_word' id='word_1_169' title='bbox 645 912 691 930; x_wconf 78' lang='lat' dir='ltr'><strong>suo</strong></span> <span class='ocrx_word' id='word_1_170' title='bbox 710 904 769 930; x_wconf 84' lang='lat' dir='ltr'><strong>dicit</strong></span> <span class='ocrx_word' id='word_1_171' title='bbox 783 912 792 930; x_wconf 79' lang='lat'><strong>.&#39;</strong></span> <span class='ocrx_word' id='word_1_172' title='bbox 808 903 871 936; x_wconf 74' lang='lat' dir='ltr'><strong>Quis</strong></span> <span class='ocrx_word' id='word_1_173' title='bbox 893 911 932 930; x_wconf 87' lang='lat' dir='ltr'><strong>me</strong></span> 
     </span>
    </p>
   </div>
   <div class='ocr_carea' id='block_1_23' title="bbox 143 939 932 973">
    <p class='ocr_par' dir='ltr' id='par_1_23' title="bbox 143 939 932 973">
     <span class='ocr_line' id='line_1_23' title="bbox 143 939 932 973; baseline -0.003 -7"><span class='ocrx_word' id='word_1_174' title='bbox 143 940 207 966; x_wconf 74' lang='lat' dir='ltr'><strong>videt</strong></span> <span class='ocrx_word' id='word_1_175' title='bbox 218 940 230 966; x_wconf 66' lang='lat'><strong>.9</strong></span> <span class='ocrx_word' id='word_1_176' title='bbox 243 939 356 965; x_wconf 54' lang='lat' dir='ltr'><strong>Parietes</strong></span> <span class='ocrx_word' id='word_1_177' title='bbox 374 945 397 965; x_wconf 84' lang='lat' dir='ltr'><strong>et</strong></span> <span class='ocrx_word' id='word_1_178' title='bbox 413 940 519 965; x_wconf 67' lang='lat' dir='ltr'><strong>tenebrat</strong></span> <span class='ocrx_word' id='word_1_179' title='bbox 532 939 688 966; x_wconf 74' lang='lat' dir='ltr'><strong>circumdant</strong></span> <span class='ocrx_word' id='word_1_180' title='bbox 703 948 740 966; x_wconf 77' lang='lat' dir='ltr'><strong>me</strong></span> <span class='ocrx_word' id='word_1_181' title='bbox 750 946 760 971; x_wconf 84' lang='lat'><strong><em>;</em></strong></span> <span class='ocrx_word' id='word_1_182' title='bbox 770 947 841 973; x_wconf 80' lang='lat' dir='ltr'><strong>quem</strong></span> <span class='ocrx_word' id='word_1_183' title='bbox 863 946 932 965; x_wconf 82' lang='lat' dir='ltr'><strong>uere-</strong></span> 
     </span>
    </p>
   </div>
   <div class='ocr_carea' id='block_1_24' title="bbox 144 973 932 1001">
    <p class='ocr_par' dir='ltr' id='par_1_24' title="bbox 144 973 932 1001">
     <span class='ocr_line' id='line_1_24' title="bbox 144 973 932 1001; baseline 0 -1"><span class='ocrx_word' id='word_1_184' title='bbox 144 975 210 1001; x_wconf 81' lang='lat' dir='ltr'><strong>bor?</strong></span> <span class='ocrx_word' id='word_1_185' title='bbox 235 974 294 1000; x_wconf 75' lang='lat' dir='ltr'><strong>Non</strong></span> <span class='ocrx_word' id='word_1_186' title='bbox 309 973 485 1000; x_wconf 80' lang='lat' dir='ltr'><strong>memorabitur</strong></span> <span class='ocrx_word' id='word_1_187' title='bbox 498 974 639 1000; x_wconf 75' lang='lat' dir='ltr'><strong>Altissimus</strong></span> <span class='ocrx_word' id='word_1_188' title='bbox 659 974 805 1001; x_wconf 69' lang='lat' dir='ltr'><strong>delictorum</strong></span> <span class='ocrx_word' id='word_1_189' title='bbox 821 981 932 1000; x_wconf 85' lang='lat' dir='ltr'><strong>mearum</strong></span> 
     </span>
    </p>
   </div>
   <div class='ocr_carea' id='block_1_25' title="bbox 146 1009 930 1044">
    <p class='ocr_par' dir='ltr' id='par_1_25' title="bbox 146 1009 930 1044">
     <span class='ocr_line' id='line_1_25' title="bbox 146 1009 930 1044; baseline 0 -9"><span class='ocrx_word' id='word_1_190' title='bbox 146 1009 238 1044; x_wconf 80' lang='lat' dir='ltr'><strong>(Eccli.</strong></span> <span class='ocrx_word' id='word_1_191' title='bbox 263 1009 307 1036; x_wconf 70' lang='grc'><strong>25.</strong></span> <span class='ocrx_word' id='word_1_192' title='bbox 327 1009 373 1036; x_wconf 77' lang='grc'><strong>25.</strong></span> <span class='ocrx_word' id='word_1_193' title='bbox 394 1009 451 1044; x_wconf 69' lang='lat'><strong>26).</strong></span> <span class='ocrx_word' id='word_1_194' title='bbox 473 1009 578 1043; x_wconf 87' lang='lat' dir='ltr'><strong>Alioqui</strong></span> <span class='ocrx_word' id='word_1_195' title='bbox 597 1009 731 1043; x_wconf 89' lang='lat' dir='ltr'><strong>quomodo</strong></span> <span class='ocrx_word' id='word_1_196' title='bbox 758 1014 844 1044; x_wconf 78' lang='lat' dir='ltr'><strong>potest</strong></span> <span class='ocrx_word' id='word_1_197' title='bbox 862 1009 930 1040; x_wconf 84' lang='lat' dir='ltr'><strong>ﬁeri,</strong></span> 
     </span>
    </p>
   </div>
   <div class='ocr_carea' id='block_1_26' title="bbox 146 1044 929 1079">
    <p class='ocr_par' dir='ltr' id='par_1_26' title="bbox 146 1044 929 1079">
     <span class='ocr_line' id='line_1_26' title="bbox 146 1044 929 1079; baseline -0.001 -8"><span class='ocrx_word' id='word_1_198' title='bbox 146 1050 174 1071; x_wconf 89' lang='lat' dir='ltr'><strong>ut</strong></span> <span class='ocrx_word' id='word_1_199' title='bbox 189 1045 232 1079; x_wconf 91' lang='lat' dir='ltr'><strong>qui</strong></span> <span class='ocrx_word' id='word_1_200' title='bbox 253 1044 439 1071; x_wconf 64' lang='lat' dir='ltr'><strong>intellexerant</strong></span> <span class='ocrx_word' id='word_1_201' title='bbox 452 1049 543 1071; x_wconf 88' lang='lat' dir='ltr'><strong>contra</strong></span> <span class='ocrx_word' id='word_1_202' title='bbox 563 1053 592 1071; x_wconf 81' lang='lat' dir='ltr'><strong>sc</strong></span> <span class='ocrx_word' id='word_1_203' title='bbox 606 1044 692 1071; x_wconf 86' lang='lat' dir='ltr'><strong>dictas</strong></span> <span class='ocrx_word' id='word_1_204' title='bbox 706 1052 766 1072; x_wconf 87' lang='lat' dir='ltr'><strong>esse</strong></span> <span class='ocrx_word' id='word_1_205' title='bbox 782 1044 929 1079; x_wconf 80' lang='lat' dir='ltr'><strong>parabolas,</strong></span> 
     </span>
    </p>
   </div>
   <div class='ocr_carea' id='block_1_27' title="bbox 145 1079 931 1110">
    <p class='ocr_par' dir='ltr' id='par_1_27' title="bbox 145 1079 931 1110">
     <span class='ocr_line' id='line_1_27' title="bbox 145 1079 931 1110; baseline 0.001 -5"><span class='ocrx_word' id='word_1_206' title='bbox 145 1080 180 1106; x_wconf 87' lang='lat' dir='ltr'><strong>ita</strong></span> <span class='ocrx_word' id='word_1_207' title='bbox 205 1084 233 1106; x_wconf 93' lang='lat' dir='ltr'><strong>nt</strong></span> <span class='ocrx_word' id='word_1_208' title='bbox 254 1079 352 1106; x_wconf 85' lang='lat' dir='ltr'><strong>vellcut</strong></span> <span class='ocrx_word' id='word_1_209' title='bbox 373 1087 434 1106; x_wconf 81' lang='lat' dir='ltr'><strong>eum</strong></span> <span class='ocrx_word' id='word_1_210' title='bbox 458 1084 565 1110; x_wconf 84' lang='lat' dir='ltr'><strong>tenere,</strong></span> <span class='ocrx_word' id='word_1_211' title='bbox 590 1080 771 1106; x_wconf 72' lang='lat' dir='ltr'><strong>consentirent</strong></span> <span class='ocrx_word' id='word_1_212' title='bbox 791 1079 931 1106; x_wconf 80' lang='lat' dir='ltr'><strong>sententia:</strong></span> 
     </span>
    </p>
   </div>
   <div class='ocr_carea' id='block_1_28' title="bbox 145 1115 932 1149">
    <p class='ocr_par' dir='ltr' id='par_1_28' title="bbox 145 1115 932 1149">
     <span class='ocr_line' id='line_1_28' title="bbox 145 1115 932 1149; baseline 0 -8"><span class='ocrx_word' id='word_1_213' title='bbox 145 1115 224 1148; x_wconf 76' lang='lat' dir='ltr'><strong>ejus?</strong></span> <span class='ocrx_word' id='word_1_214' title='bbox 247 1115 364 1148; x_wconf 86' lang='lat' dir='ltr'><strong>Denique</strong></span> <span class='ocrx_word' id='word_1_215' title='bbox 379 1115 453 1149; x_wconf 89' lang='lat' dir='ltr'><strong>quasi</strong></span> <span class='ocrx_word' id='word_1_216' title='bbox 468 1122 519 1141; x_wconf 88' lang='lat' dir='ltr'><strong>tton</strong></span> <span class='ocrx_word' id='word_1_217' title='bbox 534 1115 764 1147; x_wconf 82' lang='lat' dir='ltr'><strong>acquiescentibus</strong></span> <span class='ocrx_word' id='word_1_218' title='bbox 784 1115 845 1147; x_wconf 87' lang='lat' dir='ltr'><strong>illis,</strong></span> <span class='ocrx_word' id='word_1_219' title='bbox 872 1115 932 1141; x_wconf 82' lang='lat' dir='ltr'><strong>ideo</strong></span> 
     </span>
    </p>
   </div>
   <div class='ocr_carea' id='block_1_29' title="bbox 146 1149 931 1183">
    <p class='ocr_par' dir='ltr' id='par_1_29' title="bbox 146 1149 931 1183">
     <span class='ocr_line' id='line_1_29' title="bbox 146 1149 931 1183; baseline -0.001 -6"><span class='ocrx_word' id='word_1_220' title='bbox 146 1150 289 1177; x_wconf 90' lang='lat' dir='ltr'><strong>introducit</strong></span> <span class='ocrx_word' id='word_1_221' title='bbox 301 1150 370 1175; x_wconf 95' lang='lat' dir='ltr'><strong>aliud</strong></span> <span class='ocrx_word' id='word_1_222' title='bbox 391 1150 569 1176; x_wconf 83' lang='lat' dir='ltr'><strong>testimonium</strong></span> <span class='ocrx_word' id='word_1_223' title='bbox 583 1150 736 1183; x_wconf 59' lang='lat' dir='ltr'><strong>Scriptura),</strong></span> <span class='ocrx_word' id='word_1_224' title='bbox 756 1150 848 1177; x_wconf 89' lang='lat' dir='ltr'><strong>dicens</strong></span> <span class='ocrx_word' id='word_1_225' title='bbox 864 1159 870 1176; x_wconf 90' lang='lat'><strong>:</strong></span> <span class='ocrx_word' id='word_1_226' title='bbox 886 1149 931 1177; x_wconf 69' lang='grc'><strong>42.</strong></span> 
     </span>
    </p>
   </div>
   <div class='ocr_carea' id='block_1_30' title="bbox 146 1184 931 1220">
    <p class='ocr_par' dir='ltr' id='par_1_30' title="bbox 146 1184 931 1220">
     <span class='ocr_line' id='line_1_30' title="bbox 146 1184 931 1220; baseline -0.001 -9"><span class='ocrx_word' id='word_1_227' title='bbox 146 1184 290 1220; x_wconf 81' lang='lat' dir='ltr'><strong>Numquam</strong></span> <span class='ocrx_word' id='word_1_228' title='bbox 315 1185 407 1220; x_wconf 75' lang='lat' dir='ltr'><strong>legistis</strong></span> <span class='ocrx_word' id='word_1_229' title='bbox 421 1191 430 1210; x_wconf 89' lang='lat'><em>:</em></span> <span class='ocrx_word' id='word_1_230' title='bbox 446 1185 470 1212; x_wconf 89' lang='lat' dir='ltr'><strong>id</strong></span> <span class='ocrx_word' id='word_1_231' title='bbox 483 1190 534 1216; x_wconf 74' lang='lat' dir='ltr'><strong>est,</strong></span> <span class='ocrx_word' id='word_1_232' title='bbox 549 1185 578 1212; x_wconf 89' lang='lat' dir='ltr'><strong>Si</strong></span> <span class='ocrx_word' id='word_1_233' title='bbox 597 1185 749 1219; x_wconf 83' lang='lat' dir='ltr'><strong>parabolam</strong></span> <span class='ocrx_word' id='word_1_234' title='bbox 770 1193 856 1212; x_wconf 89' lang='lat' dir='ltr'><strong>nteant</strong></span> <span class='ocrx_word' id='word_1_235' title='bbox 879 1193 931 1211; x_wconf 87' lang='lat' dir='ltr'><strong>non</strong></span> 
     </span>
    </p>
   </div>
   <div class='ocr_carea' id='block_1_31' title="bbox 146 1220 932 1255">
    <p class='ocr_par' dir='ltr' id='par_1_31' title="bbox 146 1220 932 1255">
     <span class='ocr_line' id='line_1_31' title="bbox 146 1220 932 1255; baseline 0.001 -9"><span class='ocrx_word' id='word_1_236' title='bbox 146 1221 322 1251; x_wconf 75' lang='lat' dir='ltr'><strong>intellexistis,</strong></span> <span class='ocrx_word' id='word_1_237' title='bbox 347 1220 386 1246; x_wconf 87' lang='lat' dir='ltr'><strong>vel</strong></span> <span class='ocrx_word' id='word_1_238' title='bbox 401 1220 477 1246; x_wconf 81' lang='lat' dir='ltr'><strong>istaut</strong></span> <span class='ocrx_word' id='word_1_239' title='bbox 499 1220 658 1254; x_wconf 88' lang='lat' dir='ltr'><strong>scripturam</strong></span> <span class='ocrx_word' id='word_1_240' title='bbox 681 1228 732 1247; x_wconf 90' lang='lat' dir='ltr'><strong>non</strong></span> <span class='ocrx_word' id='word_1_241' title='bbox 753 1221 932 1255; x_wconf 83' lang='lat' dir='ltr'><strong>cognoscitis?</strong></span> 
     </span>
    </p>
   </div>
   <div class='ocr_carea' id='block_1_32' title="bbox 145 1255 931 1290">
    <p class='ocr_par' dir='ltr' id='par_1_32' title="bbox 145 1255 931 1290">
     <span class='ocr_line' id='line_1_32' title="bbox 145 1255 931 1290; baseline 0.004 -10"><span class='ocrx_word' id='word_1_242' title='bbox 145 1255 219 1288; x_wconf 76' lang='lat' dir='ltr'><strong>Quod</strong></span> <span class='ocrx_word' id='word_1_243' title='bbox 234 1255 255 1282; x_wconf 91' lang='lat' dir='ltr'><strong>si</strong></span> <span class='ocrx_word' id='word_1_244' title='bbox 275 1263 325 1281; x_wconf 89' lang='lat' dir='ltr'><strong>ttou</strong></span> <span class='ocrx_word' id='word_1_245' title='bbox 347 1255 543 1289; x_wconf 77' lang='lat' dir='ltr'><strong>arqttievisScot</strong></span> <span class='ocrx_word' id='word_1_246' title='bbox 564 1256 684 1283; x_wconf 89' lang='lat' dir='ltr'><strong>conliteri</strong></span> <span class='ocrx_word' id='word_1_247' title='bbox 706 1256 800 1290; x_wconf 78' lang='lat' dir='ltr'><strong>dignos</strong></span> <span class='ocrx_word' id='word_1_248' title='bbox 820 1264 849 1283; x_wconf 89' lang='lat' dir='ltr'><strong>se</strong></span> <span class='ocrx_word' id='word_1_249' title='bbox 872 1263 931 1283; x_wconf 78' lang='lat' dir='ltr'><strong>esse</strong></span> 
     </span>
    </p>
   </div>
   <div class='ocr_carea' id='block_1_33' title="bbox 146 1290 931 1325">
    <p class='ocr_par' dir='ltr' id='par_1_33' title="bbox 146 1290 931 1325">
     <span class='ocr_line' id='line_1_33' title="bbox 146 1290 931 1325; baseline -0.001 -7"><span class='ocrx_word' id='word_1_250' title='bbox 146 1299 234 1324; x_wconf 73' lang='lat' dir='ltr'><strong>pmua,</strong></span> <span class='ocrx_word' id='word_1_251' title='bbox 261 1291 350 1324; x_wconf 83' lang='lat' dir='ltr'><strong>utique</strong></span> <span class='ocrx_word' id='word_1_252' title='bbox 368 1299 419 1316; x_wconf 87' lang='lat' dir='ltr'><strong>non</strong></span> <span class='ocrx_word' id='word_1_253' title='bbox 433 1295 490 1317; x_wconf 84' lang='lat' dir='ltr'><strong>erat</strong></span> <span class='ocrx_word' id='word_1_254' title='bbox 505 1298 613 1318; x_wconf 83' lang='lat' dir='ltr'><strong>necesse</strong></span> <span class='ocrx_word' id='word_1_255' title='bbox 628 1290 715 1317; x_wconf 88' lang='lat' dir='ltr'><strong>adltnc</strong></span> <span class='ocrx_word' id='word_1_256' title='bbox 730 1292 768 1318; x_wconf 87' lang='lat' dir='ltr'><strong>eis</strong></span> <span class='ocrx_word' id='word_1_257' title='bbox 783 1291 852 1318; x_wconf 86' lang='lat' dir='ltr'><strong>aliud</strong></span> <span class='ocrx_word' id='word_1_258' title='bbox 869 1299 931 1325; x_wconf 91' lang='lat' dir='ltr'><strong>pro-</strong></span> 
     </span>
    </p>
   </div>
   <div class='ocr_carea' id='block_1_34' title="bbox 146 1325 933 1361">
    <p class='ocr_par' dir='ltr' id='par_1_34' title="bbox 146 1325 933 1361">
     <span class='ocr_line' id='line_1_34' title="bbox 146 1325 933 1361; baseline 0.001 -9"><span class='ocrx_word' id='word_1_259' title='bbox 146 1327 213 1353; x_wconf 58' lang='lat' dir='ltr'><strong>l‘crre</strong></span> <span class='ocrx_word' id='word_1_260' title='bbox 226 1325 392 1361; x_wconf 70' lang='lat' dir='ltr'><strong>exemplum?</strong></span> <span class='ocrx_word' id='word_1_261' title='bbox 409 1325 544 1361; x_wconf 77' lang='lat' dir='ltr'><strong>Lapidem,</strong></span> <span class='ocrx_word' id='word_1_262' title='bbox 557 1334 629 1360; x_wconf 85' lang='lat' dir='ltr'><strong>quem</strong></span> <span class='ocrx_word' id='word_1_263' title='bbox 642 1327 833 1359; x_wconf 80' lang='lat' dir='ltr'><strong>reprobauerunt</strong></span> <span class='ocrx_word' id='word_1_264' title='bbox 852 1327 933 1360; x_wconf 73' lang='grc' dir='ltr'><strong>α’άίιὶ-</strong></span> 
     </span>
    </p>
   </div>
   <div class='ocr_carea' id='block_1_35' title="bbox 145 1361 931 1396">
    <p class='ocr_par' dir='ltr' id='par_1_35' title="bbox 145 1361 931 1396">
     <span class='ocr_line' id='line_1_35' title="bbox 145 1361 931 1396; baseline 0.001 -10"><span class='ocrx_word' id='word_1_265' title='bbox 145 1367 240 1392; x_wconf 78' lang='lat' dir='ltr'><strong>cantes,</strong></span> <span class='ocrx_word' id='word_1_266' title='bbox 256 1361 296 1387; x_wconf 81' lang='lat' dir='ltr'><strong>hic</strong></span> <span class='ocrx_word' id='word_1_267' title='bbox 310 1363 390 1395; x_wconf 70' lang='lat' dir='ltr'><strong>[actus</strong></span> <span class='ocrx_word' id='word_1_268' title='bbox 410 1366 445 1387; x_wconf 74' lang='lat' dir='ltr'><strong>est</strong></span> <span class='ocrx_word' id='word_1_269' title='bbox 464 1361 490 1388; x_wconf 85' lang='lat' dir='ltr'><strong>in</strong></span> <span class='ocrx_word' id='word_1_270' title='bbox 509 1365 583 1395; x_wconf 82' lang='lat' dir='ltr'><strong>caput</strong></span> <span class='ocrx_word' id='word_1_271' title='bbox 603 1362 689 1396; x_wconf 80' lang='lat' dir='ltr'><strong>anguli</strong></span> <span class='ocrx_word' id='word_1_272' title='bbox 700 1361 784 1396; x_wconf 71' lang='lat' dir='ltr'><strong>(Paul.</strong></span> <span class='ocrx_word' id='word_1_273' title='bbox 798 1362 859 1389; x_wconf 85' lang='lat' dir='ltr'><strong>H7.</strong></span> <span class='ocrx_word' id='word_1_274' title='bbox 873 1361 931 1396; x_wconf 70' lang='lat'><strong>‘22).</strong></span> 
     </span>
    </p>
   </div>
   <div class='ocr_carea' id='block_1_36' title="bbox 146 1396 930 1431">
    <p class='ocr_par' dir='ltr' id='par_1_36' title="bbox 146 1396 930 1431">
     <span class='ocr_line' id='line_1_36' title="bbox 146 1396 930 1431; baseline 0.003 -9"><span class='ocrx_word' id='word_1_275' title='bbox 146 1396 173 1422; x_wconf 88' lang='lat' dir='ltr'><strong>Id</strong></span> <span class='ocrx_word' id='word_1_276' title='bbox 190 1399 240 1427; x_wconf 89' lang='lat' dir='ltr'><strong>est,</strong></span> <span class='ocrx_word' id='word_1_277' title='bbox 257 1396 344 1429; x_wconf 80' lang='lat' dir='ltr'><strong>Quare</strong></span> <span class='ocrx_word' id='word_1_278' title='bbox 365 1404 417 1422; x_wconf 79' lang='lat' dir='ltr'><strong>non</strong></span> <span class='ocrx_word' id='word_1_279' title='bbox 438 1396 594 1431; x_wconf 80' lang='lat' dir='ltr'><strong>intelligitis,</strong></span> <span class='ocrx_word' id='word_1_280' title='bbox 617 1397 677 1431; x_wconf 84' lang='lat' dir='ltr'><strong>quia</strong></span> <span class='ocrx_word' id='word_1_281' title='bbox 700 1404 747 1423; x_wconf 81' lang='lat' dir='ltr'><strong>vos</strong></span> <span class='ocrx_word' id='word_1_282' title='bbox 772 1397 837 1424; x_wconf 90' lang='lat' dir='ltr'><strong>estis</strong></span> <span class='ocrx_word' id='word_1_283' title='bbox 864 1398 930 1424; x_wconf 75' lang='grc' dir='ltr'>ιιιάὶ-</span> 
     </span>
    </p>
   </div>
   <div class='ocr_carea' id='block_1_37' title="bbox 146 1431 934 1467">
    <p class='ocr_par' dir='ltr' id='par_1_37' title="bbox 146 1431 934 1467">
     <span class='ocr_line' id='line_1_37' title="bbox 146 1431 934 1467; baseline 0.003 -10"><span class='ocrx_word' id='word_1_284' title='bbox 146 1431 288 1458; x_wconf 69' lang='lat' dir='ltr'><strong>liczttures?</strong></span> <span class='ocrx_word' id='word_1_285' title='bbox 321 1436 346 1457; x_wconf 88' lang='lat' dir='ltr'><strong>ct</strong></span> <span class='ocrx_word' id='word_1_286' title='bbox 378 1431 512 1465; x_wconf 89' lang='lat' dir='ltr'><strong>quomodo</strong></span> <span class='ocrx_word' id='word_1_287' title='bbox 542 1439 594 1458; x_wconf 90' lang='lat' dir='ltr'><strong>non</strong></span> <span class='ocrx_word' id='word_1_288' title='bbox 623 1432 764 1465; x_wconf 74' lang='lat' dir='ltr'><strong>cogitatis,</strong></span> <span class='ocrx_word' id='word_1_289' title='bbox 805 1432 829 1458; x_wconf 85' lang='lat' dir='ltr'><strong>ili</strong></span> <span class='ocrx_word' id='word_1_290' title='bbox 858 1434 934 1467; x_wconf 77' lang='lat' dir='ltr'><strong>cuius</strong></span> 
     </span>
    </p>
   </div>
   <div class='ocr_carea' id='block_1_38' title="bbox 145 1466 933 1501">
    <p class='ocr_par' dir='ltr' id='par_1_38' title="bbox 145 1466 933 1501">
     <span class='ocr_line' id='line_1_38' title="bbox 145 1466 933 1501; baseline 0.004 -9"><span class='ocrx_word' id='word_1_291' title='bbox 145 1467 248 1493; x_wconf 73' lang='lat' dir='ltr'><strong>a-dilit-ii</strong></span> <span class='ocrx_word' id='word_1_292' title='bbox 274 1467 369 1501; x_wconf 91' lang='lat' dir='ltr'><strong>angulo</strong></span> <span class='ocrx_word' id='word_1_293' title='bbox 391 1466 529 1499; x_wconf 84' lang='lat' dir='ltr'><strong>ponendus</strong></span> <span class='ocrx_word' id='word_1_294' title='bbox 550 1472 591 1493; x_wconf 85' lang='lat' dir='ltr'><strong>est</strong></span> <span class='ocrx_word' id='word_1_295' title='bbox 617 1467 661 1493; x_wconf 88' lang='lat' dir='ltr'><strong>ille</strong></span> <span class='ocrx_word' id='word_1_296' title='bbox 685 1467 773 1501; x_wconf 82' lang='lat' dir='ltr'><strong>lapis?</strong></span> <span class='ocrx_word' id='word_1_297' title='bbox 801 1467 933 1501; x_wconf 85' lang='lat' dir='ltr'><strong>Numquid</strong></span> 
     </span>
    </p>
   </div>
   <div class='ocr_carea' id='block_1_39' title="bbox 146 1501 931 1536">
    <p class='ocr_par' dir='ltr' id='par_1_39' title="bbox 146 1501 931 1536">
     <span class='ocr_line' id='line_1_39' title="bbox 146 1501 931 1536; baseline 0.001 -9"><span class='ocrx_word' id='word_1_298' title='bbox 146 1502 171 1528; x_wconf 89' lang='lat' dir='ltr'><strong>itt</strong></span> <span class='ocrx_word' id='word_1_299' title='bbox 195 1506 292 1533; x_wconf 69' lang='lat' dir='ltr'><strong>vestro,</strong></span> <span class='ocrx_word' id='word_1_300' title='bbox 319 1502 388 1528; x_wconf 91' lang='lat' dir='ltr'><strong>unde</strong></span> <span class='ocrx_word' id='word_1_301' title='bbox 412 1502 568 1536; x_wconf 87' lang='lat' dir='ltr'><strong>rcprobatus</strong></span> <span class='ocrx_word' id='word_1_302' title='bbox 591 1501 653 1528; x_wconf 86' lang='lat' dir='ltr'><strong>est?</strong></span> <span class='ocrx_word' id='word_1_303' title='bbox 674 1501 802 1534; x_wconf 78' lang='lat' dir='ltr'><strong>Non,sed</strong></span> <span class='ocrx_word' id='word_1_304' title='bbox 822 1503 847 1529; x_wconf 90' lang='lat' dir='ltr'><strong>in</strong></span> <span class='ocrx_word' id='word_1_305' title='bbox 869 1503 931 1530; x_wconf 82' lang='lat' dir='ltr'><strong>alio.</strong></span> 
     </span>
    </p>
   </div>
   <div class='ocr_carea' id='block_1_40' title="bbox 146 1536 933 1571">
    <p class='ocr_par' dir='ltr' id='par_1_40' title="bbox 146 1536 933 1571">
     <span class='ocr_line' id='line_1_40' title="bbox 146 1536 933 1571; baseline 0.001 -8"><span class='ocrx_word' id='word_1_306' title='bbox 146 1536 215 1571; x_wconf 76' lang='lat' dir='ltr'><strong>Ergo</strong></span> <span class='ocrx_word' id='word_1_307' title='bbox 243 1537 313 1564; x_wconf 85' lang='lat' dir='ltr'><strong>aliud</strong></span> <span class='ocrx_word' id='word_1_308' title='bbox 344 1537 483 1564; x_wconf 74' lang='lat' dir='ltr'><strong>aaliflcintu</strong></span> <span class='ocrx_word' id='word_1_309' title='bbox 510 1542 551 1564; x_wconf 83' lang='lat' dir='ltr'><strong>est</strong></span> <span class='ocrx_word' id='word_1_310' title='bbox 575 1538 700 1564; x_wconf 87' lang='lat' dir='ltr'><strong>futurum.</strong></span> <span class='ocrx_word' id='word_1_311' title='bbox 723 1538 751 1564; x_wconf 82' lang='lat' dir='ltr'><strong>Si</strong></span> <span class='ocrx_word' id='word_1_312' title='bbox 765 1542 850 1564; x_wconf 84' lang='lat' dir='ltr'><strong>autem</strong></span> <span class='ocrx_word' id='word_1_313' title='bbox 864 1537 933 1564; x_wconf 87' lang='lat' dir='ltr'><strong>alittd</strong></span> 
     </span>
    </p>
   </div>
   <div class='ocr_carea' id='block_1_41' title="bbox 145 1572 934 1606">
    <p class='ocr_par' dir='ltr' id='par_1_41' title="bbox 145 1572 934 1606">
     <span class='ocr_line' id='line_1_41' title="bbox 145 1572 934 1606; baseline 0.003 -8"><span class='ocrx_word' id='word_1_314' title='bbox 145 1572 284 1598; x_wconf 73' lang='lat' dir='ltr'><strong>trditiciutu</strong></span> <span class='ocrx_word' id='word_1_315' title='bbox 315 1577 356 1598; x_wconf 85' lang='lat' dir='ltr'><strong>est</strong></span> <span class='ocrx_word' id='word_1_316' title='bbox 391 1572 505 1599; x_wconf 89' lang='lat' dir='ltr'><strong>futurum</strong></span> <span class='ocrx_word' id='word_1_317' title='bbox 524 1594 531 1603; x_wconf 82' lang='lat'><strong>,</strong></span> <span class='ocrx_word' id='word_1_318' title='bbox 560 1579 624 1606; x_wconf 75' lang='lat' dir='ltr'><strong>ergo</strong></span> <span class='ocrx_word' id='word_1_319' title='bbox 669 1578 756 1599; x_wconf 78' lang='lat' dir='ltr'><strong>vestra</strong></span> <span class='ocrx_word' id='word_1_320' title='bbox 794 1573 934 1600; x_wconf 80' lang='lat' dir='ltr'><strong>:cdilicalio</strong></span> 
     </span>
    </p>
   </div>
   <div class='ocr_carea' id='block_1_42' title="bbox 145 1607 935 1635">
    <p class='ocr_par' dir='ltr' id='par_1_42' title="bbox 145 1607 935 1635">
     <span class='ocr_line' id='line_1_42' title="bbox 145 1607 935 1635; baseline 0.003 -3"><span class='ocrx_word' id='word_1_321' title='bbox 145 1607 338 1634; x_wconf 86' lang='lat' dir='ltr'><strong>contemnenda</strong></span> <span class='ocrx_word' id='word_1_322' title='bbox 368 1613 419 1634; x_wconf 61' lang='lat' dir='ltr'><strong>est.</strong></span> <span class='ocrx_word' id='word_1_323' title='bbox 448 1607 634 1635; x_wconf 67' lang='lat' dir='ltr'><strong>(Edilicalut‘es</strong></span> <span class='ocrx_word' id='word_1_324' title='bbox 659 1607 730 1634; x_wconf 85' lang='lat' dir='ltr'><strong>cuitu</strong></span> <span class='ocrx_word' id='word_1_325' title='bbox 759 1613 820 1635; x_wconf 85' lang='lat' dir='ltr'><strong>sunt</strong></span> <span class='ocrx_word' id='word_1_326' title='bbox 846 1616 935 1635; x_wconf 87' lang='lat' dir='ltr'><strong>sacer-</strong></span> 
     </span>
    </p>
   </div>
   <div class='ocr_carea' id='block_1_43' title="bbox 145 1641 934 1678">
    <p class='ocr_par' dir='ltr' id='par_1_43' title="bbox 145 1641 934 1678">
     <span class='ocr_line' id='line_1_43' title="bbox 145 1641 934 1678; baseline 0.003 -9"><span class='ocrx_word' id='word_1_327' title='bbox 145 1641 240 1675; x_wconf 82' lang='lat' dir='ltr'><strong>dotes,</strong></span> <span class='ocrx_word' id='word_1_328' title='bbox 284 1643 328 1676; x_wconf 87' lang='lat' dir='ltr'><strong>qui</strong></span> <span class='ocrx_word' id='word_1_329' title='bbox 361 1643 548 1676; x_wconf 80' lang='lat' dir='ltr'><strong>generationes</strong></span> <span class='ocrx_word' id='word_1_330' title='bbox 578 1643 712 1669; x_wconf 85' lang='lat' dir='ltr'><strong>hominum</strong></span> <span class='ocrx_word' id='word_1_331' title='bbox 744 1651 824 1677; x_wconf 80' lang='lat' dir='ltr'><strong>super</strong></span> <span class='ocrx_word' id='word_1_332' title='bbox 854 1651 934 1678; x_wconf 81' lang='lat' dir='ltr'><strong>gene-</strong></span> 
     </span>
    </p>
   </div>
   <div class='ocr_carea' id='block_1_44' title="bbox 146 1678 934 1713">
    <p class='ocr_par' dir='ltr' id='par_1_44' title="bbox 146 1678 934 1713">
     <span class='ocr_line' id='line_1_44' title="bbox 146 1678 934 1713; baseline 0.004 -10"><span class='ocrx_word' id='word_1_333' title='bbox 146 1679 274 1704; x_wconf 83' lang='lat' dir='ltr'><strong>rationem</strong></span> <span class='ocrx_word' id='word_1_334' title='bbox 301 1685 347 1712; x_wconf 85' lang='lat' dir='ltr'><strong>per</strong></span> <span class='ocrx_word' id='word_1_335' title='bbox 367 1678 516 1704; x_wconf 70' lang='lat' dir='ltr'><strong>doctrinam</strong></span> <span class='ocrx_word' id='word_1_336' title='bbox 538 1678 712 1708; x_wconf 66' lang='lat' dir='ltr'><strong>mdilicautes.</strong></span> <span class='ocrx_word' id='word_1_337' title='bbox 735 1679 809 1713; x_wconf 85' lang='lat' dir='ltr'><strong>quasi</strong></span> <span class='ocrx_word' id='word_1_338' title='bbox 833 1679 934 1712; x_wconf 79' lang='lat' dir='ltr'><strong>lapides</strong></span> 
     </span>
    </p>
   </div>
   <div class='ocr_carea' id='block_1_45' title="bbox 145 1713 933 1747">
    <p class='ocr_par' dir='ltr' id='par_1_45' title="bbox 145 1713 933 1747">
     <span class='ocr_line' id='line_1_45' title="bbox 145 1713 933 1747; baseline 0.003 -8"><span class='ocrx_word' id='word_1_339' title='bbox 145 1720 225 1746; x_wconf 79' lang='lat' dir='ltr'><strong>Super</strong></span> <span class='ocrx_word' id='word_1_340' title='bbox 250 1713 362 1747; x_wconf 85' lang='lat' dir='ltr'><strong>lapidein</strong></span> <span class='ocrx_word' id='word_1_341' title='bbox 389 1719 534 1746; x_wconf 85' lang='lat' dir='ltr'><strong>ponentes.</strong></span> <span class='ocrx_word' id='word_1_342' title='bbox 558 1713 666 1739; x_wconf 91' lang='lat' dir='ltr'><strong>domum</strong></span> <span class='ocrx_word' id='word_1_343' title='bbox 692 1713 737 1741; x_wconf 85' lang='lat' dir='ltr'><strong>Dei</strong></span> <span class='ocrx_word' id='word_1_344' title='bbox 761 1720 933 1747; x_wconf 88' lang='lat' dir='ltr'><strong>componunt.</strong></span> 
     </span>
    </p>
   </div>
   <div class='ocr_carea' id='block_1_46' title="bbox 146 1748 935 1783">
    <p class='ocr_par' dir='ltr' id='par_1_46' title="bbox 146 1748 935 1783">
     <span class='ocr_line' id='line_1_46' title="bbox 146 1748 935 1783; baseline 0.001 -8"><span class='ocrx_word' id='word_1_345' title='bbox 146 1748 221 1775; x_wconf 77' lang='lat' dir='ltr'><strong>Sit-ut</strong></span> <span class='ocrx_word' id='word_1_346' title='bbox 232 1749 302 1775; x_wconf 86' lang='lat' dir='ltr'><strong>enim</strong></span> <span class='ocrx_word' id='word_1_347' title='bbox 324 1748 498 1775; x_wconf 83' lang='lat' dir='ltr'><strong>a:dilicatures</strong></span> <span class='ocrx_word' id='word_1_348' title='bbox 514 1749 629 1775; x_wconf 85' lang='lat' dir='ltr'><strong>nodosos</strong></span> <span class='ocrx_word' id='word_1_349' title='bbox 642 1749 752 1783; x_wconf 77' lang='lat' dir='ltr'><strong>lapides,</strong></span> <span class='ocrx_word' id='word_1_350' title='bbox 766 1753 793 1776; x_wconf 86' lang='lat' dir='ltr'><strong>ct</strong></span> <span class='ocrx_word' id='word_1_351' title='bbox 808 1750 935 1776; x_wconf 84' lang='lat' dir='ltr'><strong>ttabcutcs</strong></span> 
     </span>
    </p>
   </div>
   <div class='ocr_carea' id='block_1_47' title="bbox 147 1783 935 1817">
    <p class='ocr_par' dir='ltr' id='par_1_47' title="bbox 147 1783 935 1817">
     <span class='ocr_line' id='line_1_47' title="bbox 147 1783 935 1817; baseline 0.003 -8"><span class='ocrx_word' id='word_1_352' title='bbox 147 1788 271 1815; x_wconf 54' lang='lat' dir='ltr'><strong>lurtnras,</strong></span> <span class='ocrx_word' id='word_1_353' title='bbox 288 1783 358 1810; x_wconf 90' lang='lat' dir='ltr'><strong>ferro</strong></span> <span class='ocrx_word' id='word_1_354' title='bbox 370 1783 473 1813; x_wconf 76' lang='lat' dir='ltr'><strong>dolant.</strong></span> <span class='ocrx_word' id='word_1_355' title='bbox 487 1789 577 1816; x_wconf 76' lang='lat' dir='ltr'><strong>postea</strong></span> <span class='ocrx_word' id='word_1_356' title='bbox 590 1791 653 1810; x_wconf 85' lang='lat' dir='ltr'><strong>vero</strong></span> <span class='ocrx_word' id='word_1_357' title='bbox 665 1790 763 1817; x_wconf 88' lang='lat' dir='ltr'><strong>potutnt</strong></span> <span class='ocrx_word' id='word_1_358' title='bbox 778 1792 824 1811; x_wconf 83' lang='lat' dir='ltr'><strong>eos</strong></span> <span class='ocrx_word' id='word_1_359' title='bbox 840 1784 865 1810; x_wconf 86' lang='lat' dir='ltr'><strong>iit</strong></span> <span class='ocrx_word' id='word_1_360' title='bbox 875 1785 935 1812; x_wconf 78' lang='lat' dir='ltr'><strong>:cdi-</strong></span> 
     </span>
    </p>
   </div>
   <div class='ocr_carea' id='block_1_48' title="bbox 147 1818 932 1853">
    <p class='ocr_par' dir='ltr' id='par_1_48' title="bbox 147 1818 932 1853">
     <span class='ocr_line' id='line_1_48' title="bbox 147 1818 932 1853; baseline 0.001 -8"><span class='ocrx_word' id='word_1_361' title='bbox 147 1818 216 1850; x_wconf 84' lang='lat' dir='ltr'><strong>ﬁcio,</strong></span> <span class='ocrx_word' id='word_1_362' title='bbox 232 1819 330 1853; x_wconf 83' lang='lat' dir='ltr'><strong>alioqui</strong></span> <span class='ocrx_word' id='word_1_363' title='bbox 348 1826 400 1845; x_wconf 88' lang='lat' dir='ltr'><strong>non</strong></span> <span class='ocrx_word' id='word_1_364' title='bbox 419 1819 501 1845; x_wconf 89' lang='lat' dir='ltr'><strong>dolati</strong></span> <span class='ocrx_word' id='word_1_365' title='bbox 519 1819 618 1853; x_wconf 75' lang='lat' dir='ltr'><strong>lapides</strong></span> <span class='ocrx_word' id='word_1_366' title='bbox 632 1819 762 1852; x_wconf 78' lang='lat' dir='ltr'><strong>lapidibus</strong></span> <span class='ocrx_word' id='word_1_367' title='bbox 777 1827 829 1846; x_wconf 93' lang='lat' dir='ltr'><strong>non</strong></span> <span class='ocrx_word' id='word_1_368' title='bbox 845 1819 932 1847; x_wconf 82' lang='lat' dir='ltr'><strong>colue-</strong></span> 
     </span>
    </p>
   </div>
   <div class='ocr_carea' id='block_1_49' title="bbox 146 1854 933 1889">
    <p class='ocr_par' dir='ltr' id='par_1_49' title="bbox 146 1854 933 1889">
     <span class='ocr_line' id='line_1_49' title="bbox 146 1854 933 1889; baseline 0.003 -9"><span class='ocrx_word' id='word_1_369' title='bbox 146 1859 204 1880; x_wconf 85' lang='lat' dir='ltr'><strong>rent</strong></span> <span class='ocrx_word' id='word_1_370' title='bbox 218 1862 225 1881; x_wconf 86' lang='grc'>;</span> <span class='ocrx_word' id='word_1_371' title='bbox 240 1855 278 1881; x_wconf 84' lang='lat' dir='ltr'><strong>sic</strong></span> <span class='ocrx_word' id='word_1_372' title='bbox 292 1859 318 1880; x_wconf 88' lang='lat' dir='ltr'><strong>et</strong></span> <span class='ocrx_word' id='word_1_373' title='bbox 332 1854 456 1881; x_wconf 71' lang='lat' dir='ltr'><strong>Ecclesia:</strong></span> <span class='ocrx_word' id='word_1_374' title='bbox 471 1854 594 1881; x_wconf 84' lang='lat' dir='ltr'><strong>ductores</strong></span> <span class='ocrx_word' id='word_1_375' title='bbox 615 1854 676 1880; x_wconf 87' lang='lat' dir='ltr'><strong>vitia</strong></span> <span class='ocrx_word' id='word_1_376' title='bbox 696 1854 842 1886; x_wconf 85' lang='lat' dir='ltr'><strong>hominum,</strong></span> <span class='ocrx_word' id='word_1_377' title='bbox 858 1855 933 1889; x_wconf 83' lang='lat' dir='ltr'><strong>quasi</strong></span> 
     </span>
    </p>
   </div>
   <div class='ocr_carea' id='block_1_50' title="bbox 146 1889 935 1923">
    <p class='ocr_par' dir='ltr' id='par_1_50' title="bbox 146 1889 935 1923">
     <span class='ocr_line' id='line_1_50' title="bbox 146 1889 935 1923; baseline 0.004 -9"><span class='ocrx_word' id='word_1_378' title='bbox 146 1889 240 1919; x_wconf 63' lang='lat' dir='ltr'><strong>nodos.</strong></span> <span class='ocrx_word' id='word_1_379' title='bbox 256 1889 342 1916; x_wconf 82' lang='lat' dir='ltr'><strong>acutis</strong></span> <span class='ocrx_word' id='word_1_380' title='bbox 357 1889 583 1923; x_wconf 77' lang='lat' dir='ltr'><strong>increpationibus</strong></span> <span class='ocrx_word' id='word_1_381' title='bbox 605 1890 719 1923; x_wconf 88' lang='lat' dir='ltr'><strong>prittutttt</strong></span> <span class='ocrx_word' id='word_1_382' title='bbox 743 1890 935 1918; x_wconf 82' lang='lat' dir='ltr'><strong>circumcidere</strong></span> 
     </span>
    </p>
   </div>
   <div class='ocr_carea' id='block_1_51' title="bbox 145 1923 932 1955">
    <p class='ocr_par' dir='ltr' id='par_1_51' title="bbox 145 1923 932 1955">
     <span class='ocr_line' id='line_1_51' title="bbox 145 1923 932 1955; baseline 0.003 -5"><span class='ocrx_word' id='word_1_383' title='bbox 145 1923 252 1955; x_wconf 81' lang='lat' dir='ltr'><strong>debent,</strong></span> <span class='ocrx_word' id='word_1_384' title='bbox 277 1929 304 1951; x_wconf 85' lang='lat' dir='ltr'><strong>et</strong></span> <span class='ocrx_word' id='word_1_385' title='bbox 324 1925 363 1951; x_wconf 83' lang='lat' dir='ltr'><strong>sic</strong></span> <span class='ocrx_word' id='word_1_386' title='bbox 385 1925 411 1951; x_wconf 88' lang='lat' dir='ltr'><strong>itt</strong></span> <span class='ocrx_word' id='word_1_387' title='bbox 437 1924 563 1951; x_wconf 73' lang='lat' dir='ltr'><strong>Ecclesia:</strong></span> <span class='ocrx_word' id='word_1_388' title='bbox 585 1924 761 1951; x_wconf 67' lang='lat' dir='ltr'><strong>a&#39;diticatioue</strong></span> <span class='ocrx_word' id='word_1_389' title='bbox 781 1925 932 1952; x_wconf 83' lang='lat' dir='ltr'><strong>colloeare:</strong></span> 
     </span>
    </p>
   </div>
   <div class='ocr_carea' id='block_1_52' title="bbox 145 1959 935 1994">
    <p class='ocr_par' dir='ltr' id='par_1_52' title="bbox 145 1959 935 1994">
     <span class='ocr_line' id='line_1_52' title="bbox 145 1959 935 1994; baseline -0.001 -9"><span class='ocrx_word' id='word_1_390' title='bbox 145 1959 261 1994; x_wconf 82' lang='lat' dir='ltr'><strong>alioquin</strong></span> <span class='ocrx_word' id='word_1_391' title='bbox 275 1959 345 1986; x_wconf 87' lang='lat' dir='ltr'><strong>vitiis</strong></span> <span class='ocrx_word' id='word_1_392' title='bbox 357 1960 535 1992; x_wconf 89' lang='lat' dir='ltr'><strong>manentibus,</strong></span> <span class='ocrx_word' id='word_1_393' title='bbox 549 1959 691 1987; x_wconf 86' lang='lat' dir='ltr'><strong>Christiani</strong></span> <span class='ocrx_word' id='word_1_394' title='bbox 704 1959 859 1988; x_wconf 78' lang='lat' dir='ltr'><strong>Christianis</strong></span> <span class='ocrx_word' id='word_1_395' title='bbox 869 1967 935 1986; x_wconf 88' lang='lat' dir='ltr'><strong>cou-</strong></span> 
     </span>
    </p>
   </div>
   <div class='ocr_carea' id='block_1_53' title="bbox 145 1995 454 2029">
    <p class='ocr_par' dir='ltr' id='par_1_53' title="bbox 145 1995 454 2029">
     <span class='ocr_line' id='line_1_53' title="bbox 145 1995 454 2029; baseline -0.003 -8"><span class='ocrx_word' id='word_1_396' title='bbox 145 1995 256 2021; x_wconf 85' lang='lat' dir='ltr'><strong>cordare</strong></span> <span class='ocrx_word' id='word_1_397' title='bbox 269 2002 320 2021; x_wconf 91' lang='lat' dir='ltr'><strong>non</strong></span> <span class='ocrx_word' id='word_1_398' title='bbox 335 1999 454 2029; x_wconf 80' lang='lat' dir='ltr'><strong>pussnut.</strong></span> 
     </span>
    </p>
   </div>
   <div class='ocr_carea' id='block_1_54' title="bbox 181 2029 936 2064">
    <p class='ocr_par' dir='ltr' id='par_1_54' title="bbox 181 2029 936 2064">
     <span class='ocr_line' id='line_1_54' title="bbox 181 2029 936 2064; baseline 0.003 -8"><span class='ocrx_word' id='word_1_399' title='bbox 181 2030 237 2062; x_wconf 77' lang='lat' dir='ltr'><strong>Qua</strong></span> <span class='ocrx_word' id='word_1_400' title='bbox 249 2029 280 2056; x_wconf 79' lang='lat' dir='ltr'><strong>de</strong></span> <span class='ocrx_word' id='word_1_401' title='bbox 289 2038 364 2056; x_wconf 70' lang='lat' dir='ltr'><strong>causa</strong></span> <span class='ocrx_word' id='word_1_402' title='bbox 376 2030 430 2056; x_wconf 77' lang='lat' dir='ltr'><strong>lites</strong></span> <span class='ocrx_word' id='word_1_403' title='bbox 443 2029 665 2064; x_wconf 70' lang='lat' dir='ltr'><strong>altercationesque</strong></span> <span class='ocrx_word' id='word_1_404' title='bbox 678 2030 742 2056; x_wconf 84' lang='lat' dir='ltr'><strong>inter</strong></span> <span class='ocrx_word' id='word_1_405' title='bbox 754 2038 809 2056; x_wconf 72' lang='lat' dir='ltr'><strong>nos.</strong></span> <span class='ocrx_word' id='word_1_406' title='bbox 822 2030 936 2058; x_wconf 71' lang='lat' dir='ltr'><strong>Christus</strong></span> 
     </span>
    </p>
   </div>
   <div class='ocr_carea' id='block_1_55' title="bbox 146 2065 936 2098">
    <p class='ocr_par' dir='ltr' id='par_1_55' title="bbox 146 2065 936 2098">
     <span class='ocr_line' id='line_1_55' title="bbox 146 2065 936 2098; baseline 0.003 -8"><span class='ocrx_word' id='word_1_407' title='bbox 146 2072 190 2090; x_wconf 78' lang='lat' dir='ltr'><strong>cur</strong></span> <span class='ocrx_word' id='word_1_408' title='bbox 204 2065 295 2091; x_wconf 84' lang='lat' dir='ltr'><strong>dicitur</strong></span> <span class='ocrx_word' id='word_1_409' title='bbox 310 2065 383 2098; x_wconf 73' lang='lat' dir='ltr'><strong>lapis.</strong></span> <span class='ocrx_word' id='word_1_410' title='bbox 400 2079 436 2084; x_wconf 81' lang='lat'><strong>—-</strong></span> <span class='ocrx_word' id='word_1_411' title='bbox 449 2065 523 2092; x_wconf 87' lang='lat' dir='ltr'><strong>Unde</strong></span> <span class='ocrx_word' id='word_1_412' title='bbox 537 2069 612 2098; x_wconf 44' lang='lat' dir='ltr'><strong>put‘ts</strong></span> <span class='ocrx_word' id='word_1_413' title='bbox 628 2066 686 2092; x_wconf 84' lang='lat' dir='ltr'><strong>lites</strong></span> <span class='ocrx_word' id='word_1_414' title='bbox 701 2066 725 2092; x_wconf 88' lang='lat' dir='ltr'><strong>itt</strong></span> <span class='ocrx_word' id='word_1_415' title='bbox 741 2065 870 2096; x_wconf 72' lang='lat' dir='ltr'><strong>Ecclesia,</strong></span> <span class='ocrx_word' id='word_1_416' title='bbox 888 2066 936 2092; x_wconf 89' lang='lat' dir='ltr'><strong>iui-</strong></span> 
     </span>
    </p>
   </div>
   <div class='ocr_carea' id='block_1_56' title="bbox 147 2100 934 2135">
    <p class='ocr_par' dir='ltr' id='par_1_56' title="bbox 147 2100 934 2135">
     <span class='ocr_line' id='line_1_56' title="bbox 147 2100 934 2135; baseline 0.003 -10"><span class='ocrx_word' id='word_1_417' title='bbox 147 2100 269 2131; x_wconf 88' lang='lat' dir='ltr'><strong>ttticitias,</strong></span> <span class='ocrx_word' id='word_1_418' title='bbox 277 2100 462 2126; x_wconf 80' lang='lat' dir='ltr'><strong>altercationes</strong></span> <span class='ocrx_word' id='word_1_419' title='bbox 478 2100 599 2132; x_wconf 83' lang='lat' dir='ltr'><strong>invicem,</strong></span> <span class='ocrx_word' id='word_1_420' title='bbox 608 2101 656 2127; x_wconf 91' lang='lat' dir='ltr'><strong>nisi</strong></span> <span class='ocrx_word' id='word_1_421' title='bbox 668 2106 776 2135; x_wconf 87' lang='lat' dir='ltr'><strong>propter</strong></span> <span class='ocrx_word' id='word_1_422' title='bbox 786 2102 934 2134; x_wconf 83' lang='lat' dir='ltr'><strong>avaritiam,</strong></span> 
     </span>
    </p>
   </div>
   <div class='ocr_carea' id='block_1_57' title="bbox 147 2135 936 2170">
    <p class='ocr_par' dir='ltr' id='par_1_57' title="bbox 147 2135 936 2170">
     <span class='ocr_line' id='line_1_57' title="bbox 147 2135 936 2170; baseline 0.005 -10"><span class='ocrx_word' id='word_1_423' title='bbox 147 2141 252 2168; x_wconf 82' lang='lat' dir='ltr'><strong>propter</strong></span> <span class='ocrx_word' id='word_1_424' title='bbox 275 2135 400 2161; x_wconf 74' lang='lat' dir='ltr'><strong>intidiant</strong></span> <span class='ocrx_word' id='word_1_425' title='bbox 413 2155 420 2165; x_wconf 82' lang='lat'><strong>,</strong></span> <span class='ocrx_word' id='word_1_426' title='bbox 444 2140 489 2161; x_wconf 87' lang='lat' dir='ltr'><strong>aut</strong></span> <span class='ocrx_word' id='word_1_427' title='bbox 513 2141 620 2170; x_wconf 86' lang='lat' dir='ltr'><strong>propter</strong></span> <span class='ocrx_word' id='word_1_428' title='bbox 640 2136 792 2170; x_wconf 84' lang='lat' dir='ltr'><strong>superbiant</strong></span> <span class='ocrx_word' id='word_1_429' title='bbox 805 2156 811 2167; x_wconf 88' lang='lat'><strong>,</strong></span> <span class='ocrx_word' id='word_1_430' title='bbox 830 2143 936 2170; x_wconf 89' lang='lat' dir='ltr'><strong>propter</strong></span> 
     </span>
    </p>
   </div>
   <div class='ocr_carea' id='block_1_58' title="bbox 145 2170 936 2203">
    <p class='ocr_par' dir='ltr' id='par_1_58' title="bbox 145 2170 936 2203">
     <span class='ocr_line' id='line_1_58' title="bbox 145 2170 936 2203; baseline 0.001 -7"><span class='ocrx_word' id='word_1_431' title='bbox 145 2177 226 2196; x_wconf 82' lang='lat' dir='ltr'><strong>vanos</strong></span> <span class='ocrx_word' id='word_1_432' title='bbox 245 2170 380 2197; x_wconf 77' lang='lat' dir='ltr'><strong>honores?</strong></span> <span class='ocrx_word' id='word_1_433' title='bbox 394 2170 469 2198; x_wconf 83' lang='lat' dir='ltr'><strong>&#39;l‘olle</strong></span> <span class='ocrx_word' id='word_1_434' title='bbox 483 2170 539 2197; x_wconf 75' lang='lat' dir='ltr'><strong>lucc</strong></span> <span class='ocrx_word' id='word_1_435' title='bbox 550 2191 558 2203; x_wconf 88' lang='lat'><strong>,</strong></span> <span class='ocrx_word' id='word_1_436' title='bbox 573 2175 600 2197; x_wconf 74' lang='lat' dir='ltr'><strong>et</strong></span> <span class='ocrx_word' id='word_1_437' title='bbox 616 2171 684 2197; x_wconf 83' lang='lat' dir='ltr'><strong>nulla</strong></span> <span class='ocrx_word' id='word_1_438' title='bbox 709 2171 839 2198; x_wconf 83' lang='lat' dir='ltr'><strong>discordia</strong></span> <span class='ocrx_word' id='word_1_439' title='bbox 864 2172 936 2198; x_wconf 39' lang='lat' dir='ltr'><strong>iuves</strong></span> 
     </span>
    </p>
   </div>
   <div class='ocr_carea' id='block_1_59' title="bbox 146 2205 936 2235">
    <p class='ocr_par' dir='ltr' id='par_1_59' title="bbox 146 2205 936 2235">
     <span class='ocr_line' id='line_1_59' title="bbox 146 2205 936 2235; baseline 0.004 -4"><span class='ocrx_word' id='word_1_440' title='bbox 146 2206 233 2232; x_wconf 86' lang='lat' dir='ltr'><strong>uietur</strong></span> <span class='ocrx_word' id='word_1_441' title='bbox 257 2206 281 2232; x_wconf 89' lang='lat' dir='ltr'><strong>itt</strong></span> <span class='ocrx_word' id='word_1_442' title='bbox 307 2205 472 2232; x_wconf 79' lang='lat' dir='ltr'><strong>Lhristianis.</strong></span> <span class='ocrx_word' id='word_1_443' title='bbox 492 2205 524 2232; x_wconf 83' lang='lat' dir='ltr'><strong>Et</strong></span> <span class='ocrx_word' id='word_1_444' title='bbox 547 2206 615 2233; x_wconf 89' lang='lat' dir='ltr'><strong>sicut</strong></span> <span class='ocrx_word' id='word_1_445' title='bbox 636 2206 732 2233; x_wconf 82' lang='lat' dir='ltr'><strong>artifex</strong></span> <span class='ocrx_word' id='word_1_446' title='bbox 757 2215 788 2233; x_wconf 89' lang='lat' dir='ltr'><strong>cx</strong></span> <span class='ocrx_word' id='word_1_447' title='bbox 813 2206 936 2235; x_wconf 89' lang='lat' dir='ltr'><strong>omnibus</strong></span> 
     </span>
    </p>
   </div>
   <div class='ocr_carea' id='block_1_60' title="bbox 146 2241 935 2275">
    <p class='ocr_par' dir='ltr' id='par_1_60' title="bbox 146 2241 935 2275">
     <span class='ocr_line' id='line_1_60' title="bbox 146 2241 935 2275; baseline 0.003 -9"><span class='ocrx_word' id='word_1_448' title='bbox 146 2241 275 2274; x_wconf 86' lang='lat' dir='ltr'><strong>lapidibus</strong></span> <span class='ocrx_word' id='word_1_449' title='bbox 286 2241 358 2275; x_wconf 77' lang='lat' dir='ltr'><strong>eligit</strong></span> <span class='ocrx_word' id='word_1_450' title='bbox 371 2241 505 2271; x_wconf 74' lang='lat' dir='ltr'><strong>meliores,</strong></span> <span class='ocrx_word' id='word_1_451' title='bbox 519 2245 546 2267; x_wconf 86' lang='lat' dir='ltr'><strong>et</strong></span> <span class='ocrx_word' id='word_1_452' title='bbox 559 2242 658 2274; x_wconf 73' lang='lat' dir='ltr'><strong>punita</strong></span> <span class='ocrx_word' id='word_1_453' title='bbox 673 2241 736 2268; x_wconf 88' lang='lat' dir='ltr'><strong>l&#39;uris</strong></span> <span class='ocrx_word' id='word_1_454' title='bbox 750 2241 774 2267; x_wconf 94' lang='lat' dir='ltr'><strong>in</strong></span> <span class='ocrx_word' id='word_1_455' title='bbox 788 2241 854 2268; x_wconf 84' lang='lat' dir='ltr'><strong>facie</strong></span> <span class='ocrx_word' id='word_1_456' title='bbox 870 2242 935 2268; x_wconf 69' lang='lat' dir='ltr'><strong>tedi-</strong></span> 
     </span>
    </p>
   </div>
   <div class='ocr_carea' id='block_1_61' title="bbox 146 2276 932 2310">
    <p class='ocr_par' dir='ltr' id='par_1_61' title="bbox 146 2276 932 2310">
     <span class='ocr_line' id='line_1_61' title="bbox 146 2276 932 2310; baseline 0.001 -9"><span class='ocrx_word' id='word_1_457' title='bbox 146 2276 195 2302; x_wconf 84' lang='lat' dir='ltr'><strong>ficii</strong></span> <span class='ocrx_word' id='word_1_458' title='bbox 205 2297 212 2307; x_wconf 83' lang='lat'><strong>,</strong></span> <span class='ocrx_word' id='word_1_459' title='bbox 226 2280 340 2302; x_wconf 82' lang='lat' dir='ltr'><strong>ca-terus</strong></span> <span class='ocrx_word' id='word_1_460' title='bbox 353 2280 444 2302; x_wconf 89' lang='lat' dir='ltr'><strong>autent</strong></span> <span class='ocrx_word' id='word_1_461' title='bbox 462 2276 560 2309; x_wconf 79' lang='lat' dir='ltr'><strong>lapides</strong></span> <span class='ocrx_word' id='word_1_462' title='bbox 574 2279 781 2310; x_wconf 80' lang='lat' dir='ltr'><strong>qualescumque</strong></span> <span class='ocrx_word' id='word_1_463' title='bbox 800 2276 879 2303; x_wconf 88' lang='lat' dir='ltr'><strong>mittit</strong></span> <span class='ocrx_word' id='word_1_464' title='bbox 895 2278 932 2303; x_wconf 88' lang='lat' dir='ltr'><strong>itt-</strong></span> 
     </span>
    </p>
   </div>
   <div class='ocr_carea' id='block_1_62' title="bbox 146 2311 937 2345">
    <p class='ocr_par' dir='ltr' id='par_1_62' title="bbox 146 2311 937 2345">
     <span class='ocr_line' id='line_1_62' title="bbox 146 2311 937 2345; baseline 0.004 -9"><span class='ocrx_word' id='word_1_465' title='bbox 146 2316 187 2337; x_wconf 87' lang='lat' dir='ltr'><strong>tus</strong></span> <span class='ocrx_word' id='word_1_466' title='bbox 198 2320 203 2337; x_wconf 95' lang='lat'><strong>:</strong></span> <span class='ocrx_word' id='word_1_467' title='bbox 216 2312 254 2337; x_wconf 87' lang='lat' dir='ltr'><strong>sic</strong></span> <span class='ocrx_word' id='word_1_468' title='bbox 270 2311 385 2337; x_wconf 50' lang='lat' dir='ltr'><strong>Ecclesia</strong></span> <span class='ocrx_word' id='word_1_469' title='bbox 402 2311 526 2338; x_wconf 77' lang='lat' dir='ltr'><strong>meliores</strong></span> <span class='ocrx_word' id='word_1_470' title='bbox 544 2311 708 2338; x_wconf 80' lang='lat' dir='ltr'><strong>Christianos</strong></span> <span class='ocrx_word' id='word_1_471' title='bbox 725 2312 800 2345; x_wconf 81' lang='lat' dir='ltr'><strong>eligit</strong></span> <span class='ocrx_word' id='word_1_472' title='bbox 821 2317 847 2338; x_wconf 89' lang='lat' dir='ltr'><strong>et</strong></span> <span class='ocrx_word' id='word_1_473' title='bbox 864 2312 937 2345; x_wconf 81' lang='lat' dir='ltr'><strong>punit</strong></span> 
     </span>
    </p>
   </div>
   <div class='ocr_carea' id='block_1_63' title="bbox 146 2345 967 2378">
    <p class='ocr_par' dir='ltr' id='par_1_63' title="bbox 146 2345 967 2378">
     <span class='ocr_line' id='line_1_63' title="bbox 146 2345 967 2378; baseline 0.004 -7"><span class='ocrx_word' id='word_1_474' title='bbox 146 2346 170 2371; x_wconf 90' lang='lat' dir='ltr'><strong>in</strong></span> <span class='ocrx_word' id='word_1_475' title='bbox 187 2346 252 2372; x_wconf 79' lang='lat' dir='ltr'><strong>facie</strong></span> <span class='ocrx_word' id='word_1_476' title='bbox 265 2346 401 2377; x_wconf 74' lang='lat' dir='ltr'><strong>ecclesitc,</strong></span> <span class='ocrx_word' id='word_1_477' title='bbox 418 2346 442 2372; x_wconf 90' lang='lat' dir='ltr'><strong>id</strong></span> <span class='ocrx_word' id='word_1_478' title='bbox 457 2351 511 2378; x_wconf 83' lang='lat' dir='ltr'><strong>est,</strong></span> <span class='ocrx_word' id='word_1_479' title='bbox 526 2346 592 2373; x_wconf 84' lang='lat' dir='ltr'><strong>alius</strong></span> <span class='ocrx_word' id='word_1_480' title='bbox 605 2346 668 2373; x_wconf 81' lang='lat' dir='ltr'><strong>facit</strong></span> <span class='ocrx_word' id='word_1_481' title='bbox 683 2346 835 2373; x_wconf 76' lang='lat' dir='ltr'><strong>sacerdotes</strong></span> <span class='ocrx_word' id='word_1_482' title='bbox 847 2366 854 2378; x_wconf 91' lang='lat'><strong>,</strong></span> <span class='ocrx_word' id='word_1_483' title='bbox 869 2347 937 2374; x_wconf 83' lang='lat' dir='ltr'><strong>alios</strong></span> <span class='ocrx_word' id='word_1_484' title='bbox 961 2345 967 2350; x_wconf 75' lang='grc'><em>’</em></span> 
     </span>
    </p>
   </div>
   <div class='ocr_carea' id='block_1_64' title="bbox 143 2381 937 2416">
    <p class='ocr_par' dir='ltr' id='par_1_64' title="bbox 143 2381 937 2416">
     <span class='ocr_line' id='line_1_64' title="bbox 143 2381 937 2416; baseline 0.003 -9"><span class='ocrx_word' id='word_1_485' title='bbox 143 2381 280 2411; x_wconf 78' lang='lat' dir='ltr'><strong>diaconos,</strong></span> <span class='ocrx_word' id='word_1_486' title='bbox 297 2386 459 2414; x_wconf 75' lang='lat' dir='ltr'><strong>canorosque</strong></span> <span class='ocrx_word' id='word_1_487' title='bbox 474 2382 608 2408; x_wconf 74' lang='lat' dir='ltr'><strong>ministros</strong></span> <span class='ocrx_word' id='word_1_488' title='bbox 628 2381 760 2413; x_wconf 68' lang='lat' dir='ltr'><strong>ecclesiw,</strong></span> <span class='ocrx_word' id='word_1_489' title='bbox 775 2382 848 2416; x_wconf 87' lang='lat' dir='ltr'><strong>ponit</strong></span> <span class='ocrx_word' id='word_1_490' title='bbox 859 2389 937 2410; x_wconf 87' lang='lat' dir='ltr'><strong>settes</strong></span> 
     </span>
    </p>
   </div>
   <div class='ocr_carea' id='block_1_65' title="bbox 143 2416 937 2451">
    <p class='ocr_par' dir='ltr' id='par_1_65' title="bbox 143 2416 937 2451">
     <span class='ocr_line' id='line_1_65' title="bbox 143 2416 937 2451; baseline 0.003 -9"><span class='ocrx_word' id='word_1_491' title='bbox 143 2422 169 2442; x_wconf 89' lang='lat' dir='ltr'><strong>et</strong></span> <span class='ocrx_word' id='word_1_492' title='bbox 186 2416 277 2442; x_wconf 78' lang='lat' dir='ltr'><strong>viduas</strong></span> <span class='ocrx_word' id='word_1_493' title='bbox 292 2422 408 2443; x_wconf 86' lang='lat' dir='ltr'><strong>sanctam</strong></span> <span class='ocrx_word' id='word_1_494' title='bbox 423 2416 501 2442; x_wconf 84' lang='lat' dir='ltr'><strong>vitant</strong></span> <span class='ocrx_word' id='word_1_495' title='bbox 519 2416 646 2443; x_wconf 72' lang='lat' dir='ltr'><strong>habentes</strong></span> <span class='ocrx_word' id='word_1_496' title='bbox 660 2417 686 2443; x_wconf 90' lang='lat' dir='ltr'><strong>itt</strong></span> <span class='ocrx_word' id='word_1_497' title='bbox 704 2417 816 2444; x_wconf 80' lang='lat' dir='ltr'><strong>ecclesia</strong></span> <span class='ocrx_word' id='word_1_498' title='bbox 834 2424 937 2451; x_wconf 86' lang='lat' dir='ltr'><strong>perma-</strong></span> 
     </span>
    </p>
   </div>
   <div class='ocr_carea' id='block_1_66' title="bbox 145 2451 936 2486">
    <p class='ocr_par' dir='ltr' id='par_1_66' title="bbox 145 2451 936 2486">
     <span class='ocr_line' id='line_1_66' title="bbox 145 2451 936 2486; baseline 0.003 -9"><span class='ocrx_word' id='word_1_499' title='bbox 145 2457 239 2478; x_wconf 71' lang='lat' dir='ltr'><strong>oculos</strong></span> <span class='ocrx_word' id='word_1_500' title='bbox 249 2472 256 2484; x_wconf 80' lang='lat'><strong>,</strong></span> <span class='ocrx_word' id='word_1_501' title='bbox 273 2452 346 2485; x_wconf 85' lang='lat' dir='ltr'><strong>punit</strong></span> <span class='ocrx_word' id='word_1_502' title='bbox 358 2452 524 2478; x_wconf 81' lang='lat' dir='ltr'><strong>cotttincutcs</strong></span> <span class='ocrx_word' id='word_1_503' title='bbox 536 2451 647 2486; x_wconf 85' lang='lat' dir='ltr'><strong>juvenes</strong></span> <span class='ocrx_word' id='word_1_504' title='bbox 661 2457 688 2478; x_wconf 88' lang='lat' dir='ltr'><strong>et</strong></span> <span class='ocrx_word' id='word_1_505' title='bbox 701 2452 815 2486; x_wconf 77' lang='lat' dir='ltr'><strong>virgines</strong></span> <span class='ocrx_word' id='word_1_506' title='bbox 828 2460 833 2477; x_wconf 93' lang='lat'>:</span> <span class='ocrx_word' id='word_1_507' title='bbox 846 2453 936 2479; x_wconf 70' lang='lat' dir='ltr'><strong>creteri</strong></span> 
     </span>
    </p>
   </div>
   <div class='ocr_carea' id='block_1_67' title="bbox 145 2486 935 2520">
    <p class='ocr_par' dir='ltr' id='par_1_67' title="bbox 145 2486 935 2520">
     <span class='ocr_line' id='line_1_67' title="bbox 145 2486 935 2520; baseline 0.003 -8"><span class='ocrx_word' id='word_1_508' title='bbox 145 2491 232 2513; x_wconf 77' lang='lat' dir='ltr'><strong>autem</strong></span> <span class='ocrx_word' id='word_1_509' title='bbox 253 2487 273 2513; x_wconf 86' lang='lat' dir='ltr'><strong>si</strong></span> <span class='ocrx_word' id='word_1_510' title='bbox 294 2487 441 2513; x_wconf 81' lang='lat' dir='ltr'><strong>mediocres</strong></span> <span class='ocrx_word' id='word_1_511' title='bbox 462 2487 555 2513; x_wconf 89' lang='lat' dir='ltr'><strong>fuerint</strong></span> <span class='ocrx_word' id='word_1_512' title='bbox 569 2507 576 2519; x_wconf 89' lang='lat'><strong>,</strong></span> <span class='ocrx_word' id='word_1_513' title='bbox 593 2488 732 2520; x_wconf 88' lang='lat' dir='ltr'><strong>prolicinttt</strong></span> <span class='ocrx_word' id='word_1_514' title='bbox 748 2488 772 2514; x_wconf 88' lang='lat' dir='ltr'><strong>itt</strong></span> <span class='ocrx_word' id='word_1_515' title='bbox 789 2486 877 2514; x_wconf 77' lang='lat' dir='ltr'><strong>medio</strong></span> <span class='ocrx_word' id='word_1_516' title='bbox 889 2495 935 2515; x_wconf 92' lang='lat' dir='ltr'><strong>ec-</strong></span> 
     </span>
    </p>
   </div>
   <div class='ocr_carea' id='block_1_68' title="bbox 143 2521 934 2556">
    <p class='ocr_par' dir='ltr' id='par_1_68' title="bbox 143 2521 934 2556">
     <span class='ocr_line' id='line_1_68' title="bbox 143 2521 934 2556; baseline 0.001 -8"><span class='ocrx_word' id='word_1_517' title='bbox 143 2522 231 2548; x_wconf 62' lang='lat' dir='ltr'><strong>clesias</strong></span> <span class='ocrx_word' id='word_1_518' title='bbox 245 2542 252 2553; x_wconf 87' lang='lat'><strong>,</strong></span> <span class='ocrx_word' id='word_1_519' title='bbox 269 2522 292 2548; x_wconf 89' lang='lat' dir='ltr'><strong>id</strong></span> <span class='ocrx_word' id='word_1_520' title='bbox 314 2526 354 2548; x_wconf 77' lang='lat' dir='ltr'><strong>cst</strong></span> <span class='ocrx_word' id='word_1_521' title='bbox 366 2543 372 2553; x_wconf 86' lang='lat'><strong>,</strong></span> <span class='ocrx_word' id='word_1_522' title='bbox 387 2521 491 2548; x_wconf 63' lang='lat' dir='ltr'><strong>a‘dilicii</strong></span> <span class='ocrx_word' id='word_1_523' title='bbox 504 2542 511 2554; x_wconf 93' lang='lat'><strong>,</strong></span> <span class='ocrx_word' id='word_1_524' title='bbox 527 2527 635 2556; x_wconf 86' lang='lat' dir='ltr'><strong>propter</strong></span> <span class='ocrx_word' id='word_1_525' title='bbox 653 2522 861 2549; x_wconf 76' lang='lat' dir='ltr'><strong>misericordiam</strong></span> <span class='ocrx_word' id='word_1_526' title='bbox 878 2523 934 2550; x_wconf 77' lang='lat' dir='ltr'><strong>lici.</strong></span> 
     </span>
    </p>
   </div>
   <div class='ocr_carea' id='block_1_69' title="bbox 144 2557 936 2591">
    <p class='ocr_par' dir='ltr' id='par_1_69' title="bbox 144 2557 936 2591">
     <span class='ocr_line' id='line_1_69' title="bbox 144 2557 936 2591; baseline 0.003 -8"><span class='ocrx_word' id='word_1_527' title='bbox 144 2557 216 2583; x_wconf 74' lang='lat' dir='ltr'><strong>Sicut</strong></span> <span class='ocrx_word' id='word_1_528' title='bbox 237 2564 301 2591; x_wconf 78' lang='lat' dir='ltr'><strong>ergo</strong></span> <span class='ocrx_word' id='word_1_529' title='bbox 316 2557 403 2582; x_wconf 85' lang='lat' dir='ltr'><strong>forani</strong></span> <span class='ocrx_word' id='word_1_530' title='bbox 419 2557 520 2591; x_wconf 81' lang='lat' dir='ltr'><strong>lapides</strong></span> <span class='ocrx_word' id='word_1_531' title='bbox 535 2558 634 2584; x_wconf 90' lang='lat' dir='ltr'><strong>nnllttnt</strong></span> <span class='ocrx_word' id='word_1_532' title='bbox 653 2557 751 2584; x_wconf 87' lang='lat' dir='ltr'><strong>debent</strong></span> <span class='ocrx_word' id='word_1_533' title='bbox 773 2558 870 2585; x_wconf 83' lang='lat' dir='ltr'><strong>habere</strong></span> <span class='ocrx_word' id='word_1_534' title='bbox 886 2566 936 2585; x_wconf 86' lang='lat' dir='ltr'><strong>tto-</strong></span> 
     </span>
    </p>
   </div>
   <div class='ocr_carea' id='block_1_70' title="bbox 144 2591 934 2627">
    <p class='ocr_par' dir='ltr' id='par_1_70' title="bbox 144 2591 934 2627">
     <span class='ocr_line' id='line_1_70' title="bbox 144 2591 934 2627; baseline 0.003 -10"><span class='ocrx_word' id='word_1_535' title='bbox 144 2592 217 2622; x_wconf 75' lang='lat' dir='ltr'><strong>duut.</strong></span> <span class='ocrx_word' id='word_1_536' title='bbox 232 2598 273 2618; x_wconf 86' lang='lat' dir='ltr'><strong>aut</strong></span> <span class='ocrx_word' id='word_1_537' title='bbox 289 2592 423 2626; x_wconf 82' lang='lat' dir='ltr'><strong>angulum,</strong></span> <span class='ocrx_word' id='word_1_538' title='bbox 440 2600 488 2619; x_wconf 86' lang='lat' dir='ltr'><strong>uec</strong></span> <span class='ocrx_word' id='word_1_539' title='bbox 502 2591 600 2619; x_wconf 86' lang='lat' dir='ltr'><strong>debent</strong></span> <span class='ocrx_word' id='word_1_540' title='bbox 611 2600 670 2619; x_wconf 84' lang='lat' dir='ltr'><strong>esse</strong></span> <span class='ocrx_word' id='word_1_541' title='bbox 682 2593 749 2619; x_wconf 71' lang='lat' dir='ltr'><strong>alter</strong></span> <span class='ocrx_word' id='word_1_542' title='bbox 765 2593 830 2627; x_wconf 86' lang='lat' dir='ltr'><strong>lapis</strong></span> <span class='ocrx_word' id='word_1_543' title='bbox 844 2593 914 2620; x_wconf 90' lang='lat' dir='ltr'><strong>intus</strong></span> <span class='ocrx_word' id='word_1_544' title='bbox 925 2612 934 2625; x_wconf 85' lang='lat'><strong>,</strong></span> 
     </span>
    </p>
   </div>
   <div class='ocr_carea' id='block_1_71' title="bbox 144 2627 935 2660">
    <p class='ocr_par' dir='ltr' id='par_1_71' title="bbox 144 2627 935 2660">
     <span class='ocr_line' id='line_1_71' title="bbox 144 2627 935 2660; baseline 0.004 -8"><span class='ocrx_word' id='word_1_545' title='bbox 144 2627 210 2653; x_wconf 83' lang='lat' dir='ltr'><strong>alter</strong></span> <span class='ocrx_word' id='word_1_546' title='bbox 226 2627 299 2658; x_wconf 83' lang='lat' dir='ltr'><strong>foris,</strong></span> <span class='ocrx_word' id='word_1_547' title='bbox 311 2628 370 2660; x_wconf 87' lang='lat' dir='ltr'><strong>qttia</strong></span> <span class='ocrx_word' id='word_1_548' title='bbox 382 2627 403 2653; x_wconf 81' lang='lat' dir='ltr'><strong>si</strong></span> <span class='ocrx_word' id='word_1_549' title='bbox 419 2628 457 2653; x_wconf 87' lang='lat' dir='ltr'><strong>sic</strong></span> <span class='ocrx_word' id='word_1_550' title='bbox 470 2627 576 2655; x_wconf 85' lang='lat' dir='ltr'><strong>fuerint.</strong></span> <span class='ocrx_word' id='word_1_551' title='bbox 593 2633 675 2654; x_wconf 89' lang='lat' dir='ltr'><strong>totum</strong></span> <span class='ocrx_word' id='word_1_552' title='bbox 690 2628 829 2654; x_wconf 73' lang='lat' dir='ltr'><strong>aalilicium</strong></span> <span class='ocrx_word' id='word_1_553' title='bbox 843 2628 935 2655; x_wconf 90' lang='lat' dir='ltr'><strong>detur-</strong></span> 
     </span>
    </p>
   </div>
   <div class='ocr_carea' id='block_1_72' title="bbox 146 2662 935 2695">
    <p class='ocr_par' dir='ltr' id='par_1_72' title="bbox 146 2662 935 2695">
     <span class='ocr_line' id='line_1_72' title="bbox 146 2662 935 2695; baseline 0.003 -7"><span class='ocrx_word' id='word_1_554' title='bbox 146 2667 206 2695; x_wconf 89' lang='lat' dir='ltr'><strong>pattt</strong></span> <span class='ocrx_word' id='word_1_555' title='bbox 218 2671 225 2689; x_wconf 88' lang='lat'><strong><em>:</em></strong></span> <span class='ocrx_word' id='word_1_556' title='bbox 237 2663 276 2689; x_wconf 75' lang='lat' dir='ltr'><strong>sic</strong></span> <span class='ocrx_word' id='word_1_557' title='bbox 286 2667 313 2688; x_wconf 87' lang='lat' dir='ltr'><strong>ct</strong></span> <span class='ocrx_word' id='word_1_558' title='bbox 324 2662 411 2689; x_wconf 86' lang='lat' dir='ltr'><strong>clerici</strong></span> <span class='ocrx_word' id='word_1_559' title='bbox 423 2670 502 2689; x_wconf 73' lang='lat' dir='ltr'><strong>senes</strong></span> <span class='ocrx_word' id='word_1_560' title='bbox 515 2668 541 2690; x_wconf 87' lang='lat' dir='ltr'><strong>et</strong></span> <span class='ocrx_word' id='word_1_561' title='bbox 553 2663 638 2690; x_wconf 81' lang='lat' dir='ltr'><strong>vidna-</strong></span> <span class='ocrx_word' id='word_1_562' title='bbox 652 2663 828 2695; x_wconf 82' lang='lat' dir='ltr'><strong>continentes,</strong></span> <span class='ocrx_word' id='word_1_563' title='bbox 842 2668 867 2690; x_wconf 87' lang='lat' dir='ltr'><strong>ct</strong></span> <span class='ocrx_word' id='word_1_564' title='bbox 882 2665 935 2690; x_wconf 93' lang='lat' dir='ltr'><strong>vir-</strong></span> 
     </span>
    </p>
   </div>
   <div class='ocr_carea' id='block_1_73' title="bbox 144 2696 934 2733">
    <p class='ocr_par' dir='ltr' id='par_1_73' title="bbox 144 2696 934 2733">
     <span class='ocr_line' id='line_1_73' title="bbox 144 2696 934 2733; baseline 0.003 -10"><span class='ocrx_word' id='word_1_565' title='bbox 144 2698 218 2731; x_wconf 68' lang='lat' dir='ltr'><strong>gines</strong></span> <span class='ocrx_word' id='word_1_566' title='bbox 229 2698 326 2724; x_wconf 86' lang='lat' dir='ltr'><strong>nullam</strong></span> <span class='ocrx_word' id='word_1_567' title='bbox 337 2696 435 2724; x_wconf 88' lang='lat' dir='ltr'><strong>debent</strong></span> <span class='ocrx_word' id='word_1_568' title='bbox 446 2697 544 2725; x_wconf 84' lang='lat' dir='ltr'><strong>habere</strong></span> <span class='ocrx_word' id='word_1_569' title='bbox 556 2699 696 2729; x_wconf 79' lang='lat' dir='ltr'><strong>maculant,</strong></span> <span class='ocrx_word' id='word_1_570' title='bbox 710 2706 795 2733; x_wconf 89' lang='lat' dir='ltr'><strong>neque</strong></span> <span class='ocrx_word' id='word_1_571' title='bbox 806 2699 830 2725; x_wconf 93' lang='lat' dir='ltr'><strong>itt</strong></span> <span class='ocrx_word' id='word_1_572' title='bbox 843 2698 934 2730; x_wconf 69' lang='lat' dir='ltr'><strong>verbo,</strong></span> 
     </span>
    </p>
   </div>
   <div class='ocr_carea' id='block_1_74' title="bbox 145 2733 933 2768">
    <p class='ocr_par' dir='ltr' id='par_1_74' title="bbox 145 2733 933 2768">
     <span class='ocr_line' id='line_1_74' title="bbox 145 2733 933 2768; baseline 0.003 -10"><span class='ocrx_word' id='word_1_573' title='bbox 145 2740 228 2766; x_wconf 77' lang='lat' dir='ltr'><strong>llt&#39;quc</strong></span> <span class='ocrx_word' id='word_1_574' title='bbox 240 2733 266 2759; x_wconf 92' lang='lat' dir='ltr'><strong>in</strong></span> <span class='ocrx_word' id='word_1_575' title='bbox 280 2733 406 2767; x_wconf 79' lang='lat' dir='ltr'><strong>cogitatu,</strong></span> <span class='ocrx_word' id='word_1_576' title='bbox 424 2740 508 2766; x_wconf 83' lang='lat' dir='ltr'><strong>neque</strong></span> <span class='ocrx_word' id='word_1_577' title='bbox 523 2734 547 2760; x_wconf 92' lang='lat' dir='ltr'><strong>iu</strong></span> <span class='ocrx_word' id='word_1_578' title='bbox 564 2734 642 2765; x_wconf 65' lang='lat' dir='ltr'><strong>tacto,</strong></span> <span class='ocrx_word' id='word_1_579' title='bbox 658 2742 743 2767; x_wconf 85' lang='lat' dir='ltr'><strong>neque</strong></span> <span class='ocrx_word' id='word_1_580' title='bbox 758 2735 783 2760; x_wconf 90' lang='lat' dir='ltr'><strong>itt</strong></span> <span class='ocrx_word' id='word_1_581' title='bbox 799 2734 933 2768; x_wconf 87' lang='lat' dir='ltr'><strong>opinione,</strong></span> 
     </span>
    </p>
   </div>
   <div class='ocr_carea' id='block_1_75' title="bbox 144 2767 934 2801">
    <p class='ocr_par' dir='ltr' id='par_1_75' title="bbox 144 2767 934 2801">
     <span class='ocr_line' id='line_1_75' title="bbox 144 2767 934 2801; baseline 0.003 -8"><span class='ocrx_word' id='word_1_582' title='bbox 144 2768 204 2801; x_wconf 87' lang='lat' dir='ltr'><strong>quia</strong></span> <span class='ocrx_word' id='word_1_583' title='bbox 227 2768 276 2801; x_wconf 86' lang='lat' dir='ltr'><strong>ipsi</strong></span> <span class='ocrx_word' id='word_1_584' title='bbox 294 2772 356 2793; x_wconf 87' lang='lat' dir='ltr'><strong>sunt</strong></span> <span class='ocrx_word' id='word_1_585' title='bbox 376 2767 543 2801; x_wconf 88' lang='lat' dir='ltr'><strong>pulchritudo</strong></span> <span class='ocrx_word' id='word_1_586' title='bbox 565 2769 690 2796; x_wconf 76' lang='lat' dir='ltr'><strong>Ecclesia:</strong></span> <span class='ocrx_word' id='word_1_587' title='bbox 711 2775 738 2795; x_wconf 84' lang='lat' dir='ltr'><strong>et.</strong></span> <span class='ocrx_word' id='word_1_588' title='bbox 752 2769 835 2795; x_wconf 84' lang='lat' dir='ltr'><strong>virtus</strong></span> <span class='ocrx_word' id='word_1_589' title='bbox 849 2778 856 2795; x_wconf 89' lang='lat'>:</span> <span class='ocrx_word' id='word_1_590' title='bbox 872 2769 934 2795; x_wconf 86' lang='lat' dir='ltr'><strong>etsi</strong></span> 
     </span>
    </p>
   </div>
   <div class='ocr_carea' id='block_1_76' title="bbox 145 2802 934 2838">
    <p class='ocr_par' dir='ltr' id='par_1_76' title="bbox 145 2802 934 2838">
     <span class='ocr_line' id='line_1_76' title="bbox 145 2802 934 2838; baseline 0.004 -11"><span class='ocrx_word' id='word_1_591' title='bbox 145 2802 206 2838; x_wconf 74' lang='lat' dir='ltr'><strong>tuali</strong></span> <span class='ocrx_word' id='word_1_592' title='bbox 224 2803 318 2838; x_wconf 81' lang='lat' dir='ltr'><strong>fuerint</strong></span> <span class='ocrx_word' id='word_1_593' title='bbox 334 2822 341 2833; x_wconf 89' lang='lat'><strong>,</strong></span> <span class='ocrx_word' id='word_1_594' title='bbox 357 2808 438 2838; x_wconf 78' lang='lat' dir='ltr'><strong>totam</strong></span> <span class='ocrx_word' id='word_1_595' title='bbox 452 2803 593 2838; x_wconf 82' lang='lat' dir='ltr'><strong>detorpant</strong></span> <span class='ocrx_word' id='word_1_596' title='bbox 608 2804 761 2831; x_wconf 69' lang='lat' dir='ltr'><strong>Ecclesium.</strong></span> <span class='ocrx_word' id='word_1_597' title='bbox 777 2804 850 2831; x_wconf 84' lang='lat' dir='ltr'><strong>Sicut</strong></span> <span class='ocrx_word' id='word_1_598' title='bbox 864 2804 934 2831; x_wconf 87' lang='lat' dir='ltr'><strong>cuitu</strong></span> 
     </span>
    </p>
   </div>
   <div class='ocr_carea' id='block_1_77' title="bbox 145 2836 934 2873">
    <p class='ocr_par' dir='ltr' id='par_1_77' title="bbox 145 2836 934 2873">
     <span class='ocr_line' id='line_1_77' title="bbox 145 2836 934 2873; baseline 0.001 -10"><span class='ocrx_word' id='word_1_599' title='bbox 145 2836 244 2871; x_wconf 68' lang='lat' dir='ltr'><strong>lapides</strong></span> <span class='ocrx_word' id='word_1_600' title='bbox 254 2858 261 2869; x_wconf 94' lang='lat'><strong>,</strong></span> <span class='ocrx_word' id='word_1_601' title='bbox 273 2837 316 2872; x_wconf 92' lang='lat' dir='ltr'><strong>qui</strong></span> <span class='ocrx_word' id='word_1_602' title='bbox 330 2841 391 2863; x_wconf 88' lang='lat' dir='ltr'><strong>suttt</strong></span> <span class='ocrx_word' id='word_1_603' title='bbox 406 2837 476 2867; x_wconf 79' lang='lat' dir='ltr'><strong>intus</strong></span> <span class='ocrx_word' id='word_1_604' title='bbox 492 2839 515 2864; x_wconf 83' lang='grc' dir='ltr'><strong>ιιι</strong></span> <span class='ocrx_word' id='word_1_605' title='bbox 530 2836 713 2869; x_wconf 78' lang='lat' dir='ltr'><strong>a-dificationc.</strong></span> <span class='ocrx_word' id='word_1_606' title='bbox 731 2847 809 2866; x_wconf 82' lang='lat' dir='ltr'><strong>nemo</strong></span> <span class='ocrx_word' id='word_1_607' title='bbox 822 2840 915 2873; x_wconf 84' lang='lat' dir='ltr'><strong>aspicit</strong></span> <span class='ocrx_word' id='word_1_608' title='bbox 926 2859 934 2869; x_wconf 82' lang='grc'>,</span> 
     </span>
    </p>
   </div>
   <div class='ocr_carea' id='block_1_78' title="bbox 146 2873 934 2908">
    <p class='ocr_par' dir='ltr' id='par_1_78' title="bbox 146 2873 934 2908">
     <span class='ocr_line' id='line_1_78' title="bbox 146 2873 934 2908; baseline 0.003 -9"><span class='ocrx_word' id='word_1_609' title='bbox 146 2873 194 2900; x_wconf 78' lang='lat' dir='ltr'><strong>scd</strong></span> <span class='ocrx_word' id='word_1_610' title='bbox 206 2881 252 2901; x_wconf 77' lang='lat' dir='ltr'><strong>cos</strong></span> <span class='ocrx_word' id='word_1_611' title='bbox 267 2873 312 2908; x_wconf 89' lang='lat' dir='ltr'><strong>qui</strong></span> <span class='ocrx_word' id='word_1_612' title='bbox 326 2873 391 2900; x_wconf 86' lang='lat' dir='ltr'><strong>foris</strong></span> <span class='ocrx_word' id='word_1_613' title='bbox 405 2877 465 2900; x_wconf 78' lang='lat' dir='ltr'><strong>sunt</strong></span> <span class='ocrx_word' id='word_1_614' title='bbox 480 2875 648 2902; x_wconf 53' lang='lat' dir='ltr'><strong>consuerant</strong></span> <span class='ocrx_word' id='word_1_615' title='bbox 667 2882 761 2903; x_wconf 82' lang='lat' dir='ltr'><strong>omnes</strong></span> <span class='ocrx_word' id='word_1_616' title='bbox 773 2883 778 2901; x_wconf 93' lang='lat'><strong>:</strong></span> <span class='ocrx_word' id='word_1_617' title='bbox 790 2882 827 2902; x_wconf 82' lang='lat' dir='ltr'><strong>sn:</strong></span> <span class='ocrx_word' id='word_1_618' title='bbox 849 2882 934 2901; x_wconf 68' lang='lat' dir='ltr'><strong>struu-</strong></span> 
     </span>
    </p>
   </div>
   <div class='ocr_carea' id='block_1_79' title="bbox 693 131 1198 171">
    <p class='ocr_par' dir='ltr' id='par_1_79' title="bbox 693 131 1198 171">
     <span class='ocr_line' id='line_1_79' title="bbox 693 131 1198 171; baseline -0.004 -1"><span class='ocrx_word' id='word_1_619' title='bbox 693 131 695 133; x_wconf 74' lang='grc'><em>’</em></span> <span class='ocrx_word' id='word_1_620' title='bbox 723 143 754 170; x_wconf 83' lang='lat' dir='ltr'><strong>IN</strong></span> <span class='ocrx_word' id='word_1_621' title='bbox 775 141 989 171; x_wconf 63' lang='lat' dir='ltr'><strong>MATTlleUtl.</strong></span> <span class='ocrx_word' id='word_1_622' title='bbox 1011 140 1125 169; x_wconf 74' lang='lat' dir='ltr'><strong>HOMIL.</strong></span> <span class='ocrx_word' id='word_1_623' title='bbox 1143 142 1198 170; x_wconf 72' lang='grc' dir='ltr'><strong>χι.</strong></span> 
     </span>
    </p>
   </div>
   <div class='ocr_carea' id='block_1_80' title="bbox 1543 108 1559 121">
    <p class='ocr_par' dir='ltr' id='par_1_80' title="bbox 1543 108 1559 121">
     <span class='ocr_line' id='line_1_80' title="bbox 1543 108 1559 121; baseline 0 0"><span class='ocrx_word' id='word_1_624' title='bbox 1543 108 1559 121; x_wconf 60' lang='grc' dir='ltr'><em>ό</em></span> 
     </span>
    </p>
   </div>
   <div class='ocr_carea' id='block_1_81' title="bbox 1727 145 1793 172">
    <p class='ocr_par' dir='ltr' id='par_1_81' title="bbox 1727 145 1793 172">
     <span class='ocr_line' id='line_1_81' title="bbox 1727 145 1793 172; baseline 0 0"><span class='ocrx_word' id='word_1_625' title='bbox 1727 145 1793 172; x_wconf 63' lang='grc' dir='ltr'><strong>εόὃί</strong></span> 
     </span>
    </p>
   </div>
   <div class='ocr_carea' id='block_1_82' title="bbox 986 197 1779 238">
    <p class='ocr_par' dir='ltr' id='par_1_82' title="bbox 986 197 1779 238">
     <span class='ocr_line' id='line_1_82' title="bbox 986 197 1779 238; baseline 0.01 -14"><span class='ocrx_word' id='word_1_626' title='bbox 986 197 1080 238; x_wconf 75' lang='lat' dir='ltr'><strong>larium</strong></span> <span class='ocrx_word' id='word_1_627' title='bbox 1093 198 1228 238; x_wconf 59' lang='lat' dir='ltr'><strong>hominum</strong></span> <span class='ocrx_word' id='word_1_628' title='bbox 1244 199 1407 238; x_wconf 46' lang='lat' dir='ltr'><strong>vitianneque</strong></span> <span class='ocrx_word' id='word_1_629' title='bbox 1419 200 1457 228; x_wconf 88' lang='lat' dir='ltr'><strong>sic</strong></span> <span class='ocrx_word' id='word_1_630' title='bbox 1467 201 1679 238; x_wconf 75' lang='lat' dir='ltr'><strong>considerantur.</strong></span> <span class='ocrx_word' id='word_1_631' title='bbox 1692 210 1779 238; x_wconf 64' lang='lat' dir='ltr'><strong>neque</strong></span> 
     </span>
    </p>
   </div>
   <div class='ocr_carea' id='block_1_83' title="bbox 984 233 1780 271">
    <p class='ocr_par' dir='ltr' id='par_1_83' title="bbox 984 233 1780 271">
     <span class='ocr_line' id='line_1_83' title="bbox 984 233 1780 271; baseline 0.006 -11"><span class='ocrx_word' id='word_1_632' title='bbox 984 233 1023 271; x_wconf 75' lang='lat' dir='ltr'><strong>sic</strong></span> <span class='ocrx_word' id='word_1_633' title='bbox 1038 239 1137 271; x_wconf 69' lang='lat' dir='ltr'><strong>nocent</strong></span> <span class='ocrx_word' id='word_1_634' title='bbox 1152 234 1288 271; x_wconf 56' lang='lat' dir='ltr'><strong>Ecclesiae.</strong></span> <span class='ocrx_word' id='word_1_635' title='bbox 1302 233 1372 262; x_wconf 42' lang='lat' dir='ltr'><strong>Nam‘</strong></span> <span class='ocrx_word' id='word_1_636' title='bbox 1382 237 1501 270; x_wconf 81' lang='lat' dir='ltr'><strong>quamvis</strong></span> <span class='ocrx_word' id='word_1_637' title='bbox 1517 238 1629 271; x_wconf 83' lang='lat' dir='ltr'><strong>populus</strong></span> <span class='ocrx_word' id='word_1_638' title='bbox 1643 233 1780 270; x_wconf 60' lang='lat' dir='ltr'><strong>saecularis</strong></span> 
     </span>
    </p>
   </div>
   <div class='ocr_carea' id='block_1_84' title="bbox 982 268 1776 304">
    <p class='ocr_par' dir='ltr' id='par_1_84' title="bbox 982 268 1776 304">
     <span class='ocr_line' id='line_1_84' title="bbox 982 268 1776 304; baseline 0.008 -9"><span class='ocrx_word' id='word_1_639' title='bbox 982 268 1017 304; x_wconf 67' lang='lat' dir='ltr'><strong>sit</strong></span> <span class='ocrx_word' id='word_1_640' title='bbox 1036 273 1063 295; x_wconf 89' lang='lat' dir='ltr'><strong>ct</strong></span> <span class='ocrx_word' id='word_1_641' title='bbox 1085 268 1305 304; x_wconf 85' lang='lat' dir='ltr'><strong>indisciplinatus,</strong></span> <span class='ocrx_word' id='word_1_642' title='bbox 1319 268 1406 298; x_wconf 81' lang='lat' dir='ltr'><strong>tamen</strong></span> <span class='ocrx_word' id='word_1_643' title='bbox 1420 271 1442 298; x_wconf 86' lang='lat' dir='ltr'><strong>si</strong></span> <span class='ocrx_word' id='word_1_644' title='bbox 1458 272 1500 298; x_wconf 86' lang='lat' dir='ltr'><strong>isti</strong></span> <span class='ocrx_word' id='word_1_645' title='bbox 1515 268 1576 299; x_wconf 81' lang='lat' dir='ltr'><strong>boui</strong></span> <span class='ocrx_word' id='word_1_646' title='bbox 1600 273 1707 304; x_wconf 80' lang='lat' dir='ltr'><strong>fuerint,</strong></span> <span class='ocrx_word' id='word_1_647' title='bbox 1723 278 1776 301; x_wconf 89' lang='lat' dir='ltr'><strong>tota</strong></span> 
     </span>
    </p>
   </div>
   <div class='ocr_carea' id='block_1_85' title="bbox 982 303 1776 342">
    <p class='ocr_par' dir='ltr' id='par_1_85' title="bbox 982 303 1776 342">
     <span class='ocr_line' id='line_1_85' title="bbox 982 303 1776 342; baseline 0.008 -13"><span class='ocrx_word' id='word_1_648' title='bbox 982 303 1101 342; x_wconf 85' lang='lat' dir='ltr'><strong>_Eeclcsia</strong></span> <span class='ocrx_word' id='word_1_649' title='bbox 1123 305 1243 342; x_wconf 78' lang='lat' dir='ltr'><strong>speciosa</strong></span> <span class='ocrx_word' id='word_1_650' title='bbox 1265 305 1378 332; x_wconf 89' lang='lat' dir='ltr'><strong>videtur.</strong></span> <span class='ocrx_word' id='word_1_651' title='bbox 1394 305 1460 333; x_wconf 87' lang='lat' dir='ltr'><strong>Nam</strong></span> <span class='ocrx_word' id='word_1_652' title='bbox 1481 307 1549 334; x_wconf 79' lang='lat' dir='ltr'><strong>sicut</strong></span> <span class='ocrx_word' id='word_1_653' title='bbox 1570 307 1653 335; x_wconf 85' lang='lat' dir='ltr'><strong>foraui</strong></span> <span class='ocrx_word' id='word_1_654' title='bbox 1675 308 1776 342; x_wconf 84' lang='lat' dir='ltr'><strong>lapides</strong></span> 
     </span>
    </p>
   </div>
   <div class='ocr_carea' id='block_1_86' title="bbox 982 339 1775 377">
    <p class='ocr_par' dir='ltr' id='par_1_86' title="bbox 982 339 1775 377">
     <span class='ocr_line' id='line_1_86' title="bbox 982 339 1775 377; baseline 0.008 -12"><span class='ocrx_word' id='word_1_655' title='bbox 982 339 1117 377; x_wconf 78' lang='lat' dir='ltr'><strong>intraneos</strong></span> <span class='ocrx_word' id='word_1_656' title='bbox 1132 340 1199 366; x_wconf 86' lang='lat' dir='ltr'><strong>intra</strong></span> <span class='ocrx_word' id='word_1_657' title='bbox 1219 346 1249 366; x_wconf 87' lang='lat' dir='ltr'><strong>se</strong></span> <span class='ocrx_word' id='word_1_658' title='bbox 1262 344 1353 377; x_wconf 80' lang='lat' dir='ltr'><strong>tenent</strong></span> <span class='ocrx_word' id='word_1_659' title='bbox 1364 361 1371 372; x_wconf 91' lang='lat'><strong>,</strong></span> <span class='ocrx_word' id='word_1_660' title='bbox 1388 346 1414 368; x_wconf 90' lang='lat' dir='ltr'><strong>et</strong></span> <span class='ocrx_word' id='word_1_661' title='bbox 1427 343 1612 377; x_wconf 85' lang='lat' dir='ltr'><strong>constringunt</strong></span> <span class='ocrx_word' id='word_1_662' title='bbox 1629 352 1636 370; x_wconf 85' lang='grc'>;</span> <span class='ocrx_word' id='word_1_663' title='bbox 1652 344 1690 370; x_wconf 89' lang='lat' dir='ltr'><strong>sic</strong></span> <span class='ocrx_word' id='word_1_664' title='bbox 1704 339 1775 371; x_wconf 79' lang='lat' dir='ltr'><strong>lotus</strong></span> 
     </span>
    </p>
   </div>
   <div class='ocr_carea' id='block_1_87' title="bbox 982 374 1774 413">
    <p class='ocr_par' dir='ltr' id='par_1_87' title="bbox 982 374 1774 413">
     <span class='ocr_line' id='line_1_87' title="bbox 982 374 1774 413; baseline 0.01 -15"><span class='ocrx_word' id='word_1_665' title='bbox 982 374 1222 413; x_wconf 69' lang='lat' dir='ltr'><strong>populus__is_torum</strong></span> <span class='ocrx_word' id='word_1_666' title='bbox 1234 375 1336 413; x_wconf 85' lang='lat' dir='ltr'><strong>meritis</strong></span> <span class='ocrx_word' id='word_1_667' title='bbox 1351 380 1378 403; x_wconf 88' lang='lat' dir='ltr'><strong>et</strong></span> <span class='ocrx_word' id='word_1_668' title='bbox 1394 378 1534 413; x_wconf 81' lang='lat' dir='ltr'><strong>sanctitate</strong></span> <span class='ocrx_word' id='word_1_669' title='bbox 1548 374 1680 405; x_wconf 70' lang='lat' dir='ltr'><strong>salvator.</strong></span> <span class='ocrx_word' id='word_1_670' title='bbox 1695 378 1774 413; x_wconf 81' lang='lat' dir='ltr'><strong>Lapis</strong></span> 
     </span>
    </p>
   </div>
   <div class='ocr_carea' id='block_1_88' title="bbox 982 409 1773 446">
    <p class='ocr_par' dir='ltr' id='par_1_88' title="bbox 982 409 1773 446">
     <span class='ocr_line' id='line_1_88' title="bbox 982 409 1773 446; baseline 0.008 -10"><span class='ocrx_word' id='word_1_671' title='bbox 982 413 1072 446; x_wconf 83' lang='lat' dir='ltr'><strong>autem</strong></span> <span class='ocrx_word' id='word_1_672' title='bbox 1085 409 1180 446; x_wconf 84' lang='lat' dir='ltr'><strong>dicitur</strong></span> <span class='ocrx_word' id='word_1_673' title='bbox 1194 409 1315 446; x_wconf 80' lang='lat' dir='ltr'><strong>Christus</strong></span> <span class='ocrx_word' id='word_1_674' title='bbox 1327 418 1435 445; x_wconf 87' lang='lat' dir='ltr'><strong>propter</strong></span> <span class='ocrx_word' id='word_1_675' title='bbox 1449 412 1514 439; x_wconf 87' lang='lat' dir='ltr'><strong>duas</strong></span> <span class='ocrx_word' id='word_1_676' title='bbox 1528 420 1629 440; x_wconf 86' lang='lat' dir='ltr'><strong>causas.</strong></span> <span class='ocrx_word' id='word_1_677' title='bbox 1644 409 1773 446; x_wconf 77' lang='lat' dir='ltr'><strong>Primum,</strong></span> 
     </span>
    </p>
   </div>
   <div class='ocr_carea' id='block_1_89' title="bbox 982 444 1775 483">
    <p class='ocr_par' dir='ltr' id='par_1_89' title="bbox 982 444 1775 483">
     <span class='ocr_line' id='line_1_89' title="bbox 982 444 1775 483; baseline 0.005 -13"><span class='ocrx_word' id='word_1_678' title='bbox 982 444 1041 483; x_wconf 75' lang='lat' dir='ltr'><strong>quia</strong></span> <span class='ocrx_word' id='word_1_679' title='bbox 1069 444 1124 483; x_wconf 80' lang='lat' dir='ltr'><strong>suis</strong></span> <span class='ocrx_word' id='word_1_680' title='bbox 1145 444 1346 483; x_wconf 84' lang='lat' dir='ltr'><strong>_f_utula_uteutuut</strong></span> <span class='ocrx_word' id='word_1_681' title='bbox 1369 444 1409 483; x_wconf 64' lang='lat' dir='ltr'><strong>est</strong></span> <span class='ocrx_word' id='word_1_682' title='bbox 1430 446 1516 480; x_wconf 86' lang='lat' dir='ltr'><strong>forte,</strong></span> <span class='ocrx_word' id='word_1_683' title='bbox 1533 453 1560 475; x_wconf 89' lang='lat' dir='ltr'><strong>et</strong></span> <span class='ocrx_word' id='word_1_684' title='bbox 1584 456 1669 483; x_wconf 87' lang='lat' dir='ltr'><strong>neque</strong></span> <span class='ocrx_word' id='word_1_685' title='bbox 1689 444 1775 483; x_wconf 77' lang='lat' dir='ltr'><strong>aliqua</strong></span> 
     </span>
    </p>
   </div>
   <div class='ocr_carea' id='block_1_90' title="bbox 983 479 1777 517">
    <p class='ocr_par' dir='ltr' id='par_1_90' title="bbox 983 479 1777 517">
     <span class='ocr_line' id='line_1_90' title="bbox 983 479 1777 517; baseline 0.005 -12"><span class='ocrx_word' id='word_1_686' title='bbox 983 479 1136 517; x_wconf 72' lang='lat' dir='ltr'><strong>seductiouc</strong></span> <span class='ocrx_word' id='word_1_687' title='bbox 1145 480 1330 507; x_wconf 86' lang='lat' dir='ltr'><strong>illecebrarum</strong></span> <span class='ocrx_word' id='word_1_688' title='bbox 1340 482 1489 517; x_wconf 78' lang='lat' dir='ltr'><strong>solvuntur,</strong></span> <span class='ocrx_word' id='word_1_689' title='bbox 1499 479 1542 517; x_wconf 83' lang='lat' dir='ltr'><strong>qui</strong></span> <span class='ocrx_word' id='word_1_690' title='bbox 1555 479 1634 517; x_wconf 78' lang='lat' dir='ltr'><strong>super</strong></span> <span class='ocrx_word' id='word_1_691' title='bbox 1644 491 1705 510; x_wconf 89' lang='lat' dir='ltr'><strong>eum</strong></span> <span class='ocrx_word' id='word_1_692' title='bbox 1716 479 1777 510; x_wconf 77' lang='lat' dir='ltr'><strong>cou-</strong></span> 
     </span>
    </p>
   </div>
   <div class='ocr_carea' id='block_1_91' title="bbox 982 515 1775 552">
    <p class='ocr_par' dir='ltr' id='par_1_91' title="bbox 982 515 1775 552">
     <span class='ocr_line' id='line_1_91' title="bbox 982 515 1775 552; baseline 0.006 -12"><span class='ocrx_word' id='word_1_693' title='bbox 982 515 1190 552; x_wconf 21' lang='lat' dir='ltr'><strong>sistunt,»neque</strong></span> <span class='ocrx_word' id='word_1_694' title='bbox 1206 516 1406 552; x_wconf 79' lang='lat' dir='ltr'><strong>tempestatibus</strong></span> <span class='ocrx_word' id='word_1_695' title='bbox 1417 515 1649 552; x_wconf 68' lang='lat' dir='ltr'><strong>persequutioitttm</strong></span> <span class='ocrx_word' id='word_1_696' title='bbox 1666 527 1775 546; x_wconf 89' lang='lat' dir='ltr'><strong>moveu-</strong></span> 
     </span>
    </p>
   </div>
   <div class='ocr_carea' id='block_1_92' title="bbox 983 549 1775 588">
    <p class='ocr_par' dir='ltr' id='par_1_92' title="bbox 983 549 1775 588">
     <span class='ocr_line' id='line_1_92' title="bbox 983 549 1775 588; baseline 0.006 -13"><span class='ocrx_word' id='word_1_697' title='bbox 983 549 1245 588; x_wconf 17' lang='lat' dir='ltr'><strong>tur.‘Deinde~,rquia</strong></span> <span class='ocrx_word' id='word_1_698' title='bbox 1268 551 1294 588; x_wconf 85' lang='lat' dir='ltr'><strong>in</strong></span> <span class='ocrx_word' id='word_1_699' title='bbox 1314 549 1424 588; x_wconf 75' lang='lat' dir='ltr'><strong>Christo</strong></span> <span class='ocrx_word' id='word_1_700' title='bbox 1444 549 1594 587; x_wconf 80' lang='lat' dir='ltr'><strong>iniquorum</strong></span> <span class='ocrx_word' id='word_1_701' title='bbox 1617 559 1657 580; x_wconf 88' lang='lat' dir='ltr'><strong>est</strong></span> <span class='ocrx_word' id='word_1_702' title='bbox 1682 561 1775 588; x_wconf 82' lang='lat' dir='ltr'><strong>magna</strong></span> 
     </span>
    </p>
   </div>
   <div class='ocr_carea' id='block_1_93' title="bbox 982 583 1776 624">
    <p class='ocr_par' dir='ltr' id='par_1_93' title="bbox 982 583 1776 624">
     <span class='ocr_line' id='line_1_93' title="bbox 982 583 1776 624; baseline 0.008 -14"><span class='ocrx_word' id='word_1_703' title='bbox 982 583 1137 624; x_wconf 76' lang='lat' dir='ltr'><strong>confractio.</strong></span> <span class='ocrx_word' id='word_1_704' title='bbox 1153 583 1225 624; x_wconf 71' lang='lat' dir='ltr'><strong>Sicut</strong></span> <span class='ocrx_word' id='word_1_705' title='bbox 1239 586 1309 624; x_wconf 70' lang='lat' dir='ltr'><strong>enim</strong></span> <span class='ocrx_word' id='word_1_706' title='bbox 1321 587 1418 624; x_wconf 85' lang='lat' dir='ltr'><strong>__otnuis</strong></span> <span class='ocrx_word' id='word_1_707' title='bbox 1435 583 1562 624; x_wconf 62' lang='lat' dir='ltr'><strong>t&#39;ef,&#39;qu;e</strong></span> <span class='ocrx_word' id='word_1_708' title='bbox 1577 590 1689 622; x_wconf 87' lang='lat' dir='ltr'><strong>percutit</strong></span> <span class='ocrx_word' id='word_1_709' title='bbox 1708 583 1776 624; x_wconf 49' lang='lat' dir='ltr'><strong>lavpi-</strong></span> 
     </span>
    </p>
   </div>
   <div class='ocr_carea' id='block_1_94' title="bbox 983 619 1776 657">
    <p class='ocr_par' dir='ltr' id='par_1_94' title="bbox 983 619 1776 657">
     <span class='ocr_line' id='line_1_94' title="bbox 983 619 1776 657; baseline 0.008 -12"><span class='ocrx_word' id='word_1_710' title='bbox 983 619 1054 657; x_wconf 76' lang='lat' dir='ltr'><strong>dem,</strong></span> <span class='ocrx_word' id='word_1_711' title='bbox 1066 620 1122 654; x_wconf 83' lang='lat' dir='ltr'><strong>ipsa</strong></span> <span class='ocrx_word' id='word_1_712' title='bbox 1132 620 1238 657; x_wconf 81' lang='lat' dir='ltr'><strong>quidem</strong></span> <span class='ocrx_word' id='word_1_713' title='bbox 1249 620 1392 657; x_wconf 80' lang='lat' dir='ltr'><strong>colliditur,</strong></span> <span class='ocrx_word' id='word_1_714' title='bbox 1405 619 1519 657; x_wconf 77' lang='lat' dir='ltr'><strong>lapideui</strong></span> <span class='ocrx_word' id='word_1_715' title='bbox 1527 619 1614 651; x_wconf 80' lang='lat' dir='ltr'><strong>autem</strong></span> <span class='ocrx_word' id='word_1_716' title='bbox 1624 632 1676 650; x_wconf 90' lang='lat' dir='ltr'><strong>non</strong></span> <span class='ocrx_word' id='word_1_717' title='bbox 1686 619 1757 650; x_wconf 62' lang='lat' dir='ltr'><strong>la-d&#39;it</strong></span> <span class='ocrx_word' id='word_1_718' title='bbox 1769 633 1776 651; x_wconf 86' lang='lat'>:</span> 
     </span>
    </p>
   </div>
   <div class='ocr_carea' id='block_1_95' title="bbox 982 655 1777 694">
    <p class='ocr_par' dir='ltr' id='par_1_95' title="bbox 982 655 1777 694">
     <span class='ocr_line' id='line_1_95' title="bbox 982 655 1777 694; baseline 0.008 -14"><span class='ocrx_word' id='word_1_719' title='bbox 982 655 1020 680; x_wconf 85' lang='lat' dir='ltr'><strong>sic</strong></span> <span class='ocrx_word' id='word_1_720' title='bbox 1030 659 1057 681; x_wconf 88' lang='lat' dir='ltr'><strong>et</strong></span> <span class='ocrx_word' id='word_1_721' title='bbox 1067 656 1218 694; x_wconf 53' lang='lat' dir='ltr'><strong>omttiquui</strong></span> <span class='ocrx_word' id='word_1_722' title='bbox 1227 661 1320 694; x_wconf 83' lang='lat' dir='ltr'><strong>contra</strong></span> <span class='ocrx_word' id='word_1_723' title='bbox 1327 655 1552 694; x_wconf 81' lang='lat' dir='ltr'><strong>Christianitatrm</strong></span> <span class='ocrx_word' id='word_1_724' title='bbox 1561 659 1623 694; x_wconf 79' lang='lat' dir='ltr'><strong>agit,</strong></span> <span class='ocrx_word' id='word_1_725' title='bbox 1632 667 1660 686; x_wconf 79' lang='lat' dir='ltr'><strong>se</strong></span> <span class='ocrx_word' id='word_1_726' title='bbox 1671 659 1777 692; x_wconf 87' lang='lat' dir='ltr'><strong>quidcut</strong></span> 
     </span>
    </p>
   </div>
   <div class='ocr_carea' id='block_1_96' title="bbox 982 690 1777 728">
    <p class='ocr_par' dir='ltr' id='par_1_96' title="bbox 982 690 1777 728">
     <span class='ocr_line' id='line_1_96' title="bbox 982 690 1777 728; baseline 0.006 -12"><span class='ocrx_word' id='word_1_727' title='bbox 982 691 1139 725; x_wconf 84' lang='lat' dir='ltr'><strong>corrumpit,</strong></span> <span class='ocrx_word' id='word_1_728' title='bbox 1155 690 1347 728; x_wconf 73' lang='lat' dir='ltr'><strong>Christiauimti</strong></span> <span class='ocrx_word' id='word_1_729' title='bbox 1362 698 1449 719; x_wconf 87' lang='lat' dir='ltr'><strong>autent</strong></span> <span class='ocrx_word' id='word_1_730' title='bbox 1465 701 1517 720; x_wconf 89' lang='lat' dir='ltr'><strong>tton</strong></span> <span class='ocrx_word' id='word_1_731' title='bbox 1534 690 1612 721; x_wconf 53' lang='lat' dir='ltr'><strong>nue&#39;et</strong></span> <span class='ocrx_word' id='word_1_732' title='bbox 1635 690 1700 728; x_wconf 86' lang='lat' dir='ltr'><strong>Quia</strong></span> <span class='ocrx_word' id='word_1_733' title='bbox 1714 703 1777 728; x_wconf 75' lang='lat' dir='ltr'><strong>ergo</strong></span> 
     </span>
    </p>
   </div>
   <div class='ocr_carea' id='block_1_97' title="bbox 985 726 1777 764">
    <p class='ocr_par' dir='ltr' id='par_1_97' title="bbox 985 726 1777 764">
     <span class='ocr_line' id='line_1_97' title="bbox 985 726 1777 764; baseline 0.008 -14"><span class='ocrx_word' id='word_1_734' title='bbox 985 732 1095 764; x_wconf 75' lang='lat' dir='ltr'><strong>magnus</strong></span> <span class='ocrx_word' id='word_1_735' title='bbox 1104 731 1146 753; x_wconf 88' lang='lat' dir='ltr'><strong>est</strong></span> <span class='ocrx_word' id='word_1_736' title='bbox 1158 726 1224 761; x_wconf 86' lang='lat' dir='ltr'><strong>lapis</strong></span> <span class='ocrx_word' id='word_1_737' title='bbox 1234 726 1354 754; x_wconf 80' lang='lat' dir='ltr'><strong>Christus</strong></span> <span class='ocrx_word' id='word_1_738' title='bbox 1367 728 1426 755; x_wconf 62' lang='grc' dir='ltr'><strong>εΗ.</strong></span> <span class='ocrx_word' id='word_1_739' title='bbox 1439 728 1489 762; x_wconf 85' lang='lat' dir='ltr'><strong>Qui</strong></span> <span class='ocrx_word' id='word_1_740' title='bbox 1500 729 1616 756; x_wconf 71' lang='lat' dir='ltr'><strong>ceciderit</strong></span> <span class='ocrx_word' id='word_1_741' title='bbox 1627 726 1701 764; x_wconf 74' lang='lat' dir='ltr'><strong>super</strong></span> <span class='ocrx_word' id='word_1_742' title='bbox 1712 726 1777 762; x_wconf 81' lang='lat' dir='ltr'><strong>eum,</strong></span> 
     </span>
    </p>
   </div>
   <div class='ocr_carea' id='block_1_98' title="bbox 986 761 1780 797">
    <p class='ocr_par' dir='ltr' id='par_1_98' title="bbox 986 761 1780 797">
     <span class='ocr_line' id='line_1_98' title="bbox 986 761 1780 797; baseline 0.006 -11"><span class='ocrx_word' id='word_1_743' title='bbox 986 761 1158 797; x_wconf 66' lang='lat' dir='ltr'><strong>confringatur</strong></span> <span class='ocrx_word' id='word_1_744' title='bbox 1172 769 1181 788; x_wconf 90' lang='lat'><em>:</em></span> <span class='ocrx_word' id='word_1_745' title='bbox 1195 770 1270 796; x_wconf 74' lang='lat' dir='ltr'><strong>super</strong></span> <span class='ocrx_word' id='word_1_746' title='bbox 1292 770 1366 797; x_wconf 86' lang='lat' dir='ltr'><strong>quem</strong></span> <span class='ocrx_word' id='word_1_747' title='bbox 1387 761 1469 790; x_wconf 81' lang='lat' dir='ltr'><strong>autem</strong></span> <span class='ocrx_word' id='word_1_748' title='bbox 1488 764 1614 795; x_wconf 78' lang='lat' dir='ltr'><strong>ceciderit,</strong></span> <span class='ocrx_word' id='word_1_749' title='bbox 1628 761 1780 791; x_wconf 64' lang='lat' dir='ltr'><strong>comminuet</strong></span> 
     </span>
    </p>
   </div>
   <div class='ocr_carea' id='block_1_99' title="bbox 985 796 1781 832">
    <p class='ocr_par' dir='ltr' id='par_1_99' title="bbox 985 796 1781 832">
     <span class='ocr_line' id='line_1_99' title="bbox 985 796 1781 832; baseline 0.008 -11"><span class='ocrx_word' id='word_1_750' title='bbox 985 796 1144 832; x_wconf 52' lang='lat' dir='ltr'><strong>{tammulti</strong></span> <span class='ocrx_word' id='word_1_751' title='bbox 1157 801 1198 823; x_wconf 87' lang='lat' dir='ltr'><strong>est</strong></span> <span class='ocrx_word' id='word_1_752' title='bbox 1212 796 1361 832; x_wconf 76' lang='lat' dir='ltr'><strong>confringi,</strong></span> <span class='ocrx_word' id='word_1_753' title='bbox 1378 798 1448 826; x_wconf 87' lang='lat' dir='ltr'><strong>aliud</strong></span> <span class='ocrx_word' id='word_1_754' title='bbox 1467 804 1507 826; x_wconf 71' lang='lat' dir='ltr'><strong>est</strong></span> <span class='ocrx_word' id='word_1_755' title='bbox 1519 804 1608 827; x_wconf 85' lang='lat' dir='ltr'><strong>autent</strong></span> <span class='ocrx_word' id='word_1_756' title='bbox 1624 801 1781 827; x_wconf 91' lang='lat' dir='ltr'><strong>comminui.</strong></span> 
     </span>
    </p>
   </div>
   <div class='ocr_carea' id='block_1_100' title="bbox 983 830 1778 869">
    <p class='ocr_par' dir='ltr' id='par_1_100' title="bbox 983 830 1778 869">
     <span class='ocr_line' id='line_1_100' title="bbox 983 830 1778 869; baseline 0.008 -12"><span class='ocrx_word' id='word_1_757' title='bbox 983 830 1059 869; x_wconf 78' lang='lat' dir='ltr'><strong>Quod</strong></span> <span class='ocrx_word' id='word_1_758' title='bbox 1073 831 1255 869; x_wconf 85' lang='lat' dir='ltr'><strong>confringintr,</strong></span> <span class='ocrx_word' id='word_1_759' title='bbox 1270 830 1368 867; x_wconf 74' lang='lat' dir='ltr'><strong>aliquid</strong></span> <span class='ocrx_word' id='word_1_760' title='bbox 1384 840 1504 861; x_wconf 83' lang='lat' dir='ltr'><strong>remanet</strong></span> <span class='ocrx_word' id='word_1_761' title='bbox 1514 835 1547 862; x_wconf 82' lang='lat' dir='ltr'><strong>de</strong></span> <span class='ocrx_word' id='word_1_762' title='bbox 1558 843 1601 868; x_wconf 83' lang='lat' dir='ltr'><strong>eu,</strong></span> <span class='ocrx_word' id='word_1_763' title='bbox 1615 835 1685 869; x_wconf 88' lang='lat' dir='ltr'><strong>quod</strong></span> <span class='ocrx_word' id='word_1_764' title='bbox 1699 834 1778 862; x_wconf 82' lang='lat' dir='ltr'><strong>fuerit</strong></span> 
     </span>
    </p>
   </div>
   <div class='ocr_carea' id='block_1_101' title="bbox 984 866 1778 904">
    <p class='ocr_par' dir='ltr' id='par_1_101' title="bbox 984 866 1778 904">
     <span class='ocr_line' id='line_1_101' title="bbox 984 866 1778 904; baseline 0.005 -12"><span class='ocrx_word' id='word_1_765' title='bbox 984 866 1096 904; x_wconf 79' lang='lat' dir='ltr'><strong>fraetum</strong></span> <span class='ocrx_word' id='word_1_766' title='bbox 1110 875 1116 894; x_wconf 90' lang='grc'>;</span> <span class='ocrx_word' id='word_1_767' title='bbox 1128 868 1198 902; x_wconf 87' lang='lat' dir='ltr'><strong>quod</strong></span> <span class='ocrx_word' id='word_1_768' title='bbox 1219 866 1468 904; x_wconf 34' lang='lat' dir='ltr'><strong>anteut&#39;minuitur,</strong></span> <span class='ocrx_word' id='word_1_769' title='bbox 1485 866 1634 897; x_wconf 80' lang='lat' dir='ltr'><strong>minutatim</strong></span> <span class='ocrx_word' id='word_1_770' title='bbox 1652 871 1726 904; x_wconf 87' lang='lat' dir='ltr'><strong>quasi</strong></span> <span class='ocrx_word' id='word_1_771' title='bbox 1753 870 1778 896; x_wconf 88' lang='lat' dir='ltr'><strong>itt</strong></span> 
     </span>
    </p>
   </div>
   <div class='ocr_carea' id='block_1_102' title="bbox 985 901 1778 938">
    <p class='ocr_par' dir='ltr' id='par_1_102' title="bbox 985 901 1778 938">
     <span class='ocr_line' id='line_1_102' title="bbox 985 901 1778 938; baseline 0.004 -11"><span class='ocrx_word' id='word_1_772' title='bbox 985 901 1121 938; x_wconf 86' lang='lat' dir='ltr'><strong>pulverem</strong></span> <span class='ocrx_word' id='word_1_773' title='bbox 1135 903 1315 935; x_wconf 81' lang='lat' dir='ltr'><strong>convertitur,</strong></span> <span class='ocrx_word' id='word_1_774' title='bbox 1333 909 1360 930; x_wconf 78' lang='lat' dir='ltr'><strong>et</strong></span> <span class='ocrx_word' id='word_1_775' title='bbox 1381 904 1447 932; x_wconf 75' lang='lat' dir='ltr'><strong>nihil</strong></span> <span class='ocrx_word' id='word_1_776' title='bbox 1472 905 1605 932; x_wconf 86' lang='lat' dir='ltr'><strong>invenitur</strong></span> <span class='ocrx_word' id='word_1_777' title='bbox 1620 901 1714 932; x_wconf 41' lang='lat' dir='ltr'><strong>ex-co.</strong></span> <span class='ocrx_word' id='word_1_778' title='bbox 1729 905 1778 938; x_wconf 88' lang='lat' dir='ltr'><strong>Qui</strong></span> 
     </span>
    </p>
   </div>
   <div class='ocr_carea' id='block_1_103' title="bbox 984 936 1778 975">
    <p class='ocr_par' dir='ltr' id='par_1_103' title="bbox 984 936 1778 975">
     <span class='ocr_line' id='line_1_103' title="bbox 984 936 1778 975; baseline 0.006 -13"><span class='ocrx_word' id='word_1_779' title='bbox 984 936 1054 975; x_wconf 80' lang='lat' dir='ltr'><strong>enim</strong></span> <span class='ocrx_word' id='word_1_780' title='bbox 1070 937 1373 975; x_wconf 8' lang='lat' dir='ltr'><strong>superglapidetucadit,</strong></span> <span class='ocrx_word' id='word_1_781' title='bbox 1386 948 1438 966; x_wconf 89' lang='lat' dir='ltr'><strong>tton</strong></span> <span class='ocrx_word' id='word_1_782' title='bbox 1454 941 1520 974; x_wconf 85' lang='lat' dir='ltr'><strong>lapis</strong></span> <span class='ocrx_word' id='word_1_783' title='bbox 1535 949 1597 968; x_wconf 85' lang='lat' dir='ltr'><strong>cum</strong></span> <span class='ocrx_word' id='word_1_784' title='bbox 1613 940 1719 975; x_wconf 71' lang='lat' dir='ltr'><strong>frangit,</strong></span> <span class='ocrx_word' id='word_1_785' title='bbox 1730 936 1778 967; x_wconf 74' lang='lat' dir='ltr'><strong>sed</strong></span> 
     </span>
    </p>
   </div>
   <div class='ocr_carea' id='block_1_104' title="bbox 984 971 1778 1011">
    <p class='ocr_par' dir='ltr' id='par_1_104' title="bbox 984 971 1778 1011">
     <span class='ocr_line' id='line_1_104' title="bbox 984 971 1778 1011; baseline 0.005 -13"><span class='ocrx_word' id='word_1_786' title='bbox 984 971 1040 1006; x_wconf 71' lang='lat' dir='ltr'><strong>ipse</strong></span> <span class='ocrx_word' id='word_1_787' title='bbox 1046 980 1074 999; x_wconf 88' lang='lat' dir='ltr'><strong>se</strong></span> <span class='ocrx_word' id='word_1_788' title='bbox 1081 971 1647 1011; x_wconf 72' lang='lat' dir='ltr'><strong>frangitadlapidemddcoquodcaditsnpcr</strong></span> <span class='ocrx_word' id='word_1_789' title='bbox 1655 971 1778 1009; x_wconf 80' lang='lat' dir='ltr'><strong>lapidem,</strong></span> 
     </span>
    </p>
   </div>
   <div class='ocr_carea' id='block_1_105' title="bbox 986 1009 1777 1044">
    <p class='ocr_par' dir='ltr' id='par_1_105' title="bbox 986 1009 1777 1044">
     <span class='ocr_line' id='line_1_105' title="bbox 986 1009 1777 1044; baseline 0.005 -11"><span class='ocrx_word' id='word_1_790' title='bbox 986 1015 1038 1034; x_wconf 87' lang='lat' dir='ltr'><strong>ttou</strong></span> <span class='ocrx_word' id='word_1_791' title='bbox 1053 1012 1153 1044; x_wconf 71' lang='lat' dir='ltr'><strong>tanturn</strong></span> <span class='ocrx_word' id='word_1_792' title='bbox 1167 1015 1195 1035; x_wconf 88' lang='lat' dir='ltr'><strong>se</strong></span> <span class='ocrx_word' id='word_1_793' title='bbox 1207 1009 1313 1042; x_wconf 72' lang='lat' dir='ltr'><strong>frangit.</strong></span> <span class='ocrx_word' id='word_1_794' title='bbox 1326 1015 1452 1043; x_wconf 88' lang='lat' dir='ltr'><strong>qnaultun</strong></span> <span class='ocrx_word' id='word_1_795' title='bbox 1466 1015 1506 1038; x_wconf 77' lang='lat' dir='ltr'><strong>cst</strong></span> <span class='ocrx_word' id='word_1_796' title='bbox 1520 1009 1615 1044; x_wconf 78' lang='lat' dir='ltr'><strong>lapidis</strong></span> <span class='ocrx_word' id='word_1_797' title='bbox 1624 1011 1717 1042; x_wconf 68' lang='grc' dir='ltr'>ιιι-ιω,</span> <span class='ocrx_word' id='word_1_798' title='bbox 1729 1012 1777 1038; x_wconf 86' lang='lat' dir='ltr'><strong>sed</strong></span> 
     </span>
    </p>
   </div>
   <div class='ocr_carea' id='block_1_106' title="bbox 984 1043 1778 1078">
    <p class='ocr_par' dir='ltr' id='par_1_106' title="bbox 984 1043 1778 1078">
     <span class='ocr_line' id='line_1_106' title="bbox 984 1043 1778 1078; baseline 0.005 -10"><span class='ocrx_word' id='word_1_799' title='bbox 984 1048 1110 1077; x_wconf 87' lang='lat' dir='ltr'><strong>quantum</strong></span> <span class='ocrx_word' id='word_1_800' title='bbox 1132 1043 1236 1070; x_wconf 82' lang='lat' dir='ltr'><strong>fortiter</strong></span> <span class='ocrx_word' id='word_1_801' title='bbox 1251 1044 1336 1078; x_wconf 85' lang='lat' dir='ltr'><strong>ipsum</strong></span> <span class='ocrx_word' id='word_1_802' title='bbox 1350 1046 1485 1073; x_wconf 79' lang='lat' dir='ltr'><strong>ceciderit.</strong></span> <span class='ocrx_word' id='word_1_803' title='bbox 1501 1043 1616 1073; x_wconf 74' lang='lat' dir='ltr'><strong>Fortiter</strong></span> <span class='ocrx_word' id='word_1_804' title='bbox 1629 1052 1717 1074; x_wconf 83' lang='lat' dir='ltr'><strong>autent</strong></span> <span class='ocrx_word' id='word_1_805' title='bbox 1733 1053 1778 1072; x_wconf 83' lang='lat' dir='ltr'><strong>ca-</strong></span> 
     </span>
    </p>
   </div>
   <div class='ocr_carea' id='block_1_107' title="bbox 984 1078 1779 1116">
    <p class='ocr_par' dir='ltr' id='par_1_107' title="bbox 984 1078 1779 1116">
     <span class='ocr_line' id='line_1_107' title="bbox 984 1078 1779 1116; baseline 0.005 -12"><span class='ocrx_word' id='word_1_806' title='bbox 984 1078 1022 1104; x_wconf 91' lang='lat' dir='ltr'><strong>dtt</strong></span> <span class='ocrx_word' id='word_1_807' title='bbox 1035 1078 1127 1116; x_wconf 84' lang='lat' dir='ltr'><strong>,_quud</strong></span> <span class='ocrx_word' id='word_1_808' title='bbox 1147 1079 1234 1110; x_wconf 85' lang='lat' dir='ltr'><strong>cadit,</strong></span> <span class='ocrx_word' id='word_1_809' title='bbox 1251 1086 1359 1113; x_wconf 74' lang='lat' dir='ltr'><strong>propter</strong></span> <span class='ocrx_word' id='word_1_810' title='bbox 1382 1080 1449 1108; x_wconf 88' lang='lat' dir='ltr'><strong>duas</strong></span> <span class='ocrx_word' id='word_1_811' title='bbox 1471 1089 1566 1108; x_wconf 81' lang='lat' dir='ltr'><strong>causas</strong></span> <span class='ocrx_word' id='word_1_812' title='bbox 1584 1091 1590 1108; x_wconf 88' lang='lat'><strong><em>:</em></strong></span> <span class='ocrx_word' id='word_1_813' title='bbox 1605 1087 1651 1109; x_wconf 88' lang='lat' dir='ltr'><strong>aut</strong></span> <span class='ocrx_word' id='word_1_814' title='bbox 1672 1087 1779 1116; x_wconf 80' lang='lat' dir='ltr'><strong>propter</strong></span> 
     </span>
    </p>
   </div>
   <div class='ocr_carea' id='block_1_108' title="bbox 984 1113 1778 1150">
    <p class='ocr_par' dir='ltr' id='par_1_108' title="bbox 984 1113 1778 1150">
     <span class='ocr_line' id='line_1_108' title="bbox 984 1113 1778 1150; baseline 0.004 -11"><span class='ocrx_word' id='word_1_815' title='bbox 984 1113 1088 1150; x_wconf 85' lang='lat' dir='ltr'><strong>pondus</strong></span> <span class='ocrx_word' id='word_1_816' title='bbox 1107 1121 1203 1148; x_wconf 89' lang='lat' dir='ltr'><strong>suum,</strong></span> <span class='ocrx_word' id='word_1_817' title='bbox 1215 1119 1260 1141; x_wconf 89' lang='lat' dir='ltr'><strong>aut</strong></span> <span class='ocrx_word' id='word_1_818' title='bbox 1285 1121 1392 1150; x_wconf 79' lang='lat' dir='ltr'><strong>propter</strong></span> <span class='ocrx_word' id='word_1_819' title='bbox 1413 1116 1577 1144; x_wconf 88' lang='lat' dir='ltr'><strong>altitudittetn</strong></span> <span class='ocrx_word' id='word_1_820' title='bbox 1602 1113 1687 1144; x_wconf 79' lang='lat' dir='ltr'><strong>suaui.</strong></span> <span class='ocrx_word' id='word_1_821' title='bbox 1703 1113 1778 1150; x_wconf 82' lang='lat' dir='ltr'><strong>Quod</strong></span> 
     </span>
    </p>
   </div>
   <div class='ocr_carea' id='block_1_109' title="bbox 984 1149 1779 1182">
    <p class='ocr_par' dir='ltr' id='par_1_109' title="bbox 984 1149 1779 1182">
     <span class='ocr_line' id='line_1_109' title="bbox 984 1149 1779 1182; baseline 0.006 -8"><span class='ocrx_word' id='word_1_822' title='bbox 984 1149 1054 1174; x_wconf 86' lang='lat' dir='ltr'><strong>enim</strong></span> <span class='ocrx_word' id='word_1_823' title='bbox 1069 1149 1245 1182; x_wconf 85' lang='lat' dir='ltr'><strong>ponderosum</strong></span> <span class='ocrx_word' id='word_1_824' title='bbox 1259 1156 1309 1182; x_wconf 87' lang='lat' dir='ltr'><strong>est,</strong></span> <span class='ocrx_word' id='word_1_825' title='bbox 1323 1149 1372 1177; x_wconf 81' lang='lat' dir='ltr'><strong>etsi</strong></span> <span class='ocrx_word' id='word_1_826' title='bbox 1386 1151 1419 1178; x_wconf 88' lang='lat' dir='ltr'><strong>de</strong></span> <span class='ocrx_word' id='word_1_827' title='bbox 1433 1151 1525 1178; x_wconf 90' lang='lat' dir='ltr'><strong>humili</strong></span> <span class='ocrx_word' id='word_1_828' title='bbox 1537 1152 1596 1179; x_wconf 85' lang='lat' dir='ltr'><strong>loco</strong></span> <span class='ocrx_word' id='word_1_829' title='bbox 1609 1153 1688 1182; x_wconf 86' lang='lat' dir='ltr'><strong>cadit.</strong></span> <span class='ocrx_word' id='word_1_830' title='bbox 1701 1149 1779 1178; x_wconf 79' lang='lat' dir='ltr'><strong>furti-</strong></span> 
     </span>
    </p>
   </div>
   <div class='ocr_carea' id='block_1_110' title="bbox 985 1184 1779 1222">
    <p class='ocr_par' dir='ltr' id='par_1_110' title="bbox 985 1184 1779 1222">
     <span class='ocr_line' id='line_1_110' title="bbox 985 1184 1779 1222; baseline 0.006 -13"><span class='ocrx_word' id='word_1_831' title='bbox 985 1188 1025 1210; x_wconf 91' lang='lat' dir='ltr'><strong>tcr</strong></span> <span class='ocrx_word' id='word_1_832' title='bbox 1037 1184 1417 1222; x_wconf 28' lang='lat' dir='ltr'><strong>cadit{quodautentdealto</strong></span> <span class='ocrx_word' id='word_1_833' title='bbox 1434 1187 1514 1220; x_wconf 87' lang='lat' dir='ltr'><strong>cadit,</strong></span> <span class='ocrx_word' id='word_1_834' title='bbox 1535 1192 1641 1222; x_wconf 87' lang='lat' dir='ltr'><strong>propter</strong></span> <span class='ocrx_word' id='word_1_835' title='bbox 1661 1187 1779 1214; x_wconf 82' lang='lat' dir='ltr'><strong>altitudi-</strong></span> 
     </span>
    </p>
   </div>
   <div class='ocr_carea' id='block_1_111' title="bbox 984 1219 1779 1256">
    <p class='ocr_par' dir='ltr' id='par_1_111' title="bbox 984 1219 1779 1256">
     <span class='ocr_line' id='line_1_111' title="bbox 984 1219 1779 1256; baseline 0.005 -11"><span class='ocrx_word' id='word_1_836' title='bbox 984 1226 1046 1256; x_wconf 81' lang='lat' dir='ltr'><strong>nem</strong></span> <span class='ocrx_word' id='word_1_837' title='bbox 1060 1220 1149 1256; x_wconf 82' lang='lat' dir='ltr'><strong>spatii,</strong></span> <span class='ocrx_word' id='word_1_838' title='bbox 1160 1220 1209 1246; x_wconf 87' lang='lat' dir='ltr'><strong>etsi</strong></span> <span class='ocrx_word' id='word_1_839' title='bbox 1223 1219 1282 1248; x_wconf 87' lang='lat' dir='ltr'><strong>leve</strong></span> <span class='ocrx_word' id='word_1_840' title='bbox 1296 1220 1384 1253; x_wconf 72' lang='lat' dir='ltr'><strong>fuerit,</strong></span> <span class='ocrx_word' id='word_1_841' title='bbox 1396 1222 1512 1255; x_wconf 77' lang='lat' dir='ltr'><strong>graviter</strong></span> <span class='ocrx_word' id='word_1_842' title='bbox 1522 1219 1600 1249; x_wconf 73' lang='lat' dir='ltr'><strong>radii.</strong></span> <span class='ocrx_word' id='word_1_843' title='bbox 1612 1222 1697 1256; x_wconf 88' lang='lat' dir='ltr'><strong>Sttpcr</strong></span> <span class='ocrx_word' id='word_1_844' title='bbox 1709 1221 1779 1256; x_wconf 88' lang='lat' dir='ltr'><strong>quod</strong></span> 
     </span>
    </p>
   </div>
   <div class='ocr_carea' id='block_1_112' title="bbox 984 1253 1779 1292">
    <p class='ocr_par' dir='ltr' id='par_1_112' title="bbox 984 1253 1779 1292">
     <span class='ocr_line' id='line_1_112' title="bbox 984 1253 1779 1292; baseline 0.005 -13"><span class='ocrx_word' id='word_1_845' title='bbox 984 1253 1049 1288; x_wconf 85' lang='lat' dir='ltr'><strong>lapis</strong></span> <span class='ocrx_word' id='word_1_846' title='bbox 1063 1254 1144 1292; x_wconf 80' lang='lat' dir='ltr'><strong>cadit,</strong></span> <span class='ocrx_word' id='word_1_847' title='bbox 1157 1263 1209 1292; x_wconf 80' lang='lat' dir='ltr'><strong>non</strong></span> <span class='ocrx_word' id='word_1_848' title='bbox 1222 1253 1482 1292; x_wconf 63' lang='lat' dir='ltr'><strong>qua‘rilurangrave</strong></span> <span class='ocrx_word' id='word_1_849' title='bbox 1495 1257 1551 1286; x_wconf 88' lang='lat' dir='ltr'><strong>fuit.</strong></span> <span class='ocrx_word' id='word_1_850' title='bbox 1562 1258 1630 1292; x_wconf 90' lang='lat' dir='ltr'><strong>quod</strong></span> <span class='ocrx_word' id='word_1_851' title='bbox 1644 1253 1779 1284; x_wconf 73' lang='lat' dir='ltr'><strong>inventum</strong></span> 
     </span>
    </p>
   </div>
   <div class='ocr_carea' id='block_1_113' title="bbox 984 1290 1780 1325">
    <p class='ocr_par' dir='ltr' id='par_1_113' title="bbox 984 1290 1780 1325">
     <span class='ocr_line' id='line_1_113' title="bbox 984 1290 1780 1325; baseline 0.005 -10"><span class='ocrx_word' id='word_1_852' title='bbox 984 1293 1025 1316; x_wconf 86' lang='lat' dir='ltr'><strong>est</strong></span> <span class='ocrx_word' id='word_1_853' title='bbox 1034 1290 1137 1322; x_wconf 83' lang='lat' dir='ltr'><strong>subtus,</strong></span> <span class='ocrx_word' id='word_1_854' title='bbox 1147 1295 1191 1316; x_wconf 88' lang='lat' dir='ltr'><strong>:utt</strong></span> <span class='ocrx_word' id='word_1_855' title='bbox 1200 1290 1267 1324; x_wconf 87' lang='lat' dir='ltr'><strong>leve,</strong></span> <span class='ocrx_word' id='word_1_856' title='bbox 1277 1298 1326 1318; x_wconf 85' lang='lat' dir='ltr'><strong>nec</strong></span> <span class='ocrx_word' id='word_1_857' title='bbox 1338 1291 1369 1318; x_wconf 90' lang='lat' dir='ltr'><strong>dc</strong></span> <span class='ocrx_word' id='word_1_858' title='bbox 1377 1292 1441 1324; x_wconf 82' lang='lat' dir='ltr'><strong>alto,</strong></span> <span class='ocrx_word' id='word_1_859' title='bbox 1453 1300 1500 1320; x_wconf 87' lang='lat' dir='ltr'><strong>nec</strong></span> <span class='ocrx_word' id='word_1_860' title='bbox 1510 1293 1542 1320; x_wconf 91' lang='lat' dir='ltr'><strong>dc</strong></span> <span class='ocrx_word' id='word_1_861' title='bbox 1551 1290 1651 1320; x_wconf 86' lang='lat' dir='ltr'><strong>humili.</strong></span> <span class='ocrx_word' id='word_1_862' title='bbox 1661 1293 1709 1325; x_wconf 85' lang='lat' dir='ltr'><strong>Qui</strong></span> <span class='ocrx_word' id='word_1_863' title='bbox 1718 1297 1780 1320; x_wconf 80' lang='lat' dir='ltr'><strong>sunt</strong></span> 
     </span>
    </p>
   </div>
   <div class='ocr_carea' id='block_1_114' title="bbox 984 1325 1780 1362">
    <p class='ocr_par' dir='ltr' id='par_1_114' title="bbox 984 1325 1780 1362">
     <span class='ocr_line' id='line_1_114' title="bbox 984 1325 1780 1362; baseline 0.006 -12"><span class='ocrx_word' id='word_1_864' title='bbox 984 1325 1122 1362; x_wconf 19' lang='lat' dir='ltr'><strong>quiﬂsupcr</strong></span> <span class='ocrx_word' id='word_1_865' title='bbox 1137 1325 1250 1359; x_wconf 88' lang='lat' dir='ltr'><strong>lapidcut</strong></span> <span class='ocrx_word' id='word_1_866' title='bbox 1269 1326 1367 1352; x_wconf 87' lang='lat' dir='ltr'><strong>cadunt</strong></span> <span class='ocrx_word' id='word_1_867' title='bbox 1379 1326 1389 1353; x_wconf 85' lang='lat'><strong>?</strong></span> <span class='ocrx_word' id='word_1_868' title='bbox 1402 1327 1560 1360; x_wconf 76' lang='lat' dir='ltr'><strong>Christiani,</strong></span> <span class='ocrx_word' id='word_1_869' title='bbox 1575 1328 1619 1362; x_wconf 90' lang='lat' dir='ltr'><strong>qui</strong></span> <span class='ocrx_word' id='word_1_870' title='bbox 1640 1328 1780 1355; x_wconf 87' lang='lat' dir='ltr'><strong>credentes</strong></span> 
     </span>
    </p>
   </div>
   <div class='ocr_carea' id='block_1_115' title="bbox 985 1359 1779 1398">
    <p class='ocr_par' dir='ltr' id='par_1_115' title="bbox 985 1359 1779 1398">
     <span class='ocr_line' id='line_1_115' title="bbox 985 1359 1779 1398; baseline 0.006 -13"><span class='ocrx_word' id='word_1_871' title='bbox 985 1359 1011 1398; x_wconf 89' lang='lat' dir='ltr'><strong>i_n</strong></span> <span class='ocrx_word' id='word_1_872' title='bbox 1026 1359 1162 1398; x_wconf 79' lang='lat' dir='ltr'><strong>Christum</strong></span> <span class='ocrx_word' id='word_1_873' title='bbox 1175 1365 1247 1398; x_wconf 67' lang='lat' dir='ltr'><strong>stant</strong></span> <span class='ocrx_word' id='word_1_874' title='bbox 1260 1362 1450 1398; x_wconf 62' lang='lat' dir='ltr'><strong>super_ipSUItt,</strong></span> <span class='ocrx_word' id='word_1_875' title='bbox 1464 1364 1537 1396; x_wconf 84' lang='lat' dir='ltr'><strong>quasi</strong></span> <span class='ocrx_word' id='word_1_876' title='bbox 1549 1359 1629 1398; x_wconf 82' lang='lat' dir='ltr'><strong>super</strong></span> <span class='ocrx_word' id='word_1_877' title='bbox 1645 1365 1779 1397; x_wconf 89' lang='lat' dir='ltr'><strong>proprium</strong></span> 
     </span>
    </p>
   </div>
   <div class='ocr_carea' id='block_1_116' title="bbox 985 1395 1779 1432">
    <p class='ocr_par' dir='ltr' id='par_1_116' title="bbox 985 1395 1779 1432">
     <span class='ocr_line' id='line_1_116' title="bbox 985 1395 1779 1432; baseline 0.005 -11"><span class='ocrx_word' id='word_1_878' title='bbox 985 1395 1196 1432; x_wconf 77' lang='lat' dir='ltr'><strong>fundamentum.</strong></span> <span class='ocrx_word' id='word_1_879' title='bbox 1212 1395 1238 1423; x_wconf 88' lang='lat' dir='ltr'><strong>Si</strong></span> <span class='ocrx_word' id='word_1_880' title='bbox 1254 1397 1327 1432; x_wconf 70' lang='lat' dir='ltr'><strong>quis</strong></span> <span class='ocrx_word' id='word_1_881' title='bbox 1338 1396 1371 1424; x_wconf 86' lang='lat' dir='ltr'><strong>de</strong></span> <span class='ocrx_word' id='word_1_882' title='bbox 1385 1397 1442 1423; x_wconf 74' lang='lat' dir='ltr'><strong>istis</strong></span> <span class='ocrx_word' id='word_1_883' title='bbox 1468 1395 1631 1432; x_wconf 80' lang='lat' dir='ltr'><strong>peccaverit,</strong></span> <span class='ocrx_word' id='word_1_884' title='bbox 1645 1395 1701 1425; x_wconf 79' lang='lat' dir='ltr'><strong>non</strong></span> <span class='ocrx_word' id='word_1_885' title='bbox 1718 1405 1779 1425; x_wconf 87' lang='lat' dir='ltr'><strong>cum</strong></span> 
     </span>
    </p>
   </div>
   <div class='ocr_carea' id='block_1_117' title="bbox 985 1431 1779 1467">
    <p class='ocr_par' dir='ltr' id='par_1_117' title="bbox 985 1431 1779 1467">
     <span class='ocr_line' id='line_1_117' title="bbox 985 1431 1779 1467; baseline 0.004 -11"><span class='ocrx_word' id='word_1_886' title='bbox 985 1431 1106 1467; x_wconf 67' lang='lat' dir='ltr'><strong>Christus</strong></span> <span class='ocrx_word' id='word_1_887' title='bbox 1127 1431 1272 1464; x_wconf 90' lang='lat' dir='ltr'><strong>corrumpit</strong></span> <span class='ocrx_word' id='word_1_888' title='bbox 1284 1451 1291 1462; x_wconf 91' lang='lat'><strong>,</strong></span> <span class='ocrx_word' id='word_1_889' title='bbox 1305 1432 1351 1458; x_wconf 76' lang='lat' dir='ltr'><strong>sed</strong></span> <span class='ocrx_word' id='word_1_890' title='bbox 1364 1432 1420 1466; x_wconf 86' lang='lat' dir='ltr'><strong>ipse</strong></span> <span class='ocrx_word' id='word_1_891' title='bbox 1434 1431 1630 1467; x_wconf 36' lang='lat' dir='ltr'><strong>se&#39;corruutpit,</strong></span> <span class='ocrx_word' id='word_1_892' title='bbox 1642 1434 1779 1460; x_wconf 84' lang='lat' dir='ltr'><strong>olfcudcns</strong></span> 
     </span>
    </p>
   </div>
   <div class='ocr_carea' id='block_1_118' title="bbox 986 1465 1779 1503">
    <p class='ocr_par' dir='ltr' id='par_1_118' title="bbox 986 1465 1779 1503">
     <span class='ocr_line' id='line_1_118' title="bbox 986 1465 1779 1503; baseline 0.003 -11"><span class='ocrx_word' id='word_1_893' title='bbox 986 1466 1011 1492; x_wconf 94' lang='lat' dir='ltr'><strong>in</strong></span> <span class='ocrx_word' id='word_1_894' title='bbox 1028 1465 1177 1503; x_wconf 69' lang='lat' dir='ltr'><strong>Christum;</strong></span> <span class='ocrx_word' id='word_1_895' title='bbox 1193 1470 1221 1493; x_wconf 88' lang='lat' dir='ltr'><strong>et</strong></span> <span class='ocrx_word' id='word_1_896' title='bbox 1234 1467 1293 1493; x_wconf 84' lang='lat' dir='ltr'><strong>ideo</strong></span> <span class='ocrx_word' id='word_1_897' title='bbox 1305 1465 1471 1503; x_wconf 67' lang='lat' dir='ltr'><strong>Christianus</strong></span> <span class='ocrx_word' id='word_1_898' title='bbox 1487 1465 1597 1503; x_wconf 75' lang='lat' dir='ltr'><strong>peccans</strong></span> <span class='ocrx_word' id='word_1_899' title='bbox 1609 1477 1661 1495; x_wconf 84' lang='lat' dir='ltr'><strong>non</strong></span> <span class='ocrx_word' id='word_1_900' title='bbox 1678 1473 1779 1495; x_wconf 90' lang='lat' dir='ltr'><strong>lautnnt</strong></span> 
     </span>
    </p>
   </div>
   <div class='ocr_carea' id='block_1_119' title="bbox 986 1501 1779 1539">
    <p class='ocr_par' dir='ltr' id='par_1_119' title="bbox 986 1501 1779 1539">
     <span class='ocr_line' id='line_1_119' title="bbox 986 1501 1779 1539; baseline 0.005 -13"><span class='ocrx_word' id='word_1_901' title='bbox 986 1501 1072 1539; x_wconf 75' lang='lat' dir='ltr'><strong>periit,</strong></span> <span class='ocrx_word' id='word_1_902' title='bbox 1084 1505 1215 1539; x_wconf 64' lang='lat' dir='ltr'><strong>quantuni</strong></span> <span class='ocrx_word' id='word_1_903' title='bbox 1224 1505 1311 1535; x_wconf 87' lang='lat' dir='ltr'><strong>potest</strong></span> <span class='ocrx_word' id='word_1_904' title='bbox 1322 1502 1431 1535; x_wconf 87' lang='lat' dir='ltr'><strong>perdere</strong></span> <span class='ocrx_word' id='word_1_905' title='bbox 1440 1501 1584 1539; x_wconf 75' lang='lat' dir='ltr'><strong>Christum,</strong></span> <span class='ocrx_word' id='word_1_906' title='bbox 1594 1505 1641 1539; x_wconf 80' lang='lat' dir='ltr'><strong>sed</strong></span> <span class='ocrx_word' id='word_1_907' title='bbox 1651 1508 1779 1539; x_wconf 82' lang='lat' dir='ltr'><strong>quantum</strong></span> 
     </span>
    </p>
   </div>
   <div class='ocr_carea' id='block_1_120' title="bbox 986 1535 1778 1572">
    <p class='ocr_par' dir='ltr' id='par_1_120' title="bbox 986 1535 1778 1572">
     <span class='ocr_line' id='line_1_120' title="bbox 986 1535 1778 1572; baseline 0.004 -10"><span class='ocrx_word' id='word_1_908' title='bbox 986 1537 1106 1572; x_wconf 76' lang='lat' dir='ltr'><strong>scipsuut</strong></span> <span class='ocrx_word' id='word_1_909' title='bbox 1117 1535 1262 1572; x_wconf 84' lang='lat' dir='ltr'><strong>secundum</strong></span> <span class='ocrx_word' id='word_1_910' title='bbox 1275 1544 1354 1570; x_wconf 86' lang='lat' dir='ltr'><strong>opera</strong></span> <span class='ocrx_word' id='word_1_911' title='bbox 1372 1545 1418 1565; x_wconf 87' lang='lat' dir='ltr'><strong>sua</strong></span> <span class='ocrx_word' id='word_1_912' title='bbox 1433 1535 1587 1572; x_wconf 81' lang='lat' dir='ltr'><strong>perdiderit.</strong></span> <span class='ocrx_word' id='word_1_913' title='bbox 1602 1535 1687 1566; x_wconf 74' lang='lat' dir='ltr'><strong>llonio</strong></span> <span class='ocrx_word' id='word_1_914' title='bbox 1700 1538 1778 1565; x_wconf 80' lang='lat' dir='ltr'><strong>Citri-</strong></span> 
     </span>
    </p>
   </div>
   <div class='ocr_carea' id='block_1_121' title="bbox 986 1571 1777 1608">
    <p class='ocr_par' dir='ltr' id='par_1_121' title="bbox 986 1571 1777 1608">
     <span class='ocr_line' id='line_1_121' title="bbox 986 1571 1777 1608; baseline 0.004 -12"><span class='ocrx_word' id='word_1_915' title='bbox 986 1571 1088 1602; x_wconf 81' lang='lat' dir='ltr'><strong>stianus</strong></span> <span class='ocrx_word' id='word_1_916' title='bbox 1099 1571 1201 1598; x_wconf 87' lang='lat' dir='ltr'><strong>fortiter</strong></span> <span class='ocrx_word' id='word_1_917' title='bbox 1211 1571 1280 1608; x_wconf 77' lang='lat' dir='ltr'><strong>cadit</strong></span> <span class='ocrx_word' id='word_1_918' title='bbox 1290 1573 1319 1608; x_wconf 70' lang='lat' dir='ltr'><strong>in</strong></span> <span class='ocrx_word' id='word_1_919' title='bbox 1336 1571 1453 1605; x_wconf 81' lang='lat' dir='ltr'><strong>peccato,</strong></span> <span class='ocrx_word' id='word_1_920' title='bbox 1467 1578 1574 1608; x_wconf 87' lang='lat' dir='ltr'><strong>propter</strong></span> <span class='ocrx_word' id='word_1_921' title='bbox 1586 1573 1652 1601; x_wconf 89' lang='lat' dir='ltr'><strong>duas</strong></span> <span class='ocrx_word' id='word_1_922' title='bbox 1664 1581 1758 1600; x_wconf 81' lang='lat' dir='ltr'><strong>causas</strong></span> <span class='ocrx_word' id='word_1_923' title='bbox 1771 1582 1777 1599; x_wconf 71' lang='grc' dir='ltr'>ε</span> 
     </span>
    </p>
   </div>
   <div class='ocr_carea' id='block_1_122' title="bbox 986 1606 1779 1644">
    <p class='ocr_par' dir='ltr' id='par_1_122' title="bbox 986 1606 1779 1644">
     <span class='ocr_line' id='line_1_122' title="bbox 986 1606 1779 1644; baseline 0.004 -12"><span class='ocrx_word' id='word_1_924' title='bbox 986 1611 1031 1644; x_wconf 78' lang='lat' dir='ltr'><strong>aut</strong></span> <span class='ocrx_word' id='word_1_925' title='bbox 1043 1606 1369 1644; x_wconf 75' lang='lat' dir='ltr'><strong>propter_ma_gniludinem</strong></span> <span class='ocrx_word' id='word_1_926' title='bbox 1381 1609 1493 1644; x_wconf 73' lang='lat' dir='ltr'><strong>peccati,</strong></span> <span class='ocrx_word' id='word_1_927' title='bbox 1507 1606 1553 1636; x_wconf 81' lang='lat' dir='ltr'><strong>aut</strong></span> <span class='ocrx_word' id='word_1_928' title='bbox 1566 1614 1672 1644; x_wconf 88' lang='lat' dir='ltr'><strong>propter</strong></span> <span class='ocrx_word' id='word_1_929' title='bbox 1687 1609 1779 1636; x_wconf 89' lang='lat' dir='ltr'><strong>altitu-</strong></span> 
     </span>
    </p>
   </div>
   <div class='ocr_carea' id='block_1_123' title="bbox 986 1641 1780 1676">
    <p class='ocr_par' dir='ltr' id='par_1_123' title="bbox 986 1641 1780 1676">
     <span class='ocr_line' id='line_1_123' title="bbox 986 1641 1780 1676; baseline 0.003 -8"><span class='ocrx_word' id='word_1_930' title='bbox 986 1641 1075 1668; x_wconf 74' lang='lat' dir='ltr'><strong>dinem</strong></span> <span class='ocrx_word' id='word_1_931' title='bbox 1089 1641 1223 1676; x_wconf 79' lang='lat' dir='ltr'><strong>dignitatis</strong></span> <span class='ocrx_word' id='word_1_932' title='bbox 1234 1650 1239 1666; x_wconf 87' lang='lat'>:</span> <span class='ocrx_word' id='word_1_933' title='bbox 1251 1646 1352 1676; x_wconf 89' lang='lat' dir='ltr'><strong>tttputa,</strong></span> <span class='ocrx_word' id='word_1_934' title='bbox 1364 1643 1386 1669; x_wconf 85' lang='lat' dir='ltr'><strong>si</strong></span> <span class='ocrx_word' id='word_1_935' title='bbox 1397 1643 1431 1669; x_wconf 88' lang='lat' dir='ltr'><strong>sit</strong></span> <span class='ocrx_word' id='word_1_936' title='bbox 1443 1641 1625 1676; x_wconf 44' lang='lat' dir='ltr'><strong>clericum—ani</strong></span> <span class='ocrx_word' id='word_1_937' title='bbox 1639 1644 1780 1671; x_wconf 90' lang='lat' dir='ltr'><strong>continetts</strong></span> 
     </span>
    </p>
   </div>
   <div class='ocr_carea' id='block_1_124' title="bbox 987 1676 1779 1714">
    <p class='ocr_par' dir='ltr' id='par_1_124' title="bbox 987 1676 1779 1714">
     <span class='ocr_line' id='line_1_124' title="bbox 987 1676 1779 1714; baseline 0.004 -11"><span class='ocrx_word' id='word_1_938' title='bbox 987 1677 1082 1714; x_wconf 78' lang='lat' dir='ltr'><strong>vidua,</strong></span> <span class='ocrx_word' id='word_1_939' title='bbox 1095 1681 1140 1714; x_wconf 80' lang='lat' dir='ltr'><strong>aut</strong></span> <span class='ocrx_word' id='word_1_940' title='bbox 1156 1676 1319 1714; x_wconf 69' lang='lat' dir='ltr'><strong>monachus,</strong></span> <span class='ocrx_word' id='word_1_941' title='bbox 1335 1681 1380 1714; x_wconf 83' lang='lat' dir='ltr'><strong>aut</strong></span> <span class='ocrx_word' id='word_1_942' title='bbox 1394 1678 1467 1712; x_wconf 76' lang='lat' dir='ltr'><strong>virgo</strong></span> <span class='ocrx_word' id='word_1_943' title='bbox 1478 1700 1485 1710; x_wconf 84' lang='grc'><strong>,</strong></span> <span class='ocrx_word' id='word_1_944' title='bbox 1501 1679 1526 1706; x_wconf 91' lang='lat' dir='ltr'><strong>id</strong></span> <span class='ocrx_word' id='word_1_945' title='bbox 1546 1683 1588 1706; x_wconf 87' lang='lat' dir='ltr'><strong>est</strong></span> <span class='ocrx_word' id='word_1_946' title='bbox 1599 1699 1606 1710; x_wconf 93' lang='lat'><strong>,</strong></span> <span class='ocrx_word' id='word_1_947' title='bbox 1622 1679 1666 1714; x_wconf 86' lang='lat' dir='ltr'><strong>qui</strong></span> <span class='ocrx_word' id='word_1_948' title='bbox 1682 1688 1710 1706; x_wconf 78' lang='lat' dir='ltr'><strong>se</strong></span> <span class='ocrx_word' id='word_1_949' title='bbox 1724 1679 1779 1706; x_wconf 81' lang='lat' dir='ltr'><strong>Deo</strong></span> 
     </span>
    </p>
   </div>
   <div class='ocr_carea' id='block_1_125' title="bbox 987 1712 1778 1749">
    <p class='ocr_par' dir='ltr' id='par_1_125' title="bbox 987 1712 1778 1749">
     <span class='ocr_line' id='line_1_125' title="bbox 987 1712 1778 1749; baseline 0.001 -10"><span class='ocrx_word' id='word_1_950' title='bbox 987 1712 1106 1749; x_wconf 21' lang='lat' dir='ltr'><strong>tradidit.»</strong></span> <span class='ocrx_word' id='word_1_951' title='bbox 1114 1712 1224 1749; x_wconf 78' lang='lat' dir='ltr'><strong>Propter</strong></span> <span class='ocrx_word' id='word_1_952' title='bbox 1235 1712 1440 1749; x_wconf 57' lang='lat' dir='ltr'><strong>magnitudinem</strong></span> <span class='ocrx_word' id='word_1_953' title='bbox 1450 1720 1536 1740; x_wconf 86' lang='lat' dir='ltr'><strong>autem</strong></span> <span class='ocrx_word' id='word_1_954' title='bbox 1548 1712 1648 1749; x_wconf 80' lang='lat' dir='ltr'><strong>peccaii</strong></span> <span class='ocrx_word' id='word_1_955' title='bbox 1659 1723 1665 1740; x_wconf 88' lang='lat'><strong>:</strong></span> <span class='ocrx_word' id='word_1_956' title='bbox 1678 1718 1778 1748; x_wconf 84' lang='lat' dir='ltr'><strong>utputa,</strong></span> 
     </span>
    </p>
   </div>
   <div class='ocr_carea' id='block_1_126' title="bbox 987 1747 1779 1782">
    <p class='ocr_par' dir='ltr' id='par_1_126' title="bbox 987 1747 1779 1782">
     <span class='ocr_line' id='line_1_126' title="bbox 987 1747 1779 1782; baseline 0.001 -8"><span class='ocrx_word' id='word_1_957' title='bbox 987 1747 1008 1774; x_wconf 89' lang='lat' dir='ltr'><strong>si</strong></span> <span class='ocrx_word' id='word_1_958' title='bbox 1025 1747 1084 1782; x_wconf 89' lang='lat' dir='ltr'><strong>quis</strong></span> <span class='ocrx_word' id='word_1_959' title='bbox 1101 1747 1270 1774; x_wconf 90' lang='lat' dir='ltr'><strong>homicidium</strong></span> <span class='ocrx_word' id='word_1_960' title='bbox 1287 1747 1389 1778; x_wconf 84' lang='lat' dir='ltr'><strong>fecerit.</strong></span> <span class='ocrx_word' id='word_1_961' title='bbox 1405 1754 1451 1775; x_wconf 87' lang='lat' dir='ltr'><strong>aut</strong></span> <span class='ocrx_word' id='word_1_962' title='bbox 1465 1747 1633 1781; x_wconf 76' lang='lat' dir='ltr'><strong>adulterium,</strong></span> <span class='ocrx_word' id='word_1_963' title='bbox 1650 1754 1694 1776; x_wconf 91' lang='lat' dir='ltr'><strong>aut</strong></span> <span class='ocrx_word' id='word_1_964' title='bbox 1707 1747 1779 1776; x_wconf 81' lang='lat' dir='ltr'><strong>aliud</strong></span> 
     </span>
    </p>
   </div>
   <div class='ocr_carea' id='block_1_127' title="bbox 987 1782 1780 1817">
    <p class='ocr_par' dir='ltr' id='par_1_127' title="bbox 987 1782 1780 1817">
     <span class='ocr_line' id='line_1_127' title="bbox 987 1782 1780 1817; baseline 0.003 -9"><span class='ocrx_word' id='word_1_965' title='bbox 987 1782 1085 1817; x_wconf 89' lang='lat' dir='ltr'><strong>aliquid</strong></span> <span class='ocrx_word' id='word_1_966' title='bbox 1103 1783 1135 1809; x_wconf 90' lang='lat' dir='ltr'><strong>de</strong></span> <span class='ocrx_word' id='word_1_967' title='bbox 1149 1782 1274 1816; x_wconf 76' lang='lat' dir='ltr'><strong>gravibus</strong></span> <span class='ocrx_word' id='word_1_968' title='bbox 1289 1783 1421 1816; x_wconf 86' lang='lat' dir='ltr'><strong>peccatis:</strong></span> <span class='ocrx_word' id='word_1_969' title='bbox 1435 1785 1478 1811; x_wconf 92' lang='lat' dir='ltr'><strong>ille</strong></span> <span class='ocrx_word' id='word_1_970' title='bbox 1492 1785 1564 1814; x_wconf 87' lang='lat' dir='ltr'><strong>talis,</strong></span> <span class='ocrx_word' id='word_1_971' title='bbox 1575 1785 1623 1812; x_wconf 84' lang='lat' dir='ltr'><strong>etsi</strong></span> <span class='ocrx_word' id='word_1_972' title='bbox 1640 1785 1673 1811; x_wconf 90' lang='lat' dir='ltr'><strong>de</strong></span> <span class='ocrx_word' id='word_1_973' title='bbox 1688 1785 1780 1811; x_wconf 90' lang='lat' dir='ltr'><strong>luunili</strong></span> 
     </span>
    </p>
   </div>
   <div class='ocr_carea' id='block_1_128' title="bbox 987 1817 1781 1852">
    <p class='ocr_par' dir='ltr' id='par_1_128' title="bbox 987 1817 1781 1852">
     <span class='ocr_line' id='line_1_128' title="bbox 987 1817 1781 1852; baseline 0.004 -8"><span class='ocrx_word' id='word_1_974' title='bbox 987 1817 1046 1844; x_wconf 82' lang='lat' dir='ltr'><strong>loco</strong></span> <span class='ocrx_word' id='word_1_975' title='bbox 1059 1818 1139 1849; x_wconf 86' lang='lat' dir='ltr'><strong>cadit,</strong></span> <span class='ocrx_word' id='word_1_976' title='bbox 1153 1817 1178 1844; x_wconf 90' lang='lat' dir='ltr'><strong>id</strong></span> <span class='ocrx_word' id='word_1_977' title='bbox 1190 1821 1239 1849; x_wconf 68' lang='lat' dir='ltr'><strong>est,</strong></span> <span class='ocrx_word' id='word_1_978' title='bbox 1250 1818 1299 1845; x_wconf 85' lang='lat' dir='ltr'><strong>etsi</strong></span> <span class='ocrx_word' id='word_1_979' title='bbox 1313 1818 1396 1846; x_wconf 88' lang='lat' dir='ltr'><strong>laicus</strong></span> <span class='ocrx_word' id='word_1_980' title='bbox 1407 1819 1451 1851; x_wconf 88' lang='lat' dir='ltr'><strong>sit,</strong></span> <span class='ocrx_word' id='word_1_981' title='bbox 1466 1824 1511 1847; x_wconf 89' lang='lat' dir='ltr'><strong>aut</strong></span> <span class='ocrx_word' id='word_1_982' title='bbox 1522 1820 1665 1852; x_wconf 58' lang='lat' dir='ltr'><strong>saecularis,</strong></span> <span class='ocrx_word' id='word_1_983' title='bbox 1679 1820 1781 1847; x_wconf 82' lang='lat' dir='ltr'><strong>fortiter</strong></span> 
     </span>
    </p>
   </div>
   <div class='ocr_carea' id='block_1_129' title="bbox 987 1852 1780 1888">
    <p class='ocr_par' dir='ltr' id='par_1_129' title="bbox 987 1852 1780 1888">
     <span class='ocr_line' id='line_1_129' title="bbox 987 1852 1780 1888; baseline 0.004 -9"><span class='ocrx_word' id='word_1_984' title='bbox 987 1853 1055 1888; x_wconf 89' lang='lat' dir='ltr'><strong>perit</strong></span> <span class='ocrx_word' id='word_1_985' title='bbox 1073 1857 1180 1887; x_wconf 87' lang='lat' dir='ltr'><strong>propter</strong></span> <span class='ocrx_word' id='word_1_986' title='bbox 1193 1852 1296 1888; x_wconf 89' lang='lat' dir='ltr'><strong>pondus</strong></span> <span class='ocrx_word' id='word_1_987' title='bbox 1313 1855 1425 1887; x_wconf 89' lang='lat' dir='ltr'><strong>peccati.</strong></span> <span class='ocrx_word' id='word_1_988' title='bbox 1442 1855 1479 1882; x_wconf 87' lang='lat' dir='ltr'><strong>De</strong></span> <span class='ocrx_word' id='word_1_989' title='bbox 1490 1855 1544 1882; x_wconf 87' lang='lat' dir='ltr'><strong>alto</strong></span> <span class='ocrx_word' id='word_1_990' title='bbox 1558 1863 1621 1882; x_wconf 79' lang='lat' dir='ltr'><strong>vero</strong></span> <span class='ocrx_word' id='word_1_991' title='bbox 1633 1856 1702 1882; x_wconf 85' lang='lat' dir='ltr'><strong>cadit</strong></span> <span class='ocrx_word' id='word_1_992' title='bbox 1715 1876 1722 1887; x_wconf 90' lang='lat'><strong>,</strong></span> <span class='ocrx_word' id='word_1_993' title='bbox 1739 1859 1780 1882; x_wconf 91' lang='lat' dir='ltr'><strong>ut-</strong></span> 
     </span>
    </p>
   </div>
   <div class='ocr_carea' id='block_1_130' title="bbox 988 1889 1780 1925">
    <p class='ocr_par' dir='ltr' id='par_1_130' title="bbox 988 1889 1780 1925">
     <span class='ocr_line' id='line_1_130' title="bbox 988 1889 1780 1925; baseline 0.004 -11"><span class='ocrx_word' id='word_1_994' title='bbox 988 1893 1055 1925; x_wconf 70' lang='lat' dir='ltr'><strong>puta</strong></span> <span class='ocrx_word' id='word_1_995' title='bbox 1063 1889 1186 1920; x_wconf 84' lang='lat' dir='ltr'><strong>clericus,</strong></span> <span class='ocrx_word' id='word_1_996' title='bbox 1198 1892 1357 1925; x_wconf 59' lang='lat' dir='ltr'><strong>caetera:th</strong></span> <span class='ocrx_word' id='word_1_997' title='bbox 1372 1890 1523 1923; x_wconf 75' lang='lat' dir='ltr'><strong>Spiritualcs</strong></span> <span class='ocrx_word' id='word_1_998' title='bbox 1537 1898 1666 1925; x_wconf 83' lang='lat' dir='ltr'><strong>person:e.</strong></span> <span class='ocrx_word' id='word_1_999' title='bbox 1680 1890 1716 1916; x_wconf 98' lang='lat' dir='ltr'><strong>llli</strong></span> <span class='ocrx_word' id='word_1_1000' title='bbox 1729 1891 1780 1917; x_wconf 73' lang='lat' dir='ltr'><strong>etsi</strong></span> 
     </span>
    </p>
   </div>
   <div class='ocr_carea' id='block_1_131' title="bbox 988 1924 1779 1960">
    <p class='ocr_par' dir='ltr' id='par_1_131' title="bbox 988 1924 1779 1960">
     <span class='ocr_line' id='line_1_131' title="bbox 988 1924 1779 1960; baseline 0.005 -12"><span class='ocrx_word' id='word_1_1001' title='bbox 988 1924 1090 1957; x_wconf 76' lang='lat' dir='ltr'><strong>pondus</strong></span> <span class='ocrx_word' id='word_1_1002' title='bbox 1104 1924 1204 1960; x_wconf 78' lang='lat' dir='ltr'><strong>peccati</strong></span> <span class='ocrx_word' id='word_1_1003' title='bbox 1227 1931 1279 1960; x_wconf 77' lang='lat' dir='ltr'><strong>non</strong></span> <span class='ocrx_word' id='word_1_1004' title='bbox 1293 1924 1391 1960; x_wconf 78' lang='lat' dir='ltr'><strong>habent</strong></span> <span class='ocrx_word' id='word_1_1005' title='bbox 1402 1945 1408 1956; x_wconf 96' lang='lat'><strong>,</strong></span> <span class='ocrx_word' id='word_1_1006' title='bbox 1425 1926 1450 1951; x_wconf 92' lang='lat' dir='ltr'><strong>id</strong></span> <span class='ocrx_word' id='word_1_1007' title='bbox 1465 1931 1503 1952; x_wconf 86' lang='lat' dir='ltr'><strong>est</strong></span> <span class='ocrx_word' id='word_1_1008' title='bbox 1517 1945 1524 1957; x_wconf 85' lang='lat'><strong>,</strong></span> <span class='ocrx_word' id='word_1_1009' title='bbox 1540 1926 1588 1953; x_wconf 85' lang='lat' dir='ltr'><strong>etsi</strong></span> <span class='ocrx_word' id='word_1_1010' title='bbox 1603 1925 1703 1960; x_wconf 79' lang='lat' dir='ltr'><strong>grande</strong></span> <span class='ocrx_word' id='word_1_1011' title='bbox 1717 1933 1779 1960; x_wconf 87' lang='lat' dir='ltr'><strong>pec-</strong></span> 
     </span>
    </p>
   </div>
   <div class='ocr_carea' id='block_1_132' title="bbox 987 1958 1780 1995">
    <p class='ocr_par' dir='ltr' id='par_1_132' title="bbox 987 1958 1780 1995">
     <span class='ocr_line' id='line_1_132' title="bbox 987 1958 1780 1995; baseline 0.001 -10"><span class='ocrx_word' id='word_1_1012' title='bbox 987 1962 1074 1985; x_wconf 87' lang='lat' dir='ltr'><strong>catunt</strong></span> <span class='ocrx_word' id='word_1_1013' title='bbox 1091 1967 1142 1995; x_wconf 83' lang='lat' dir='ltr'><strong>non</strong></span> <span class='ocrx_word' id='word_1_1014' title='bbox 1159 1958 1285 1995; x_wconf 67' lang='lat' dir='ltr'><strong>fecerint,</strong></span> <span class='ocrx_word' id='word_1_1015' title='bbox 1300 1959 1346 1995; x_wconf 82' lang='lat' dir='ltr'><strong>sed</strong></span> <span class='ocrx_word' id='word_1_1016' title='bbox 1362 1959 1431 1991; x_wconf 84' lang='lat' dir='ltr'><strong>leve,</strong></span> <span class='ocrx_word' id='word_1_1017' title='bbox 1447 1965 1534 1987; x_wconf 89' lang='lat' dir='ltr'><strong>tamen</strong></span> <span class='ocrx_word' id='word_1_1018' title='bbox 1550 1958 1654 1988; x_wconf 84' lang='lat' dir='ltr'><strong>fortiter</strong></span> <span class='ocrx_word' id='word_1_1019' title='bbox 1669 1958 1780 1995; x_wconf 78' lang='lat' dir='ltr'><strong>pereunt</strong></span> 
     </span>
    </p>
   </div>
   <div class='ocr_carea' id='block_1_133' title="bbox 987 1993 1779 2029">
    <p class='ocr_par' dir='ltr' id='par_1_133' title="bbox 987 1993 1779 2029">
     <span class='ocr_line' id='line_1_133' title="bbox 987 1993 1779 2029; baseline 0.004 -9"><span class='ocrx_word' id='word_1_1020' title='bbox 987 1999 1095 2028; x_wconf 82' lang='lat' dir='ltr'><strong>propter</strong></span> <span class='ocrx_word' id='word_1_1021' title='bbox 1117 1993 1281 2029; x_wconf 88' lang='lat' dir='ltr'><strong>altitudinem</strong></span> <span class='ocrx_word' id='word_1_1022' title='bbox 1304 1993 1449 2028; x_wconf 80' lang='lat' dir='ltr'><strong>dignitatis.</strong></span> <span class='ocrx_word' id='word_1_1023' title='bbox 1472 1995 1546 2022; x_wconf 87' lang='lat' dir='ltr'><strong>Sicut</strong></span> <span class='ocrx_word' id='word_1_1024' title='bbox 1568 1996 1639 2021; x_wconf 88' lang='lat' dir='ltr'><strong>enint</strong></span> <span class='ocrx_word' id='word_1_1025' title='bbox 1660 1993 1730 2029; x_wconf 86' lang='lat' dir='ltr'><strong>quod</strong></span> <span class='ocrx_word' id='word_1_1026' title='bbox 1746 1995 1779 2023; x_wconf 84' lang='lat' dir='ltr'><strong>de</strong></span> 
     </span>
    </p>
   </div>
   <div class='ocr_carea' id='block_1_134' title="bbox 987 2028 1777 2062">
    <p class='ocr_par' dir='ltr' id='par_1_134' title="bbox 987 2028 1777 2062">
     <span class='ocr_line' id='line_1_134' title="bbox 987 2028 1777 2062; baseline 0.004 -8"><span class='ocrx_word' id='word_1_1027' title='bbox 987 2030 1041 2055; x_wconf 80' lang='lat' dir='ltr'><strong>alto</strong></span> <span class='ocrx_word' id='word_1_1028' title='bbox 1053 2029 1138 2058; x_wconf 86' lang='lat' dir='ltr'><strong>cadit.</strong></span> <span class='ocrx_word' id='word_1_1029' title='bbox 1153 2028 1281 2062; x_wconf 73' lang='lat' dir='ltr'><strong>grandem</strong></span> <span class='ocrx_word' id='word_1_1030' title='bbox 1295 2036 1388 2055; x_wconf 88' lang='lat' dir='ltr'><strong>souuut</strong></span> <span class='ocrx_word' id='word_1_1031' title='bbox 1405 2030 1465 2057; x_wconf 88' lang='lat' dir='ltr'><strong>facit</strong></span> <span class='ocrx_word' id='word_1_1032' title='bbox 1477 2051 1485 2062; x_wconf 86' lang='lat'><strong>,</strong></span> <span class='ocrx_word' id='word_1_1033' title='bbox 1500 2035 1528 2057; x_wconf 91' lang='lat' dir='ltr'><strong>ut</strong></span> <span class='ocrx_word' id='word_1_1034' title='bbox 1541 2031 1649 2057; x_wconf 86' lang='lat' dir='ltr'><strong>audiant</strong></span> <span class='ocrx_word' id='word_1_1035' title='bbox 1663 2028 1755 2056; x_wconf 85' lang='lat' dir='ltr'><strong>omnes</strong></span> <span class='ocrx_word' id='word_1_1036' title='bbox 1771 2039 1777 2057; x_wconf 89' lang='lat'>:</span> 
     </span>
    </p>
   </div>
   <div class='ocr_carea' id='block_1_135' title="bbox 987 2063 1780 2099">
    <p class='ocr_par' dir='ltr' id='par_1_135' title="bbox 987 2063 1780 2099">
     <span class='ocr_line' id='line_1_135' title="bbox 987 2063 1780 2099; baseline 0.003 -9"><span class='ocrx_word' id='word_1_1037' title='bbox 987 2064 1025 2090; x_wconf 83' lang='lat' dir='ltr'><strong>sic</strong></span> <span class='ocrx_word' id='word_1_1038' title='bbox 1040 2069 1066 2090; x_wconf 91' lang='lat' dir='ltr'><strong>et</strong></span> <span class='ocrx_word' id='word_1_1039' title='bbox 1081 2064 1125 2098; x_wconf 92' lang='lat' dir='ltr'><strong>qtti</strong></span> <span class='ocrx_word' id='word_1_1040' title='bbox 1141 2064 1174 2090; x_wconf 88' lang='lat' dir='ltr'><strong>de</strong></span> <span class='ocrx_word' id='word_1_1041' title='bbox 1188 2063 1241 2090; x_wconf 89' lang='lat' dir='ltr'><strong>alto</strong></span> <span class='ocrx_word' id='word_1_1042' title='bbox 1251 2064 1334 2098; x_wconf 83' lang='lat' dir='ltr'><strong>gradu</strong></span> <span class='ocrx_word' id='word_1_1043' title='bbox 1349 2064 1438 2097; x_wconf 88' lang='lat' dir='ltr'><strong>cadit,</strong></span> <span class='ocrx_word' id='word_1_1044' title='bbox 1452 2066 1526 2092; x_wconf 87' lang='lat' dir='ltr'><strong>ruitta</strong></span> <span class='ocrx_word' id='word_1_1045' title='bbox 1541 2066 1609 2092; x_wconf 92' lang='lat' dir='ltr'><strong>illius</strong></span> <span class='ocrx_word' id='word_1_1046' title='bbox 1623 2065 1718 2099; x_wconf 79' lang='lat' dir='ltr'><strong>ultique</strong></span> <span class='ocrx_word' id='word_1_1047' title='bbox 1733 2073 1780 2092; x_wconf 45' lang='lat' dir='ltr'><strong>au.</strong></span> 
     </span>
    </p>
   </div>
   <div class='ocr_carea' id='block_1_136' title="bbox 988 2099 1780 2134">
    <p class='ocr_par' dir='ltr' id='par_1_136' title="bbox 988 2099 1780 2134">
     <span class='ocr_line' id='line_1_136' title="bbox 988 2099 1780 2134; baseline 0.003 -9"><span class='ocrx_word' id='word_1_1048' title='bbox 988 2099 1068 2125; x_wconf 89' lang='lat' dir='ltr'><strong>ditur.</strong></span> <span class='ocrx_word' id='word_1_1049' title='bbox 1084 2099 1133 2132; x_wconf 78' lang='lat' dir='ltr'><strong>Qui</strong></span> <span class='ocrx_word' id='word_1_1050' title='bbox 1148 2103 1210 2125; x_wconf 89' lang='lat' dir='ltr'><strong>sunt</strong></span> <span class='ocrx_word' id='word_1_1051' title='bbox 1223 2105 1303 2133; x_wconf 67' lang='lat' dir='ltr'><strong>super</strong></span> <span class='ocrx_word' id='word_1_1052' title='bbox 1316 2107 1383 2133; x_wconf 87' lang='lat' dir='ltr'><strong>quos</strong></span> <span class='ocrx_word' id='word_1_1053' title='bbox 1397 2100 1463 2133; x_wconf 87' lang='lat' dir='ltr'><strong>lapis</strong></span> <span class='ocrx_word' id='word_1_1054' title='bbox 1478 2100 1566 2126; x_wconf 89' lang='lat' dir='ltr'><strong>cadit?</strong></span> <span class='ocrx_word' id='word_1_1055' title='bbox 1577 2100 1670 2131; x_wconf 81' lang='lat' dir='ltr'><strong>Judaei,</strong></span> <span class='ocrx_word' id='word_1_1056' title='bbox 1682 2105 1707 2127; x_wconf 86' lang='lat' dir='ltr'><strong>et</strong></span> <span class='ocrx_word' id='word_1_1057' title='bbox 1720 2108 1780 2134; x_wconf 76' lang='lat' dir='ltr'><strong>gru-</strong></span> 
     </span>
    </p>
   </div>
   <div class='ocr_carea' id='block_1_137' title="bbox 988 2133 1779 2170">
    <p class='ocr_par' dir='ltr' id='par_1_137' title="bbox 988 2133 1779 2170">
     <span class='ocr_line' id='line_1_137' title="bbox 988 2133 1779 2170; baseline 0.001 -10"><span class='ocrx_word' id='word_1_1058' title='bbox 988 2138 1028 2161; x_wconf 84' lang='lat' dir='ltr'><strong>tes</strong></span> <span class='ocrx_word' id='word_1_1059' title='bbox 1039 2155 1045 2165; x_wconf 89' lang='lat'><strong>,</strong></span> <span class='ocrx_word' id='word_1_1060' title='bbox 1058 2135 1102 2170; x_wconf 89' lang='lat' dir='ltr'><strong>qui</strong></span> <span class='ocrx_word' id='word_1_1061' title='bbox 1119 2142 1170 2160; x_wconf 89' lang='lat' dir='ltr'><strong>non</strong></span> <span class='ocrx_word' id='word_1_1062' title='bbox 1193 2133 1363 2161; x_wconf 84' lang='lat' dir='ltr'><strong>crediderunt</strong></span> <span class='ocrx_word' id='word_1_1063' title='bbox 1378 2134 1402 2161; x_wconf 90' lang='lat' dir='ltr'><strong>itt</strong></span> <span class='ocrx_word' id='word_1_1064' title='bbox 1419 2135 1563 2162; x_wconf 83' lang='lat' dir='ltr'><strong>Christum.</strong></span> <span class='ocrx_word' id='word_1_1065' title='bbox 1580 2136 1649 2170; x_wconf 82' lang='lat' dir='ltr'><strong>Ergo</strong></span> <span class='ocrx_word' id='word_1_1066' title='bbox 1674 2135 1710 2161; x_wconf 92' lang='lat' dir='ltr'><strong>illi</strong></span> <span class='ocrx_word' id='word_1_1067' title='bbox 1722 2133 1779 2162; x_wconf 68' lang='lat' dir='ltr'><strong>iton</strong></span> 
     </span>
    </p>
   </div>
   <div class='ocr_carea' id='block_1_138' title="bbox 988 2169 1780 2205">
    <p class='ocr_par' dir='ltr' id='par_1_138' title="bbox 988 2169 1780 2205">
     <span class='ocr_line' id='line_1_138' title="bbox 988 2169 1780 2205; baseline 0.003 -9"><span class='ocrx_word' id='word_1_1068' title='bbox 988 2169 1134 2196; x_wconf 86' lang='lat' dir='ltr'><strong>secundum</strong></span> <span class='ocrx_word' id='word_1_1069' title='bbox 1152 2175 1198 2205; x_wconf 77' lang='lat' dir='ltr'><strong>Sua</strong></span> <span class='ocrx_word' id='word_1_1070' title='bbox 1215 2176 1296 2203; x_wconf 86' lang='lat' dir='ltr'><strong>opera</strong></span> <span class='ocrx_word' id='word_1_1071' title='bbox 1312 2175 1441 2203; x_wconf 88' lang='lat' dir='ltr'><strong>pereunt,</strong></span> <span class='ocrx_word' id='word_1_1072' title='bbox 1456 2178 1541 2205; x_wconf 87' lang='lat' dir='ltr'><strong>tteque</strong></span> <span class='ocrx_word' id='word_1_1073' title='bbox 1559 2170 1703 2198; x_wconf 87' lang='lat' dir='ltr'><strong>secundum</strong></span> <span class='ocrx_word' id='word_1_1074' title='bbox 1719 2178 1780 2198; x_wconf 86' lang='lat' dir='ltr'><strong>suas</strong></span> 
     </span>
    </p>
   </div>
   <div class='ocr_carea' id='block_1_139' title="bbox 989 2204 1781 2240">
    <p class='ocr_par' dir='ltr' id='par_1_139' title="bbox 989 2204 1781 2240">
     <span class='ocr_line' id='line_1_139' title="bbox 989 2204 1781 2240; baseline 0.003 -10"><span class='ocrx_word' id='word_1_1075' title='bbox 989 2212 1132 2240; x_wconf 68' lang='lat' dir='ltr'><strong>personas,</strong></span> <span class='ocrx_word' id='word_1_1076' title='bbox 1147 2204 1193 2231; x_wconf 67' lang='lat' dir='ltr'><strong>sed</strong></span> <span class='ocrx_word' id='word_1_1077' title='bbox 1216 2208 1317 2240; x_wconf 83' lang='lat' dir='ltr'><strong>tantum</strong></span> <span class='ocrx_word' id='word_1_1078' title='bbox 1333 2211 1460 2238; x_wconf 83' lang='lat' dir='ltr'><strong>pereunt,</strong></span> <span class='ocrx_word' id='word_1_1079' title='bbox 1474 2210 1601 2240; x_wconf 80' lang='lat' dir='ltr'><strong>quantuni</strong></span> <span class='ocrx_word' id='word_1_1080' title='bbox 1618 2211 1703 2240; x_wconf 88' lang='lat' dir='ltr'><strong>potest</strong></span> <span class='ocrx_word' id='word_1_1081' title='bbox 1719 2213 1781 2239; x_wconf 87' lang='lat' dir='ltr'><strong>per-</strong></span> 
     </span>
    </p>
   </div>
   <div class='ocr_carea' id='block_1_140' title="bbox 988 2239 1781 2275">
    <p class='ocr_par' dir='ltr' id='par_1_140' title="bbox 988 2239 1781 2275">
     <span class='ocr_line' id='line_1_140' title="bbox 988 2239 1781 2275; baseline 0.001 -10"><span class='ocrx_word' id='word_1_1082' title='bbox 988 2239 1052 2275; x_wconf 83' lang='lat' dir='ltr'><strong>dere</strong></span> <span class='ocrx_word' id='word_1_1083' title='bbox 1067 2239 1196 2266; x_wconf 86' lang='lat' dir='ltr'><strong>Christus.</strong></span> <span class='ocrx_word' id='word_1_1084' title='bbox 1212 2239 1240 2267; x_wconf 84' lang='lat' dir='ltr'><strong>Si</strong></span> <span class='ocrx_word' id='word_1_1085' title='bbox 1256 2239 1352 2267; x_wconf 89' lang='lat' dir='ltr'><strong>videris</strong></span> <span class='ocrx_word' id='word_1_1086' title='bbox 1365 2248 1428 2275; x_wconf 78' lang='lat' dir='ltr'><strong>ergo</strong></span> <span class='ocrx_word' id='word_1_1087' title='bbox 1441 2239 1574 2268; x_wconf 83' lang='lat' dir='ltr'><strong>infidelem</strong></span> <span class='ocrx_word' id='word_1_1088' title='bbox 1589 2239 1732 2271; x_wconf 82' lang='lat' dir='ltr'><strong>hominem,</strong></span> <span class='ocrx_word' id='word_1_1089' title='bbox 1747 2248 1781 2267; x_wconf 85' lang='lat' dir='ltr'><strong>ne</strong></span> 
     </span>
    </p>
   </div>
   <div class='ocr_carea' id='block_1_141' title="bbox 988 2274 1781 2310">
    <p class='ocr_par' dir='ltr' id='par_1_141' title="bbox 988 2274 1781 2310">
     <span class='ocr_line' id='line_1_141' title="bbox 988 2274 1781 2310; baseline 0 -9"><span class='ocrx_word' id='word_1_1090' title='bbox 988 2274 1061 2301; x_wconf 83' lang='lat' dir='ltr'><strong>dicas</strong></span> <span class='ocrx_word' id='word_1_1091' title='bbox 1074 2295 1079 2306; x_wconf 86' lang='lat'><strong>,</strong></span> <span class='ocrx_word' id='word_1_1092' title='bbox 1094 2275 1184 2302; x_wconf 82' lang='lat' dir='ltr'><strong>Bonus</strong></span> <span class='ocrx_word' id='word_1_1093' title='bbox 1198 2280 1238 2302; x_wconf 89' lang='lat' dir='ltr'><strong>est</strong></span> <span class='ocrx_word' id='word_1_1094' title='bbox 1250 2295 1257 2306; x_wconf 85' lang='lat'><strong>,</strong></span> <span class='ocrx_word' id='word_1_1095' title='bbox 1269 2280 1313 2301; x_wconf 90' lang='lat' dir='ltr'><strong>aut</strong></span> <span class='ocrx_word' id='word_1_1096' title='bbox 1333 2275 1434 2308; x_wconf 85' lang='lat' dir='ltr'><strong>malus;</strong></span> <span class='ocrx_word' id='word_1_1097' title='bbox 1446 2276 1517 2310; x_wconf 85' lang='lat' dir='ltr'><strong>justa</strong></span> <span class='ocrx_word' id='word_1_1098' title='bbox 1537 2283 1618 2310; x_wconf 80' lang='lat' dir='ltr'><strong>opera</strong></span> <span class='ocrx_word' id='word_1_1099' title='bbox 1641 2275 1720 2307; x_wconf 80' lang='lat' dir='ltr'><strong>facit,</strong></span> <span class='ocrx_word' id='word_1_1100' title='bbox 1735 2280 1781 2302; x_wconf 88' lang='lat' dir='ltr'><strong>aut</strong></span> 
     </span>
    </p>
   </div>
   <div class='ocr_carea' id='block_1_142' title="bbox 989 2310 1780 2344">
    <p class='ocr_par' dir='ltr' id='par_1_142' title="bbox 989 2310 1780 2344">
     <span class='ocr_line' id='line_1_142' title="bbox 989 2310 1780 2344; baseline 0 -8"><span class='ocrx_word' id='word_1_1101' title='bbox 989 2310 1086 2343; x_wconf 84' lang='lat' dir='ltr'><strong>injusta</strong></span> <span class='ocrx_word' id='word_1_1102' title='bbox 1103 2319 1109 2336; x_wconf 89' lang='lat'>:</span> <span class='ocrx_word' id='word_1_1103' title='bbox 1126 2310 1172 2337; x_wconf 86' lang='lat' dir='ltr'><strong>sed</strong></span> <span class='ocrx_word' id='word_1_1104' title='bbox 1195 2317 1288 2337; x_wconf 84' lang='lat' dir='ltr'><strong>omnes</strong></span> <span class='ocrx_word' id='word_1_1105' title='bbox 1311 2311 1448 2344; x_wconf 78' lang='lat' dir='ltr'><strong>:cqualitrr</strong></span> <span class='ocrx_word' id='word_1_1106' title='bbox 1463 2311 1494 2338; x_wconf 89' lang='lat' dir='ltr'><strong>ad</strong></span> <span class='ocrx_word' id='word_1_1107' title='bbox 1519 2311 1628 2337; x_wconf 85' lang='lat' dir='ltr'><strong>niltilunt</strong></span> <span class='ocrx_word' id='word_1_1108' title='bbox 1645 2310 1780 2338; x_wconf 85' lang='lat' dir='ltr'><strong>deducun-</strong></span> 
     </span>
    </p>
   </div>
   <div class='ocr_carea' id='block_1_143' title="bbox 990 2345 1781 2381">
    <p class='ocr_par' dir='ltr' id='par_1_143' title="bbox 990 2345 1781 2381">
     <span class='ocr_line' id='line_1_143' title="bbox 990 2345 1781 2381; baseline 0 -10"><span class='ocrx_word' id='word_1_1109' title='bbox 990 2349 1042 2372; x_wconf 88' lang='lat' dir='ltr'><strong>tur.</strong></span> <span class='ocrx_word' id='word_1_1110' title='bbox 1059 2345 1118 2372; x_wconf 85' lang='lat' dir='ltr'><strong>ldeo</strong></span> <span class='ocrx_word' id='word_1_1111' title='bbox 1131 2345 1193 2372; x_wconf 91' lang='lat' dir='ltr'><strong>dicit</strong></span> <span class='ocrx_word' id='word_1_1112' title='bbox 1208 2345 1336 2380; x_wconf 83' lang='lat' dir='ltr'><strong>propheta</strong></span> <span class='ocrx_word' id='word_1_1113' title='bbox 1352 2354 1358 2371; x_wconf 91' lang='lat'>:</span> <span class='ocrx_word' id='word_1_1114' title='bbox 1377 2345 1435 2372; x_wconf 88' lang='lat' dir='ltr'><strong>Non</strong></span> <span class='ocrx_word' id='word_1_1115' title='bbox 1449 2347 1483 2372; x_wconf 71' lang='lat' dir='ltr'><strong>sic</strong></span> <span class='ocrx_word' id='word_1_1116' title='bbox 1497 2347 1569 2381; x_wconf 85' lang='lat' dir='ltr'><strong>impii</strong></span> <span class='ocrx_word' id='word_1_1117' title='bbox 1581 2367 1588 2378; x_wconf 89' lang='lat'><strong>,</strong></span> <span class='ocrx_word' id='word_1_1118' title='bbox 1603 2354 1652 2373; x_wconf 81' lang='lat' dir='ltr'><strong>non</strong></span> <span class='ocrx_word' id='word_1_1119' title='bbox 1665 2347 1700 2372; x_wconf 77' lang='lat' dir='ltr'><strong>sic</strong></span> <span class='ocrx_word' id='word_1_1120' title='bbox 1713 2346 1781 2381; x_wconf 22' lang='lat' dir='ltr'><strong>,Vsed</strong></span> 
     </span>
    </p>
   </div>
   <div class='ocr_carea' id='block_1_144' title="bbox 989 2380 1781 2415">
    <p class='ocr_par' dir='ltr' id='par_1_144' title="bbox 989 2380 1781 2415">
     <span class='ocr_line' id='line_1_144' title="bbox 989 2380 1781 2415; baseline 0.001 -9"><span class='ocrx_word' id='word_1_1121' title='bbox 989 2385 1116 2414; x_wconf 83' lang='lat' dir='ltr'><strong>tamquam</strong></span> <span class='ocrx_word' id='word_1_1122' title='bbox 1132 2381 1221 2414; x_wconf 73' lang='lat' dir='ltr'><strong>puluis,</strong></span> <span class='ocrx_word' id='word_1_1123' title='bbox 1230 2388 1302 2414; x_wconf 80' lang='lat' dir='ltr'><strong>quem</strong></span> <span class='ocrx_word' id='word_1_1124' title='bbox 1316 2381 1415 2415; x_wconf 83' lang='lat' dir='ltr'><strong>prajicit</strong></span> <span class='ocrx_word' id='word_1_1125' title='bbox 1426 2386 1511 2408; x_wconf 79' lang='lat' dir='ltr'><strong>ventus</strong></span> <span class='ocrx_word' id='word_1_1126' title='bbox 1525 2392 1539 2407; x_wconf 84' lang='grc' dir='ltr'><strong>ιι</strong></span> <span class='ocrx_word' id='word_1_1127' title='bbox 1549 2381 1614 2415; x_wconf 81' lang='lat' dir='ltr'><strong>facie</strong></span> <span class='ocrx_word' id='word_1_1128' title='bbox 1624 2386 1706 2408; x_wconf 69' lang='lat' dir='ltr'><strong>terna.</strong></span> <span class='ocrx_word' id='word_1_1129' title='bbox 1718 2380 1781 2407; x_wconf 80' lang='lat' dir='ltr'><strong>Ideo</strong></span> 
     </span>
    </p>
   </div>
   <div class='ocr_carea' id='block_1_145' title="bbox 989 2415 1782 2451">
    <p class='ocr_par' dir='ltr' id='par_1_145' title="bbox 989 2415 1782 2451">
     <span class='ocr_line' id='line_1_145' title="bbox 989 2415 1782 2451; baseline 0 -9"><span class='ocrx_word' id='word_1_1130' title='bbox 989 2424 1039 2442; x_wconf 85' lang='lat' dir='ltr'><strong>non</strong></span> <span class='ocrx_word' id='word_1_1131' title='bbox 1053 2421 1184 2450; x_wconf 74' lang='lat' dir='ltr'><strong>resurgunt</strong></span> <span class='ocrx_word' id='word_1_1132' title='bbox 1197 2415 1268 2451; x_wconf 75' lang='lat' dir='ltr'><strong>impii</strong></span> <span class='ocrx_word' id='word_1_1133' title='bbox 1281 2415 1306 2441; x_wconf 81' lang='lat' dir='ltr'><strong>in</strong></span> <span class='ocrx_word' id='word_1_1134' title='bbox 1317 2416 1426 2449; x_wconf 81' lang='lat' dir='ltr'><strong>judicia,</strong></span> <span class='ocrx_word' id='word_1_1135' title='bbox 1440 2424 1519 2451; x_wconf 81' lang='lat' dir='ltr'><strong>nrque</strong></span> <span class='ocrx_word' id='word_1_1136' title='bbox 1531 2422 1671 2450; x_wconf 75' lang='lat' dir='ltr'><strong>peccatores</strong></span> <span class='ocrx_word' id='word_1_1137' title='bbox 1684 2417 1709 2442; x_wconf 88' lang='lat' dir='ltr'><strong>in</strong></span> <span class='ocrx_word' id='word_1_1138' title='bbox 1721 2424 1782 2442; x_wconf 83' lang='lat' dir='ltr'><strong>cou-</strong></span> 
     </span>
    </p>
   </div>
   <div class='ocr_carea' id='block_1_146' title="bbox 989 2449 1780 2486">
    <p class='ocr_par' dir='ltr' id='par_1_146' title="bbox 989 2449 1780 2486">
     <span class='ocr_line' id='line_1_146' title="bbox 989 2449 1780 2486; baseline 0.001 -9"><span class='ocrx_word' id='word_1_1139' title='bbox 989 2451 1047 2477; x_wconf 85' lang='lat' dir='ltr'><strong>cilio</strong></span> <span class='ocrx_word' id='word_1_1140' title='bbox 1056 2449 1182 2485; x_wconf 30' lang='lat' dir='ltr'><strong>justo’rum</strong></span> <span class='ocrx_word' id='word_1_1141' title='bbox 1199 2449 1285 2486; x_wconf 77' lang='grc' dir='ltr'><strong>(Ρδαι.</strong></span> <span class='ocrx_word' id='word_1_1142' title='bbox 1304 2451 1328 2478; x_wconf 84' lang='lat' dir='ltr'><strong>l.</strong></span> <span class='ocrx_word' id='word_1_1143' title='bbox 1344 2450 1370 2478; x_wconf 74' lang='grc'><strong>4.</strong></span> <span class='ocrx_word' id='word_1_1144' title='bbox 1386 2451 1425 2486; x_wconf 82' lang='grc'><strong>5).</strong></span> <span class='ocrx_word' id='word_1_1145' title='bbox 1439 2449 1512 2478; x_wconf 78' lang='lat' dir='ltr'><strong>Sicut</strong></span> <span class='ocrx_word' id='word_1_1146' title='bbox 1526 2449 1587 2483; x_wconf 83' lang='lat' dir='ltr'><strong>vas,</strong></span> <span class='ocrx_word' id='word_1_1147' title='bbox 1603 2452 1672 2485; x_wconf 88' lang='lat' dir='ltr'><strong>quod</strong></span> <span class='ocrx_word' id='word_1_1148' title='bbox 1687 2451 1780 2478; x_wconf 86' lang='lat' dir='ltr'><strong>leviter</strong></span> 
     </span>
    </p>
   </div>
   <div class='ocr_carea' id='block_1_147' title="bbox 990 2485 1779 2520">
    <p class='ocr_par' dir='ltr' id='par_1_147' title="bbox 990 2485 1779 2520">
     <span class='ocr_line' id='line_1_147' title="bbox 990 2485 1779 2520; baseline 0 -7"><span class='ocrx_word' id='word_1_1149' title='bbox 990 2486 1075 2518; x_wconf 82' lang='lat' dir='ltr'><strong>cadit,</strong></span> <span class='ocrx_word' id='word_1_1150' title='bbox 1091 2490 1118 2512; x_wconf 88' lang='lat' dir='ltr'><strong>et</strong></span> <span class='ocrx_word' id='word_1_1151' title='bbox 1132 2485 1244 2518; x_wconf 84' lang='lat' dir='ltr'><strong>la-dilur,</strong></span> <span class='ocrx_word' id='word_1_1152' title='bbox 1262 2491 1302 2513; x_wconf 86' lang='lat' dir='ltr'><strong>est</strong></span> <span class='ocrx_word' id='word_1_1153' title='bbox 1317 2485 1422 2520; x_wconf 86' lang='lat' dir='ltr'><strong>quidem</strong></span> <span class='ocrx_word' id='word_1_1154' title='bbox 1436 2494 1482 2512; x_wconf 85' lang='lat' dir='ltr'><strong>vas</strong></span> <span class='ocrx_word' id='word_1_1155' title='bbox 1493 2506 1500 2517; x_wconf 89' lang='lat'><strong>,</strong></span> <span class='ocrx_word' id='word_1_1156' title='bbox 1515 2487 1560 2514; x_wconf 77' lang='lat' dir='ltr'><strong>sed</strong></span> <span class='ocrx_word' id='word_1_1157' title='bbox 1582 2487 1615 2513; x_wconf 91' lang='lat' dir='ltr'><strong>ad</strong></span> <span class='ocrx_word' id='word_1_1158' title='bbox 1635 2494 1710 2513; x_wconf 75' lang='lat' dir='ltr'><strong>nsum</strong></span> <span class='ocrx_word' id='word_1_1159' title='bbox 1727 2495 1779 2513; x_wconf 88' lang='lat' dir='ltr'><strong>ttott</strong></span> 
     </span>
    </p>
   </div>
   <div class='ocr_carea' id='block_1_148' title="bbox 989 2520 1779 2556">
    <p class='ocr_par' dir='ltr' id='par_1_148' title="bbox 989 2520 1779 2556">
     <span class='ocr_line' id='line_1_148' title="bbox 989 2520 1779 2556; baseline 0.001 -9"><span class='ocrx_word' id='word_1_1160' title='bbox 989 2521 1112 2556; x_wconf 87' lang='lat' dir='ltr'><strong>proficit;</strong></span> <span class='ocrx_word' id='word_1_1161' title='bbox 1127 2520 1210 2556; x_wconf 71' lang='lat' dir='ltr'><strong>quod</strong></span> <span class='ocrx_word' id='word_1_1162' title='bbox 1220 2525 1308 2547; x_wconf 86' lang='lat' dir='ltr'><strong>autem</strong></span> <span class='ocrx_word' id='word_1_1163' title='bbox 1330 2521 1478 2554; x_wconf 81' lang='lat' dir='ltr'><strong>diSpersmn</strong></span> <span class='ocrx_word' id='word_1_1164' title='bbox 1501 2521 1598 2555; x_wconf 86' lang='lat' dir='ltr'><strong>fuerit,</strong></span> <span class='ocrx_word' id='word_1_1165' title='bbox 1611 2529 1660 2549; x_wconf 90' lang='lat' dir='ltr'><strong>nec</strong></span> <span class='ocrx_word' id='word_1_1166' title='bbox 1676 2522 1779 2548; x_wconf 78' lang='lat' dir='ltr'><strong>videtur</strong></span> 
     </span>
    </p>
   </div>
   <div class='ocr_carea' id='block_1_149' title="bbox 989 2555 1779 2592">
    <p class='ocr_par' dir='ltr' id='par_1_149' title="bbox 989 2555 1779 2592">
     <span class='ocr_line' id='line_1_149' title="bbox 989 2555 1779 2592; baseline 0 -9"><span class='ocrx_word' id='word_1_1167' title='bbox 989 2555 1048 2592; x_wconf 82' lang='lat' dir='ltr'><strong>esse</strong></span> <span class='ocrx_word' id='word_1_1168' title='bbox 1063 2564 1108 2583; x_wconf 86' lang='lat' dir='ltr'><strong>vas</strong></span> <span class='ocrx_word' id='word_1_1169' title='bbox 1120 2565 1126 2582; x_wconf 94' lang='lat'>:</span> <span class='ocrx_word' id='word_1_1170' title='bbox 1139 2556 1178 2582; x_wconf 87' lang='lat' dir='ltr'><strong>sic</strong></span> <span class='ocrx_word' id='word_1_1171' title='bbox 1192 2555 1357 2582; x_wconf 82' lang='lat' dir='ltr'><strong>Christianus</strong></span> <span class='ocrx_word' id='word_1_1172' title='bbox 1371 2562 1501 2592; x_wconf 85' lang='lat' dir='ltr'><strong>peccatur</strong></span> <span class='ocrx_word' id='word_1_1173' title='bbox 1522 2558 1633 2591; x_wconf 72' lang='lat' dir='ltr'><strong>rcsutgit</strong></span> <span class='ocrx_word' id='word_1_1174' title='bbox 1652 2557 1757 2592; x_wconf 89' lang='lat' dir='ltr'><strong>quidem</strong></span> <span class='ocrx_word' id='word_1_1175' title='bbox 1772 2577 1779 2588; x_wconf 91' lang='lat'><strong>,</strong></span> 
     </span>
    </p>
   </div>
   <div class='ocr_carea' id='block_1_150' title="bbox 988 2591 1780 2625">
    <p class='ocr_par' dir='ltr' id='par_1_150' title="bbox 988 2591 1780 2625">
     <span class='ocr_line' id='line_1_150' title="bbox 988 2591 1780 2625; baseline 0 -7"><span class='ocrx_word' id='word_1_1176' title='bbox 988 2591 1034 2619; x_wconf 77' lang='lat' dir='ltr'><strong>sed</strong></span> <span class='ocrx_word' id='word_1_1177' title='bbox 1050 2592 1118 2618; x_wconf 86' lang='lat' dir='ltr'><strong>inter</strong></span> <span class='ocrx_word' id='word_1_1178' title='bbox 1132 2596 1238 2618; x_wconf 88' lang='lat' dir='ltr'><strong>sanctos</strong></span> <span class='ocrx_word' id='word_1_1179' title='bbox 1248 2599 1300 2618; x_wconf 92' lang='lat' dir='ltr'><strong>non</strong></span> <span class='ocrx_word' id='word_1_1180' title='bbox 1316 2591 1431 2625; x_wconf 89' lang='lat' dir='ltr'><strong>ponitur,</strong></span> <span class='ocrx_word' id='word_1_1181' title='bbox 1444 2592 1556 2619; x_wconf 79' lang='lat' dir='ltr'><strong>inlidelis</strong></span> <span class='ocrx_word' id='word_1_1182' title='bbox 1569 2591 1721 2619; x_wconf 68' lang='lat' dir='ltr'><strong>autemnon</strong></span> <span class='ocrx_word' id='word_1_1183' title='bbox 1738 2600 1780 2618; x_wconf 85' lang='lat' dir='ltr'><strong>re-</strong></span> 
     </span>
    </p>
   </div>
   <div class='ocr_carea' id='block_1_151' title="bbox 989 2626 1781 2662">
    <p class='ocr_par' dir='ltr' id='par_1_151' title="bbox 989 2626 1781 2662">
     <span class='ocr_line' id='line_1_151' title="bbox 989 2626 1781 2662; baseline 0 -10"><span class='ocrx_word' id='word_1_1184' title='bbox 989 2632 1078 2661; x_wconf 87' lang='lat' dir='ltr'><strong>surget</strong></span> <span class='ocrx_word' id='word_1_1185' title='bbox 1099 2627 1124 2653; x_wconf 91' lang='lat' dir='ltr'><strong>in</strong></span> <span class='ocrx_word' id='word_1_1186' title='bbox 1147 2627 1258 2660; x_wconf 85' lang='lat' dir='ltr'><strong>judicio.</strong></span> <span class='ocrx_word' id='word_1_1187' title='bbox 1277 2626 1414 2662; x_wconf 81' lang='lat' dir='ltr'><strong>Quomodo</strong></span> <span class='ocrx_word' id='word_1_1188' title='bbox 1437 2632 1526 2654; x_wconf 87' lang='lat' dir='ltr'><strong>autent</strong></span> <span class='ocrx_word' id='word_1_1189' title='bbox 1546 2631 1686 2662; x_wconf 72' lang='lat' dir='ltr'><strong>resurget,</strong></span> <span class='ocrx_word' id='word_1_1190' title='bbox 1701 2632 1781 2662; x_wconf 85' lang='lat' dir='ltr'><strong>super</strong></span> 
     </span>
    </p>
   </div>
   <div class='ocr_carea' id='block_1_152' title="bbox 989 2661 1780 2696">
    <p class='ocr_par' dir='ltr' id='par_1_152' title="bbox 989 2661 1780 2696">
     <span class='ocr_line' id='line_1_152' title="bbox 989 2661 1780 2696; baseline -0.003 -8"><span class='ocrx_word' id='word_1_1191' title='bbox 989 2670 1066 2696; x_wconf 88' lang='lat' dir='ltr'><strong>qttcttt</strong></span> <span class='ocrx_word' id='word_1_1192' title='bbox 1083 2662 1143 2688; x_wconf 90' lang='lat' dir='ltr'><strong>talis</strong></span> <span class='ocrx_word' id='word_1_1193' title='bbox 1155 2661 1253 2689; x_wconf 87' lang='lat' dir='ltr'><strong>decidit</strong></span> <span class='ocrx_word' id='word_1_1194' title='bbox 1266 2661 1351 2695; x_wconf 78' lang='lat' dir='ltr'><strong>lapis?</strong></span> <span class='ocrx_word' id='word_1_1195' title='bbox 1362 2661 1409 2694; x_wconf 86' lang='lat' dir='ltr'><strong>Qui</strong></span> <span class='ocrx_word' id='word_1_1196' title='bbox 1422 2667 1509 2689; x_wconf 88' lang='lat' dir='ltr'><strong>autem</strong></span> <span class='ocrx_word' id='word_1_1197' title='bbox 1523 2671 1608 2696; x_wconf 82' lang='lat' dir='ltr'><strong>neque</strong></span> <span class='ocrx_word' id='word_1_1198' title='bbox 1620 2664 1652 2688; x_wconf 88' lang='lat' dir='ltr'><strong>de</strong></span> <span class='ocrx_word' id='word_1_1199' title='bbox 1667 2661 1780 2696; x_wconf 17' lang='lat' dir='ltr'><strong>altorho-</strong></span> 
     </span>
    </p>
   </div>
   <div class='ocr_carea' id='block_1_153' title="bbox 989 2695 1781 2731">
    <p class='ocr_par' dir='ltr' id='par_1_153' title="bbox 989 2695 1781 2731">
     <span class='ocr_line' id='line_1_153' title="bbox 989 2695 1781 2731; baseline -0.001 -8"><span class='ocrx_word' id='word_1_1200' title='bbox 989 2695 1062 2724; x_wconf 84' lang='lat' dir='ltr'><strong>tiaris</strong></span> <span class='ocrx_word' id='word_1_1201' title='bbox 1074 2718 1082 2729; x_wconf 86' lang='lat'><strong>,</strong></span> <span class='ocrx_word' id='word_1_1202' title='bbox 1098 2705 1185 2731; x_wconf 86' lang='lat' dir='ltr'><strong>neque</strong></span> <span class='ocrx_word' id='word_1_1203' title='bbox 1199 2697 1232 2723; x_wconf 85' lang='lat' dir='ltr'><strong>de</strong></span> <span class='ocrx_word' id='word_1_1204' title='bbox 1256 2696 1372 2731; x_wconf 83' lang='lat' dir='ltr'><strong>pondere</strong></span> <span class='ocrx_word' id='word_1_1205' title='bbox 1391 2698 1521 2731; x_wconf 81' lang='lat' dir='ltr'><strong>gravioris</strong></span> <span class='ocrx_word' id='word_1_1206' title='bbox 1542 2695 1640 2731; x_wconf 81' lang='lat' dir='ltr'><strong>peccati</strong></span> <span class='ocrx_word' id='word_1_1207' title='bbox 1655 2695 1781 2731; x_wconf 85' lang='lat' dir='ltr'><strong>ceciderit</strong></span> 
     </span>
    </p>
   </div>
   <div class='ocr_carea' id='block_1_154' title="bbox 988 2730 1779 2767">
    <p class='ocr_par' dir='ltr' id='par_1_154' title="bbox 988 2730 1779 2767">
     <span class='ocr_line' id='line_1_154' title="bbox 988 2730 1779 2767; baseline -0.003 -9"><span class='ocrx_word' id='word_1_1208' title='bbox 988 2739 1070 2767; x_wconf 85' lang='lat' dir='ltr'><strong>super</strong></span> <span class='ocrx_word' id='word_1_1209' title='bbox 1078 2732 1222 2764; x_wconf 83' lang='lat' dir='ltr'><strong>Christum,</strong></span> <span class='ocrx_word' id='word_1_1210' title='bbox 1235 2730 1365 2758; x_wconf 84' lang='lat' dir='ltr'><strong>interdum</strong></span> <span class='ocrx_word' id='word_1_1211' title='bbox 1376 2730 1462 2767; x_wconf 74' lang='lat' dir='ltr'><strong>neque</strong></span> <span class='ocrx_word' id='word_1_1212' title='bbox 1473 2730 1576 2759; x_wconf 68' lang='lat' dir='ltr'><strong>lmditnr</strong></span> <span class='ocrx_word' id='word_1_1213' title='bbox 1584 2741 1589 2758; x_wconf 90' lang='lat'><strong>:</strong></span> <span class='ocrx_word' id='word_1_1214' title='bbox 1597 2737 1623 2758; x_wconf 83' lang='lat' dir='ltr'><strong>et</strong></span> <span class='ocrx_word' id='word_1_1215' title='bbox 1633 2733 1654 2757; x_wconf 88' lang='lat' dir='ltr'><strong>si</strong></span> <span class='ocrx_word' id='word_1_1216' title='bbox 1665 2730 1779 2767; x_wconf 63' lang='grc' dir='ltr'><strong>Ιςιςιιὶιιιι·ν</strong></span> 
     </span>
    </p>
   </div>
   <div class='ocr_carea' id='block_1_155' title="bbox 990 2765 1780 2800">
    <p class='ocr_par' dir='ltr' id='par_1_155' title="bbox 990 2765 1780 2800">
     <span class='ocr_line' id='line_1_155' title="bbox 990 2765 1780 2800; baseline -0.003 -6"><span class='ocrx_word' id='word_1_1217' title='bbox 990 2765 1041 2796; x_wconf 83' lang='lat' dir='ltr'><strong>non</strong></span> <span class='ocrx_word' id='word_1_1218' title='bbox 1059 2768 1168 2794; x_wconf 91' lang='lat' dir='ltr'><strong>utnltnttt</strong></span> <span class='ocrx_word' id='word_1_1219' title='bbox 1190 2767 1304 2794; x_wconf 76' lang='lat' dir='ltr'><strong>lzeditnr.</strong></span> <span class='ocrx_word' id='word_1_1220' title='bbox 1318 2767 1363 2794; x_wconf 70' lang='grc'><strong>45.</strong></span> <span class='ocrx_word' id='word_1_1221' title='bbox 1378 2766 1412 2793; x_wconf 87' lang='lat' dir='ltr'><strong>Et</strong></span> <span class='ocrx_word' id='word_1_1222' title='bbox 1429 2775 1486 2794; x_wconf 86' lang='lat' dir='ltr'><strong>cum</strong></span> <span class='ocrx_word' id='word_1_1223' title='bbox 1506 2768 1634 2794; x_wconf 73' lang='lat' dir='ltr'><strong>audissent</strong></span> <span class='ocrx_word' id='word_1_1224' title='bbox 1656 2765 1780 2800; x_wconf 64' lang='lat' dir='ltr'><strong>print-ipes</strong></span> 
     </span>
    </p>
   </div>
   <div class='ocr_carea' id='block_1_156' title="bbox 989 2801 1780 2836">
    <p class='ocr_par' dir='ltr' id='par_1_156' title="bbox 989 2801 1780 2836">
     <span class='ocr_line' id='line_1_156' title="bbox 989 2801 1780 2836; baseline -0.004 -7"><span class='ocrx_word' id='word_1_1225' title='bbox 989 2803 1146 2830; x_wconf 72' lang='lat' dir='ltr'><strong>sacerdotum</strong></span> <span class='ocrx_word' id='word_1_1226' title='bbox 1178 2807 1201 2828; x_wconf 84' lang='lat' dir='ltr'><strong>et</strong></span> <span class='ocrx_word' id='word_1_1227' title='bbox 1215 2801 1340 2828; x_wconf 70' lang='lat' dir='ltr'><strong>Plini-imi</strong></span> <span class='ocrx_word' id='word_1_1228' title='bbox 1355 2803 1502 2836; x_wconf 83' lang='lat' dir='ltr'><strong>parabalam</strong></span> <span class='ocrx_word' id='word_1_1229' title='bbox 1522 2802 1576 2836; x_wconf 75' lang='lat' dir='ltr'><strong>ejus</strong></span> <span class='ocrx_word' id='word_1_1230' title='bbox 1589 2822 1595 2831; x_wconf 92' lang='lat'><strong>,</strong></span> <span class='ocrx_word' id='word_1_1231' title='bbox 1611 2806 1780 2836; x_wconf 77' lang='lat' dir='ltr'><strong>cognoverunt</strong></span> 
     </span>
    </p>
   </div>
   <div class='ocr_carea' id='block_1_157' title="bbox 988 2836 1780 2872">
    <p class='ocr_par' dir='ltr' id='par_1_157' title="bbox 988 2836 1780 2872">
     <span class='ocr_line' id='line_1_157' title="bbox 988 2836 1780 2872; baseline -0.004 -8"><span class='ocrx_word' id='word_1_1232' title='bbox 988 2838 1055 2871; x_wconf 84' lang='lat' dir='ltr'><strong>quod</strong></span> <span class='ocrx_word' id='word_1_1233' title='bbox 1070 2838 1101 2864; x_wconf 77' lang='lat' dir='ltr'><strong>de</strong></span> <span class='ocrx_word' id='word_1_1234' title='bbox 1113 2838 1174 2872; x_wconf 70' lang='lat' dir='ltr'><strong>ipsis</strong></span> <span class='ocrx_word' id='word_1_1235' title='bbox 1187 2837 1288 2868; x_wconf 83' lang='lat' dir='ltr'><strong>diceret,</strong></span> <span class='ocrx_word' id='word_1_1236' title='bbox 1300 2837 1344 2864; x_wconf 71' lang='grc'><strong>46.</strong></span> <span class='ocrx_word' id='word_1_1237' title='bbox 1358 2841 1380 2864; x_wconf 89' lang='lat' dir='ltr'><strong>et</strong></span> <span class='ocrx_word' id='word_1_1238' title='bbox 1393 2837 1536 2871; x_wconf 75' lang='lat' dir='ltr'><strong>quwrebunt</strong></span> <span class='ocrx_word' id='word_1_1239' title='bbox 1549 2844 1604 2872; x_wconf 83' lang='lat' dir='ltr'><strong>eum</strong></span> <span class='ocrx_word' id='word_1_1240' title='bbox 1618 2841 1708 2862; x_wconf 71' lang='lat' dir='ltr'><strong>tenere.</strong></span> <span class='ocrx_word' id='word_1_1241' title='bbox 1725 2836 1780 2872; x_wconf 79' lang='lat' dir='ltr'><strong>llo-</strong></span> 
     </span>
    </p>
   </div>
   <div class='ocr_carea' id='block_1_158' title="bbox 991 2870 1782 2909">
    <p class='ocr_par' dir='ltr' id='par_1_158' title="bbox 991 2870 1782 2909">
     <span class='ocr_line' id='line_1_158' title="bbox 991 2870 1782 2909; baseline -0.004 -9"><span class='ocrx_word' id='word_1_1242' title='bbox 991 2870 1044 2906; x_wconf 81' lang='lat' dir='ltr'><strong>tuo,</strong></span> <span class='ocrx_word' id='word_1_1243' title='bbox 1058 2873 1102 2909; x_wconf 86' lang='lat' dir='ltr'><strong>qui</strong></span> <span class='ocrx_word' id='word_1_1244' title='bbox 1115 2870 1266 2909; x_wconf 69' lang='lat' dir='ltr'><strong>gravcfecit</strong></span> <span class='ocrx_word' id='word_1_1245' title='bbox 1277 2870 1423 2909; x_wconf 81' lang='lat' dir='ltr'><strong>peccatum,</strong></span> <span class='ocrx_word' id='word_1_1246' title='bbox 1435 2873 1498 2900; x_wconf 87' lang='lat' dir='ltr'><strong>dum</strong></span> <span class='ocrx_word' id='word_1_1247' title='bbox 1511 2879 1564 2900; x_wconf 88' lang='lat' dir='ltr'><strong>tton</strong></span> <span class='ocrx_word' id='word_1_1248' title='bbox 1578 2871 1657 2899; x_wconf 84' lang='lat' dir='ltr'><strong>habet</strong></span> <span class='ocrx_word' id='word_1_1249' title='bbox 1667 2870 1782 2907; x_wconf 79' lang='lat' dir='ltr'><strong>amplius</strong></span> 
     </span>
    </p>
   </div>
  </div>
