2065 3128
274 161 324 190 859

273 217 343 250 quod
355 216 409 252 jam
425 219 514 251 speret
527 215 553 243 in
566 215 649 252 Deum
662 213 774 252 ,jpejora
789 213 930 252 committit
943 235 949 244 .
960 214 1064 252 dicente

272 249 416 279 Salomone
427 261 435 293 :1
441 249 505 293 Cum
518 250 713 293 reiieritim‘pius
725 250 750 276 in
764 249 917 293 profundum
929 250 1063 293 malorum,

271 288 407 314 contemnit
427 286 518 321 (Prov.
538 286 580 321 18.ξ
595 285 632 320 5).
649 285 722 312 Sicut
735 285 804 321 enim
827 285 946 311 infirmus
959 306 966 318 ,
979 285 1065 312 donec

273 323 442 350 mediocriter
458 321 537 348 habet
558 320 674 355 aliquam
696 320 844 354 passionem
858 340 864 349 .
879 324 904 346 cl
925 325 1014 354 sperat
1034 328 1064 347 se

273 355 1063 406 usitatissimisaturasset:narratit‘a:

273 390 377 424 lexerit,
395 392 567 419 insanabilem
581 398 609 417 se
621 398 691 422 eSsc,
702 390 756 424 jam
773 398 824 416 non
841 391 890 416 sibi
907 391 1008 423 parcit:
1024 391 1063 418 sic

273 433 301 455 et
315 429 393 455 homo
406 427 492 454 donec
504 426 672 453 mediocriter
683 430 783 458 peccat,
798 430 825 452 et
835 429 923 459 sperat
939 427 1060 457 salutem,

271 469 514 497 quantumcumque
526 465 623 495 potest,
640 461 764 497 observat
775 469 804 487 se
817 468 831 487 a
842 461 916 497 _malo
926 471 932 490 ;
942 461 1062 497 siautem

274 495 390 532 graviter
402 495 534 531 peccando
547 496 658 530 (deperit
673 496 826 529 desperare,
838 495 892 532 jam
902 495 1063 532 nihilrduhi-

274 531 311 560 (at
324 533 411 559 facere
423 540 429 557 :
442 532 517 566 quasi
530 533 572 565 qui
582 533 638 566 jam
649 539 688 565 per
698 532 763 558 catis
774 531 830 557 suis
841 531 920 557 vincit
931 531 1062 564 judicium

275 568 321 595 Dei
333 577 339 594 :
352 567 474 594 nesciens
485 567 566 594 misci-
578 587 584 598 ,
600 567 659 601 quia
673 567 741 593 sicut
761 567 785 592 in
806 567 875 592 bono
889 566 985 600 gradus
999 570 1063 593 sunt

271 603 427 637 gloriarum,
440 607 466 629 ιιι
483 602 663 636 unusquisque
677 601 821 628 secundum
836 609 986 637 mensuram
1001 601 1061 628 boni

271 636 311 664 sui
325 638 419 672 accipit
432 637 541 672 gloriam
554 646 560 663 ε
573 638 610 664 sic
626 642 651 664 et
663 638 687 662 in
702 637 772 663 malo
785 636 882 670 gradus
895 638 963 662 sunt‘
971 643 1061 672 pugna:

272 681 329 699 rum
342 694 349 705 ,
361 671 390 700 et
407 671 586 706 unusquisque
606 671 751 699 secundum
773 679 924 698 men~uram
946 672 1006 698 mali
1020 671 1061 698 sui

271 709 383 742 accipiet
398 716 514 743 pugnaui.
530 708 604 734 Sicut
618 708 688 734 enim
703 706 820 743 inﬁnitus
834 711 875 733 est
891 706 960 743 Dens
975 706 1001 733 in
1017 714 1060 734 rc—

272 742 416 770 tributione
436 744 566 769 honorum
579 763 586 772 .
602 744 640 769 sic
657 742 773 768 intinitus
788 746 827 768 est
844 743 868 767 in
888 742 1060 769 retributione

271 779 410 806 malorum.
424 778 551 806 Similiter
565 782 591 805 et
607 777 758 804 Sacerdotes
777 776 899 802 oumibns
918 777 994 803 malis
1015 784 1059 804 rc-

271 813 343 846 ploti,
355 814 399 848 qui
411 814 464 848 jam
477 814 501 840 in
518 813 599 839 Deum
613 820 719 847 sperare
732 820 781 838 non
795 817 922 846 poterant,
936 811 961 838 iii
973 812 1059 846 ipsum

273 849 354 875 Ileuin
378 856 471 875 manus
495 848 651 875 miltrbant:
668 855 720 874 non
744 848 894 881 ignorantes
914 854 974 873 cum
999 854 1060 874 esse

272 883 365 910 Filium
378 884 433 916 Dei,
447 883 492 910 sed
503 883 552 910 sibi
562 884 615 917 jam
631 891 681 909 non
697 887 844 917 parcentes.
858 882 890 908 lit
904 882 997 908 mirum
1012 882 1058 909 tibi

270 919 374 946 videtur
394 919 463 946 hoc?
477 919 544 945 Vere
564 919 649 944 omnis
665 917 745 944 homo
765 918 850 944 titulus
862 938 869 950 ,
884 923 1012 952 quantum
1024 918 1057 944 ad

271 954 432 981 voluntatem
446 962 519 980 suain
529 974 535 986 ,
550 958 576 980 et
590 961 684 980 manus
697 953 775 979 mittit
791 953 816 979 in
834 953 931 983 Deum,
947 957 973 979 et
986 953 1057 979 oeci-

268 988 306 1015 dit
319 997 388 1016 etilli.
406 990 455 1024 Qui
469 990 539 1016 enini
552 989 632 1015 Deum
648 989 764 1015 excitare
779 989 810 1014 ad
825 988 986 1024 iracundiam
1004 995 1056 1015 non

268 1024 387 1056 dubitat,
399 1026 442 1059 qui
458 1028 587 1059 prarccpta
599 1025 656 1058 ejus
665 1024 813 1054 conculcat,
828 1023 872 1057 qui
889 1030 984 1050 nomen
999 1024 1056 1057 ejus

266 1060 431 1091 contemnit,
454 1061 498 1094 qni
522 1060 705 1094 lilasplieniat,
729 1059 773 1093 qui
795 1063 942 1094 murmurat
963 1063 1055 1085 contra

268 1095 360 1126 Deum,
376 1096 420 1129 qui
436 1093 540 1121 turbato
556 1095 627 1120 vultu
642 1094 735 1127 aspicit
748 1098 839 1120 contra
852 1093 958 1126 caelum,
970 1094 1013 1128 qui
1028 1093 1055 1121 in

266 1129 303 1155 ira
319 1138 366 1157 sui
383 1138 476 1157 manus
492 1130 617 1157 audacter
631 1129 751 1156 sublevat
764 1134 855 1156 contra
871 1135 932 1155 eum
945 1137 952 1154 :
967 1136 1056 1156 nonne

264 1166 285 1190 si
302 1166 431 1199 potuisset
445 1166 510 1197 lieri,
527 1172 620 1192 manus
634 1166 749 1191 mitteret
763 1165 787 1190 in
803 1165 894 1195 Deum,
911 1168 937 1191 et
949 1165 1054 1191 cecide-

265 1206 304 1226 iet
317 1208 389 1233 eum,
406 1205 433 1227 ut
444 1201 498 1234 jam
515 1202 624 1227 licenter
638 1200 781 1234 peccaret?
793 1199 826 1225 Et
840 1199 992 1234 respondens
1006 1199 1053 1226 Je-

263 1243 315 1266 ws,
330 1236 418 1262 iterum
432 1233 494 1262 dixit
508 1236 542 1262 eis
555 1236 579 1262 in
593 1235 721 1270 parabolis
736 1234 811 1270 (Cap.
827 1233 872 1260 22.
941 1235 1054 1262 Domino

265 1270 298 1296 de
313 1270 392 1297 vinea
410 1271 567 1305 proponenti
589 1269 745 1303 parabolani
755 1274 781 1296 et
795 1269 892 1305 dicenti
906 1290 912 1300 ,
927 1270 1052 1304 quoniam

261 1305 362 1338 iustitia
379 1306 422 1333 Dei
437 1304 566 1333 a’Juda-is
580 1306 666 1333 fuerat
679 1304 822 1332 auferenda
833 1325 840 1336 ,
855 1312 907 1331 non
922 1310 982 1331 sunt
997 1310 1050 1332 ter-

263 1340 370 1369 riti.sed
386 1342 469 1375 magis
483 1342 642 1374 exasperati.
658 1345 683 1366 et
699 1340 822 1366 volebant
837 1348 930 1366 uiantis
947 1341 1051 1367 mittere

261 1379 289 1402 rt
304 1380 394 1403 tenere
404 1384 474 1403 eum.
487 1377 562 1410 Quod
577 1377 726 1410 intelligens
739 1375 874 1407 Dominus,
890 1382 942 1401 non
959 1376 1050 1406 tacuit,

260 1410 306 1437 sed
318 1412 434 1446 pejorcm
445 1412 510 1438 iram
523 1412 566 1438 Dei
579 1419 624 1446 per
635 1410 714 1438 aliam
726 1411 875 1444 parabolaui
885 1411 1052 1446 annuntiavit

260 1446 298 1472 eis
315 1454 374 1474 esse
387 1452 533 1473 venturam.
547 1445 612 1474 Nam
625 1447 646 1473 si
661 1447 696 1473 illi
710 1467 716 1478 ,
729 1447 772 1480 qui
789 1446 881 1472 limere
891 1445 1047 1478 debuerant,

261 1489 312 1507 non
334 1482 493 1514 timuerunt,
509 1483 556 1509 sed
578 1482 660 1516 magis
686 1481 834 1515 eXasperali
856 1486 1049 1515 sunt:quanto

261 1517 342 1551 magis
357 1516 477 1544 Christus
491 1522 578 1544 tacere
593 1525 644 1543 non
658 1517 756 1547 debuit,
767 1516 810 1550 qui
828 1516 921 1542 timere
934 1524 985 1543 non
999 1523 1048 1550 p0-

260 1552 350 1578 it-rat?
363 1552 421 1580 Illos
437 1554 506 1580 enim
523 1553 620 1579 malitia
635 1553 695 1580 l'ecit
714 1551 827 1578 audaces
839 1574 846 1585 ,
863 1551 941 1578 istum
959 1557 1048 1578 autem

261 1592 385 1621 potestas.

458 1623 572 1650 "ciuilia
583 1623 630 1657 τι),
645 1631 675 1649 ex
686 1622 766 1657 capite
778 1622 842 1656 ταῦ.

294 1655 322 1684 2.
339 1657 428 1686 Simile
446 1665 481 1686 ut
496 1655 732 1693 regnum-caelorum
747 1655 841 1694 homini
853 1658 914 1692 regi,
930 1659 974 1694 qui
989 1659 1048 1693 fecit

257 1693 358 1726 nuptias
378 1694 432 1728 ﬁlio
446 1703 492 1721 suo
505 1715 512 1727 ,
525 1699 576 1721 etc.
594 1694 678 1720 Ilomo
696 1701 740 1720 rex
755 1693 852 1719 dicitur
867 1693 1026 1720 Deusl’ater
1038 1715 1044 1724 .

257 1728 300 1762 qui
317 1736 458 1762 numquam
475 1730 615 1756 humanam
631 1729 747 1762 suscepit
762 1729 871 1754 formam
885 1737 891 1754 :
905 1733 931 1755 nt
947 1729 1045 1756 intelli-

255 1770 348 1796 gamus
362 1765 422 1798 quia
435 1772 530 1792 nomen
546 1764 661 1791 hominis
673 1763 854 1798 praeiudicium
866 1763 993 1798 nonjfacit
1006 1764 1046 1791 di-

256 1806 265 1823 \
274 1798 323 1825 ina:
336 1796 390 1826 stuc
403 1805 512 1827 natane.
525 1800 575 1827 Sed
587 1796 693 1834 propter
703 1796 808 1825 causam
823 1796 954 1834 parabola:
966 1799 1046 1834 homo

254 1834 359 1870 dicitur.
379 1835 499 1870 nonquia
515 1843 574 1869 pars
584 1833 798 1870 aliquarlioniinis
812 1838 873 1870 erat
887 1833 912 1859 iu
925 1841 967 1860 eo.
984 1833 1046 1870 Ideo

254 1869 360 1903 quando
373 1868 488 1897 audis-in
502 1868 647 1904 Scriptnris
662 1869 757 1896 Filium
773 1869 817 1895 Dei
834 1868 966 1895 hominem
981 1869 1044 1902 dici,

253 1905 314 1938 quia
330 1905 351 1930 si
367 1905 443 1931 Pater
455 1906 585 1940 Deus,qui
599 1910 698 1931 tantum
714 1905 783 1930 Deus
791 1907 877 1935 est,ct
890 1911 941 1940 non
954 1904 1043 1940 homo,

254 1944 340 1966 tamen
349 1940 426 1967 houm
433 1942 583 1967 iiaiiiioalur
591 1950 597 1968 ;
605 1944 702 1975 quanto
709 1940 792 1973 magis
800 1939 976 1972 necessarium
985 1939 1043 1973 fuit,

255 1978 282 2001 ut
293 1975 373 2002 hoino
381 1975 513 2003 diceretur
524 1976 672 2009 unigenitus
687 1975 729 2001 Dei
740 1975 830 2006 Filius,
840 1981 899 2001 cum
911 1982 962 2001 non
974 1979 1046 2001 esset

255 2011 332 2037 homo
355 2019 435 2044 purus
446 2032 454 2044 ,
468 2012 511 2045 qni
532 2011 672 2038 humanam
692 2011 810 2044 suscepit
823 2010 961 2045 naturam?
973 2010 1046 2044 Quo-

253 2045 321 2071 niam
333 2051 420 2073 autem
435 2044 538 2080 nuptias
551 2046 752 2075 nominavimus,
764 2045 826 2072 utile
839 2049 878 2071 est
889 2049 917 2070 ut
929 2044 1045 2072 breviter

251 2081 420 2108 ostendamus
433 2102 440 2115 ,
454 2087 531 2116 prout
554 2082 618 2108 dant
639 2081 716 2108 nobis
737 2088 843 2116 sensum
859 2080 956 2116 bonum
971 2081 1042 2116 scri-

252 2121 344 2148 ptune,
359 2114 490 2151 quoimalo
506 2118 599 2143 anima:
615 2117 704 2143 lidcles
717 2115 821 2142 Christo
833 2115 863 2151 in?
873 2114 915 2141 die
930 2115 1041 2150 illojun-

249 2151 342 2186 gendm
359 2150 431 2184 sunt,
453 2153 556 2179 interim
579 2160 648 2178 nunc
660 2152 835 2185 chponsalie.
848 2150 1042 2186 Oinncrbonum

250 2187 307 2213 viva
322 2187 466 2214 substantia
478 2192 527 2218 est,
537 2193 563 2215 et
577 2188 626 2214 vita
639 2191 688 2216 est.
702 2186 752 2212 vita
763 2191 849 2212 autem
859 2191 897 2212 est
910 2185 1041 2213 Christus.

249 2221 333 2248 Omne
342 2228 428 2249 autem
442 2223 539 2249 malum
550 2223 606 2250 sine
617 2221 762 2248 substantia
771 2226 821 2251 est,
831 2225 858 2247 et
867 2220 929 2246 nihil
942 2226 992 2247 est.
1005 2221 1041 2248 lla

249 2257 375 2291 quidquid
391 2259 477 2284 vivum
499 2263 616 2285 creatum
641 2261 683 2284 est
701 2264 750 2291 sup
760 2264 780 2282 *ι-
800 2261 898 2282 terrain
911 2275 918 2287 ,
934 2263 965 2282 ex
989 2257 1041 2284 vita

250 2292 322 2329 vivit.
337 2292 391 2329 Nec
405 2294 475 2320 enim
492 2298 578 2329 potest
590 2300 649 2319 esse
663 2291 761 2326 aliquid
771 2291 874 2329 vivum,
886 2291 911 2317 in
925 2298 977 2325 quo
989 2299 1040 2318 non

247 2327 281 2354 sit
294 2328 402 2362 spiritus
416 2327 534 2355 vinculi:
550 2329 619 2355 man
633 2332 720 2354 autem
733 2327 804 2353 nulla
815 2334 857 2352 res
870 2333 929 2352 esse
943 2330 1038 2362 potest.

249 2361 314 2390 Cum
329 2372 390 2391 vero
406 2364 489 2397 ipsum
505 2365 603 2390 iiialniii
617 2363 681 2389 nihil
696 2364 739 2393 sit,
753 2361 886 2396 quomodo
901 2366 987 2394 potest
1000 2361 1040 2388 fa-

248 2405 308 2424 cere
324 2407 378 2425 rem
399 2399 512 2434 ahquam
529 2399 610 2426 esse?
624 2399 724 2424 Tamen
742 2397 855 2434 perdere
873 2401 958 2434 potest
971 2417 977 2428 ,
993 2397 1038 2423 sed

249 2441 300 2459 non
315 2434 399 2467 ipsum
415 2431 512 2461 malum
528 2434 620 2468 perdet
634 2441 706 2463 rem,
721 2432 766 2458 sed
783 2432 816 2458 de
830 2431 872 2458 illa
886 2439 930 2468 re,
947 2432 1039 2468 inqua

248 2472 289 2494 est
311 2466 427 2502 malum,
442 2466 572 2496 subtrahit
591 2477 619 2495 se
642 2469 738 2496 honuni
762 2473 869 2500 propter
891 2466 1039 2494 inhabitans

250 2503 347 2528 malum
363 2505 387 2530 in
400 2512 430 2531 ea
443 2514 450 2531 ε
462 2510 489 2531 ct
501 2506 539 2531 sic
555 2505 623 2531 bono
638 2503 778 2530 recedi-nte
788 2524 795 2534 ,
812 2509 853 2528 res
867 2502 938 2528 vadit
951 2502 982 2528 ad
999 2503 1039 2528 ni-

250 2538 342 2574 hilum.
358 2539 428 2574 Ergo
443 2548 495 2571 res,
509 2541 533 2566 in
549 2547 599 2574 qua
613 2541 697 2566 solum
713 2539 809 2564 hmmm
821 2542 870 2568 est,
886 2537 942 2574 viva
956 2541 983 2574 et
995 2537 1039 2574 iui-

248 2573 368 2609 niortalis
382 2572 422 2600 est
435 2583 440 2599 :
454 2576 478 2600 in
492 2583 542 2609 qua
557 2572 645 2601 autem
659 2581 686 2600 et
697 2574 793 2600 bonum
810 2577 836 2598 et
849 2572 945 2598 malum
962 2572 1037 2609 habi-

248 2612 295 2640 tat,
310 2608 373 2645 vivit
386 2607 508 2643 quidem,
519 2615 606 2637 tamen
621 2617 670 2645 pro
683 2614 805 2645 tempore
814 2612 920 2645 propter
934 2607 1038 2645 inhabi-

249 2647 307 2669 tans
317 2642 425 2674 bonum,
437 2649 547 2671 moritur
557 2642 644 2672 autem
657 2648 764 2678 propter
772 2642 920 2669 inhabitans
929 2643 1036 2674 malum,

248 2683 274 2703 et
290 2682 330 2704 est
346 2687 388 2706 res
401 2680 531 2709 mortalis,
546 2680 613 2706 sicut
627 2681 717 2706 homo.
733 2679 817 2705 Ilomo
831 2683 918 2704 autem
935 2678 993 2704 ideo
1005 2685 1036 2704 ex

249 2713 318 2740 bono
328 2720 353 2741 et
365 2715 433 2741 inalo
441 2719 545 2741 creatus
556 2721 606 2746 est,
614 2719 642 2741 Iit
653 2718 807 2748 contemplo
824 2713 902 2743 uialo,
913 2717 1038 2748 sequatur

248 2749 356 2781 honuni,
367 2755 394 2776 et
407 2758 453 2784 per
468 2750 517 2776 huc
531 2749 626 2776 habeat
640 2747 777 2776 electionis
790 2749 949 2775 mercedem.
961 2747 1037 2780 Quod

247 2785 268 2810 si
284 2783 436 2820 contmnpto
451 2785 536 2816 bono,
547 2790 674 2819 sequutus
687 2785 766 2811 fuerit
781 2784 896 2814 malum,
913 2783 1038 2817 suscipiet

247 2827 307 2847 eum
325 2819 439 2847 aiieiiias
455 2821 586 2848 interitus.
600 2820 627 2846 Si
645 2826 752 2851 autem,
766 2819 875 2845 dimisso
890 2819 958 2844 nian
969 2838 976 2850 ,
992 2825 1036 2844 se-

247 2861 344 2888 quutus
370 2855 449 2883 fuerit
474 2856 590 2887 honuni,
614 2855 640 2881 in
663 2860 748 2880 morte
770 2859 860 2880 natura
877 2854 964 2880 carnis
979 2853 1037 2886 cjus

249 2892 363 2918 solvetur
375 2893 407 2919 ab
421 2892 490 2918 omni
506 2891 575 2918 malo
592 2898 597 2916 :
614 2894 641 2918 et
655 2896 714 2916 cum
727 2889 886 2916 resurrectio
901 2889 968 2916 tacta
983 2889 1036 2916 luc-

928 158 1014 187 OPUS
1035 159 1276 188 IMPERFECTUM

1860 165 1911 194 860

1119 215 1153 255 rit
1166 221 1317 255 sanctorum
1328 238 1335 250 ,
1351 221 1419 255 tunc
1427 218 1550 252 suscipiet
1568 226 1628 246 eum
1641 219 1696 246 sola
1709 220 1761 246 vita
1773 241 1780 251 ,
1795 228 1854 255 qua‘
1866 229 1908 249 es".

1117 251 1248 288 Christus.
1267 257 1292 279 et
1316 251 1505 280 mortalitatem
1521 255 1578 288 ejus
1594 255 1618 281 iu
1643 261 1690 282 Sua
1710 251 1909 285 immortalitate

1116 286 1269 323 absorbeliit
1284 296 1289 313 :
1306 291 1333 314 et
1347 288 1414 314 sicut
1429 286 1560 315 desiderat
1572 289 1678 323 Paulus,
1689 295 1717 317 nt
1734 291 1845 318 lllttrL'th
1858 293 1911 318 hm-

1116 321 1311 359 absnrbeatura
1324 323 1375 349 rita
1389 324 1431 355 (Ι.
1447 323 1504 350 Car.
1520 325 1561 351 15.
1574 324 1636 359 54).
1652 321 1680 351 ut
1696 331 1757 352 tunc
1769 327 1911 359 impleatur

1116 356 1260 395 _Scriptur_a,
1272 365 1349 395 quam
1364 359 1552 395 interpretatur
1562 360 1594 386 id.
1606 356 1631 386 iii
1645 361 1781 392 apostolus
1793 356 1901 395 :Erunt,

1115 391 1205 432 inquit,
1225 391 1320 432 duo'in
1344 401 1420 419 carne
1435 391 1489 432 una
1511 394 1556 430 (1.
1574 395 1632 432 Cor.
1653 396 1681 432 6ἶ
1703 396 1736 423 16
1750 398 1769 432 ).
1785 391 1905 424 Christus

1115 427 1186 464 enim
1198 435 1257 454 cum
1269 428 1366 460 anima,
1383 429 1456 462 quasi
1473 427 1540 456 unus
1550 431 1657 464 spiritus
1671 427 1764 463 factus,
1780 431 1905 460 habitabit

1115 460 1241 500 inncarne
1257 463 1377 500 universa
1387 460 1398 494 ,⁷
1418 460 1648 500 ευοιιιιιιιιῐῐιάιιοά
1664 460 1763 493 dietuni
1775 471 1816 493 est
1830 475 1836 493 :
1854 469 1905 500 Qui

1114 496 1275 536 adiungitnse
1292 497 1402 536 Domino
1414 519 1421 530 ,
1441 500 1513 536 quasi
1536 496 1601 536 una}
1623 501 1726 535 spiritus
1737 506 1774 528 est
1789 496 1903 536 (lbid‘cm

1114 538 1138 568 ι).
1155 532 1186 568 l7
1199 535 1219 568 )7.
1231 532 1305 559 Nunc
1315 534 1386 560 enim
1403 532 1477 568 quasi
1501 535 1617 562 modicas
1631 532 1726 563 arrhas
1739 532 1816 563 futuri
1837 545 1904 564 con-

1111 566 1177 607 jugii
1202 566 1466 607 Spiritumsaueiuin
1475 571 1635 607 accepimus,
1647 575 1708 598 tunc
1717 577 1806 607 autem
1818 572 1904 606 ipsum

1114 602 1248 629 Christum
1272 603 1375 638 plenius
1399 605 1424 631 iu
1445 605 1521 632 nobis
1538 602 1705 633 habebimus.
1727 608 1754 633 ὅ.
1782 606 1816 633 Et
1828 602 1904 634 'misit

1113 644 1196 677 servos
1209 645 1267 664 suos
1279 646 1368 665 vocare
1386 639 1503 677 inuitatos
1520 643 1559 677 _ad
1579 642 1691 676 nuptias.
1715 641 1784 677 Ergo
1798 643 1905 676 quando

1114 672 1185 712 misit
1199 679 1291 700 servos
1300 681 1370 712 suos
1380 695 1391 712 ,_
1402 674 1456 708 jam
1474 675 1587 712 invitati
1599 672 1683 703 erant.
1708 672 1824 703 Priinmii
1838 686 1904 712 ergo

1112 706 1248 746 dicamus,
1261 708 1371 746 quidsit
1383 706 1470 746 ipsum
1485 711 1644 738 convivium.
1655 712 1787 743 Secundo,
1797 706 1904 746 quando

1112 747 1173 781 sunt
1186 743 1296 769 invitati.
1317 743 1423 781 Tertio,
1446 745 1551 779 quando
1572 747 1652 780 erepit
1676 743 1826 781 praeparare
1838 755 1903 774 eon-

1113 777 1219 813 vivium,
1228 783 1254 805 et
1262 779 1366 813 quando
1375 780 1445 806 misit
1454 777 1621 808 invitatoresf
1628 777 1770 809 Praiidiuiii
1780 783 1850 809 enim
1862 787 1903 810 est

1111 812 1230 852 doctrina
1243 812 1367 852 institue,
1391 819 1418 841 et
1439 815 1518 852 verba
1542 816 1686 843 molestiam
1711 818 1900 852 mysteriorum

1112 847 1145 874 de
1161 848 1227 884 Filio
1243 849 1291 876 Dei
1308 855 1429 876 venturo.
1446 851 1510 884 Qua:
1524 852 1612 878 omnia
1628 847 1756 878 mandens
1770 852 1860 883 homo,
1876 853 1901 880 id

1110 888 1160 914 est,
1172 883 1292 915 audiens,
1302 885 1413 917 aequirit
1422 883 1472 912 sibi
1484 886 1562 912 vitam
1574 891 1710 914 :etcruam.
1724 887 1819 914 Multas
1830 889 1899 914 enini

1110 918 1283 957 proprietates
1302 919 1487 957 habet‘scrino
1504 921 1537 948 ad
1553 929 1651 948 esram.
1672 922 1745 949 Sicut
1764 922 1834 949 enim
1856 924 1901 957 qui

1109 953 1229 992 inittitHin
1243 962 1272 981 os
1284 962 1360 992 suum
1375 955 1551 990 fragmentum
1564 958 1647 990 panis,
1661 963 1707 984 aut
1717 953 1900 992 quatemcinii-

1108 995 1159 1028 que
1169 989 1390 1028 cihum,primum
1401 989 1474 1017 molit
1485 999 1544 1018 eum
1558 989 1691 1026 dentibus,
1702 989 1732 1019 et.
1745 993 1778 1019 ita
1793 993 1900 1021 dimittit

1108 1026 1134 1050 in
1161 1026 1327 1052 stomachum
1343 1034 1349 1051 :
1363 1027 1402 1054 sic
1421 1031 1449 1052 ct
1468 1034 1528 1054 eum
1540 1028 1662 1054 audimus
1675 1035 1754 1054 omne
1769 1029 1897 1059 verbum,

1108 1065 1218 1098 necesse
1232 1065 1274 1086 est
1287 1061 1380 1098 ipsum
1393 1061 1516 1098 meditari
1529 1062 1554 1088 iu
1570 1070 1616 1089 ore
1639 1070 1733 1090 sensus
1746 1083 1753 1094 ,
1775 1068 1802 1090 et
1823 1065 1897 1098 qua-i

1106 1093 1262 1130 quibusdam
1278 1093 1410 1127 dentibus,
1425 1096 1449 1122 id
1465 1101 1514 1128 est,
1529 1098 1683 1124 tractatibus
1697 1098 1807 1130 molere,
1821 1093 1848 1126 et
1861 1100 1897 1125 vi‘

1106 1128 1169 1156 dere
1187 1130 1249 1164 quid
1262 1135 1300 1168 est
1315 1131 1384 1168 quod
1399 1131 1473 1163 dicit,
1495 1136 1539 1158 aut
1557 1133 1626 1159 unde
1638 1133 1711 1165 dicit,
1731 1139 1774 1159 aut
1792 1128 1898 1168 propter

1105 1170 1183 1203 quam
1200 1173 1255 1203 rent
1266 1165 1338 1203 dicit.
1352 1166 1416 1203 Nam
1429 1167 1650 1201 quemadmodum
1673 1165 1894 1203 qualemcumque

1105 1199 1204 1232 cibum,
1228 1201 1276 1227 nisi
1291 1199 1520 1229 maslicaveriiuns
1539 1203 1672 1235 dentibus,
1682 1199 1745 1229 'non
1767 1199 1896 1231 sentimus

1105 1241 1226 1268 saporem
1249 1236 1325 1270 ejus:
1342 1237 1376 1263 ita
1398 1242 1425 1264 et
1447 1237 1555 1264 verbum
1578 1239 1647 1272 quod
1675 1238 1818 1272 audimus,
1846 1240 1895 1266 nisi

1106 1271 1330 1308 mastieavcriinus
1342 1272 1426 1305 ipsum
1439 1277 1580 1299 tractantes
1588 1271 1617 1300 in
1632 1274 1718 1305 nobis,
1734 1282 1786 1300 non
1802 1271 1895 1308 possu-

1104 1311 1163 1331 mus
1176 1305 1325 1340 intelligere
1337 1307 1459 1334 virtutem
1475 1308 1547 1334 verbi
1563 1309 1641 1335 illius.
1657 1308 1722 1336 Nam
1745 1314 1772 1335 et
1786 1305 1894 1338 manna.

1103 1340 1173 1377 quod
1188 1341 1316 1368 edebatur
1329 1343 1354 1368 in
1370 1350 1471 1375 eremo,
1488 1342 1595 1377 ﬁguram
1611 1344 1816 1371 liabebatverhi.
1833 1345 1894 1372 ldro

1103 1375 1239 1414 dicebatur
1258 1385 1363 1414 manna.
1380 1378 1450 1412 quod
1466 1375 1656 1412 interpretatur
1679 1379 1820 1410 llehraicc.
1831 1381 1897 1414 quid

1102 1415 1143 1436 est
1157 1410 1226 1437 hoc?
1241 1416 1268 1438 ut
1281 1410 1517 1447 quotienscumque
1531 1410 1654 1440 audimus
1667 1415 1787 1446 verbum,
1802 1410 1893 1441 adiuvi-

1103 1450 1162 1484 neat
1177 1447 1325 1484 lltlSrlQSutIl
1341 1455 1437 1474 nomen
1452 1449 1597 1483 requirere,
1613 1450 1675 1484 quid
1690 1455 1729 1476 est
1745 1450 1804 1481 hoc,
1820 1453 1890 1484 quod

1101 1481 1240 1518 audimus?
1255 1482 1287 1508 Et
1305 1483 1372 1509 sicut
1388 1484 1474 1510 cibum
1491 1481 1628 1518 postquam
1647 1481 1888 1518 iiiasticaveriiinis,

1101 1516 1257 1554 dimittimus
1277 1518 1303 1544 in
1315 1516 1510 1554 rstomaclium':
1528 1516 1565 1546 ita
1580 1524 1607 1546 et
1622 1520 1730 1546 verbum
1753 1516 1892 1554 postquami

1100 1552 1381 1589 lwiicrtraetaverimns
1393 1573 1400 1584 ,
1414 1554 1631 1582 commendamus
1650 1555 1734 1589 ipsum
1753 1552 1891 1582 memoria:

1099 1588 1174 1625 quasi
1197 1589 1344 1625 stomacho.
1361 1588 1434 1625 _N;iiii
1459 1588 1681 1623 quemadmodum
1706 1598 1757 1617 non
1783 1591 1892 1625 prodest

1099 1623 1174 1649 eihns
1185 1643 1193 1656 ,
1210 1624 1259 1650 nisi
1274 1631 1334 1650 eum
1359 1623 1437 1650 fuerit
1458 1625 1626 1654 mastieatus.
1642 1630 1670 1652 et
1684 1625 1709 1652 iu
1723 1623 1888 1652 stomachum

1099 1657 1276 1694 descenderit,
1293 1660 1331 1685 sic
1344 1666 1396 1685 non
1411 1660 1516 1694 proiicit
1529 1660 1561 1686 ad
1576 1660 1688 1687 salutem
1702 1661 1822 1692 verbum,
1839 1661 1887 1688 nisi

1098 1701 1158 1720 cum
1171 1693 1248 1720 fuerit
1263 1694 1405 1721 intellectui
1420 1698 1447 1721 et
1459 1695 1594 1722 memoria:
1606 1695 1739 1723 traditum.
1754 1696 1820 1723 Nam
1835 1698 1888 1722 sic-

1099 1732 1128 1755 ut
1140 1728 1215 1756 cibus
1229 1729 1293 1756 nihil
1309 1729 1426 1762 prodest,
1441 1730 1462 1757 si
1479 1730 1736 1763 manducavcrimus,
1752 1735 1779 1758 et
1793 1733 1887 1758 iterum.

1098 1763 1244 1806 evomiinus
1259 1772 1319 1791 eum
1336 1764 1371 1806 de_
1379 1764 1532 1806 stomacho:
1545 1766 1582 1792 sic
1597 1766 1661 1806 nihil
1673 1766 1703 1806 in
1713 1766 1793 1806 nobis
1803 1767 1885 1806 prnd-

1098 1803 1139 1834 est
1152 1799 1281 1831 verbum,
1303 1800 1371 1834 quod
1395 1800 1537 1834 audimus,
1551 1805 1577 1827 et
1599 1800 1782 1828 obtiviscimnr
1802 1799 1883 1827 illico.

1097 1833 1187 1867 Cibus,
1200 1835 1244 1869 qui
1259 1835 1284 1861 in
1300 1835 1438 1862 stomacho
1451 1840 1513 1867 stat,
1529 1836 1572 1862 ille
1584 1835 1734 1862 e0ni‘ort.-t:
1748 1840 1775 1863 et
1786 1843 1883 1866 sermo,

1098 1869 1142 1904 qui
1158 1869 1182 1896 iu
1197 1871 1323 1896 memoria
1338 1875 1442 1901 manet,
1460 1871 1504 1897 ille
1518 1871 1610 1898 salvat.
1627 1871 1702 1898 Unde
1717 1877 1743 1898 et
1757 1871 1824 1905 apud
1837 1871 1884 1897 Ju-

1097 1905 1170 1931 d;cos
1185 1905 1228 1932 illa
1242 1905 1364 1931 animalia
1379 1911 1436 1932 sunt
1452 1906 1560 1938 munda,
1575 1914 1633 1939 qua:
1648 1911 1772 1933 revocant
1787 1906 1884 1937 cibum,

1097 1944 1123 1966 et
1135 1939 1270 1966 ruminant
1285 1940 1371 1974 (Dent.
1387 1941 1429 1967 Η.
1443 1941 1482 1974 ti).
1496 1942 1564 1974 Ergo
1577 1941 1672 1968 animal
1684 1941 1748 1968 illud
1760 1945 1800 1967 est
1810 1949 1886 1967 ninn-

1097 1975 1169 2006 dum,
1179 1975 1248 2009 quod
1262 1976 1382 2002 uiastieat
1395 1980 1422 2002 et
1437 1976 1516 2002 tradit
1529 1981 1614 2005 utero.
1623 1982 1648 2003 rt
1661 1977 1754 2003 iterum
1765 1976 1798 2002 de
1811 1981 1885 2002 utero

1096 2015 1217 2042 revocat,
1234 2014 1260 2037 et
1281 2011 1404 2037 ruminat.
1424 2011 1455 2037 Et
1478 2011 1557 2038 homo
1578 2012 1620 2038 ille
1637 2016 1679 2038 est
1699 2011 1842 2045 spirdualis
1858 2017 1884 2038 et

1096 2051 1213 2078 sanctus,
1233 2046 1276 2080 qui
1292 2046 1403 2072 audiens
1420 2046 1529 2073 verbum
1547 2051 1649 2075 tractat.
1665 2051 1693 2073 et
1704 2054 1764 2073 cum
1780 2046 1882 2072 intelle-

1097 2081 1174 2113 xerit,
1191 2081 1325 2107 mt‘moria‘
1338 2082 1410 2115 quasi
1428 2085 1503 2108 utero
1518 2081 1606 2112 tradit,
1623 2087 1649 2108 et
1669 2082 1763 2108 iterum
1779 2082 1812 2108 de
1826 2089 1883 2107 nie-

1097 2116 1178 2142 nioria
1194 2117 1268 2150 quasi
1286 2116 1320 2142 de
1333 2121 1408 2142 utero
1423 2121 1548 2147 revocat,
1565 2121 1591 2143 ιιι
1605 2117 1734 2144 ruminat.
1749 2122 1776 2143 et
1796 2122 1886 2142 retra-

1095 2156 1158 2178 etat.
1175 2150 1220 2177 Ille
1232 2156 1320 2177 autem
1336 2151 1416 2177 homo
1432 2152 1582 2178 immundus
1597 2158 1636 2178 est
1656 2157 1717 2178 ante
1733 2151 1824 2183 Deum,
1839 2152 1882 2178 uni

1096 2194 1147 2222 non
1170 2186 1324 2213 recordatur
1333 2187 1479 2222 aliquando
1490 2208 1496 2218 ,
1511 2195 1558 2213 nec
1579 2191 1703 2214 retractat
1715 2188 1786 2222 quod
1799 2186 1882 2213 audit.

1094 2221 1144 2254 Qui
1157 2225 1244 2247 autem
1259 2220 1399 2248 niantiiicat
1413 2221 1446 2248 de
1457 2222 1586 2256 spirituali
1601 2220 1743 2253 comitio,
1761 2222 1886 2255 impletur

1094 2256 1186 2289 spiritu
1197 2276 1203 2286 ,
1220 2255 1345 2282 dilatatur
1358 2255 1495 2289 sensibus,
1511 2258 1624 2284 nutriliir
1641 2258 1665 2284 in
1680 2257 1807 2288 veritate,
1824 2258 1883 2290 pin~

1093 2291 1195 2325 guescit
1207 2291 1232 2317 in
1244 2291 1305 2322 fide,
1317 2296 1343 2318 et
1353 2291 1391 2318 sic
1404 2291 1549 2326 ingreditur
1559 2292 1591 2318 ad
1604 2294 1618 2317 ii
1631 2292 1728 2319 teriora
1742 2292 1885 2318 voluntatis

1095 2326 1158 2358 Dei,
1174 2331 1201 2353 et
1218 2334 1328 2352 manens
1343 2327 1368 2352 in
1389 2328 1428 2354 eis
1446 2328 1560 2361 acquirit
1579 2327 1628 2354 sibi
1651 2328 1729 2354 vitam
1744 2332 1881 2355 aeternam.

1093 2361 1141 2394 Qui
1155 2367 1242 2388 autem
1258 2361 1292 2387 ab
1308 2362 1357 2388 hoc
1371 2363 1492 2388 convivio
1506 2363 1576 2389 verbi
1598 2363 1675 2396 longe
1688 2362 1766 2389 fuerit
1783 2362 1882 2392 facins,

1093 2402 1236 2422 evacuatur
1249 2397 1358 2430 spiritu,
1373 2402 1528 2431 angustatur
1546 2398 1668 2424 sensibus
1681 2419 1684 2425 .
1701 2397 1792 2424 detieit
1806 2406 1820 2423 a
1837 2405 1882 2423 ve-

1092 2431 1171 2458 ritatc
1183 2451 1189 2462 ,
1209 2431 1319 2458 dislitlat
1339 2440 1352 2458 a
1376 2433 1443 2463 llde.
1461 2438 1487 2459 et
1504 2433 1542 2459 sic
1561 2433 1699 2466 egrediens
1713 2433 1747 2459 ab
1760 2433 1883 2459 omnibus

1092 2467 1271 2493 voluntatibus
1283 2467 1326 2493 Dei
1341 2467 1372 2493 ad
1390 2467 1523 2500 inferiora,
1537 2468 1679 2494 novissime
1691 2467 1760 2494 cadit
1773 2467 1798 2494 in
1812 2475 1883 2494 mor-

1093 2506 1156 2529 tem.
1167 2501 1277 2534 Quando
1287 2508 1347 2528 sunt
1362 2503 1460 2528 invitati
1473 2503 1483 2528 ?
1495 2503 1522 2529 ln
1534 2508 1652 2536 tempore
1663 2503 1788 2534 Abrahae,
1800 2511 1882 2536 quan-

1091 2537 1126 2563 do
1140 2537 1207 2563 dixit
1221 2537 1253 2563 ad
1269 2544 1328 2563 eum
1344 2537 1412 2564 Deus
1427 2546 1432 2563 2
1449 2537 1498 2564 Exi
1511 2537 1542 2564 de
1554 2542 1620 2564 terra
1631 2543 1673 2564 tua
1683 2559 1690 2569 ,
1706 2543 1728 2564 ιιι
1744 2538 1774 2564 de
1787 2546 1882 2572 cogna-

1091 2573 1158 2598 tione
1172 2576 1224 2603 tua,
1237 2577 1258 2598 et
1269 2573 1322 2598 veni
1336 2573 1361 2598 in
1376 2577 1467 2598 terram
1479 2581 1555 2606 quam
1567 2573 1611 2599 tibi
1624 2574 1836 2600 demonstrarent.
1849 2572 1882 2598 Et

1092 2615 1189 2633 onmem
1205 2612 1306 2640 terram,
1322 2615 1504 2641 quamcumque
1522 2608 1630 2642 tetigeris
1645 2608 1749 2642 pedibus
1763 2609 1823 2639 tuis,
1840 2608 1883 2634 tibi

1092 2642 1156 2668 dabo
1174 2650 1244 2672 eum,
1259 2647 1281 2668 et
1298 2643 1386 2668 semini
1400 2647 1442 2668 tuo
1454 2643 1479 2669 in
1497 2648 1616 2670 wternum
1634 2643 1717 2676 (Gen.
1733 2643 1776 2670 Ιίὶ.
1796 2644 1820 2670 Ι.
1835 2643 1852 2668 ‘2
1863 2646 1880 2673 ).

1091 2678 1174 2710 Quam
1198 2683 1294 2704 terrain
1306 2678 1317 2703 ’ἶ
1337 2677 1446 2704 Terram
1466 2679 1622 2704 orientalem
1634 2698 1641 2709 ,
1658 2678 1785 2705 ﬂuentem
1801 2678 1843 2704 lae
1855 2683 1883 2704 et

1091 2713 1154 2739 mel.
1167 2712 1242 2745 Quod
1258 2720 1346 2739 verum
1363 2720 1414 2739 non
1428 2713 1515 2739 estde
1531 2717 1601 2740 terra
1617 2713 1660 2740 illa
1682 2713 1781 2740 Juda‘a:
1792 2733 1798 2741 .
1815 2721 1880 2747 quo-

1091 2747 1161 2774 niam
1176 2747 1218 2774 illa
1239 2752 1307 2774 terra
1329 2755 1471 2782 numquam
1495 2748 1569 2775 ﬂuxit
1589 2748 1656 2775 lacte
1673 2753 1702 2776 et
1719 2749 1796 2775 mellu
1810 2767 1818 2780 ,
1836 2748 1881 2774 sed

1092 2788 1189 2809 terram
1206 2783 1404 2815 rationabilem,
1418 2791 1498 2816 quam
1511 2782 1634 2810 Christus
1654 2784 1780 2818 suscepit.
1799 2783 1835 2810 lie
1851 2784 1882 2808 il-

1092 2818 1141 2844 lius
1156 2818 1226 2844 enim
1241 2818 1420 2844 incarnatione
1440 2819 1479 2845 lac
1499 2824 1525 2845 et
1546 2820 1596 2844 mel
1619 2817 1814 2853 pt'ttCCSsét‘ttttl.
1831 2817 1882 2845 Lac

1090 2853 1160 2879 enim
1176 2860 1244 2887 opus
1257 2858 1297 2879 est
1317 2853 1522 2885 miraculorum,
1537 2855 1662 2887 quoniam
1676 2860 1701 2880 et
1719 2855 1778 2880 sine
1794 2854 1882 2880 latime

1092 2889 1221 2920 dentium,
1234 2892 1259 2915 et
1272 2896 1331 2915 cum
1346 2889 1474 2916 suavitate
1487 2889 1644 2922 comediinr,
1661 2897 1708 2923 prr
1721 2889 1789 2924 quod
1804 2889 1882 2916 rudus
