2021 3128
148 176 195 205 861

148 237 173 263 in
190 235 240 262 tidc
255 233 328 269 quasi
347 232 420 266 pueri
441 235 632 269 sustentantur.
647 230 696 269 .lllel
717 235 805 269 autem
826 228 930 269 eloquia

148 278 172 299 et
185 265 313 298 doctrinm
324 269 456 299 dicuntur,
469 267 536 294 sicut
549 267 584 293 ait
599 266 726 301 proplteta
738 275 744 292 τ
759 265 840 298 Quam
852 265 937 291 dulcia

160 306 261 332 nucibus
274 304 334 330 meis
349 303 445 335 eloquia
459 307 501 328 tua
513 323 519 333 ι
534 310 609 336 super
628 302 677 328 me!
695 306 717 327 et
732 303 816 336 favum
831 301 868 326 ori
884 308 937 326 utea

148 335 240 373 iPsol.
259 340 316 366 ll8.
335 337 414 373 103).
434 338 502 371 Ergo
515 337 611 364 Christi
634 335 779 373 incarnatio
792 336 937 373 promitte-

149 370 234 408 batur,
249 377 292 409 qui
310 374 375 400 lacte
390 370 613 409 t'ttit-acitloriunct
624 372 702 409 melle
714 371 841 398 doctrinm
854 370 938 409 nutri-

149 406 322 438 tnrus'l'tierat
335 414 426 443 gentes
442 408 521 435 rudes
536 409 560 434 itt
577 407 637 434 ﬁde.
656 406 720 433 Vide
734 414 798 443 ergo
812 406 936 443 quoniam

149 447 201 482 iam
212 454 246 473 ex
257 440 547 482 co_osiendebat_Dens,
560 443 748 482 quoniamqion
764 440 938 482 aliterdutltui

150 475 269 516 poterant
285 479 391 516 Christo
406 479 515 516 credere
525 499 532 510 ,
548 475 596 504 nisi
612 483 640 516 nt
656 477 832 511 relinquerent
846 475 937 516 Judai-

149 511 246 548 sinunt,
263 515 332 549 quod
346 519 396 544 est,
414 514 462 540 Exi
477 514 508 539 de
518 515 674 549 cognatione
688 517 731 538 tua
745 520 753 538 :
769 516 874 549 etopus
887 511 939 538 cir-

149 547 336 580 cumcisionis,
351 549 420 584 quod
436 552 477 576 est
488 568 494 580 ι
512 547 562 574 Exi
580 548 610 574 de
625 553 691 584 terra
708 551 760 573 ttia.
779 547 846 584 Ergo
859 554 890 584 ex_
906 553 938 573 eo

148 588 200 622 jam
212 581 366 622 Judaisntns
375 583 563 622 relinquendus
573 582 770 622 ostendebatur.
783 581 937 622 Non_solnm

149 617 237 649 autem
251 621 345 652 Judaii,
359 619 405 647 sed
419 617 507 646 nullus
520 618 600 645 homo
614 622 698 652 potest
710 618 750 643 lae
762 621 788 644 et
800 617 850 643 mel
866 625 938 643 utan-

149 657 247 684 tlucare
267 655 382 684 Christi.
405 655 454 680 nisi
478 653 661 688 cognationem
684 660 757 688 suam
771 673 777 685 ,
793 657 819 678 et
841 657 937 678 terram

149 700 224 720 suam
239 691 383 726 reliquerit,
396 690 463 716 sicut
478 687 608 726 scriptum
619 693 688 726 esti
696 687 754 726 Nisi
768 687 822 726 quis
834 687 939 726 relique:

149 728 182 755 rit
196 722 345 761 patrrm-aut
360 729 462 751 matrem
478 724 582 761 (.llattlt.
601 723 642 750 l9.
658 723 714 757 29),
726 726 785 761 με.
802 722 875 761 Item,

150 757 218 789 ineas
233 762 285 788 vult
299 769 351 788 esse
365 757 512 793 discipulus,
529 759 631 793 abneget
646 758 806 792 semetipsum
822 757 895 792 (Luc.
909 759 937 786 9.

150 798 207 832 9.5).
226 796 358 831 Relinquit
373 803 442 832 ergo
450 794 633 832 cognationem
647 801 731 832 suam.
748 801 799 819 tton
815 793 859 827 qui
876 801 939 820 con-

151 829 244 860 temnit
258 829 327 859 eam.
341 830 387 857 sed
401 830 444 865 qui
462 830 575 864 amplius
588 829 672 864 diligit
686 829 783 865 Deum,
794 836 872 863 quain
890 836 937 862 pa-

151 873 250 896 rentes.
273 863 416 900 l‘telinquit'
427 869 523 891 terram
543 872 618 892 suam
630 863 643 896 ,⁷
652 864 695 898 qui
711 863 798 900 carnis
811 871 866 890 sua:
886 871 938 890 non

151 904 269 937 sequitur
280 899 441 928 voluntatem
454 901 461 915 ι
476 901 534 934 :qui
547 905 635 937 autem
644 899 940 937 enitettpiscentias_car-

153 934 224 965 nales
237 937 317 972 exigit
327 958 333 968 ,
351 942 446 963 terrain
460 936 578 972 corporis
592 936 631 960 sui
645 939 766 965 exercet,
783 934 848 961 sicut
862 935 936 972 Gaia.

152 975 200 1007 Qui
215 970 407 1005 vero‘pcrl'eete
419 971 601 1007 cognationem
616 976 690 997 suam
703 974 734 1007 et_
743 974 843 1007 terram
856 970 938 1007 relin-

151 1004 223 1043 ᾦιίι.
241 1009 282 1035 hic
294 1004 382 1043 iacret
402 1006 456 1043 mel
474 1005 633 1043 ni:tt_tducat_,
650 1012 709 1043 cum
729 1004 790 1043 legit
807 1004 938 1043 mirabilia

151 1039 196 1071 aut
208 1043 310 1077 eloquia
321 1042 429 1070 Christi.
441 1040 550 1077 Quando
560 1041 640 1077 erepit
651 1039 701 1077 hoc
709 1039 859 1077 convivium
872 1047 939 1074 prat-

151 1080 236 1114 parari
248 1075 293 1105 ?VA
311 1083 430 1114 tempore
445 1076 520 1108 Mosi,
533 1075 693 1114 quamlo_lcx
709 1075 809 1101 Domini
819 1075 884 1114 _data
898 1079 938 1114 est

152 1110 406 1148 irreprehensibilis,
427 1115 585 1148 convcrlens
604 1110 724 1148 animas;
740 1110 844 1148 qttando
863 1111 937 1137 testi-

152 1145 268 1176 monium
282 1147 383 1175 Domini
396 1147 472 1173 lidele
483 1146 570 1173 datum
581 1151 630 1178 est,
643 1145 797 1179 sapientiam
810 1151 938 1179 prmstans

152 1185 285 1218 parvulis;
307 1182 412 1218 quando
431 1182 539 1215 justititc
560 1180 759 1218 Dominirectag
776 1181 938 1218 lictilicantes

151 1216 228 1246 corda
242 1227 249 1251 ;
265 1216 370 1253 quando
391 1222 550 1253 pra-ceptum
564 1216 673 1253 Domini
690 1216 805 1242 lucidum
816 1236 822 1245 .
839 1216 937 1242 illumi~

153 1263 218 1283 uans
229 1251 319 1281 oculos
331 1262 337 1284 ;
351 1252 455 1287 quando
470 1252 550 1278 titnor
563 1251 665 1287 Domini
680 1256 787 1287 sanctus
801 1257 938 1284 permanet

152 1291 177 1316 in
190 1290 314 1316 S:I‘Cultllt|
331 1285 437 1319 saEenli;
453 1286 666 1321 quandojudicia
684 1285 788 1313 Domini
803 1293 873 1316 vera,
892 1286 936 1320 jn-

151 1326 260 1351 stilicatu
283 1325 307 1350 in
332 1324 489 1356 semetipsa;
510 1322 614 1355 quando
636 1329 667 1348 ex
688 1321 779 1348 decem
799 1322 937 1355 speciebus

151 1361 287 1387 conlectus
302 1363 342 1385 cst
357 1359 430 1385 cibus
445 1357 562 1390 decalogi
578 1356 710 1383 salutaris.
727 1357 799 1383 Sicut
813 1357 883 1383 enim
896 1365 937 1384 re-

151 1396 208 1430 gale
223 1393 466 1430 prandium‘nntltis
480 1392 598 1430 ciborum
614 1391 752 1430 speciebus
765 1397 882 1430 ornatur,
902 1393 936 1419 ita

152 1426 178 1458 et
199 1426 248 1457 hoc
269 1428 418 1456 convivium
439 1427 631 1461 Scripturarum
647 1426 759 1453 diversis
774 1427 936 1461 jnstitiarutn

151 1466 289 1501 speciebus
302 1470 342 1491 est
356 1463 520 1501 decoratum.
539 1461 578 1489 Ex
594 1470 625 1501 eo
638 1463 716 1501 etiam
732 1466 849 1501 tempore
869 1463 936 1501 invi-

153 1497 250 1528 tatores
269 1501 391 1527 exierunt
411 1498 562 1532 prophetze,
578 1498 622 1531 qui
642 1497 763 1524 homines
782 1498 813 1523 ad
833 1498 937 1532 nuptias

153 1537 229 1563 futuri
244 1535 332 1570 spottsi
347 1538 485 1570 vorarent,
504 1533 597 1570 idest.
610 1533 644 1570 ad
659 1533 735 1559 iidem
749 1532 860 1570 Christi,
874 1541 936 1570 pro-

153 1568 288 1607 pltetantcs
302 1570 341 1596 eis
353 1569 385 1596 de
400 1569 465 1607 ipso.
479 1569 511 1594 At
523 1568 712 1607 ἱΙΙξμφΙυςι-ιιξιι
722 1568 821 1607 venire.
834 1568 859 1594 ιί.
873 1569 937 1595 Item

152 1602 217 1634 ἱιιὶιὶι
231 1606 293 1632 alios
307 1612 391 1631 servos
403 1625 410 1633 .
424 1603 507 1630 dit-ens
520 1611 529 1629 :
546 1602 626 1630 Dicite
640 1603 748 1630 invitatis
760 1623 766 1634 ,
781 1602 844 1629 Ecca
858 1612 937 1638 pran—

151 1643 220 1668 dium
232 1649 313 1667 nteant
328 1639 423 1674 parari,
438 1639 502 1664 tauri
517 1638 565 1664 mei
578 1643 600 1665 et
614 1639 728 1673 saginata
741 1638 821 1674 occisa
833 1643 900 1671 sunt,
915 1644 937 1665 et

152 1678 235 1704 omnia
253 1677 309 1710 jam
328 1672 440 1709 "parata;
461 1673 593 1710 venilerad
614 1672 725 1710 nuptias.
746 1672 796 1705 Qui
814 1678 875 1710 sunt.
893 1674 937 1701 alii

152 1712 239 1740 servi?
253 1708 370 1745 Apostoli
384 1730 391 1742 ,
408 1717 473 1743 quos
487 1714 514 1735 ct
528 1709 572 1745 ille
589 1709 663 1745 misit
675 1708 788 1745 ,Adicens
805 1718 810 1735 :
825 1708 858 1735 In
873 1709 938 1736 viam

153 1748 260 1782 gentiam
277 1743 309 1773 ne
325 1744 453 1782 abieritis‘,
469 1749 494 1782 et
508 1745 532 1770 in
547 1744 656 1782 civitates
675 1743 892 1782 Samaritanorum
907 1753 937 1771 ne

153 1779 301 1809 intraveritis
311 1789 321 1813 ;
334 1780 379 1807 sed
392 1780 473 1814 potius
487 1781 519 1805 ile
530 1779 563 1805 ad
576 1787 632 1806 oues
645 1786 701 1813 qua!
713 1780 838 1813 pri-ierunt
851 1779 938 1806 domus

154 1817 244 1844 Israel.
263 1816 356 1842 Euntes
368 1819 451 1841 autem
464 1814 611 1848 pt'a’tlicale,
627 1814 749 1846 dicentes,
768 1814 832 1846 Quia
846 1823 939 1848 appro-

153 1852 280 1886 pinquat-it
299 1858 401 1886 regnum
416 1850 533 1886 (telorum
547 1851 555 1881 (
569 1848 783 1886 IlIalt/t.710.75-7
794 1849 886 1886 )Llloc
898 1855 940 1886 est

153 1885 222 1920 quod
236 1886 314 1917 dicit,
331 1885 471 1911 Prandium
488 1892 568 1910 nteant
583 1885 669 1920 paravi
682 1893 690 1910 :
704 1885 729 1911 id
745 1888 800 1915 est,
814 1885 852 1912 Ex
867 1885 938 1912 omni

155 1923 210 1955 lege
222 1943 229 1953 ,
243 1926 269 1949 et
287 1929 319 1948 ex
339 1920 460 1947 omnibus
477 1919 611 1954 prophetis
625 1919 819 1953 Seripturarum
835 1927 940 1948 mensas

154 1957 255 1984 ornari.
270 1957 318 1988 Qui
333 1961 392 1982 sunt
409 1955 474 1981 tauri
489 1959 514 1981 et
528 1955 644 1989 saginata
659 1955 768 1981 occisa?
783 1955 921 1988 Propheta:
931 1976 938 1989 ,

154 1992 198 2026 qui
213 1991 292 2019 occisi
306 1995 366 2018 sunt
380 1997 427 2026 pro
439 1990 522 2026 salute
535 1989 634 2024 populi.
646 1990 849 2026 Sanctiquoquc
859 1991 940 2026 occisi

154 2024 215 2054 sunt
229 2034 274 2060 pro
286 2026 370 2052 salute
383 2025 500 2058 ejusdem
512 2026 613 2060 populi,
627 2024 849 2059 quemadmodum
861 2025 940 2052 docet

156 2069 204 2088 nos
213 2059 366 2096 Apostolus,
378 2060 468 2096 dicens
483 2069 490 2086 :
508 2059 561 2094 Ego
574 2065 657 2096 auten
672 2060 804 2096 imperitior
818 2064 940 2096 etsttper-

156 2094 286 2131 impentlar
301 2104 347 2130 pro
361 2095 490 2131 animabus
502 2095 615 2131 rues/ris}
625 2094 657 2131 ‘2_.
667 2094 859 2131 Cot'.rl2.715).
876 2095 940 2131 Item

156 2128 216 2158 alibi
232 2140 238 2158 :
255 2128 308 2165 Ego
322 2131 387 2157 enim
397 2131 453 2165 jam
466 2130 560 2156 delibor
573 2129 616 2164 (2.
635 2128 702 2157 Tim.
720 2130 747 2156 Δ.
763 2130 807 2165 ti).
822 2128 941 2157 Hominis

156 2165 246 2194 libatio
259 2166 336 2192 alicui
356 2173 403 2199 pro
418 2165 505 2198 aliquo
520 2164 638 2192 otl'ertnr.
656 2165 709 2191 Deo
724 2164 790 2199 ergo
801 2165 941 2192 immolan-

156 2201 205 2228 dns
227 2201 312 2228 fuerat
333 2199 429 2227 Paulus
448 2207 494 2234 pro
514 2200 610 2234 populo
627 2207 705 2233 quem
720 2199 840 2227 docebat.
857 2199 901 2227 Sic
916 2204 942 2227 et

158 2237 293 2271 propheltc
308 2235 387 2263 occisi
407 2240 482 2265 sunt,
495 2235 674 2271 unusquisque
693 2235 837 2271 pro_salute
853 2235 941 2270 populi

156 2269 234 2306 quem
250 2271 369 2298 docebat.
388 2271 419 2297 Et
437 2270 560 2304 qttouiam
584 2278 655 2306 mors
676 2269 863 2306 prophetarum
881 2277 941 2297 sus-

156 2304 273 2333 tentabat
296 2305 400 2340 quidem
422 2313 453 2332 ex
476 2309 550 2339 parte
570 2305 681 2332 salutem
706 2304 867 2338 humanam,
890 2312 942 2332 non

157 2346 243 2368 tamen
266 2341 343 2375 plene
364 2341 466 2367 salvarc
492 2343 594 2374 poterat
616 2345 697 2367 totum
719 2340 867 2375 mundum;
884 2340 943 2366 ideo

156 2374 298 2403 novissime
312 2376 460 2402 immolatus
470 2380 510 2401 est
521 2376 619 2408 Agnus,
634 2376 677 2409 qui
691 2375 770 2402 totius
781 2374 870 2401 mttndi
884 2381 941 2402 rea-

157 2417 210 2438 tum
223 2411 371 2438 innocentia
384 2418 430 2437 sua
444 2410 601 2444 detergeret.
619 2410 760 2443 Propterea
774 2415 799 2436 et
814 2410 837 2436 in
851 2410 943 2437 diebus

156 2446 325 2480 Scenopcgia:
336 2466 342 2477 ,
357 2453 415 2480 quae
430 2445 623 2480 interpretatur
634 2444 695 2471 ﬁxio
710 2445 888 2477 tabernaculi,
904 2445 944 2471 di-

156 2489 239 2508 versa:
256 2479 348 2507 bestia:
362 2479 549 2507 uccitlebantur
566 2480 592 2506 iit
612 2479 693 2514 ﬁgura
708 2485 860 2507 sanctorum
872 2500 879 2511 ,
894 2488 942 2507 tto-

158 2517 262 2543 vissime
283 2520 370 2542 autent
392 2515 560 2542 occidebatur
573 2519 600 2550 et
619 2515 754 2550 agnus.VSi
769 2522 831 2550 ergo
846 2522 943 2549 agnum

156 2551 211 2578 illic
234 2551 351 2579 occisunt
378 2550 549 2585 intelligimus
573 2549 683 2584 ﬁgurant
706 2549 824 2582 Christi,
848 2558 944 2577 conse-

156 2591 268 2621 quenter
279 2591 305 2613 ct
320 2589 429 2612 ctrtcras
445 2584 544 2621 hostias
558 2584 726 2621 intelligimus
741 2585 943 2621 prtecedentium

156 2619 308 2648 sanctorum
332 2620 488 2647 occisiones.
515 2619 566 2647 Sed
590 2624 617 2646 et
641 2620 760 2647 Christus
780 2620 813 2655 de
835 2620 945 2655 ﬁgurata

156 2662 306 2684 sanctorutn
328 2663 436 2683 suorum
454 2655 634 2682 immolatione
647 2654 751 2681 dicebat
767 2663 773 2680 :
792 2654 945 2681 ilolahausta

156 2692 293 2718 medullula
308 2690 411 2724 oﬂ'eram
426 2690 467 2716 tibi
483 2698 540 2716 cum
552 2691 653 2716 incenso
667 2694 689 2716 et
701 2689 827 2722 arietibus,
841 2689 946 2722 offeram

156 2727 200 2753 tibi
213 2726 284 2753 boves
295 2734 352 2752 cum
364 2726 439 2752 ltircis
453 2725 536 2758 (Psal.
552 2725 595 2752 65.
612 2725 665 2758 15).
681 2725 734 2751 Nec
745 2725 814 2751 cnitn
825 2725 946 2752 Christus

157 2761 299 2796 aliquando
320 2761 467 2796 huiusmodi
490 2760 614 2796 animalia
634 2760 728 2796 obtulit
749 2760 829 2796 l’atri.
845 2760 946 2796 Obtulit

157 2794 246 2823 autem
262 2795 432 2823 rationabiles
450 2796 556 2827 arietes,
573 2795 598 2821 id
614 2799 663 2825 est.
680 2794 811 2829 principes
829 2794 946 2821 omnium

158 2832 378 2859 Christianorum.
400 2830 499 2856 Obtulit
520 2830 618 2864 boves,
641 2830 824 2856 rationabilem
849 2834 946 2857 terrant

192 2899 199 2913 ι
220 2901 245 2921 v.
258 2901 295 2928 0.,
309 2902 358 2921 sua:
373 2902 502 2927 numquam
514 2896 618 2928 sequitur
631 2896 766 2929 t'olujutttes.

713 171 744 199 IN
765 171 976 199 MATTHJEUM.
999 170 1112 199 llOillL.
1134 170 1200 198 ΧΗ.

1728 170 1780 198 8¹ῖ⁶2

993 229 1127 265 εοΙετηιοεζ
1137 228 1238 256 Obtulit
1255 229 1333 256 etiam
1356 228 1443 257 hircos
1462 237 1494 257 ex
1515 229 1636 264 gentibus
1647 249 1655 263 ,
1671 230 1715 264 qui
1733 238 1784 265 pro

990 265 1098 299 nomine
1110 264 1207 291 Christi
1221 270 1282 291 sunt
1295 265 1374 299 passi.

1026 298 1058 326 In
1074 299 1123 326 vita
1143 307 1201 326 raro
1216 298 1311 333 accepti
1332 300 1468 334 prop/terre.
1483 315 1517 319 —
1529 299 1592 327 Ilme
1607 304 1694 327 autem
1709 300 1779 328 dixi-

991 342 1064 370 mus,
1075 339 1103 361 ut
1118 335 1290 362 ostendamus
1304 339 1393 362 tauros
1407 339 1434 362 et
1448 335 1565 370 saginata
1585 335 1682 364 occisa.
1699 337 1779 363 intcl~

991 369 1036 404 ligi
1050 369 1147 396 debere
1160 374 1266 397 sanctos
1281 371 1392 396 occisos.
1406 370 1505 397 Omnes
1520 377 1583 404 ergo
1604 370 1739 404 prophehc
1753 376 1781 398 et

990 404 1111 431 Christus
1128 404 1187 431 ideo
1206 405 1284 431 occisi
1304 410 1381 436 sunt,
1397 409 1426 431 ut
1440 405 1490 432 hoc
1504 406 1640 440 spirttnale
1655 406 1780 432 taberna-

990 440 1078 475 culum
1095 439 1205 475 tirmiter
1220 440 1353 475 ﬁgeretur.
1372 440 1488 475 Denique
1503 441 1571 467 sicut
1586 441 1685 467 viscera
1701 442 1759 475 agni
1771 461 1779 473 ,

991 474 1026 501 ita
1042 475 1145 509 eloquia
1161 474 1257 501 Christi
1277 474 1398 502 homines
1413 474 1464 502 non
1479 476 1713 507 manducaverunt,
1723 474 1779 503 nisi

991 514 1129 544 postquam
1140 511 1243 537 occisus
1254 515 1303 536 est.
1313 510 1378 537 Nam
1389 515 1447 545 past
1456 515 1566 538 mortem
1576 511 1633 545 ejus
1643 511 1779 544 evangelia

991 544 1131 578 praedicata
1147 549 1210 571 sunt
1221 550 1247 572 et
1260 545 1358 572 credita
1370 566 1377 577 ,
1392 552 1418 572 et
1434 546 1459 572 in
1474 547 1513 573 eis
1527 545 1648 572 homines
1662 546 1780 580 quotidie

992 579 1152 606 nutriuntur.
1174 580 1218 606 Sic
1233 585 1258 607 et
1276 581 1377 607 visceta
1392 580 1450 614 ejus
1464 580 1650 615 prophetarum
1661 579 1707 612 {id
1721 586 1778 614 est,

991 615 1106 648 eloquia,
1120 623 1172 642 non
1186 620 1247 642 sunt
1259 620 1320 642 ante
1333 620 1465 649 suscepta,
1480 616 1528 642 nisi
1547 621 1684 650 postquam
1699 617 1778 643 occisi

991 654 1060 675 sunt.
1076 650 1140 682 Quis
1152 650 1267 681 audivit.
1279 656 1323 676 attt
1336 651 1448 677 credidit
1461 651 1547 678 verbis
1565 651 1636 677 Isaac
1650 651 1780 678 viventis?

991 684 1017 710 Si
1033 685 1103 711 enim
1121 685 1299 719 suscepissent
1318 693 1454 712 sermones
1469 686 1526 720 ejus
1538 707 1545 717 ,
1561 693 1702 720 numquam
1717 693 1779 713 eum

990 725 1148 746 serrassent.
1164 720 1215 747 Sed
1238 725 1374 754 postquam
1390 721 1494 748 accisus
1505 726 1546 748 est
1557 741 1564 752 ,
1582 725 1643 747 tunc
1658 726 1781 755 postmo—

990 754 1052 790 dum
1065 754 1149 781 Judmi
1166 760 1338 789 susceperunt
1353 756 1503 790 propttetias
1518 756 1585 790 ejus,
1602 760 1630 782 et
1641 754 1780 790 ctnperunt

991 789 1120 826 legerent
1132 791 1271 825 synagogis
1283 791 1346 817 suis.
1360 791 1425 824 Qnis
1438 789 1560 818 Jeremizc
1573 792 1651 817 verba
1664 792 1780 826 suscepit

991 825 1124 852 viventis?
1136 825 1162 852 Si
1177 826 1246 852 enini
1263 828 1442 860 suscepissent
1454 826 1534 853 verba
1547 826 1604 858 ejus
1613 847 1619 857 ,
1635 834 1778 861 numquam

991 867 1050 887 eum
1066 864 1124 894 post
1139 861 1234 886 multas
1255 861 1363 894 injurias
1379 861 1549 895 lapidasscnt.
1569 861 1620 888 Sed
1641 867 1778 896 postquam

990 896 1094 922 occisus
1106 900 1155 925 est,
1172 901 1261 928 postea
1275 900 1497 923 consecraverunt
1511 897 1661 930 propltctias
1672 897 1738 929 ejus,
1752 901 1779 924 et

990 934 1128 964 coeperunt
1136 930 1223 964 legere
1233 938 1278 957 eas
1288 931 1312 957 in
1323 936 1464 958 conventu.
1475 931 1507 958 Et
1517 933 1554 958 sic
1564 932 1681 958 invenies
1690 937 1778 959 actum

991 965 1016 992 in
1031 966 1153 992 omnibus
1168 966 1312 999 prophetis,
1326 966 1386 1000 quia
1402 967 1520 994 viventes
1533 974 1579 993 cos
1594 974 1672 994 nemo
1686 967 1777 1000 coluit,

990 1001 1036 1027 sed
1053 1005 1111 1034 post
1124 1004 1245 1036 mortem.
1260 1000 1337 1028 Unde
1350 1006 1375 1027 et
1390 1001 1514 1028 Dominus
1528 1001 1591 1029 dicit
1604 1011 1609 1028 τ
1626 1002 1674 1035 Qui
1694 1002 1777 1036 (edi/i-

990 1036 1052 1072 catis
1071 1035 1185 1070 sepulcra
1205 1036 1382 1070 prapltetarunt
1392 1057 1399 1069 ,
1413 1041 1436 1062 et
1451 1037 1533 1063 dicitis
1546 1044 1555 1063 :
1566 1037 1596 1064 Si
1607 1037 1740 1072 fuissemus
1752 1038 1779 1064 in

991 1070 1076 1097 diebus
1090 1075 1189 1104 patrum
1202 1076 1344 1098 nostrorum
1356 1092 1363 1104 ,
1378 1080 1427 1098 non
1434 1072 1574 1132 [uisscntus
1592 1070 1723 1107 participes
1736 1081 1779 1099 eo-

991 1114 1046 1132 rum
1059 1107 1084 1132 iu
1097 1106 1219 1132 sanguine
1233 1107 1409 1132 areo/telarum
1420 1108 1428 1132 l
1445 1107 1525 1132 lattlt-
1535 1107 1580 1132 (ὶὸ.
1592 1108 1637 1132 ‘29.
1651 1108 1707 1132 50).
1721 1108 1779 1132 Sit-.-

989 1114 1046 1132 rum
1059 1107 1084 1146 in
1097 1106 1223 1146 sanguine
1233 1106 1525 1146 prop-ItalarumlMattIt.
1535 1107 1580 1134 ‘25.
1592 1108 1637 1134 ‘29.
1651 1108 1707 1146 50).
1721 1108 1779 1135 Sic-

991 1146 1019 1168 ut
1035 1141 1105 1168 enim
1129 1141 1239 1168 viventis
1258 1142 1378 1168 animalis
1398 1142 1498 1169 viscera
1522 1150 1599 1169 nemo
1615 1143 1752 1170 manducal
1767 1163 1776 1175 .

991 1176 1184 1212 itarviventium
1202 1177 1388 1210 propltetarutn
1403 1184 1539 1204 Sermones
1554 1185 1631 1204 nemo
1646 1179 1777 1212 Suscepit.

990 1211 1035 1238 sed
1052 1215 1111 1245 post
1125 1216 1235 1237 mortem
1250 1211 1377 1245 ipsorutn.
1391 1212 1506 1244 Saginati
1519 1217 1606 1238 autem
1621 1217 1682 1239 sunt
1694 1213 1777 1246 gratia

991 1246 1037 1273 Dei
1054 1246 1133 1280 pleni.
1150 1245 1294 1277 Ideodixil,
1307 1251 1333 1273 et
1345 1247 1472 1280 Sagittata,
1487 1252 1512 1275 ct
1528 1252 1617 1274 lauros
1630 1255 1635 1272 :
1653 1245 1706 1274 non
1717 1248 1778 1280 quia

989 1285 1016 1309 et
1030 1282 1095 1308 tauri
1108 1289 1161 1308 non
1174 1281 1281 1308 fuerunt
1294 1282 1413 1316 saginati.
1427 1282 1472 1310 sed
1487 1283 1546 1316 quia
1562 1290 1655 1309 omnes
1668 1282 1778 1317 saginati

989 1324 1041 1343 non
1062 1317 1165 1344 luerunt
1184 1317 1260 1343 tauri.
1280 1317 1319 1343 Ex
1343 1317 1477 1351 prophetis
1496 1318 1566 1344 enim
1586 1316 1708 1344 omnibus
1720 1317 1779 1352 qui-

989 1352 1049 1378 datn
1070 1352 1252 1379 tantummodo
1274 1352 1407 1386 propheta:
1431 1353 1548 1384 l'nerunt,
1565 1352 1671 1387 quidam
1690 1359 1777 1379 autem

989 1386 1124 1421 prophetae
1144 1392 1170 1413 et
1190 1387 1355 1418 sacerdotes,
1377 1387 1444 1414 sicut
1463 1386 1608 1419 Jeremias,
1626 1387 1694 1414 sicttt
1708 1387 1777 1414 Etc—

989 1422 1068 1454 chiel,
1084 1422 1152 1448 sicut
1164 1422 1233 1448 ﬁlius
1247 1421 1354 1457 Joiatlm.
1369 1422 1438 1455 Ergo
1455 1424 1571 1457 saginata
1586 1423 1648 1449 dicit
1664 1422 1779 1456 prophe-

990 1461 1028 1483 tas
1042 1457 1225 1484 tantummodo
1236 1477 1243 1488 .
1257 1457 1300 1491 qui
1321 1456 1427 1483 fuerunt
1444 1456 1543 1491 Spiritu
1561 1463 1653 1484 sancto
1672 1457 1776 1491 repleti.

989 1492 1092 1519 Tauros
1104 1496 1203 1524 autem,
1215 1492 1258 1526 qui
1270 1497 1294 1518 et
1308 1492 1442 1526 propheta:
1454 1493 1566 1526 luerunt,
1577 1496 1604 1519 et
1613 1493 1776 1520 sacerdotes.

989 1527 1063 1555 Sicut
1073 1527 1142 1553 eniin
1154 1527 1220 1553 tauri
1231 1527 1312 1554 duces
1324 1531 1385 1553 sunt.
1396 1528 1493 1562 gregis,
1507 1528 1540 1554 ita
1554 1528 1706 1555 sacerdotes
1715 1532 1778 1554 sunt

990 1562 1123 1597 print-ipes
1138 1563 1235 1596 populi.
1250 1561 1382 1594 Quosdam
1398 1561 1485 1589 anteiit
1501 1563 1561 1596 legi,
1578 1563 1703 1595 dicentes,
1721 1567 1778 1589 tan-

989 1604 1034 1625 ros
1056 1597 1098 1624 hic
1116 1597 1167 1624 dici
1188 1602 1335 1632 martyres.
1355 1601 1416 1624 tunc
1440 1598 1464 1624 in
1489 1598 1579 1631 primis
1602 1605 1649 1632 pro
1673 1597 1778 1625 Clu-isto

989 1633 1092 1668 occisos
1103 1652 1111 1663 ,
1128 1632 1254 1668 apostolis
1269 1632 1354 1659 adhuc
1368 1632 1517 1659 viventibus
1534 1642 1540 1659 :
1555 1633 1671 1668 saginata
1685 1637 1775 1660 autem

991 1667 1127 1702 parvulos,
1144 1667 1242 1701 Spiritu
1261 1672 1353 1694 sancto
1373 1668 1563 1701 pinguilicatos.
1585 1667 1701 1701 Quortnn
1717 1676 1778 1694 om-

990 1703 1063 1729 ttiutu
1084 1702 1281 1730 interfectiones
1305 1703 1399 1728 multas
1422 1703 1596 1737 spiritualium
1621 1702 1776 1737 gaudiorum

990 1737 1082 1779 epulas
1097 1737 1287 1779 piat-buerunt,
1302 1737 1446 1779 etu'u'ptias
1460 1738 1556 1778 Christi
1572 1738 1775 1779 atlorttavrrttnt.

990 1771 1023 1799 Et
1036 1772 1118 1798 omnia
1129 1771 1183 1806 jam
1202 1777 1300 1807 parata.
1316 1772 1447 1807 Quidqttid
1461 1773 1587 1807 qna-ritur
1599 1773 1631 1799 ad
1647 1773 1756 1799 salutem
1768 1793 1776 1803 ,

991 1812 1073 1834 totum
1085 1807 1139 1842 jam
1152 1807 1322 1842 adimpletum
1336 1812 1376 1834 cst
1390 1808 1416 1834 in
1433 1808 1584 1841 Scripturis.
1602 1808 1651 1841 Qui
1672 1808 1777 1842 ignarus

990 1849 1049 1874 est,
1065 1842 1180 1869 inveniet.
1201 1843 1236 1868 ibi
1258 1842 1328 1877 quod
1347 1843 1441 1869 discat.
1462 1843 1511 1875 Qui
1534 1848 1673 1870 eontumax
1693 1847 1734 1871 est
1751 1847 1778 1869 et

991 1882 1128 1912 peccator,
1141 1877 1258 1904 inveniet
1276 1878 1310 1904 ibi
1330 1877 1408 1904 futuri
1425 1878 1516 1912 jndicii
1538 1877 1639 1912 ﬂagella
1650 1898 1657 1910 ,
1672 1885 1730 1912 qua:
1743 1877 1777 1903 ti-

992 1918 1071 1939 tncztt.
1083 1912 1133 1945 Qui
1146 1912 1256 1943 laborat,
1271 1913 1385 1940 inveniet
1397 1913 1430 1939 ibi
1441 1914 1537 1947 glorias
1550 1917 1576 1939 et
1590 1913 1777 1947 promissione:

991 1948 1052 1974 vita:
1066 1951 1200 1982 perpetuae
1212 1967 1219 1979 ,
1233 1955 1297 1981 quas
1317 1948 1499 1975 manducando
1518 1949 1631 1982 amplius
1647 1949 1778 1974 excitetur

991 1983 1023 2009 ad
1039 1990 1115 2016 opus.
1129 1982 1179 2015 Qui
1193 1983 1365 2016 pusillanimis
1379 1987 1420 2009 est
1431 1988 1457 2009 et
1470 1982 1599 2014 inﬁrmus,
1615 1982 1653 2009 im
1660 1984 1731 2010 eniet
1742 1982 1777 2009 ibi

993 2018 1139 2045 mediocres
1159 2018 1266 2052 justitiae
1283 2017 1372 2049 cibus,
1392 2018 1435 2051 qui
1451 2018 1500 2045 etsi
1521 2017 1643 2051 pinguem
1663 2018 1777 2044 animam

992 2060 1046 2079 non
1059 2052 1165 2083 faciunt,
1182 2056 1268 2079 tamen
1282 2053 1348 2079 mori
1363 2060 1414 2078 non
1431 2053 1593 2086 permittunt.
1608 2052 1656 2085 Q‘ti
1671 2060 1778 2087 magna-

993 2089 1081 2114 nimus
1100 2093 1142 2114 est
1163 2092 1190 2114 ct
1210 2088 1312 2118 tidelis,
1334 2088 1449 2114 iuvrniet
1473 2087 1506 2113 ibi
1530 2087 1681 2121 sprituales
1703 2094 1780 2114 escas

993 2122 1194 2150 continentioris
1211 2123 1291 2154 Vittlt,
1311 2130 1369 2156 qua:
1391 2122 1536 2156 perducant
1557 2129 1617 2148 cum
1642 2129 1722 2156 prope
1745 2121 1778 2148 ad

993 2158 1146 2192 angelorum
1162 2162 1291 2184 naturam.
1305 2157 1354 2190 Qui
1371 2165 1510 2191 percussus
1524 2165 1538 2183 a
1552 2156 1668 2188 diabolo,
1684 2162 1711 2183 et
1723 2157 1780 2192 vnl-

993 2191 1101 2220 ucratus
1113 2197 1154 2219 est
1173 2191 1198 2218 iit
1218 2194 1331 2226 peccatis
1342 2213 1349 2223 ,
1366 2193 1481 2219 inveniet
1498 2192 1532 2218 ibi
1553 2191 1722 2218 medicinales
1739 2191 1779 2218 ci-

995 2228 1042 2254 bos
1054 2247 1062 2259 ,
1076 2227 1119 2261 qtti
1135 2234 1195 2254 eum
1211 2235 1257 2260 per
1277 2228 1456 2261 paenitentiam
1471 2232 1597 2254 revocmt
1608 2226 1641 2253 ad
1654 2227 1778 2253 salutent.

995 2262 1028 2290 Ut
1040 2263 1102 2296 quid
1116 2262 1151 2288 ibi
1166 2263 1292 2296 scriptum
1306 2267 1356 2294 est,
1369 2262 1456 2289 Achar
1470 2267 1575 2296 propter
1589 2261 1688 2288 l'nrtunt
1704 2261 1781 2287 latiti-

995 2306 1035 2324 na:
1045 2305 1133 2324 aurea:
1144 2297 1281 2331 lapidatus,
1291 2297 1340 2323 nisi
1351 2302 1379 2324 ut
1390 2297 1502 2324 habeant
1511 2298 1581 2323 l'ures
1591 2296 1659 2330 qttod
1670 2297 1779 2323 timeant

995 2331 1084 2368 (λοιπε
1096 2332 1121 2358 7.
1134 2331 1230 2367 24-26)
1241 2332 1252 2358 ?
1265 2332 1298 2368 Ut
1310 2332 1372 2366 qttid
1387 2332 1422 2358 ibi
1434 2332 1479 2358 ﬁlii
1493 2331 1582 2361 Israel.
1596 2332 1638 2368 qui
1658 2330 1779 2368 fornicati

968 2372 978 2380 ί
995 2366 1056 2394 sunt
1070 2374 1129 2393 cum
1146 2368 1249 2394 ﬁliabus
1263 2367 1444 2398 Moabitarntn,
1460 2368 1576 2401 percnssi
1592 2366 1782 2401 rel‘ugernntin

996 2402 1175 2437 Beelpbegor,
1192 2402 1241 2428 nisi
1259 2407 1287 2429 ut
1307 2402 1420 2429 ltaheattt
1439 2402 1611 2428 fornicatores
1629 2401 1698 2435 qttod
1719 2409 1778 2435 per-

996 2436 1148 2464 horrescant
1164 2439 1173 2470 (
1188 2436 1267 2464 Nunt.
1282 2437 1317 2465 25
1330 2437 1356 2471 )‘l
1371 2437 1404 2464 Ut
1417 2437 1478 2471 quid
1494 2437 1678 2470 concupitorrs
1693 2436 1781 2463 carnis

996 2472 1115 2506 castigati
1129 2477 1190 2498 sunt
1210 2472 1235 2498 itt
1255 2472 1362 2499 deserto
1373 2491 1380 2504 ,
1398 2472 1446 2498 nisi
1461 2477 1489 2498 ut.
1503 2479 1580 2498 netno
1595 2471 1703 2498 delicias-
1717 2479 1781 2498 con-

996 2508 1113 2541 cupiscat
1123 2506 1214 2542 (Nunt.
1228 2507 1297 2542 20)?
1313 2506 1347 2534 Ut
1359 2507 1421 2541 qttid
1437 2506 1522 2542 David
1532 2507 1618 2540 arguit
1632 2506 1742 2536 Nathan.
1755 2509 1783 2532 ct.

997 2541 1188 2576 suscepit,'nisi
1203 2546 1231 2568 ut
1242 2541 1354 2568 adulteri
1369 2547 1396 2568 ct
1411 2541 1549 2576 homicida:
1563 2542 1723 2576 penitenthc
1741 2547 1784 2568 rc-

998 2573 1122 2604 medit'tnt’
1136 2584 1187 2603 non
1206 2577 1346 2610 desperent
1362 2577 1398 2610 (9..
1416 2576 1477 2611 Iteg.
1496 2573 1646 2611 t2)?'ltaab
1659 2577 1782 2611 meretrix

997 2612 1157 2639 sanctiﬁcata
1173 2617 1214 2638 est
1226 2632 1232 2642 ,
1250 2617 1278 2638 ut
1292 2610 1474 2638 meretricibus
1488 2610 1550 2645 spes
1563 2612 1670 2638 daretur
1685 2610 1784 2646 (Iosue

997 2647 1036 2680 2).
1052 2647 1122 2673 Nihil
1136 2654 1199 2680 ergo
1214 2647 1300 2672 minus
1312 2652 1351 2673 est
1366 2647 1390 2673 in
1406 2647 1455 2673 hoc
1467 2644 1587 2673 convivio
1598 2667 1605 2678 ,
1618 2644 1696 2680 quani
1712 2644 1782 2678 q-tod

999 2681 1177 2709 necessarinnt
1195 2681 1272 2708 habet
1286 2682 1357 2708 salus
1373 2682 1495 2708 Illllilﬂn‘l.
1516 2682 1544 2708 5.
1562 2680 1594 2707 At
1613 2682 1649 2707 illi
1668 2681 1785 2715 neglexe-

998 2722 1067 2748 runt,
1080 2721 1103 2742 et
1115 2717 1228 2742 abierunt
1240 2716 1304 2742 alitis
1322 2717 1347 2742 itt
1361 2716 1447 2743 villam
1461 2725 1542 2747 suam,
1558 2717 1622 2742 alius
1635 2716 1661 2741 in
1675 2715 1785 2749 negotia-

1000 2753 1090 2778 tionem
1110 2759 1191 2778 suam.
1211 2750 1303 2777 Omnis
1326 2756 1415 2782 actus,
1433 2759 1511 2786 quem
1532 2755 1611 2784 agnttt
1624 2749 1745 2775 homines
1759 2749 1784 2775 in

1001 2787 1050 2814 hoc
1066 2787 1174 2817 ttntndo,
1188 2786 1282 2819 duplex
1298 2790 1348 2812 est.
1364 2787 1415 2813 Aut
1429 2785 1498 2812 enim
1515 2785 1572 2811 villa
1586 2789 1636 2816 est,
1651 2789 1694 2810 aut
1709 2791 1786 2816 negt»

1001 2821 1085 2848 tiatio.
1101 2821 1133 2847 Et
1145 2821 1250 2855 quando
1269 2822 1382 2855 aliquem
1400 2821 1515 2847 laborem
1534 2819 1639 2853 quidem
1660 2826 1785 2855 ntauuntn

1001 2853 1293 2888 nostrarum"iacimus,
1313 2853 1468 2883 exercentes
1487 2860 1581 2881 terrain
1594 2874 1601 2885 ,
1618 2858 1662 2880 aut
1682 2853 1786 2885 aliquod

1002 2899 1067 2926 opus
1082 2897 1215 2919 terrenum
1229 2910 1237 2923 ,
1249 2896 1340 2926 utpula
1354 2899 1444 2926 agrum
1454 2910 1461 2922 ,
1478 2890 1519 2917 κει
1536 2897 1637 2916 vincam
1649 2909 1655 2920 ,
1669 2888 1711 2915 vel
1725 2890 1783 2914 hor.
