2021 3128
257 151 309 180 863

259 213 315 234 tum
328 226 336 239 ,
350 205 392 233 vel
404 211 471 239 opus
484 202 547 239 ligni
561 206 606 239 aut
621 201 683 230 ferri
694 222 703 235 ,
716 201 806 229 villam
819 201 908 239 colere
921 201 1052 234 videmur,

259 213 315 234 ιιιιιι
328 226 336 239 ,
350 210 392 233 vel
404 211 471 239 opus
485 210 501 230 ιι
522 211 547 230 ιιι
561 210 606 230 aut
621 210 683 230 Iern
694 222 703 235 ,
716 210 806 229 vntam
819 210 908 229 coiere
921 210 1052 234 videmur,

259 243 285 269 id
300 246 359 273 est,
374 245 483 267 terram.
499 210 611 272 ὅιιιιιιόο
632 242 719 264 autent
742 245 795 264 non
819 237 908 264 labore
920 245 1054 273 rmanuum

259 281 424 307 tmstrarum,
441 274 488 302 sed
503 273 580 300 aliter
595 273 666 300 lucra
681 280 849 307 quocumque
865 272 946 299 modo
957 280 1054 300 conse-

256 312 376 346 quimur,
389 314 479 345 utputa
491 309 608 346 honores
617 316 723 346 gerere,
735 313 761 334 ut
772 308 870 346 divitia:
883 313 1055 346 permaneant

257 343 337 374 alicui
348 367 356 378 ,
369 343 542 373 aut—mercari
553 364 560 376 ,
576 352 656 370 otnne
670 343 720 370 hoc
736 344 879 378 negotiatio
891 343 1052 377 appellatur.

259 382 368 410 Duobus
381 388 445 416 ergo
459 380 547 416 verbis
564 386 644 416 omne
661 387 727 413 opus
745 378 888 416 humanum
908 379 1053 416 conclusit,

259 418 317 445 sive
338 414 497 448 honestum,
513 415 568 442 sive
586 414 765 441 inhonestum.
786 414 931 441 Honestum
946 414 1054 449 quidem

258 460 328 486 opus
341 457 383 479 est
396 452 464 478 villze
477 450 579 477 cultura
594 459 600 477 :
612 451 680 476 sicut
692 450 728 476 ait
740 449 866 486 Salomon
880 448 961 486 :VA'on'
972 450 1054 476 oderis

259 485 380 514 riuticam
391 486 570 520 operationem,
582 490 605 512 et
616 485 797 519 agriculturam
809 485 838 511 ab
849 485 978 511 Altissimo
988 493 1054 511 crea-

258 528 312 550 tam
324 522 417 558 (Ereti.
434 522 459 548 7.
475 521 530 558 16).
542 520 857 558 Ειᾼροειοιιιειιρτιιιιιιι·
870 529 876 547 :
888 520 960 558 Rogo
971 525 1054 558 autern

259 566 313 590 eos,
328 555 436 594 fratres,
451 557 564 594 studium
582 555 672 594 habere
683 556 783 594 quietis,
801 560 823 583 et
831 556 930 594 negotii
945 556 1052 594 proprii,

259 599 284 621 et
297 591 417 627 operandi
433 591 548 618 trionibus
562 592 658 623 vestris,
672 596 693 618 et
707 591 804 627 nullum
819 591 971 627 desiderium
982 592 1014 617 sit
1027 591 1054 617 iu

259 625 328 656 vobis
340 629 373 655 ad
387 636 429 655 eos
440 627 483 662 qui
499 627 561 661 foris
573 631 631 653 sunt
651 626 689 661 (1.
710 625 799 653 Thess.
813 627 839 653 ιι.
857 626 901 661 Η)
917 635 923 652 :
938 626 1052 654 inhone-

257 669 330 692 stum
349 668 391 691 est
407 664 479 691 enim
496 662 565 696 apud
581 663 664 689 Deum
687 669 755 696 opus
775 662 962 697 negotiationis
974 682 981 694 ,
996 662 1053 697 sive

259 699 411 734 dignitatis,
427 699 483 726 sive
498 698 608 724 militiaa.
626 697 702 734 Unde
719 697 783 734 nihil
803 696 898 734 horum
914 703 991 734 ardea
1006 696 1054 724 Ju-

258 732 310 763 daei
325 735 454 769 agebant,
475 738 583 767 propter
597 732 668 767 quod
687 733 752 769 dicit
771 733 899 767 propltela
916 741 922 758 :
937 732 986 769 Qui
1002 741 1052 769 non

259 767 374 804 cognouit
396 768 595 804 negotiationes.
621 768 723 794 intrabit
750 769 776 794 in
803 769 925 803 potenlios
948 767 1052 795 Domini

259 803 344 840 (Frui.
362 804 405 832 70.
423 803 466 839 i5)
483 814 489 830 :
506 804 566 840 quia
582 803 690 840 difficile
702 804 762 838 quis
782 804 919 840 negotians
933 804 1012 840 intrat
1025 804 1051 840 ιιι

260 849 369 875 regnum
393 840 529 868 ett-lorum.
545 839 567 866 0
578 839 745 875 miserrimus
768 839 881 875 mundus
893 859 900 872 ,
916 845 943 866 et
961 839 1052 875 miseri

259 874 304 911 qui
320 883 381 903 eum
397 875 560 910 sequuntur!
576 874 769 911 Sempi-r‘cniin
792 874 1051 911 lioniines_ritiiridia-

259 909 292 938 lia
308 919 389 945 opera
401 910 572 938 excluserunt
584 917 598 936 a
609 910 672 936 vita.
685 909 738 936 Sed
753 910 819 937 forte
829 910 904 941 dicis,
917 909 950 936 Et
960 910 1050 936 villam

258 947 347 974 colere
368 950 505 981 peccatum
528 945 597 981 est?
610 945 644 972 Et
666 945 689 981 si
706 945 813 981 quidem
833 945 1052 981 impedimentum

260 982 332 1014 lidci,
348 979 393 1008 aut
405 981 540 1016 religionis
554 980 599 1007 tibi
613 987 665 1007 non
680 980 742 1008 facit
757 980 828 1013 villa,
845 980 917 1016 sicut
927 979 989 1008 fecit
1001 980 1050 1007 Ju-

259 1017 335 1047 da-is,
350 1024 402 1044 non
416 1015 497 1043 habes
511 1020 646 1050 peccatum
661 1024 668 1042 :
683 1015 706 1043 si
719 1019 807 1043 autem
821 1016 862 1042 vel
876 1023 891 1042 a
905 1015 968 1049 fide,
980 1016 1021 1042 vel
1035 1023 1049 1042 a

259 1052 386 1087 religione
401 1051 446 1078 tibi
462 1051 527 1087 facit
543 1051 771 1085 impedimentum,
787 1052 817 1078 lit
831 1056 978 1085 peccatum.
993 1051 1049 1079 Non

258 1094 322 1122 ergo
336 1088 392 1122 ipse
405 1087 473 1114 villa;
486 1086 575 1114 cultus
588 1091 726 1121 pet-catum
741 1091 791 1119 est,
804 1087 852 1113 sed
865 1090 892 1113 tu
906 1087 1050 1122 praeferen-

258 1123 293 1149 do
305 1131 364 1149 eam
381 1123 435 1150 Deo
447 1142 454 1154 ,
469 1122 535 1149 facis
553 1129 612 1148 eam
632 1129 692 1149 esse
712 1126 858 1156 peccatum.
873 1122 959 1156 Opera
977 1123 1048 1149 enim

259 1162 349 1185 nostra
365 1157 515 1184 authentica
527 1177 535 1189 ,
549 1164 631 1190 opera
646 1160 706 1184 sunt
720 1157 829 1191 justitia:
843 1166 849 1184 :
865 1165 946 1192 opera
960 1162 1050 1184 autem

258 1194 373 1220 carnalia
388 1192 638 1226 superoperationes
650 1192 775 1219 dicuntur
786 1213 793 1223 ,
809 1200 860 1219 non
876 1200 956 1226 opera
966 1213 973 1224 ,
987 1194 1048 1227 quia

255 1228 357 1262 justitia
369 1227 402 1254 ad
414 1228 494 1254 vitam
505 1231 632 1254 aeternam
645 1228 758 1261 pertinet
770 1235 871 1260 veram,
882 1235 949 1262 opus
959 1233 1049 1254 autem

258 1268 394 1291 terrenum
410 1270 462 1289 non
477 1262 510 1289 ad
527 1263 626 1294 vitam,
642 1262 689 1290 sed
704 1263 737 1289 ad
751 1263 972 1290 sustentationem
988 1264 1049 1290 vita:

257 1298 337 1332 hujus
352 1298 516 1332 temporalis.
535 1298 596 1324 Ideo
610 1305 674 1332 ergo
688 1305 756 1332 opus
769 1298 878 1332 justitize
893 1303 993 1325 attente
1008 1298 1047 1325 fa-

255 1341 318 1361 cere
332 1334 461 1361 debemus
472 1353 478 1365 ,
494 1340 561 1367 opus
574 1337 662 1360 autem
686 1338 819 1360 terrenum
843 1333 1003 1361 transitorie.
1020 1333 1047 1360 Si

254 1377 320 1405 ergo
335 1369 475 1395 honestum
491 1376 558 1405 opus
565 1368 709 1405 sequendo
729 1368 852 1396 homines
866 1369 984 1396 debitum
1000 1369 1048 1396 ho-

256 1403 348 1432 norem
364 1405 417 1431 Deo
432 1412 484 1430 non
507 1403 698 1435 reddiderunt,
719 1405 797 1431 talem
821 1406 885 1431 iram
901 1409 1045 1432 merentur.

255 1440 335 1467 Putas
347 1461 353 1472 ,
371 1439 439 1472 quali
456 1439 493 1466 ira
508 1444 569 1465 sunt
584 1439 654 1473 digni
667 1459 675 1472 ,
691 1438 736 1473 qui
753 1448 804 1466 non
820 1440 930 1466 honesta
944 1447 1024 1473 opera
1037 1460 1044 1472 ,

254 1475 301 1503 sed
318 1475 508 1510 negotiationes
523 1475 660 1508 sequendo
670 1495 678 1507 ,
700 1483 751 1501 tnui
766 1475 876 1502 veniunt
889 1475 922 1501 ad
944 1475 1046 1501 Detuu‘l

254 1513 307 1538 Ant
329 1511 374 1537 ita.
393 1510 457 1537 Villa
478 1515 519 1537 est
532 1510 582 1536 iste
595 1510 724 1542 mundus,
739 1511 808 1537 circa
824 1519 902 1545 quem
925 1510 1046 1537 homines

252 1551 387 1573 amatores
408 1545 499 1572 tnundi
521 1550 685 1579 occupantur
705 1546 850 1580 qua-stibus
870 1547 944 1578 eius,
969 1546 1044 1579 quasi

254 1581 322 1608 villa:
341 1580 478 1615 cujusdam
495 1580 625 1607 reditibus
639 1581 781 1613 delectati;
798 1582 941 1616 negotiatio
956 1585 1044 1608 autem

254 1617 406 1651 pra-dit'atio
427 1616 510 1651 legis,
526 1620 554 1643 et
572 1616 725 1650 procuratio
747 1617 854 1650 templi,
874 1625 952 1651 quam
973 1616 1044 1643 avari

254 1650 406 1679 sincerdotes
419 1650 495 1686 quasi
508 1651 713 1686 negotiationem
727 1651 868 1683 restituant,
884 1650 991 1686 quando
1006 1651 1045 1678 lu-

252 1695 358 1715 crosam
369 1707 375 1715 .
393 1691 419 1713 et
434 1694 486 1713 non
501 1686 727 1720 dispensationem
743 1687 823 1713 divini
837 1687 926 1721 operis
940 1692 1042 1722 putant,

253 1728 280 1749 et
296 1730 348 1749 non
361 1729 513 1758 onerosam.
531 1723 600 1758 largo
615 1729 663 1755 per
676 1723 859 1756 operationem
874 1722 942 1749 villa:
958 1730 1044 1758 popu-

254 1758 323 1785 lares
345 1757 528 1792 signilicantur
547 1757 685 1789 homines,
706 1765 772 1791 quos
792 1757 882 1784 mundi
902 1758 1044 1785 delectatio

252 1794 386 1827 separavit
399 1799 414 1819 a
427 1792 534 1820 Christo
546 1800 553 1818 :
569 1799 616 1827 per
629 1793 811 1826 operationem
823 1797 912 1820 autem
925 1794 1044 1827 negotia-

253 1828 334 1855 tionis
355 1828 674 1863 sacerdotesrctcterique
696 1827 808 1854 ministri
829 1829 918 1863 templi
940 1829 1043 1863 signifi-

252 1867 347 1890 cantur
358 1882 366 1895 ,
377 1870 444 1896 quos
457 1862 523 1889 lucri
537 1862 646 1889 ohtcutu
663 1863 801 1890 venientes
816 1863 849 1890 ad
865 1862 1041 1891 ministerium

253 1897 319 1933 legis
331 1902 359 1924 et
371 1898 480 1933 templi,
496 1897 754 1933 avaritia_separavit
768 1905 782 1924 a
797 1898 859 1924 ﬁde.
882 1898 940 1925 Non
954 1899 1020 1926 dixit
1032 1920 1040 1933 ,

251 1932 385 1967 Malignati
399 1936 478 1965 sunt,
502 1931 549 1959 sed
559 1952 567 1963 ,
591 1931 764 1967 Negleurunt
776 1940 786 1959 :
803 1933 866 1967 quia
880 1941 933 1961 non
947 1931 1042 1963 omnes

251 1967 336 1995 Judaei
349 1967 537 1994 crttcilixeruut
549 1967 702 2000 Christum,
718 1975 767 1995 nec
781 1969 921 1996 audierunt
940 1969 1040 1997 doctri-

251 2011 312 2030 nam
324 2003 416 2037 ipsius,
430 2007 479 2029 aut‘
485 2006 679 2030 consenserunt
689 2003 715 2029 in
727 2008 840 2030 mortem
850 2003 917 2038 ejus.
929 2005 1041 2038 Quidam

250 2039 323 2066 enim
337 2038 508 2065 saecularibus
524 2038 635 2073 negotiis
645 2038 781 2072 occupati,
796 2047 848 2065 non
863 2046 995 2068 venerunt
1006 2041 1040 2068 ad

252 2073 386 2101 Christum
397 2094 404 2104 ,
422 2082 470 2100 nec
485 2073 626 2100 audierunt
639 2073 786 2100 doctrinam
812 2074 895 2109 ipsius
905 2096 912 2106 ,
939 2083 988 2103 nec
1002 2077 1041 2103 vi-

249 2109 348 2136 derunt
371 2109 499 2136 mirabilia
523 2109 599 2143 ejus,
623 2108 735 2143 ideoque
757 2117 809 2136 non
824 2108 1001 2138 crediderunt
1014 2112 1041 2139 in

250 2152 321 2181 eum.
331 2144 380 2181 Qui
392 2151 456 2178 ergo
465 2143 527 2171 odio
534 2148 579 2171 aut
587 2143 685 2181 invidia
695 2145 883 2181 cruciﬁrenlnt
891 2145 1038 2181 Christum,

250 2179 286 2206 illi
303 2179 438 2216 maligna“
451 2179 594 2216 suntrqui
607 2183 695 2216 autem
709 2180 820 2216 negotiis
833 2180 950 2215 impediti
966 2179 1038 2216 sunt,

250 2223 302 2241 non
316 2214 486 2242 crediderunt
499 2223 506 2241 :
521 2214 558 2242 illi
574 2214 722 2248 neglexisse
735 2214 877 2247 dicuntur,
891 2223 943 2243 non
960 2214 1039 2244 inalié

249 2250 332 2284 gnati.
347 2249 413 2276 Nam
426 2253 488 2276 sunt
500 2249 607 2284 Quidam
619 2249 755 2282 homines,
767 2250 812 2284 qui
828 2256 939 2284 possunt
951 2256 978 2279 et
992 2259 1039 2279 au-

250 2285 306 2321 dire
317 2289 344 2311 et
356 2285 480 2321 credere,
491 2284 538 2321 sed
547 2284 697 2312 sollicitudo
711 2293 799 2311 rerum
809 2286 1019 2314 necessariarum
1030 2308 1038 2321 ,

249 2325 276 2347 et
285 2320 425 2347 delectatio
439 2320 530 2346 inuudi
545 2325 650 2354 separat
663 2327 710 2346 eos
721 2327 736 2346 a
753 2320 817 2353 Deo,
832 2329 897 2354 quos
912 2322 1039 2350 Dominus

250 2359 347 2381 terrain
363 2357 497 2390 spinosam
513 2355 637 2390 appellat.
661 2355 687 2382 6.
712 2355 812 2389 Reliqui
831 2364 887 2382 vero
907 2360 1039 2385 tenuerunt

248 2396 331 2416 seruos
345 2390 416 2425 ejus,
433 2395 455 2416 et
476 2390 626 2417 contumelia
647 2390 751 2423 affectos
773 2391 926 2418 occiderunt.
942 2392 980 2420 De
990 2400 1038 2421 sua

249 2428 335 2451 morte
348 2430 415 2452 tacet
426 2446 433 2457 ,
447 2427 506 2460 quia
517 2426 571 2459 jam
586 2426 612 2452 in
629 2425 710 2460 priori
723 2426 845 2460 parabola
856 2426 958 2454 dixerat
970 2437 977 2454 :
991 2431 1038 2456 sed

249 2460 365 2486 ostendit
389 2466 502 2498 mortem
527 2461 724 2498 discipulorum
739 2468 867 2498 suorum,
889 2469 956 2496 quos
979 2469 1039 2498 post

249 2501 388 2521 ascensum
403 2495 495 2528 ipsius,
509 2496 663 2523 occiderunt
674 2495 769 2527 Judaei,
780 2495 904 2523 inaxinie'
913 2495 1038 2526 sacerdo-

249 2533 300 2562 tes,
321 2528 483 2566 Stephanum
504 2531 659 2566 lapidantes,
672 2532 698 2558 in
713 2531 804 2559 Jacobi
817 2537 904 2559 morte
918 2533 1037 2566 gauden-

249 2568 289 2591 tes
305 2573 312 2591 :
328 2564 390 2590 item
404 2564 536 2604 Jacobuni‘
546 2566 648 2604 {\Iphaai
669 2566 816 2604 lapidantes
831 2567 905 2601 (Act.
920 2564 948 2604 7.
965 2569 1035 2604 1‘2):

249 2604 358 2634 propter
369 2607 428 2632 «pne
441 2601 528 2627 omnia
543 2601 690 2629 Jerusalem
710 2602 844 2629 destructa
857 2607 898 2630 est
911 2610 925 2630 a
940 2601 1037 2632 Roma-

249 2635 299 2661 nis.
324 2634 386 2660 Ideo
399 2635 481 2661 dicit:
499 2636 524 2662 7.
541 2636 652 2664 Audiens
673 2642 755 2664 autem
767 2645 813 2664 rem
824 2658 831 2668 ,
848 2638 930 2665 iratus
942 2644 978 2666 est
989 2648 998 2666 :
1013 2646 1036 2667 et

247 2669 315 2706 misit
329 2670 463 2696 exercitum
477 2679 548 2697 suum
558 2691 565 2701 ,
578 2676 600 2698 et
618 2672 728 2706 perdidit
742 2672 881 2700 homicidas
894 2673 951 2701 illo:
963 2680 986 2701 et
999 2677 1035 2702 ci-

247 2705 333 2731 vitates
348 2713 433 2731 eorum
449 2706 584 2732 sttocendit.
609 2706 745 2734 Romanus
766 2708 915 2740 exercitus,
939 2709 1035 2738 dicitur

248 2740 383 2780 cgercitns
395 2740 440 2780 Dei
453 2740 535 2780 :_quia
551 2740 653 2780 Domini
663 2749 699 2780 est
711 2747 776 2780 terra
785 2763 792 2776 ,
805 2748 826 2769 et
838 2744 966 2778 plenitudo
980 2747 1034 2780 ejus

248 2773 331 2807 (Ptol.
345 2774 390 2802 25.
407 2776 444 2809 1).
458 2773 512 2803 Nec
525 2776 595 2803 enim
609 2777 746 2805 venissent
761 2773 872 2806 Romani
888 2779 914 2806 in
927 2773 1034 2808 Jerusa-

248 2809 312 2846 lein,
323 2810 373 2837 nisi
385 2810 512 2846 Dominus
523 2819 569 2838 eos
577 2813 728 2839 excitasset.
736 2813 848 2846 Quidam
860 2820 948 2842 autem
956 2824 1034 2844 eser-

246 2844 328 2884 citurii
339 2845 446 2884 angelos
454 2845 526 2884 dicit,
537 2851 563 2874 et
570 2847 703 2875 civitatem
716 2844 764 2882 pro
770 2849 872 2876 civibus
879 2850 951 2884 ponit
961 2859 1004 2883 :ac
1010 2853 1033 2880 si

246 2878 332 2906 dicat:
344 2878 414 2908 Misit
424 2882 533 2917 angelos
545 2890 617 2916 suos,
629 2887 657 2911 et
668 2878 740 2912 cives
752 2884 812 2912 illos
823 2878 895 2913 misit
906 2886 932 2914 iu
944 2878 1032 2922 ignoui

878 145 965 174 OPUS
984 144 1225 174 IMPERFECTUM

1848 149 1892 178 86l

1111 206 1249 229 aeternum.
1259 200 1286 229 8.
1296 201 1403 239 Etgdixit
1414 201 1490 239 remis
1496 202 1548 229 suis
1559 210 1567 228 :
1577 201 1604 230 9.
1613 201 1628 229 Ι
1630 208 1652 230 te
1660 203 1694 230 ad
1701 203 1781 231 exitus
1789 204 1892 239 ciarum,

1109 242 1132 264 et
1147 245 1316 274 quoscumque
1327 237 1469 274 inveneritis
1480 258 1487 267 .
1509 243 1594 264 vocate
1613 240 1647 265 ad
1659 245 1769 274 nuptias.
1787 237 1892 268 Manilo;

1109 277 1179 309 slum
1191 277 1232 299 est
1243 272 1360 309 quidem,
1372 273 1431 307 quia
1445 277 1503 307 post
1513 272 1893 309 contemptamcontumaciam

1109 307 1259 345 Judaeorurn
1269 328 1278 340 ,
1293 307 1327 345 de
1352 309 1491 345 vocatione
1506 307 1631 336 Gentium
1643 309 1717 340 dicit,
1733 311 1803 345 quod
1817 311 1890 342 dicit,

1108 342 1148 380 [te
1161 343 1194 380 ad
1210 343 1291 370 exitus
1303 344 1410 380 viarum.
1432 344 1573 378 Propterea
1587 342 1752 379 requiramus
1767 353 1826 380 qua:
1839 354 1894 374 sunt

1109 378 1158 404 viae
1174 379 1230 405 istm
1251 399 1258 410 ,
1275 383 1302 405 et
1317 378 1349 405 ad
1370 386 1481 413 quarum
1496 380 1582 406 exitus
1598 378 1669 407 misit
1682 378 1804 408 Chrisuis
1818 382 1890 409 disci-

1108 414 1185 452 pulos
1199 421 1272 452 suos.
1290 414 1356 452 l’u_t_o
1369 421 1433 452 ergo
1447 415 1572 452 quoniam
1587 415 1800 452 sicutrgenerals
1813 423 1838 443 et
1851 426 1891 452 pll-

1108 448 1176 476 blica
1190 449 1230 476 via
1252 453 1294 475 est
1315 448 1436 475 Christus
1447 448 1463 481 ,ί
1477 457 1536 484 quae
1550 450 1623 477 ducit
1636 448 1680 477 ad_
1690 451 1769 477 vitam
1779 472 1787 484 ,
1803 457 1831 478 et
1850 448 1893 479 vim

1107 484 1231 511 dicuntur
1249 492 1342 511 omnes
1361 484 1514 519 prophetas,
1537 489 1564 511 et
1588 493 1682 513 omnes
1700 487 1811 520 apostoli
1828 497 1835 513 :
1856 487 1893 516 Ιιςιι

1106 520 1177 546 enim
1191 527 1284 546 omnes
1297 520 1345 546 vim
1358 521 1458 546 ducunt
1468 520 1500 547 ad
1513 520 1663 554 Christum,
1674 521 1795 549 Christus
1806 529 1890 551 autem

1106 554 1138 582 ad
1155 555 1260 593 Patrem
1271 555 1333 593 :_sic
1347 555 1476 590 generalis
1491 561 1516 593 et
1531 556 1634 590 publica
1650 557 1689 583 via
1704 562 1745 584 est
1758 557 1890 593 diabolus,

1106 598 1165 625 qute
1175 591 1247 617 ducit
1258 590 1290 617 ad
1302 595 1425 626 mortem,
1438 596 1464 617 et
1474 591 1522 617 vice
1535 596 1598 618 sunt
1611 599 1704 619 omnes
1718 590 1892 626 professiones

1105 626 1195 652 saeculi
1211 626 1296 661 istius.
1310 625 1406 660 Utputa
1416 646 1423 657 ,
1436 625 1568 660 professio
1583 625 1772 661 philosophiae,
1787 636 1839 655 una
1854 636 1891 658 est

1105 661 1163 687 via:
1181 660 1311 696 professio
1326 661 1440 692 militize,
1454 661 1537 688 altera
1560 668 1601 689 est
1614 662 1654 688 via
1667 672 1674 688 :
1689 660 1833 691 mundialis
1851 664 1890 691 di-

1105 696 1204 730 gnitas,
1220 697 1301 724 altera
1321 701 1362 723 est
1382 696 1423 723 via
1436 705 1442 723 :
1457 696 1587 731 professio
1601 697 1737 731 ludorum,
1752 699 1835 726 altera
1853 701 1890 728 via

1105 737 1147 772 est
1160 731 1261 759 mundi.
1277 731 1311 759 Et
1323 731 1390 772 quid
1398 732 1472 766 plura
1487 732 1591 772 dicam?
1603 733 1714 766 Quanta:
1729 739 1791 772 sunt
1804 734 1890 762 diver-

1105 767 1198 795 sitates
1212 773 1317 805 actuum
1333 766 1360 794 in
1383 766 1564 805 hocumundo,
1581 773 1661 795 tanta:
1676 774 1738 796 sunt
1752 769 1820 802 vim,
1834 778 1891 805 qua:

1104 810 1197 839 omnes
1208 803 1260 839 viro
1271 803 1372 829 ducunt
1381 803 1413 839 ad
1424 802 1558 839 diabolum
1567 824 1574 835 ,
1588 805 1737 838 generalem
1750 805 1819 832 viam
1831 802 1890 839 pir-

1103 837 1222 866 ditionis.
1236 837 1297 865 ldeo
1310 845 1374 873 ergo
1387 837 1451 865 dicit
1463 847 1469 865 :
1484 838 1525 865 Ite
1537 839 1570 865 ad
1583 837 1662 866 critus
1677 840 1774 866 viarum
1784 862 1792 873 ,
1807 837 1889 868 etcu-

1101 873 1210 908 juslibet
1224 873 1386 900 conditionis
1401 873 1522 901 homines
1536 880 1629 902 vocate
1642 875 1674 901 ad
1691 875 1779 902 fidem.
1797 876 1890 905 Adhuc

1103 909 1171 936 sicut
1186 909 1294 936 castitas
1307 909 1347 935 via
1360 913 1418 940 est,
1432 917 1490 944 qum
1505 909 1578 936 ducit
1593 909 1625 937 ad
1641 910 1791 943 Christuut,
1803 918 1830 939 et
1843 913 1891 939 mi-

1104 944 1248 971 sericordia
1259 964 1266 975 ,
1281 949 1438 978 aciemque
1451 945 1582 973 virtutes:
1605 945 1643 972 sic
1656 951 1682 972 et
1696 946 1836 974 fornicatio
1850 949 1890 974 via

1102 983 1144 1006 est
1155 987 1236 1017 ,_qua:
1251 979 1322 1017 ducit
1336 979 1373 1017 ad»
1384 979 1518 1007 diabolum
1529 1001 1535 1012 ,
1550 981 1700 1017 etravaritia
1713 1002 1720 1013 ,
1734 986 1890 1017 meti-nequc

1102 1015 1205 1051 species
1224 1015 1311 1051 mahr.
1332 1014 1411 1042 Jubet
1424 1022 1488 1049 ergo
1503 1020 1530 1042 ut
1543 1016 1732 1051 cujuscumque
1747 1014 1890 1045 conversa-

1102 1050 1182 1077 tionis
1197 1050 1444 1087 hominesinvitent
1459 1051 1492 1078 ad
1508 1050 1586 1087 iidem
1597 1072 1604 1083 ,
1619 1050 1801 1087 quoscumque
1811 1073 1818 1084 ,
1832 1054 1890 1081 sive

1101 1093 1193 1112 servos
1206 1105 1213 1118 ,
1229 1093 1276 1112 seu
1301 1085 1408 1113 liberos.
1429 1086 1498 1113 Deus
1511 1086 1581 1113 enim
1596 1085 1764 1120 corporalem
1778 1089 1891 1116 Servitu-

1103 1125 1154 1157 tein
1169 1128 1220 1148 nou
1233 1121 1390 1157 contemnit,
1406 1129 1453 1148 nec
1465 1121 1630 1156 corporalem
1642 1122 1715 1157 eEigit
1727 1123 1888 1151 libertatem.

1101 1156 1197 1197 Diu-nis
1208 1156 1252 1190 qui
1273 1155 1374 1197 diaboli
1397 1155 1519 1197 sequitur
1539 1155 1702 1197 voluntatem
1711 1178 1725 1197 _,_
1742 1165 1835 1197 servus
1847 1165 1891 1197 est

1101 1191 1217 1222 diaboli,
1234 1191 1282 1219 etsi
1299 1191 1334 1218 sit
1348 1191 1415 1219 liber
1430 1201 1437 1218 :
1462 1192 1506 1226 qui
1522 1197 1609 1220 autem
1631 1191 1739 1220 obaudit
1755 1193 1809 1220 Deo
1820 1214 1828 1226 ,
1846 1195 1890 1223 ille

1101 1234 1164 1254 vere
1185 1227 1312 1261 ingenuus
1327 1231 1384 1259 est,
1404 1226 1454 1254 etsi
1473 1227 1553 1254 fuerit
1573 1235 1676 1254 servus.
1699 1228 1889 1262 lngenuitateni

1100 1263 1170 1289 enim
1183 1262 1346 1297 spiritualem
1357 1269 1409 1288 non
1420 1262 1538 1290 sordidat
1548 1263 1661 1290 servitus
1671 1264 1827 1297 corporalis,
1840 1273 1891 1292 nec

1101 1297 1290 1332 turpitudinem
1303 1297 1465 1331 spiritualem
1477 1297 1600 1325 honestat
1610 1299 1755 1332 Corporalis
1767 1299 1888 1327 libertas.

1099 1331 1257 1368 Servitute")
1271 1332 1341 1368 enim
1355 1340 1407 1368 non
1424 1333 1468 1360 Dei
1481 1333 1628 1368 dispositio.
1642 1331 1688 1360 sed
1704 1334 1817 1361 humana
1834 1336 1890 1361 vio-

1100 1367 1183 1394 lentia
1194 1367 1346 1394 introducit.
1361 1367 1454 1395 Omnis
1464 1367 1534 1395 enim
1548 1368 1628 1395 bonto
1641 1369 1708 1396 iiber
1720 1375 1826 1396 creatus
1837 1375 1889 1402 est,

1098 1411 1176 1437 quem
1193 1403 1261 1430 Deus
1275 1402 1301 1429 in
1317 1403 1401 1430 libero
1414 1403 1525 1430 arbitrio
1538 1405 1625 1437 posuit
1635 1424 1642 1436 ,
1660 1405 1708 1431 nisi
1725 1405 1781 1438 ipse
1796 1405 1889 1433 fccerit

1098 1445 1128 1465 se
1141 1446 1257 1465 servum.
1273 1438 1305 1465 Et
1319 1438 1387 1465 sicut
1402 1446 1454 1465 non
1468 1443 1508 1465 cst
1522 1439 1645 1466 distantia
1661 1440 1686 1466 in
1703 1445 1796 1466 natura
1810 1449 1888 1467 crea-

1101 1474 1180 1500 tionis
1196 1473 1349 1505 hominum,
1366 1474 1404 1501 sic
1425 1482 1476 1500 non
1493 1474 1522 1500 lit
1543 1474 1691 1501 dill‘erentia
1706 1475 1731 1501 in
1749 1477 1890 1504 vocatione

1098 1509 1191 1535 salutis
1201 1517 1293 1535 eorum
1305 1509 1435 1540 omnium,
1447 1510 1503 1536 sive
1515 1510 1697 1542 barbarorum,
1708 1511 1765 1537 sive
1778 1513 1887 1545 sapien-

1099 1548 1153 1570 tum
1169 1552 1175 1570 :
1191 1545 1316 1578 quoniam
1330 1549 1423 1578 potens
1437 1550 1477 1572 est
1489 1545 1533 1572 Dei
1547 1546 1630 1579 gratia
1643 1546 1770 1573 barbaras
1785 1553 1889 1574 mentes

1097 1579 1232 1614 corrigere
1246 1579 1279 1605 ad
1293 1579 1474 1607 rationabilem
1487 1580 1657 1608 intellectum.
1674 1581 1723 1614 Qui
1734 1589 1780 1608 cor
1797 1581 1889 1609 Nabu-

1096 1614 1266 1641 chodonosor
1283 1614 1317 1640 ad
1339 1615 1446 1642 feralem
1468 1622 1576 1642 sensum
1596 1617 1723 1647 mutavit,
1744 1622 1772 1644 et
1791 1617 1888 1644 iterum

1097 1649 1206 1676 feralem
1232 1657 1339 1677 sensum
1364 1650 1397 1676 ad
1420 1650 1565 1678 humanum
1590 1651 1752 1678 intellectum
1781 1653 1890 1680 reduxit

1098 1685 1107 1718 (
1119 1683 1186 1712 Dan.
1198 1686 1214 1712 4
1223 1684 1232 1718 )
1242 1705 1249 1716 ,
1265 1689 1359 1719 potens
1372 1690 1414 1712 est
1424 1706 1432 1717 .
1447 1686 1553 1720 inquam
1566 1706 1573 1717 ,
1588 1691 1691 1713 mutare
1704 1694 1798 1714 omnes
1808 1708 1816 1719 ,
1831 1689 1889 1716 sive

1096 1719 1182 1756 bonos
1193 1740 1200 1752 ,
1215 1720 1271 1756 sive
1286 1721 1390 1756 malos:
1413 1721 1474 1748 boni
1486 1719 1522 1749 ne
1544 1726 1669 1756 pereant,
1685 1722 1746 1749 mali
1763 1729 1792 1749 ut
1807 1723 1889 1751 inex-

1095 1755 1226 1782 cusabiles
1248 1754 1320 1792 ﬁant.
1336 1755 1420 1782 Nemo
1443 1754 1551 1791 propter
1573 1757 1749 1792 ignorantiam
1773 1764 1865 1792 pereat
1879 1781 1886 1791 ,

1096 1798 1174 1818 nemo
1189 1795 1296 1825 pr0pter
1311 1790 1484 1825 ignorantiam
1499 1790 1650 1819 excusetur.
1665 1792 1765 1820 Omnes
1773 1790 1887 1822 'vidcani

1095 1825 1202 1863 lumen,
1219 1831 1245 1863 ut
1259 1830 1421 1863 appareant,
1434 1827 1478 1861 qui
1492 1832 1581 1854 amant
1595 1827 1735 1860 tenebras,
1748 1829 1829 1863 etqui
1843 1830 1889 1856 lu-

1095 1868 1168 1887 men.
1180 1861 1230 1894 Qui
1246 1861 1316 1888 enim
1325 1861 1400 1898 filius
1415 1867 1456 1898 est
1473 1863 1641 1890 tenebrarum
1653 1883 1659 1893 .
1675 1863 1724 1890 etsi
1739 1861 1888 1898 conipellas

1094 1903 1170 1928 eum,
1185 1904 1236 1923 non
1250 1896 1354 1923 accedit
1368 1897 1400 1922 ad
1415 1897 1523 1926 lumen;
1539 1898 1584 1932 qui
1602 1903 1690 1925 autem
1707 1898 1776 1925 illius
1789 1896 1831 1926 est
1845 1900 1887 1927 lu-

1094 1932 1188 1963 minis,
1201 1939 1249 1958 nec
1260 1931 1281 1957 si
1296 1932 1408 1965 repellas
1421 1940 1481 1959 eum
1491 1953 1498 1964 ,
1512 1931 1612 1960 recedit
1625 1941 1640 1960 a
1653 1934 1763 1960 lumine.
1778 1934 1822 1961 ll.
1835 1934 1887 1962 ln-

1094 1967 1168 1993 trnvit
1188 1971 1271 1993 autent
1284 1974 1343 1998 rex,
1359 1972 1386 1993 ut
1398 1967 1491 1994 videret
1507 1968 1698 1996 discumbentes.
1715 1968 1826 1997 Intravit
1837 1979 1887 1997 uu-

1094 2005 1145 2028 tem
1160 2001 1244 2033 Deus,
1259 2009 1310 2028 non
1324 2002 1383 2035 quia
1397 2008 1438 2029 est
1450 2003 1544 2037 aliquis
1557 2004 1630 2030 locus
1642 2004 1685 2030 ubi
1702 2011 1754 2031 non
1768 2004 1819 2037 sit,
1835 2006 1884 2033 sed

1093 2036 1137 2073 ubi
1161 2037 1216 2073 vult
1234 2037 1370 2073 aspicere,
1391 2037 1426 2065 ibi
1447 2038 1474 2064 lit
1493 2036 1633 2073 prmsens:
1655 2039 1698 2065 ubi
1719 2036 1815 2066 autem
1830 2049 1885 2068 non

1092 2072 1148 2098 vult
1159 2092 1167 2104 ,
1183 2072 1280 2099 absens
1293 2072 1406 2099 videtur.
1424 2072 1572 2100 Dies’cnim
1585 2074 1746 2107 aspcctionis
1767 2080 1808 2101 est
1821 2075 1885 2103 dies

1091 2106 1182 2141 judicii
1194 2128 1201 2139 ,
1217 2107 1324 2145 quando
1336 2107 1489 2135 visitaturus
1501 2113 1542 2136 est
1552 2106 1733 2142 Christianos,
1745 2111 1790 2144 qui
1803 2118 1887 2145 super

1093 2149 1213 2169 mensam
1225 2143 1422 2176 Scripturarum
1436 2149 1586 2170 sanctarum
1600 2143 1769 2175 recumbunt,
1793 2146 1818 2172 id
1830 2143 1885 2178 est,

1092 2177 1262 2213 requiescunt
1282 2178 1307 2204 in
1323 2177 1373 2213 llde
1394 2186 1485 2206 earum
1498 2198 1505 2210 ,
1521 2183 1548 2206 et
1568 2179 1720 2206 coelestibus
1742 2177 1887 2213 epulantur

1092 2212 1230 2248 doctrinis.
1246 2213 1298 2239 Aut
1313 2212 1371 2239 dies
1384 2214 1544 2248 aspectionis
1565 2219 1607 2241 est
1626 2215 1684 2241 dies
1706 2212 1862 2242 tentatioms
1879 2226 1885 2243 :

1091 2247 1197 2282 quanth
1216 2247 1339 2282 dignatur
1353 2247 1454 2276 tentare
1470 2249 1614 2276 Ecclesiam
1635 2257 1710 2276 suam
1721 2271 1728 2281 ,
1745 2255 1771 2277 ut
1795 2252 1888 2279 videat

1091 2283 1135 2319 qui
1151 2282 1250 2319 habent
1265 2283 1343 2319 fidem
1354 2303 1361 2314 .
1376 2288 1403 2310 et
1423 2291 1505 2318 opera
1525 2283 1604 2319 digna
1617 2284 1714 2312 Christi
1729 2287 1884 2314 vocatione.

1091 2316 1413 2355 Nuptialevestimcntum
1426 2316 1467 2346 est
1480 2319 1545 2347 fides
1554 2316 1619 2346 itera
1630 2341 1636 2351 ,
1652 2328 1711 2355 quae
1725 2327 1767 2348 est
1781 2330 1829 2355 per
1842 2322 1889 2350 Je-

1091 2360 1150 2390 s_um
1161 2352 1296 2390 Christum
1308 2353 1473 2387 etjustitiam
1483 2354 1557 2389 ejus:
1572 2355 1604 2382 de
1615 2352 1668 2389 qua
1677 2352 1886 2390 aitApostolus:

1091 2387 1241 2426 Eupoliate
1253 2396 1295 2415 vos
1309 2394 1414 2426 veterem
1429 2387 1554 2426 hominem
1566 2387 1629 2417 rum'
1638 2387 1805 2418 actibus—suis
1817 2412 1824 2423 ,
1843 2393 1888 2426 qui

1091 2424 1260 2458 corrumpitur
1269 2424 1408 2460 secundum
1422 2425 1650 2460 concupiscentiam
1660 2426 1763 2459 erroris,
1776 2424 1889 2454 mne"..-

1091 2463 1126 2485 tes
1136 2467 1178 2485 vos
1194 2467 1284 2486 norum
1295 2459 1433 2489 ltonnnem,
1443 2461 1485 2491 qui
1496 2461 1635 2487 secundum
1647 2460 1728 2487 Deum
1739 2469 1842 2489 (reatus
1853 2466 1891 2489 est

1091 2494 1229 2532 iniustitia,
1241 2499 1263 2532 rt
1272 2495 1519 2532 sanctitatet'eritatis
1530 2496 1538 2527 (
1547 2495 1643 2523 Colon;
1656 2497 1681 2524 5.
1695 2496 1722 2524 9.
1737 2497 1793 2532 10).
1806 2498 1888 2531 Quod

1089 2528 1154 2556 dicit
1165 2550 1172 2559 .
1196 2528 1350 2568 lirjurtitia,
1367 2530 1402 2568 ad
1414 2531 1642 2568 conversationem
1655 2528 1795 2568 pertinet}
1812 2528 1889 2568 ἷιιιιιιι

1089 2569 1178 2591 autem
1189 2563 1262 2597 dicit,
1276 2563 1310 2592 In
1323 2566 1455 2592 sanctitate
1467 2566 1577 2593 veritatis
1585 2587 1592 2598 ,
1604 2566 1637 2593 ad
1650 2563 1711 2593 fidei
1728 2563 1889 2596 veritatem.

1091 2598 1252 2636 Vestimenta
1261 2607 1324 2635 ergo
1333 2601 1431 2628 veteris
1437 2600 1552 2628 hominis
1566 2606 1629 2628 sunt
1639 2610 1757 2636 panuOsa
1764 2608 1791 2630 et
1799 2611 1843 2630 so:
1849 2606 1891 2630 di-

1090 2635 1122 2662 da
1136 2642 1216 2669 opera
1225 2636 1323 2668 carnis,
1334 2637 1513 2671 corruptibilia
1522 2643 1548 2663 et
1562 2635 1711 2664 immunda:
1724 2640 1890 2666 vestimenta

1088 2675 1176 2708 agnem
1190 2671 1251 2708 novi
1265 2670 1381 2708 hominis
1396 2670 1459 2699 sunt
1477 2671 1552 2699 fortia
1567 2677 1595 2699 et
1613 2672 1709 2700 decora
1729 2682 1812 2708 opera
1830 2677 1891 2708 spi-

1090 2705 1157 2732 ritus
1168 2725 1175 2738 ,
1190 2705 1398 2741 incorruptibilia
1413 2712 1440 2734 et
1453 2711 1555 2735 sancta.
1569 2705 1801 2739 Quemadmodum
1813 2705 1890 2737 enim

1089 2741 1110 2766 si
1122 2740 1217 2779 aliquis
1226 2749 1287 2779 cum
1299 2740 1382 2777 nigris
1394 2742 1558 2779 vestimentis
1570 2744 1720 2771 inveniatur
1731 2744 1757 2771 in
1771 2746 1889 2779 nuptiis,

1087 2776 1206 2815 Sordidat
1219 2776 1337 2815 gloriatur
1352 2778 1504 2815 nuptiarum
1520 2787 1527 2804 :
1549 2779 1583 2805 ita
1604 2784 1630 2815 et
1644 2780 1688 2814 qui
1703 2787 1787 2815 opera
1805 2776 1891 2806 liabet

1088 2812 1226 2838 tenebrosa
1238 2833 1245 2845 ,
1261 2817 1288 2839 et
1299 2812 1368 2840 inter
1379 2813 1544 2840 Christianos
1554 2814 1630 2845 quasi
1643 2812 1712 2842 unus
1722 2812 1756 2843 ex
1768 2817 1808 2842 eis
1820 2825 1892 2843 con-

1088 2853 1209 2874 vcrsatur
1224 2848 1231 2862 '
1245 2868 1252 2879 ,
1270 2848 1318 2882 ipsi
1342 2847 1534 2876 Christianitati
1558 2847 1619 2876 facit
1642 2850 1779 2885 injuriam.
1796 2851 1889 2879 lloinu

1120 2895 1126 2908 ι
1146 2893 1214 2924 Apud
1225 2893 1337 2919 Commel.
1349 2893 1448 2926 legitur,
1461 2898 1620 2921 conservatur.
