2021 3128
270 162 318 190 871

267 220 388 248 veritatis
405 227 412 246 :
428 218 472 252 qui
493 222 580 245 autem
596 224 650 245 non
666 216 772 244 festinat
787 217 875 245 vivere
890 218 969 253 digne
986 218 1039 244 Deo
1052 238 1060 250 ,

270 257 361 291 legens
373 262 425 291 non
435 254 521 291 Deum
534 255 629 288 qua-rit
644 253 676 280 ad
688 253 800 291 ειιΙιιιριη
816 261 902 291 sitam,
914 254 959 280 sed
974 254 1063 291 scien-

268 287 333 318 tia'nt
348 289 394 317 Dei
409 290 442 316 ad
454 287 565 324 gloriam
578 295 685 315 Vanam.
705 287 767 324 Ideo
783 288 833 315 etsi
844 296 959 324 semper
974 289 1061 323 legat,

269 332 413 359 numquam
435 323 555 351 invenit:
571 324 638 350 sicut
653 330 702 350 nec
718 323 868 359 philosophi
886 326 1060 354 invenerunt.

269 362 312 397 qui
327 358 410 395 ipsam
424 367 530 397 causam
544 359 708 397 qua‘rebaul.
723 358 818 397 Putas1
828 360 980 397 sacerdotes
994 359 1063 386 Sad-

270 394 422 423 ducatorum
437 402 491 430 non
507 394 630 430 legebant
645 394 796 427 Scripturas
806 394 819 420 7
833 394 884 422 Sed
900 402 1063 430 cognosci-re

269 440 322 458 non
333 435 455 466 poterant
468 429 550 457 [lcum
568 429 592 455 itt
604 430 653 461 eis,
665 430 725 463 quia
740 429 867 466 nolebant
883 429 970 457 vivere
980 430 1060 464 digne

270 464 399 494 DeoiNec
415 466 485 492 enim
502 470 623 499 poterant
638 472 685 490 sua
701 464 780 491 verba
794 465 902 493 dueere,
915 473 981 499 quos
994 465 1060 492 mula

268 510 349 536 opera
365 501 511 536 docebant:
522 499 594 526 Talis
609 504 647 526 est
664 500 735 526 enim
753 499 890 536 scriptura
909 501 1008 527 uolenti
1023 501 1061 527 vi-

269 545 331 564 vere
341 536 484 563 secundum
498 535 593 564 Detttu,
605 535 828 569 quemadmode
843 536 865 562 si
881 536 976 570 aliquis
989 536 1060 569 agri-

268 573 406 601 colamtou
422 571 527 597 babenti
542 570 703 597 voluntatem
720 570 861 604 pugnandi,
875 576 990 604 ριιιοιιηι
1003 571 1060 598 bel-

270 607 348 634 licam
363 606 530 642 disciplinam
544 614 551 633 :
566 613 582 632 e
596 606 729 632 contrario
744 610 833 632 autettt
848 607 904 632 viro
920 607 1038 633 bellatori
1051 626 1058 638 ,

270 643 369 670 nolenti
384 641 471 670 colere
487 647 584 668 terram
596 661 603 670 ,
617 641 804 675 agriculturam
820 646 956 674 exponat:
970 641 994 668 si
1006 645 1059 668 tota

267 679 312 705 die
326 678 416 704 audiat
430 677 508 704 verba
524 676 697 710 expositionis
720 676 805 708 illius,
827 677 891 703 nihil
915 677 1061 711 intelligere

267 712 548 746 auteomprelteudere
558 716 654 745 potest,
665 712 723 745 quia
740 718 789 738 nec
808 711 883 738 habet
899 711 1060 739 desideriutn

268 749 414 783 disciplin-.e
429 748 513 783 illius.
534 746 700 783 Ubicumque
714 746 785 783 enim
806 747 882 783 iuerii
894 747 1058 783 desiderium

268 781 394 816 hominis,
410 782 471 810 illuc
485 782 607 816 dirigitur
617 787 643 808 et
656 788 751 809 sensus
765 782 856 816 ipsius.
872 781 934 809 Ideo
948 782 980 809 ad
995 782 1058 809 illttd

267 819 375 852 quidem
390 817 459 853 quod
474 817 557 849 dixit.
573 816 682 843 Nescitis
695 817 810 844 virtutem
825 817 890 850 Dei,
906 817 957 845 ltoc
971 819 1062 845 retttlit

267 854 360 882 dicens
374 862 382 881 :
398 852 431 880 In
443 852 623 880 resurrectione
635 853 700 888 enim
713 860 795 888 neque
802 852 906 888 nubent,
922 861 1001 888 neque
1013 861 1061 880 mt-

269 890 366 916 bentur.
379 889 418 916 Ad
429 888 490 915 illud
499 892 596 918 autem,
609 887 679 920 quod
693 887 765 922 dicit,
782 887 892 915 Nescitis
900 888 1057 922 Seripturas,

267 925 420 959 exemplum
436 923 561 959 protulit,
575 922 668 959 dicens
681 931 687 949 :
700 921 826 959 Egeram
836 922 904 959 Deus
919 921 1057 959 Abraham,

245 972 248 975 ν
267 965 291 987 et
308 957 376 987 Deus
391 957 464 986 Isaac
476 979 484 991 ,
500 963 523 984 et
543 957 612 994 Deus
629 957 709 994 [acab
723 962 731 994 ς
743 957 827 985 Exod.
842 958 867 985 5.
883 958 928 994 6).
945 959 972 986 Si
985 958 1057 986 enim

269 995 404 1022 Abraham
415 999 442 1021 et
453 993 524 1020 Isaac
534 999 560 1020 et
571 993 654 1020 Jacob
665 993 809 1020 morientes
820 993 969 1027 periissem,
982 1001 1059 1020 num-

268 1038 346 1065 quam
359 1030 493 1057 diceretur
508 1029 684 1065 Deusieorum
700 1035 759 1055 esse
769 1048 776 1061 ,
791 1029 835 1063 qui
850 1037 901 1065 non
915 1033 1001 1056 erant.
1015 1029 1059 1065 Di-

270 1063 358 1093 iituus
378 1072 474 1099 supra,
494 1071 555 1091 cum
575 1063 609 1090 de
623 1071 702 1090 manu
721 1068 829 1091 extensa
849 1063 965 1091 hominis
983 1064 1057 1091 arida

270 1098 454 1133 tractarentus,
470 1099 529 1134 quia
544 1098 777 1135 calumniatoribus
789 1100 901 1133 priutttnt
912 1104 1018 1135 oportet
1031 1101 1057 1126 itt

268 1136 353 1171 aliqua
374 1136 521 1170 qumstiune
544 1134 728 1161 auctoritatem
752 1134 896 1171 Scriptura!
921 1134 1056 1169 proferre,

267 1171 363 1198 deinde
372 1172 499 1198 rationem
511 1177 654 1203 exponi-re,
668 1177 718 1195 non
730 1170 802 1204 prius
813 1170 954 1202 rationem,
966 1174 1057 1205 postea

267 1207 452 1233 auctoritatem
468 1213 476 1232 :
491 1209 518 1232 et
532 1212 618 1231 causa
639 1204 715 1239 lmjns
733 1205 767 1230 ibi
784 1206 955 1237 exposuimus
973 1206 1055 1232 ratio-

267 1249 329 1268 nem
339 1261 345 1273 ,
361 1241 422 1274 quia
437 1246 464 1268 et
478 1240 512 1266 ibi
526 1240 564 1266 sic
579 1239 640 1266 fecit
655 1239 786 1266 Christus.
803 1240 854 1267 Hic
868 1244 957 1267 autem
973 1241 1056 1268 inter-

268 1277 421 1311 rogantibus
438 1275 591 1303 Saddueeeis
603 1296 610 1306 ,
624 1279 651 1302 et
667 1283 713 1308 per
728 1275 901 1309 ignorantiam
915 1275 1014 1310 aliquid
1028 1284 1057 1303 se

267 1310 336 1338 scire
349 1311 540 1338 aestimantibus
552 1330 559 1343 ,
582 1311 654 1344 pritts
669 1310 797 1337 tationem
811 1311 931 1344 exposuit
944 1311 1036 1338 dicens
1048 1320 1054 1337 :

267 1346 300 1374 In
311 1347 490 1374 resurrectione
497 1346 561 1372 enim
571 1353 648 1379 neque
658 1345 759 1377 nubent,
773 1353 850 1380 neque
857 1354 946 1373 uxores
956 1348 1054 1379 ducent,

267 1383 311 1409 sed
324 1387 393 1408 erunt
405 1382 468 1408 sicut
479 1380 561 1415 angeli
574 1381 619 1407 Dei
629 1381 654 1406 in
666 1381 744 1412 ca-lo;
755 1381 850 1408 deinde
864 1382 972 1415 protulit
985 1383 1056 1408 Scri-

266 1423 351 1452 ptura:
364 1417 548 1452 auctoritatem
563 1415 692 1452 dicentis:
705 1415 760 1451 Ego
773 1424 828 1442 sum
839 1415 907 1452 Deus
918 1417 1054 1450 Abraham,

266 1450 289 1479 ἱλι
303 1452 371 1479 Dem
386 1451 471 1483 Isaac,
486 1457 507 1478 et
522 1450 591 1478 Deus
603 1450 683 1477 Jacob
695 1459 704 1477 :
718 1450 747 1478 ut
758 1456 784 1477 et
798 1458 847 1478 nos
860 1451 1056 1478 calumniatori-

267 1488 318 1515 bus
332 1489 404 1522 prius
417 1487 600 1514 auctoritatem
612 1486 753 1520 Scriptura:
768 1489 930 1520 proferamus
943 1507 950 1517 ,
965 1492 1055 1521 postea

266 1521 394 1550 rationein
408 1522 549 1550 reddamus
562 1530 568 1553 ;
584 1522 673 1548 iuterr-
684 1521 807 1556 gentibus
820 1527 908 1549 autent
929 1530 1056 1556 quocum-

266 1566 318 1594 que
335 1560 480 1593 proposito,
495 1558 567 1592 prius
578 1557 707 1594 rationem
720 1564 893 1594 exponamus,
907 1564 995 1592 postea
1008 1565 1056 1584 au-

265 1592 414 1622 ctoritatem
431 1602 437 1619 :
453 1598 481 1620 ut
497 1593 598 1620 ratiOne
612 1592 718 1627 quidem
734 1600 780 1619 eos
796 1592 947 1626 placemus,
961 1598 1054 1619 aucto-

265 1629 344 1657 ritate
356 1629 554 1656 conﬁrmemus.
573 1628 702 1661 Quoniam
720 1627 925 1654 calumniatores
945 1629 1053 1655 convin-

265 1672 328 1692 cere
342 1668 463 1699 oportet,
480 1665 687 1699 interrogatores
698 1667 787 1689 autem
803 1662 910 1691 docere.
924 1663 1053 1697 Quoniam

265 1704 292 1727 et
308 1698 500 1730 calumniator,
516 1699 567 1726 etsi
589 1698 712 1732 intelligit
731 1699 860 1725 ratiouent
874 1718 882 1731 ,
901 1699 1055 1726 consentire

265 1735 361 1762 rationi
377 1742 429 1761 non
442 1733 586 1769 acquiescit
599 1741 606 1760 :
621 1732 745 1769 fratribus
758 1737 845 1760 autem
855 1753 862 1766 ,
879 1733 903 1761 id
917 1738 958 1761 est
973 1734 1055 1761 inter-

265 1770 431 1805 rogantibus,
443 1768 530 1805 solani
537 1776 671 1802 exponere
681 1768 784 1805 sufficit
791 1769 920 1805 rationem
930 1770 1056 1804 qua-stio-

266 1803 310 1833 ιιίὲ
317 1826 325 1837 ,
338 1805 399 1839 quia
414 1804 532 1831 discendi
544 1823 552 1834 ,
568 1808 596 1830 et
611 1810 663 1830 non
677 1803 875 1831 contradicendi
889 1803 1053 1839 propositum

266 1838 382 1867 habent:
398 1846 504 1873 propter
515 1839 585 1874 quod
598 1844 625 1865 et
637 1838 725 1874 audita
740 1839 842 1866 ratione
851 1838 973 1867 credunt.
987 1840 1053 1868 Item

265 1876 326 1902 vide
336 1874 469 1908 quomodo
479 1874 514 1901 sit
527 1874 655 1900 infirmior
664 1873 815 1901 Judatorum
830 1875 982 1909 congressio
991 1883 1055 1902 cou-

267 1916 305 1936 tra
320 1909 464 1946 Christum.
480 1909 576 1946 Prima,
591 1913 783 1946 cummi-rore:
797 1913 824 1936 ut
835 1915 887 1942 est,
904 1910 936 1936 In
948 1919 997 1944 qua
1008 1919 1055 1946 po-

264 1950 353 1972 testate
367 1945 429 1980 facis
444 1945 500 1980 hcc
508 1943 610 1978 (Matth.
626 1944 670 1971 21.
684 1943 748 1979 23)?
761 1944 891 1976 Secunda,
901 1943 960 1972 cuni
971 1943 1032 1972 dolo
1046 1955 1052 1973 :
1072 1961 1075 1964 ι

261 1987 324 2007 eum
341 1979 451 2013 dicunt,
475 1979 604 2014 Magister,
619 1979 710 2006 scimus
723 1981 782 2015 quia
801 1987 878 2006 verae;
893 1989 935 2013 es,
951 1985 973 2007 et
988 1981 1055 2008 viam

263 2015 313 2044 Dei
323 2016 349 2042 in
364 2015 466 2043 veritate
478 2015 560 2046 doces,
575 2019 599 2042 et
612 2023 660 2041 non
672 2020 706 2041 est
719 2014 763 2041 tibi
768 2023 835 2050 cura
848 2015 880 2042 tle
890 2016 975 2050 aliqua
983 2023 993 2043 :
1002 2025 1053 2043 non

261 2051 332 2079 enim
347 2051 451 2085 respicis
468 2058 588 2085 personas
609 2050 748 2076 hominum.
765 2049 823 2077 Non
843 2051 913 2078 ettint
933 2056 1051 2084 terrent,

261 2093 313 2114 sed
332 2087 542 2113 circumvoniunt
564 2085 684 2112 laudibus
701 2095 707 2113 :
730 2093 788 2120 qua:
809 2087 980 2121 congressio,
1002 2087 1053 2114 etsi

261 2130 318 2149 non
333 2122 423 2157 minus
433 2121 580 2157 periculosa
594 2126 639 2157 est,
648 2122 754 2155 priore,
768 2125 856 2157 tamen
872 2122 959 2149 minus
974 2122 1053 2149 terri-

261 2157 326 2186 bilis
338 2161 388 2184 est.
402 2155 500 2184 contra
515 2156 585 2182 illam
599 2155 669 2182 enim
686 2156 835 2182 necessaria
850 2161 907 2183 erat
926 2157 1053 2184 fortitudo

261 2194 371 2225 numne,
382 2196 410 2219 et
416 2191 563 2218 constantia
571 2190 676 2218 cordis:
687 2196 778 2219 contra
790 2191 866 2218 istam
878 2196 967 2219 autem
977 2197 1052 2220 acuta

263 2228 405 2262 sapientia.
414 2226 442 2253 In
455 2226 532 2253 tertio
540 2233 602 2253 vero
613 2226 672 2252 loco
683 2233 768 2260 neque
781 2234 841 2253 cum
853 2231 954 2254 terrore
969 2235 1054 2262 neque

263 2261 323 2290 cunt
336 2263 408 2294 dolo,
419 2262 465 2289 sed
479 2269 509 2288 ex
523 2261 728 2296 praesumptione
739 2263 838 2296 ignara.
852 2262 922 2289 Satis
932 2262 1003 2290 enim
1011 2261 1054 2290 ffe-

261 2302 357 2325 carum
367 2297 416 2324 sibi
427 2296 566 2325 Sztdducai
575 2317 581 2328 ,
595 2297 629 2323 ita
640 2304 699 2323 esse
709 2317 717 2328 ,
726 2297 794 2323 sicut
803 2297 928 2331 putabant
937 2318 945 2329 ,
956 2303 1053 2325 etcum

264 2333 360 2361 idoneo
370 2337 526 2367 argumento
533 2332 749 2359 existitttaverttnl
757 2339 786 2368 se
794 2331 898 2368 vincere
907 2332 1052 2368 Christum,

265 2369 485 2395 resurrectionem
493 2367 765 2401 autttttttianteut,qu:c
771 2367 872 2394 duabus
881 2369 1040 2402 princedenti
1047 2386 1054 2392 -

263 2404 314 2431 bus
325 2403 425 2431 facilior
432 2406 483 2430 est.
491 2402 630 2438 Hotninent
639 2402 708 2429 enim
718 2407 851 2436 putantem
860 2410 889 2429 se
896 2403 994 2438 aliquid
1002 2405 1054 2432 sci-

263 2446 303 2471 re,
315 2446 374 2465 cum
387 2439 495 2467 nesciat,
508 2437 586 2464 facile
595 2443 636 2464 est
650 2439 706 2464 viro
720 2438 812 2464 scienti
826 2437 1019 2466 circumvenire
1032 2440 1052 2468 '.

262 2474 360 2500 Contra
371 2474 435 2500 tales
442 2474 511 2500 enittt
523 2474 670 2500 necessaria
678 2477 717 2499 est
726 2473 780 2499 sola
791 2474 898 2501 scientia
905 2473 1054 2509 Scriptura-

263 2517 333 2536 rutu.
343 2508 404 2535 Haec
412 2514 499 2535 autem
512 2508 673 2540 dixitnus,ut
684 2516 730 2542 per
740 2516 831 2535 servos
843 2509 950 2540 diaboli,
963 2508 1053 2537 actus-

264 2552 316 2578 que
337 2551 431 2570 eoruttt
441 2564 449 2577 ,
463 2543 641 2570 habitudinem
654 2544 737 2578 ipsius
749 2544 844 2570 diaboli
856 2544 1052 2573 describamus:

263 2580 389 2614 quoniam
408 2578 495 2605 omnis
517 2579 635 2612 operatio
650 2578 748 2605 inimici
765 2579 824 2606 talis
839 2583 889 2606 est.
912 2579 940 2606 In
961 2580 1054 2614 primis

262 2616 351 2648 gravis
363 2619 390 2650 et
404 2614 581 2650 intolerabilis
590 2619 632 2641 est
652 2615 765 2648 impetus
785 2614 853 2649 ejus.
868 2614 943 2647 Quod
959 2616 980 2642 si
994 2616 1054 2650 quis

264 2650 323 2677 torti
338 2648 428 2677 animo
441 2649 596 2676 sustinuerit
607 2656 679 2680 eunt,
695 2651 720 2676 ιιι
735 2648 851 2677 secundo
865 2650 982 2678 ittveniet
992 2648 1052 2678 eum

261 2685 456 2714 inﬁrmiorem,
479 2684 506 2710 in
522 2684 604 2720 tertio
623 2685 706 2717 magis
718 2684 893 2712 debilitatum.
908 2685 942 2712 Et
954 2691 1053 2720 quattto

263 2728 321 2755 pius
335 2725 506 2755 repercussus
518 2718 612 2751 fuerit,
634 2724 708 2746 tanto
723 2722 805 2754 magis
819 2720 936 2754 frigescit
948 2718 974 2748 et
987 2721 1054 2748 deli-

263 2754 309 2783 tn.
327 2755 402 2783 Unde
417 2761 480 2788 puto
494 2754 521 2781 in
536 2754 784 2788 persequutiouibns
799 2755 973 2788 Christianis,
987 2758 1009 2782 si
1026 2757 1052 2783 in

264 2791 358 2825 prin-is
378 2789 485 2825 quando
506 2789 766 2824 comprehenduntur
787 2798 840 2817 non
863 2791 1052 2826 denegaverint

286 2859 302 2892 λε
322 2859 379 2885 ινιιιιι
392 2859 415 2883 iu
433 2856 764 2890 marg.,scienticonrincere.
778 2861 804 2883 v.
817 2858 953 2890 D.,scieati
969 2866 1053 2887 convc-

265 2895 325 2914 utre.

907 157 994 187 (lPUS
1013 155 1268 186 lMPEltl-‘ECTUM.
1858 159 1901 188 ετξ

1119 215 1221 252 territi,
1242 214 1321 242 nullis
1336 218 1460 252 poterunt
1481 219 1569 252 postea
1591 216 1660 244 vinci
1680 216 1899 252 doloribuszquia

1116 250 1238 288 diabolus
1253 257 1309 288 pou
1324 251 1532 288 iantunrhabet
1555 252 1580 278 in
1595 259 1624 278 se
1639 253 1759 283 virtutis.
1782 250 1899 288 quantum

1117 286 1238 313 terroris.
1253 286 1297 313 54.
1319 284 1442 312 leritnei
1461 292 1544 313 autent
1559 287 1688 314 audientes
1703 289 1769 319 quod
1782 284 1899 314 silentium

1117 321 1276 358 imposuisset
1287 320 1448 358 Saddttcteis,
1459 328 1625 349 conuenerunt
1637 323 1663 349 in
1677 332 1763 349 unum.
1772 323 1902 358 Frequen-

1118 361 1160 384 ter
1180 356 1263 383 Jttdati
1285 356 1397 383 diversis
1420 357 1669 391 interrogationibus
1691 356 1900 386 Christum-tert-

1115 396 1220 424 tantes,
1244 391 1294 418 sibi
1320 391 1427 426 quidem
1450 393 1629 425 acquisierunt
1650 394 1803 423 interitum.
1832 395 1901 422 nobis

1114 432 1203 454 autem
1225 427 1395 461 providerunt
1414 427 1537 454 salutem.
1556 427 1622 455 Nam
1644 429 1722 456 verba
1742 429 1841 456 Christi
1854 431 1901 458 illis

1116 462 1286 496 profecerunt
1299 462 1332 488 ad
1346 462 1539 494 confusionem,
1553 464 1628 490 nobis
1642 469 1730 491 autem
1745 465 1777 491 ad
1792 465 1901 492 aedifica-

1117 498 1215 524 tioneut
1228 506 1234 523 :
1247 499 1371 531 qttouiatn
1387 499 1522 531 responsis
1540 499 1598 532 ejus
1612 499 1795 532 vincebantur,
1811 505 1838 527 et
1851 509 1899 527 non

1116 533 1297 567 placabantur.
1312 532 1377 559 Nam
1389 534 1485 569 malitia
1498 533 1648 568 frequenter
1659 535 1765 569 quidem
1779 537 1897 567 vincitur,

1115 576 1260 602 numquam
1275 573 1363 595 autem
1379 568 1503 602 placatur.
1520 569 1644 596 Pharismi
1659 576 1720 596 sunt
1734 578 1843 601 omnes,
1859 575 1899 604 qui

1115 608 1207 630 contra
1237 603 1374 630 veritatem
1402 604 1565 630 contendunt
1581 614 1586 631 :
1602 605 1661 638 quia
1690 613 1741 632 non
1766 606 1899 633 veritatrm

1115 638 1257 665 defendere
1278 639 1415 672 cupientes
1437 643 1548 670 eet-tant,
1574 640 1619 666 sed
1647 641 1802 669 subvertere
1828 641 1899 668 festi-

1114 679 1218 711 nantes.
1229 673 1281 707 ριιί
1297 673 1368 700 cuitu
1384 675 1557 711 proveritate
1571 676 1742 709 contendunt,
1758 683 1784 703 et
1798 678 1899 711 cognita

1114 709 1225 745 veritate
1249 717 1300 745 non
1322 709 1492 735 consentiunt
1512 710 1613 737 veritati
1629 720 1635 736 :
1652 713 1819 738 manifestum
1839 709 1899 745 est,

1112 744 1238 778 quoniam
1251 744 1322 776 prius
1334 751 1386 771 non
1402 751 1450 778 pro
1462 745 1579 776 veritate,
1595 747 1640 772 sed
1654 751 1746 773 contra
1761 748 1899 774 veritatem

1113 779 1278 816 certabant‘.
1292 779 1360 805 Audi
1373 786 1448 816 ergo,
1469 779 1644 816 ltontutidclis
1659 783 1702 816 qtti
1714 789 1806 809 contra
1820 782 1901 809 ita-re-

1114 815 1193 841 ticum
1208 814 1321 841 libenter
1332 819 1396 841 cont
1409 814 1471 852 ndis
1481 823 1487 840 :
1499 816 1519 842 si
1533 814 1656 852 l’ltaris.i-i
1669 814 1730 843 victi
1744 818 1837 852 placati
1850 825 1899 844 non

1112 854 1182 886 sunt.
1207 853 1234 876 et
1256 854 1283 876 tu
1306 849 1433 886 certando
1453 856 1544 877 contra
1569 851 1720 878 luerent-um
1743 849 1818 886 potes
1841 861 1900 879 eutn

1113 885 1227 919 placare,
1241 892 1300 911 cum
1316 884 1432 911 viceris?
1452 886 1577 919 ntuttqttid
1593 886 1686 914 fortior
1697 884 1804 915 Christo
1814 896 1860 920 es,
1875 893 1900 915 ut

1111 928 1177 957 quos
1191 920 1234 957 iile
1250 927 1309 957 non»
1318 921 1429 957 placavit
1440 941 1448 953 ,
1475 926 1501 947 tn
1521 921 1656 955 placabis?
1673 923 1826 949 Debueruut
1845 924 1900 957 qui-

1111 955 1173 983 dem
1190 956 1282 983 timet‘e
1295 955 1499 982 Sadducacortnn
1507 957 1669 990 exemplum,
1679 963 1707 984 ιιι
1718 967 1769 984 ttott
1781 955 1902 986 similiter

1113 992 1307 1025 interrogantes
1321 991 1525 1023 confundantur,
1542 992 1587 1018 sed
1604 992 1702 1019 ardens
1715 994 1825 1025 malitia,
1838 994 1900 1021 dum

1113 1026 1233 1053 sauciare
1248 1025 1366 1057 festinat,
1382 1033 1433 1052 non
1454 1027 1547 1061 aspicit
1560 1028 1658 1054 exitum
1674 1029 1729 1061 rei,
1745 1034 1771 1055 ut
1786 1033 1902 1056 tantum-

1110 1061 1190 1088 modo
1207 1061 1283 1088 alteri
1305 1066 1416 1090 noceat.
1440 1069 1490 1088 nec
1513 1061 1561 1089 sibi
1586 1063 1699 1096 penitus.
1722 1064 1749 1091 Si
1766 1065 1899 1091 neminem

1110 1100 1172 1123 ante
1179 1103 1226 1134 eos
1234 1096 1349 1129 vicisset,
1359 1096 1467 1123 forsitan
1473 1097 1485 1134 j
1487 1101 1544 1124 usta
1553 1099 1655 1125 ratione
1662 1105 1815 1133 sperassent
1825 1107 1901 1134 posse

1110 1139 1170 1158 cum
1186 1131 1301 1164 vincere,
1325 1139 1340 1158 a
1365 1138 1418 1167 quo
1442 1133 1529 1159 nullus
1547 1138 1588 1159 est
1607 1131 1792 1162 rictu‘sznunc
1812 1131 1900 1162 autem

1111 1166 1246 1197 videntes.
1267 1166 1391 1204 quoniam
1418 1173 1546 1202 quotquot
1568 1168 1731 1204 interrogare
1756 1177 1819 1197 eum
1845 1171 1900 1198 ausi

1109 1206 1189 1238 sunt,
1208 1209 1302 1229 omnes
1315 1202 1375 1229 victi
1398 1208 1584 1230 recesserunt:
1597 1204 1659 1238 quid
1672 1202 1825 1232 Et-stimandi
1839 1211 1901 1233 sunt

1110 1236 1170 1274 isti?
1183 1238 1308 1274 numquid
1324 1238 1447 1265 fortiores
1460 1245 1539 1273 quam
1553 1236 1651 1274 caeleri,
1668 1240 1711 1274 qui
1726 1241 1802 1267 victis
1815 1242 1901 1268 omni-

1110 1272 1174 1304 bus,
1187 1273 1294 1300 vincere
1308 1272 1501 1307 sperat-erunt?
1514 1273 1566 1301 Sed
1583 1272 1790 1308 intpudentiores
1799 1297 1807 1308 ,
1821 1285 1899 1308 quam

1109 1314 1203 1335 omnes
1215 1308 1258 1342 qui
1274 1308 1392 1335 confusis
1405 1309 1529 1335 omnibus
1539 1313 1600 1336 ante
1615 1317 1654 1341 se,
1669 1310 1792 1337 similiter
1803 1312 1901 1338 erube-

1108 1349 1183 1370 scere
1200 1351 1251 1370 uon
1265 1343 1417 1370 timuermtt.
1431 1343 1603 1371 Convenermtt
1616 1345 1642 1371 in
1656 1353 1744 1377 unum,
1759 1347 1804 1373 55.
1821 1353 1845 1373 et
1858 1348 1900 1373 iti-

1109 1379 1242 1414 tet'rogat-it
1260 1386 1317 1405 eum
1338 1387 1403 1405 unus
1421 1387 1452 1405 ea:
1465 1380 1500 1406 eis
1522 1380 1583 1414 legis
1597 1380 1694 1414 doctor,
1718 1386 1817 1408 tentans
1832 1391 1899 1408 eum.

1108 1411 1281 1452 Conv'tznet'unt
1293 1414 1320 1440 in
1334 1422 1421 1447 unum,
1438 1419 1466 1440 ut
1479 1411 1646 1443 multitudine
1659 1411 1806 1450 vincerent,
1821 1425 1899 1452 quem

1108 1448 1210 1476 ratione
1229 1456 1356 1484 superare
1378 1456 1429 1476 non
1453 1454 1619 1484 puteraut:a
1641 1453 1751 1479 veritate
1772 1448 1859 1480 nudos
1872 1461 1901 1480 se

1108 1490 1167 1519 esse
1183 1484 1294 1518 professi
1314 1489 1393 1516 sunt,
1414 1486 1458 1519 qui
1481 1485 1647 1513 multitudine
1667 1495 1696 1514 se
1715 1495 1898 1515 :irntavcruut.

1110 1517 1236 1546 Dicebant
1248 1519 1319 1558 enim
1332 1519 1401 1554 apud
1419 1517 1448 1547 se
1461 1529 1466 1546 :
1480 1527 1546 1546 unus
1560 1521 1681 1556 loquatur
1693 1531 1741 1557 pro
1755 1525 1900 1558 omnibus,

1107 1559 1134 1580 et
1146 1562 1239 1592 omnes
1249 1554 1392 1592 _loquantur
1411 1562 1458 1589 per
1479 1563 1558 1592 unum
1569 1577 1575 1587 ,
1596 1554 1626 1583 ιιι
1640 1554 1770 1592 siquidem
1787 1554 1898 1591 rit-crit,

1107 1597 1200 1617 omnes
1214 1590 1350 1617 videamur
1361 1591 1476 1617 victores
1489 1600 1495 1618 :
1507 1591 1529 1617 si
1545 1596 1632 1618 autem
1649 1590 1732 1620 victus
1749 1594 1842 1625 fuerit,
1859 1590 1899 1621 vel

1107 1625 1179 1652 solus
1193 1625 1313 1664 videatur
1327 1625 1462 1664 confusus.
1479 1627 1502 1653 υ
1515 1626 1655 1664 Pharismi,
1667 1630 1711 1662 qui
1728 1630 1818 1656 omnia
1835 1638 1899 1664 pro-

1107 1664 1166 1699 pter
1193 1660 1314 1688 homines
1338 1661 1459 1699 cogitatis
1479 1666 1507 1688 et
1524 1662 1621 1699 facilis.
1648 1660 1764 1690 Pronum
1789 1660 1900 1699 quidem

1108 1696 1246 1723 venientes
1258 1704 1319 1724 cum
1340 1704 1402 1729 uno,
1418 1697 1539 1732 vincendi
1553 1697 1618 1724 estis
1632 1706 1678 1732 per
1693 1707 1773 1726 unum
1785 1696 1899 1732 {tamen

1107 1737 1176 1765 pone
1189 1733 1265 1769 quia,_
1275 1738 1327 1758 uno
1341 1732 1421 1763 victo,
1439 1731 1560 1769 homines
1573 1731 1792 1769 nouintirlligunt
1805 1743 1901 1762 omnes

1105 1772 1153 1792 vos
1167 1773 1226 1793 esse
1241 1766 1324 1794 victos
1337 1775 1343 1793 :
1355 1767 1481 1801 numquid
1496 1769 1664 1796 conscienti-e
1677 1766 1772 1797 vesta-ae
1785 1779 1900 1798 consert-

1107 1801 1178 1838 tiunt
1189 1809 1218 1828 se
1232 1809 1292 1838 esse
1308 1802 1449 1829 confusas?
1463 1802 1542 1830 Levis
1556 1804 1626 1830 enini
1642 1810 1680 1831 est
1695 1806 1856 1838 consolatio,
1873 1812 1900 1833 ut

1105 1836 1150 1876 qui
1221 1837 1310 1876 seipse
1325 1838 1450 1876 confusus
1464 1842 1523 1869 est,
1545 1839 1615 1876 quod
1630 1840 1665 1866 ab
1678 1841 1736 1867 aliis
1750 1836 1898 1876 ignoratur.

1105 1871 1150 1912 {9-6.
1166 1870 1306 1912 Magister,
1330 1873 1452 1912 quod-est
1473 1870 1619 1912 mandatum
1640 1870 1808 1912 magnunt'iu
1824 1877 1900 1912 lege?

1106 1906 1256 1947 Magistrum
1271 1906 1356 1947 vocnt.
1369 1908 1443 1941 cujus
1456 1915 1508 1935 non
1521 1909 1647 1947 vult‘esse
1659 1906 1814 1947 discipulus.
1825 1906 1898 1939 Sim-

1106 1942 1266 1979 plicissimus
1279 1943 1466 1978 interrogator,
1482 1948 1509 1970 ct
1523 1942 1775 1979 InaiigttattliSsililuS
1789 1948 1900 1974 insidia-

1106 1981 1157 2015 tor.
1170 1977 1208 2004 De
1220 1985 1316 2015 magno
1330 1977 1454 2015 mandato
1468 1977 1621 2013 interrogat,
1635 1981 1679 2015 qui
1693 1989 1742 2008 nec
1756 1983 1898 2009 ntiuimnm

1105 2012 1241 2051 observat:
1257 2012 1303 2040 Ille
1314 2013 1385 2051 enim
1397 2014 1477 2040 debet
1490 2012 1654 2051 interrogare
1664 2016 1696 2042 de
1710 2018 1805 2050 majori
1817 2018 1899 2051 justi-

1107 2047 1156 2081 tia,
1173 2048 1217 2082 qui
1230 2048 1284 2082 jam
1301 2049 1431 2075 minorem
1444 2047 1603 2084 οοιιιιιιενίιῖ
1615 2051 1740 2078 Dominus
1752 2047 1844 2079 anteiri
1859 2054 1898 2080 sic

1105 2083 1130 2120 ei
1144 2084 1295 2120 respondit,
1311 2088 1340 2120 ut
1357 2083 1570 2118 interrogationis
1585 2085 1641 2120 ejus
1656 2087 1743 2114 fictam
1756 2089 1901 2114 conscien-

1107 2118 1169 2154 tiam
1184 2118 1272 2154 statim
1296 2119 1380 2154 primo
1395 2127 1523 2153 responso
1539 2118 1702 2154 percuteret,
1726 2123 1819 2149 dicens
1832 2132 1839 2149 :
1852 2124 1898 2150 57.

1105 2152 1203 2188 Diliges
1215 2152 1352 2180 Dominum
1370 2152 1448 2180 Deuni
1463 2152 1574 2182 tuum'ea;
1586 2161 1636 2183 toto
1647 2152 1721 2184 corde
1733 2158 1828 2185 tuo:id
1840 2164 1883 2185 est
1891 2179 1899 2188 .

1105 2187 1163 2226 Non
1178 2188 1248 2226 sicut
1259 2193 1298 2226 tu,
1311 2189 1355 2224 qui
1367 2189 1534 2226 devotionem
1548 2192 1667 2218 ostendis
1681 2193 1706 2219 in
1717 2201 1775 2226 ore,
1787 2199 1813 2220 et
1826 2187 1903 2220 fnu;

1105 2223 1167 2250 dem
1178 2223 1356 2260 ntcditarisiitt
1370 2225 1460 2251 corde.
1475 2225 1596 2260 Magnum
1612 2232 1699 2254 autent
1714 2232 1741 2255 et
1755 2223 1902 2256 minimum

1105 2258 1258 2286 mandatum
1278 2259 1405 2291 dicimus,
1422 2258 1550 2297 quantum
1565 2261 1597 2288 ad
1613 2262 1766 2297 dignitatem
1784 2265 1903 2290 manda-

1107 2298 1209 2333 torum,
1226 2302 1278 2321 non
1301 2300 1427 2333 quantum
1442 2296 1474 2322 ad
1490 2296 1780 2333 utilitatchAlioquin
1796 2300 1904 2326 utilitas

1105 2329 1225 2369 omnium
1234 2330 1419 2369 mandatorum
1429 2338 1480 2357 una
1491 2336 1541 2369 est,
1552 2336 1579 2358 et
1588 2333 1675 2359 omnia
1687 2329 1811 2360 mandata
1823 2335 1903 2369 quasi

1106 2372 1186 2391 unum
1202 2365 1324 2402 videntur
1338 2372 1398 2402 esse
1419 2366 1569 2393 mandatum
1584 2388 1591 2400 ,
1608 2369 1667 2402 quia
1683 2371 1717 2395 ita
1733 2370 1784 2396 sibi
1805 2365 1903 2397 coita:-

1106 2404 1175 2440 reut,
1190 2404 1218 2426 ut
1229 2400 1342 2427 alterum
1356 2401 1415 2440 sine
1425 2402 1513 2440 altero
1528 2409 1586 2440 esse
1607 2400 1659 2440 non
1677 2405 1767 2438 possit.
1787 2405 1903 2440 Utputa,

1106 2436 1127 2462 si
1144 2436 1293 2474 interroget
1305 2440 1330 2462 te
1350 2436 1445 2474 aliquis
1464 2437 1491 2474 in
1512 2436 1687 2474 :cditieatione
1700 2436 1906 2474 ιῐοηιιιείυιιειὶ

1106 2477 1168 2510 pars
1180 2475 1222 2498 est
1234 2470 1346 2510 ttteiior,
1361 2471 1428 2498 dicis
1439 2492 1447 2503 ,
1469 2472 1693 2505 Fundamentum;
1708 2475 1754 2502 sed
1768 2470 1904 2510 queuiatl-

1106 2505 1213 2532 modum
1227 2505 1367 2532 aedificatio
1381 2515 1432 2533 noti
1449 2512 1535 2541 potest
1547 2515 1622 2541 esse,
1637 2510 1686 2535 tusi
1701 2505 1785 2536 fuerit'
1802 2512 1906 2538 funda.

1107 2545 1244 2578 utentum:
1257 2541 1290 2578 ita
1307 2549 1356 2569 nec
1371 2541 1569 2578 fundamentum
1583 2551 1643 2570 esse
1656 2550 1751 2578 potest.
1765 2546 1817 2572 nisi
1834 2547 1888 2573 :cdi
1901 2562 1906 2565 -

1107 2575 1195 2613 tientia
1217 2575 1296 2613 fuerit
1310 2577 1551 2612 subsequttta.-Nec
1564 2575 1662 2606 dicitur
1675 2580 1883 2609 fundamentum
1896 2601 1904 2613 ,

1106 2611 1206 2651 nisisit
1218 2611 1373 2651 :ctltficaiio,
1390 2611 1682 2651 cujusifundainentunt
1698 2616 1813 2643 dicatur.
1831 2611 1909 2651 Ergo

1106 2646 1306 2683 fundamentum
1320 2647 1346 2673 itt
1357 2647 1532 2675 aedificatione
1544 2649 1648 2683 dignius
1660 2656 1711 2682 est,
1725 2660 1777 2678 non
1791 2646 1905 2680 utilius:

1106 2682 1146 2709 sic
1167 2687 1194 2709 et
1213 2687 1292 2716 caput
1313 2683 1417 2717 dignius
1432 2687 1474 2710 est
1492 2692 1571 2717 quam
1595 2685 1712 2712 membra
1726 2695 1733 2715 ς
1747 2692 1838 2714 tamen
1854 2696 1909 2714 nee

1106 2717 1224 2756 membra
1239 2717 1297 2756 sine
1307 2719 1402 2756 capite,
1418 2725 1466 2745 nec
1477 2725 1560 2756 caput»
1568 2721 1626 2746 sine
1639 2722 1765 2748 membris
1778 2730 1841 2749 esse
1857 2731 1909 2756 po—

1107 2757 1167 2780 tcst.
1184 2751 1227 2780 Sic
1241 2751 1376 2788 digniores
1390 2757 1452 2781 sunt
1468 2751 1622 2782 sacerdotes
1633 2775 1640 2788 ,
1663 2763 1742 2791 quam
1765 2751 1886 2792 populus
1900 2778 1908 2790 ,

1122 2830 1147 2869 ..ι
1156 2829 1222 2869 ‘Alias
1232 2829 1273 2855 hic
1285 2829 1357 2869 locus
1363 2829 1534 2869 sic_efl‘ert_ttr_:
1550 2836 1595 2864 (na
1607 2839 1700 2869 enim...
1712 2837 1745 2863 et,
1756 2836 1853 2867 cognita
1866 2844 1908 2862 re-

1103 2864 1409 2900 ξμζζζςηηφιᾉςρῃξᾳιιῇιιῃι
1417 2897 1422 2900 _
1430 2864 1525 2900 ueritati
1532 2870 1541 2894 ;
1563 2864 1715 2900 mutes-tum
1731 2869 1773 2900 esl_
1784 2864 1907 2898 ila-Inuus

1107 2898 1175 2923 prius
1187 2897 1233 2917 tum
1245 2895 1330 2918 contra
1339 2895 1470 2926 ceritatem,
1483 2895 1525 2921 sed
1533 2901 1579 2927 pro
1587 2895 1685 2922 ueritate
1696 2895 1832 2924 certato-int.
