2021 3128
138 168 178 194 S73
695 165 726 192 IN
747 164 960 192 MATTIIIEUM.
982 163 1095 192 HOMIL.
1118 163 1197 192 XLII.

130 233 177 252 non
194 230 280 251 tamen
297 225 415 251 utiliores
428 232 434 250 :
447 224 506 258 quia
523 231 571 251 nec
587 223 699 258 populiis
714 223 772 250 sine
787 222 912 249 sacerdo-

130 261 211 291 tibus,
232 267 280 286 nec
300 259 451 286 sacerdotes
469 259 527 286 sine
550 259 652 293 pupulis
667 267 726 285 esse
741 263 859 291 possunt.
878 259 913 284 Ita

130 302 153 322 ιιι
168 295 273 329 dignius
286 298 327 322 est
340 294 390 321 hoc
404 294 567 326 mandatum,
581 294 677 329 Diliges
683 293 820 329 Dominum
834 293 916 320 Deum

130 328 241 357 iiiiim’ea:
253 334 303 356 toto
318 329 394 356 cordo
412 335 559 364 (umquam
575 329 648 361 illud,
664 328 724 355 Non
739 328 835 355 occides
845 350 852 360 ,
866 337 916 355 non

130 366 303 400 concupisces;
319 370 408 392 tamen
430 365 528 391 utilitas
543 371 594 391 una
609 369 649 391 est
662 373 668 390 :
683 372 743 390 nattt
766 365 809 398 qtti
832 364 916 398 diligit

133 401 211 427 Deutu
223 421 230 431 ,
247 400 291 427 ille
307 408 358 427 non
375 400 488 431 occidit,
506 407 554 426 nec
568 400 747 434 concupiscit;
770 400 814 433 qui
828 407 916 425 autem

131 435 234 467 occidit,
258 440 303 462 aut
325 435 505 469 concupiscit,
528 435 571 461 ille
592 443 644 461 noti
668 435 752 468 tliiigit
778 435 917 461 hominum

132 471 211 498 Deum
231 478 318 498 suum.
336 471 401 497 Esse
415 475 502 497 autem
525 471 627 496 minora
650 471 771 496 mandata
792 470 917 496 Dominus

132 506 290 538 manifestat,
306 505 414 533 dicens:
425 505 455 532 Si
468 506 523 538 quis
535 513 614 531 unum
626 514 656 531 ea:
670 505 779 531 minimis
793 504 919 530 mandatis

132 542 182 568 istis
195 542 306 574 solverit,
318 546 341 567 et
353 541 464 567 docuerit
474 541 511 567 sic
521 541 642 570 homines.
659 541 777 566 mittimus
790 540 919 566 vocabitur

132 577 155 603 in
169 585 245 612 regno
264 577 384 603 cce/orum
398 575 504 612 (Matth.
516 576 541 601 5.
557 576 617 612 19).?
629 575 734 609 Diliges,
752 576 834 610 inquit
847 585 852 600 :
866 582 918 601 non

132 611 203 643 dicit,
218 611 336 638 Timebis
349 620 355 638 :
369 612 428 645 quia
445 611 554 645 diligere
567 611 652 645 majus
664 616 705 637 cst
718 618 796 645 quain
811 612 915 637 timere.

132 647 264 675 Iithioatio
277 648 348 674 enim
363 646 472 673 cultura:
487 646 532 673 Dci
549 646 630 673 habet
642 646 774 677 timorem,
792 645 919 679 perfectio

132 687 217 709 autem
230 682 399 709 dilectionem
410 702 417 712 ,
439 681 543 708 dicente
558 681 660 709 Joanne
673 690 680 707 :
692 680 809 713 Perfecta
820 680 921 707 dilectio

132 720 199 752 foras
221 717 295 744 mittit
317 717 429 744 timorem
448 717 485 750 (l.
509 716 587 752 .Ioim.
610 717 636 743 4.
662 716 708 751 18)
737 716 918 752 Dottecicnim

132 751 209 779 homo
219 753 293 779 timet
301 753 395 784 Deum,
405 760 457 779 non
466 759 526 779 eum
536 751 619 784 diligit
630 761 636 776 :
646 759 706 778 cum
714 756 801 778 autem
810 751 921 784 diligere

132 788 239 822 casperit
251 809 257 820 ,
270 788 324 822 jam
339 795 391 814 nou
404 795 466 814 eum
480 786 663 814 tantummodo
679 787 764 820 timet,
779 786 826 814 sed
837 787 917 813 etiam

132 823 243 857 amplius
257 822 352 857 diligit.
372 822 478 849 Timere
497 822 567 849 enittt
587 829 724 849 servorum
738 827 796 854 est,
811 822 922 856 diligere

132 863 217 886 atttetn
233 857 346 885 ﬁliorum
360 867 365 884 :
380 859 459 885 timor
470 857 518 884 sub
532 858 691 884 necessitate
704 861 755 889 cst,
770 857 878 884 dilectio
893 857 922 883 in

132 894 261 922 libertate.
282 894 332 926 Qui
350 894 374 919 in
391 893 486 920 timore
504 893 586 920 servit
603 893 674 925 Deo,
695 899 799 927 pinnam
813 892 920 927 quidem

132 929 227 961 evadit,
250 928 401 955 mercedem
424 934 511 954 autem
535 928 645 961 iustitiae
665 935 716 954 non
741 927 836 958 habet,
859 928 920 961 quia

133 964 228 991 invitus
249 963 312 990 facit
325 964 422 990 bonum
438 969 544 998 propter
559 964 689 990 timorem.
713 962 770 990 Non
784 963 840 990 vult
856 969 921 998 ergo

133 1000 212 1032 Dens,
229 1004 256 1026 ut
270 999 395 1026 timeatur
407 999 441 1026 ab
457 998 616 1028 hominibus,
631 998 706 1033 quasi
720 998 845 1025 dominus
855 1006 862 1024 :
873 997 922 1024 sed

134 1039 160 1062 tit
171 1035 297 1069 diligatur
308 1034 384 1069 quasi
405 1038 489 1067 pater,
512 1034 557 1067 qui
567 1033 721 1069 adoptionis
736 1034 858 1068 spiritum
872 1033 922 1069 (ιω

133 1070 203 1098 itavit
218 1068 378 1097 hominibus.
387 1069 452 1096 Nam
466 1069 487 1095 si
498 1068 697 1096 consideremus
708 1069 742 1096 ab
752 1069 827 1096 initio
837 1068 921 1095 creati

133 1105 247 1132 hominis
258 1112 376 1136 causam,
393 1104 565 1139 intelligimus
577 1104 637 1138 quia
651 1104 723 1131 Deus
734 1105 818 1138 magis
832 1111 861 1131 se
876 1111 922 1138 pa-

134 1145 197 1167 trent
211 1140 295 1167 voluit
304 1147 364 1167 esse
378 1140 524 1172 hominum,
536 1146 614 1174 quam
625 1139 772 1166 dominum.
781 1139 838 1166 Non
850 1139 920 1166 enim

133 1177 198 1202 dixit
220 1175 411 1207 tantummodo,
422 1173 559 1202 Faciamus
566 1174 772 1205 liominem:sed,
784 1173 921 1201 Faciamus

134 1211 255 1237 hominem
270 1210 408 1237 secundum
423 1210 557 1245 imaginem
571 1213 592 1236 et
604 1209 794 1236 similitudinem
809 1215 921 1236 nostram

136 1246 209 1280 (Gen.
225 1247 249 1272 l.
265 1245 322 1281 26).
337 1245 460 1273 Siinilare
473 1250 562 1272 atttem
577 1245 638 1281 liliis
650 1245 774 1272 convenit
785 1245 819 1272 ad
833 1249 921 1280 patres

133 1289 205 1312 suos,
220 1289 272 1308 non
286 1280 365 1308 etiam
378 1281 461 1308 servis
475 1281 508 1307 ad
522 1280 644 1307 dominos
657 1287 729 1307 suos.

169 1317 236 1350 Quid
248 1317 278 1343 sit
294 1316 398 1351 diligere
407 1315 494 1343 Deunr
504 1323 536 1342 ea;
548 1320 598 1341 toto
611 1315 695 1348 corde,
709 1322 741 1341 ex
755 1319 806 1341 tota
819 1315 919 1351 animo,

134 1360 164 1378 ex
181 1357 231 1378 tota
246 1350 347 1378 mente.’
360 1351 423 1383 Quis
435 1351 466 1377 sit
481 1351 611 1386 proximus
625 1355 718 1377 noster.
733 1365 770 1370 —
781 1350 848 1382 Quid
863 1355 918 1382 est,

133 1388 240 1422 diligere
256 1387 339 1414 Deum
352 1395 385 1413 ex
401 1391 456 1413 toto
465 1386 569 1422 corde‘l
577 1385 604 1412 Id
619 1391 670 1418 est,
684 1390 712 1412 ut
724 1393 770 1413 cor
780 1390 855 1422 tuum
868 1393 920 1412 non

134 1423 168 1449 sit
182 1423 333 1449 inclinatum
349 1421 382 1448 ad
396 1422 473 1448 ullius
484 1422 521 1448 rei
535 1421 703 1448 dilectionem
714 1421 828 1454 amplius
841 1428 920 1455 quam

133 1459 165 1485 ad
178 1458 221 1485 Dei
235 1467 241 1483 :
255 1465 302 1484 nec
316 1457 456 1485 delecteris
469 1457 494 1483 in
508 1457 594 1490 aliqua
607 1456 696 1490 specie
707 1456 796 1483 mundi
808 1456 923 1490 amplius

133 1501 210 1527 quam
225 1493 250 1520 in
267 1493 336 1523 Deo,
351 1500 403 1519 non
419 1493 444 1518 in
460 1492 614 1523 honoribus,
630 1498 682 1518 non
698 1491 724 1518 in
740 1499 806 1518 auro
817 1512 824 1523 ,
841 1492 880 1518 vel
896 1492 920 1518 in

134 1533 260 1569 argento,
282 1535 333 1554 non
357 1528 382 1554 in
403 1527 695 1567 possessionibusnaut
711 1527 878 1567 vineishuon
895 1527 920 1553 iu

132 1561 299 1595 animalibus,
321 1568 366 1589 aut
388 1562 536 1596 mancipiis,
557 1569 609 1588 non
634 1561 659 1588 iii
678 1561 859 1593 ornamentis,
873 1566 919 1589 aut

132 1599 259 1629 Vestibus.
275 1606 326 1624 non
341 1598 365 1624 in
381 1598 451 1628 ﬁliis.
465 1602 509 1623 aut
524 1597 687 1631 parentibus,
701 1601 744 1623 aut
758 1597 862 1627 amicis,
874 1596 921 1623 sed

133 1634 188 1661 hate
206 1634 294 1660 omnia
318 1633 454 1661 existimes
474 1633 519 1659 tibi
540 1639 599 1658 esse
619 1632 645 1658 in
669 1632 734 1663 Deo,
754 1637 780 1658 ut
805 1639 859 1666 prae
881 1631 922 1659 his

132 1669 253 1696 omnibus
267 1668 350 1696 Deum
361 1675 445 1695 antes.
456 1668 483 1695 Si
497 1672 585 1694 autem
599 1668 626 1693 in
639 1667 727 1701 aliquo
738 1666 832 1693 horum
845 1674 921 1694 amor

131 1704 219 1732 cordis
234 1704 271 1731 tui
292 1704 371 1731 luerit
392 1707 553 1737 occupatus,
573 1702 627 1736 jam
649 1709 683 1729 ex
703 1707 758 1729 toto
771 1702 852 1729 corde
867 1710 921 1730 non

131 1747 204 1766 antas
222 1740 303 1766 Deum
316 1747 322 1765 :
336 1746 384 1774 pro
396 1743 494 1774 quanta
508 1738 580 1774 enim
596 1743 670 1771 parte
685 1744 731 1764 cor
748 1743 820 1764 tuum
841 1737 921 1765 fuerit

131 1775 164 1802 ad
178 1775 292 1809 aliquam
306 1782 362 1801 rein
374 1773 515 1809 amandatn
529 1773 691 1809 inclinatum,
705 1780 752 1806 pro
763 1777 833 1799 tanta
846 1779 921 1807 parte

132 1808 275 1837 minusest
289 1809 322 1837 ad
337 1810 431 1836 Deum.
445 1808 515 1835 Ecce
525 1808 547 1835 si
560 1808 600 1835 vir
612 1808 708 1835 habeat
721 1815 844 1841 uxorem,
856 1815 922 1842 quo-

132 1845 211 1873 inodo
222 1845 392 1880 cognoscitur
407 1845 497 1871 uxoris
510 1843 586 1878 plena
600 1843 706 1870 dilectio
715 1843 728 1870 ’Ξ
749 1842 822 1880 Uxor
838 1843 922 1870 tienti-

132 1888 193 1908 nem
204 1879 283 1908 debet
292 1880 480 1915 sapientiorem
492 1883 625 1915 reputare,
638 1886 717 1915 quam
730 1879 815 1915 virum
826 1885 921 1906 suum:

131 1917 181 1943 etsi
197 1917 231 1943 sit
243 1916 312 1943 alter
324 1914 480 1949 sapientior,
497 1919 584 1941 tamen
597 1914 642 1949 illa
657 1914 847 1947 siipientiorem
861 1921 922 1942 esse

131 1952 244 1978 alteruttt
259 1948 408 1985 intelligere
423 1957 475 1977 non
489 1949 576 1976 debet.
593 1948 665 1976 Uxor
680 1949 814 1985 neminem
829 1949 916 1985 [ortio-

131 1994 188 2014 reiu
199 1987 278 2014 debet
288 1983 391 2021 putare,
402 1992 481 2021 quam
493 1985 576 2012 virum
587 1991 664 2021 suum
675 1992 682 2010 :
692 1984 742 2021 eisi
752 1984 818 2011 alter
828 1983 922 2021 l'ortior

131 2023 184 2054 sit,
206 2019 294 2049 tamen
310 2021 353 2048 illa
367 2020 516 2055 intelligere
530 2026 583 2046 ιιοιι
597 2019 678 2055 debet
691 2019 805 2046 alterum
826 2019 921 2046 fortio-

133 2065 199 2084 rctu.
213 2057 285 2084 Uxor
296 2056 428 2084 neminem
441 2054 626 2090 l'tiruiosioretn
638 2054 716 2082 debet
727 2059 830 2089 putare,
842 2062 921 2090 quant

131 2093 218 2119 virum
231 2100 308 2120 suum
324 2100 330 2118 :
345 2091 395 2119 etsi
417 2091 452 2118 sit
471 2091 538 2117 alter
553 2089 711 2120 formosior,
729 2096 816 2117 tamen
831 2089 923 2117 curam

133 2128 218 2155 oculis
235 2127 293 2162 ejus
305 2128 372 2154 alter
389 2126 531 2154 formosior
543 2133 595 2162 non
608 2125 687 2152 debet
704 2132 842 2162 apparere.
859 2125 923 2152 Per-

134 2163 230 2190 fectum
245 2160 317 2190 enim
337 2162 427 2189 odium
438 2182 445 2192 ,
462 2165 488 2188 et
507 2160 728 2195 perl‘ectusranior
738 2161 867 2195 judicium
881 2169 924 2189 re-

133 2206 192 2225 rum
206 2206 257 2224 non
271 2198 416 2232 cognoscit.
429 2194 536 2230 Utputa,
551 2196 572 2222 si
585 2194 701 2230 perfecte
711 2196 787 2232 odias
795 2197 922 2231 aliquem,

132 2231 335 2268 qiialiacuitique
350 2232 448 2268 fuerint
462 2231 531 2266 apud
547 2231 620 2258 illum
632 2251 639 2263 ,
654 2231 743 2268 omnia
753 2231 807 2268 tibi
828 2232 923 2268 displi-

131 2266 195 2296 cent
216 2269 273 2295 sive
293 2266 352 2303 quae
375 2267 455 2299 dicit,
478 2268 533 2303 sive
553 2274 613 2301 quin
625 2266 759 2303 agitzetsi
774 2275 837 2303 vero
854 2267 923 2303 bona

132 2309 212 2335 Stilll,
230 2309 317 2330 tamen
333 2303 378 2330 tibi
394 2303 461 2330 mala
478 2302 611 2329 videntur.
626 2302 671 2328 Sic
684 2303 732 2328 etsi
747 2302 862 2336 perfecte
875 2302 924 2328 ali-

132 2348 212 2374 quem
228 2345 499 2373 :tttias,.qu;ccnittque
513 2341 574 2364 sunt
584 2337 654 2374 apud
667 2337 855 2374 eum,‘placent
866 2337 922 2371 tibi,

132 2372 190 2401 sive
212 2382 271 2408 qua:
292 2372 426 2408 laquitttr,
450 2374 507 2400 sive
530 2380 589 2407 quae
611 2372 743 2406 :igitzetsi
760 2372 829 2398 mala
843 2377 923 2408 sunt,

133 2407 228 2436 tamen
245 2409 290 2436 tibi
312 2407 380 2436 bima
402 2408 534 2435 videntur.
559 2408 625 2441 Ergo
639 2412 666 2434 et
681 2415 763 2437 uxor,
787 2407 809 2434 si
832 2407 926 2435 videns

132 2445 249 2479 aliquem
263 2445 379 2476 dixerit,
393 2443 478 2478 Quam
494 2443 600 2477 sapiens
614 2442 662 2479 vir,
680 2442 779 2479 utinam
796 2442 835 2469 vir
850 2450 925 2469 metis

133 2477 195 2507 tatis
207 2484 293 2512 esset,
311 2481 364 2513 jam
384 2487 459 2505 aitior
475 2479 532 2512 ejus
548 2479 635 2504 minus
655 2477 733 2504 habet
754 2477 788 2504 de
807 2478 925 2512 perfecto

132 2523 228 2542 amore
239 2521 280 2542 :et
294 2524 340 2549 pro
352 2520 450 2549 quanta
462 2518 535 2548 parte
546 2513 766 2549 ιιιιιριιιιδνιιΙιιιιιίΔ
780 2513 926 2540 laudaverit

132 2551 161 2577 iii
177 2551 263 2577 altero
277 2552 342 2582 viro,
358 2548 437 2584 quam
451 2549 476 2576 in
492 2556 550 2581 suo,
568 2553 640 2574 tanto
654 2548 760 2575 dilectio
772 2548 828 2582 ejus
838 2549 925 2575 minor

132 2591 176 2613 est
192 2586 224 2612 ad
240 2586 327 2612 virum
347 2593 435 2612 suum.
456 2585 500 2612 Sic
520 2591 584 2617 ergo
606 2588 632 2610 et
652 2584 738 2609 otiiuis
751 2585 837 2610 anima
851 2584 926 2610 Chri-

132 2623 232 2654 stiana,
254 2629 315 2656 qua:
336 2628 433 2656 sponsa
454 2623 495 2646 est
514 2618 629 2656 lihristi,
654 2618 687 2645 ita
706 2619 826 2656 diligere
847 2619 925 2646 debet
944 2618 950 2623 ’

133 2657 231 2688 Dcutn,
244 2654 272 2683 ui
283 2654 393 2683 uiliil’sit
407 2655 432 2682 iu
444 2654 631 2688 tnundo,qn.id
642 2654 755 2688 amplius
765 2658 836 2681 amet
846 2662 924 2688 quant

132 2700 209 2723 eum,
223 2696 268 2718 aut
284 2691 308 2718 iii
323 2696 435 2718 tantum.
449 2690 500 2717 Pro
511 2695 608 2724 quanta
621 2694 709 2716 autent
721 2694 796 2724 parte
807 2690 865 2723 plus
878 2691 926 2716 ali-

132 2728 198 2761 quid
219 2727 367 2759 amaverit,
393 2733 440 2760 pro
460 2731 531 2752 tanta
547 2729 622 2759 parte
642 2725 816 2761 iiiinttsamat
832 2725 925 2751 Deum.

133 2759 205 2796 Quid
220 2769 271 2794 est,
287 2762 312 2788 iii
334 2759 399 2789 tota?
409 2761 496 2787 anima
517 2761 627 2794 diligere
640 2759 740 2786 Deum?
755 2759 783 2786 Id
798 2765 853 2792 est,
868 2768 926 2787 cer-

135 2795 270 2824 tissimum
282 2800 401 2825 auitiium
417 2797 515 2823 habere
530 2798 556 2822 iii
572 2799 692 2828 veritate,
708 2800 735 2822 et
749 2795 853 2821 lii-mum
868 2803 926 2823 esse

134 2833 162 2859 in
180 2834 241 2860 title.
257 2832 331 2859 Altus
344 2837 386 2860 est
398 2833 468 2859 enim
484 2838 558 2858 amor
571 2831 670 2862 cordis,
684 2835 711 2857 ct
722 2830 790 2857 alius
800 2834 841 2856 est
851 2837 928 2858 atnor

133 2869 244 2894 animm.
260 2869 343 2894 Amor
367 2867 456 2894 cordis
478 2866 675 2901 quodammodo
696 2864 809 2893 carnalis
824 2869 882 2896 est,
899 2871 927 2893 ut

133 2904 220 2931 etiam
241 2904 384 2930 carnaliter
409 2903 493 2930 Dcuin
518 2908 657 2929 amemus:
672 2901 742 2935 quod
766 2902 852 2928 lacere
872 2908 924 2928 non

1711 171 1763 198 ΞΗ

971 229 1132 257 possumus,
1153 222 1203 250 nisi
1225 223 1417 251 recesserimus
1438 225 1471 252 ab
1485 232 1575 252 amore
1588 227 1765 256 mundialium

971 266 1070 284 rerum.
1091 258 1165 295 Sicut
1188 259 1258 285 enim
1278 265 1352 295 casia
1377 260 1495 295 mulier,
1510 269 1570 295 qua:
1585 262 1669 289 virum
1685 270 1762 290 suum

969 298 1050 331 amat,
1064 293 1164 320 nullum
1176 299 1248 331 amat
1260 294 1355 326 alium;
1368 295 1388 321 si
1400 293 1612 323 antemaltcrtiin
1623 299 1761 331 amaverit,

967 329 1022 362 jam
1039 336 1091 355 non
1107 333 1180 355 amat
1200 329 1284 356 virum
1307 336 1384 356 suum
1398 339 1404 356 :
1418 330 1452 356 ita
1476 337 1502 357 ct
1516 330 1597 357 hnnto
1608 352 1614 363 ,
1637 333 1658 359 si
1681 329 1762 360 Dt'lllll

970 368 1051 395 autat,
1067 363 1194 390 mundum
1208 372 1258 390 non
1273 370 1359 397 amat;
1375 365 1398 391 si
1412 371 1501 393 utilem
1516 367 1643 394 ttitindinn
1657 375 1764 395 amave-

970 399 1020 428 rit.
1035 399 1089 433 jam
1107 399 1241 436 Deutndcx
1257 404 1312 426 toto
1326 400 1407 436 corde
1422 408 1473 427 non
1490 408 1570 429 autat.
1588 401 1658 436 Ergo
1675 404 1764 431 cordis

970 442 1045 473 amor
1060 442 1112 473 non
1128 434 1284 473 intelligitur
1297 435 1342 473 scd
1356 436 1471 462 sentitur
1482 436 1507 463 iii
1521 437 1612 469 cordo,
1625 434 1685 472 quia
1697 447 1763 473 quo-

970 469 1113 496 dummodo
1126 470 1242 496 carnalis
1256 474 1305 497 est.
1322 472 1405 497 Amor
1418 477 1506 498 atttt'iu
1523 472 1619 499 anim-c
1634 469 1686 500 iion
1702 469 1763 502 scn-

972 504 1076 545 titiiriu
1098 504 1196 544 corde.
1219 505 1270 545 sed
1290 505 1539 545 intelligittir_,_qt_iia
1565 516 1642 545 amor
1665 509 1762 536 animus

971 539 1099 572 judicium
1113 539 1172 576 ejus
1186 544 1237 566 cst.
1252 540 1316 567 Puta
1327 561 1335 572 ,
1360 539 1385 567 si
1397 539 1511 569 didicisti
1526 550 1607 568 tituiiii
1621 543 1715 576 Deum,
1730 552 1762 572 ex

970 582 1023 611 quo
1047 575 1135 601 omnia
1145 595 1158 611 ,γ
1175 579 1202 601 ct
1225 583 1304 602 unum
1330 576 1429 607 Deum,
1455 585 1502 610 per
1522 586 1600 611 l|llt‘nl
1621 580 1763 608 omtiia:si

971 610 1066 646 iterum
1087 610 1237 637 intellectus
1258 615 1318 637 tuus
1341 618 1387 645 per
1408 612 1521 646 alicujus
1536 613 1664 640 doctrina:
1680 615 1761 640 sedn—

971 645 1086 672 ctiouem
1103 653 1261 679 percussus,
1283 647 1396 681 cmperit
1415 647 1536 675 dubitare
1555 648 1589 675 de
1613 649 1761 677 substantia

972 681 1029 718 _Dei,
1046 680 1072 706 in
1086 685 1139 718 tota
1154 681 1240 718 anima
1253 689 1310 718 non
1328 680 1416 717 diligis
1436 683 1529 710 lietim.
1553 683 1615 710 liciti
1631 685 1674 718 qui
1689 690 1765 718 putat

971 715 1165 754 incantationes
1178 715 1285 754 aliquid
1294 715 1390 754 posse;
1412 724 1462 754 aut,
1479 719 1587 752 auguria
1602 715 1701 754 aliquid
1716 720 1742 746 in
1752 734 1761 739 -

973 751 1100 787 telligcre,
1116 755 1162 787 aut
1175 751 1353 778 divinationes
1367 752 1464 787 aliquid
1486 751 1624 784 nuntiare.
1649 751 1701 780 iion
1718 755 1764 782 ille

972 786 997 824 in
1013 790 1064 824 tota
1079 786 1167 824 aititna
1180 786 1265 820 diligit
1279 787 1373 824 Deum.
1385 786 1450 824 Quis
1460 794 1547 816 autem
1559 789 1643 824 diligit
1659 790 1764 817 Deum?

971 821 1113 857 Qniromne
1129 821 1226 848 bonum
1240 822 1325 849 credit
1337 823 1406 857 apud
1423 823 1515 857 Deum,
1530 829 1556 851 et
1571 821 1649 851 ouiiie
1664 825 1762 852 bonum

972 856 1058 884 credit
1070 863 1131 883 esse
1147 857 1228 884 Dcum
1242 877 1249 889 ,
1273 862 1301 884 et
1324 862 1398 884 extra
1423 856 1511 885 Dcuni
1529 867 1580 886 non
1601 860 1684 886 credit
1704 868 1767 888 esse

972 891 1071 919 bonum
1081 901 1088 920 :
1099 891 1142 925 qtii
1154 899 1260 919 omnem
1272 893 1394 920 virtutem
1406 899 1432 920 et
1443 894 1599 927 sapientiam
1611 895 1695 922 credit
1705 903 1765 924 esse

973 927 1056 965 licunt
1068 947 1076 960 ,
1097 931 1121 954 et
1144 932 1217 954 extra
1240 928 1323 965 Deum
1338 937 1389 955 imit
1409 928 1494 965 credit
1512 937 1573 957 esse
1587 930 1702 965 aliquant
1718 939 1761 958 δει-

972 962 1097 1024 pientiam
1120 970 1207 997 neque
1230 963 1354 990 virtutem
1372 973 1378 989 :
1394 964 1438 998 qui
1460 965 1545 991 credit
1568 962 1649 992 Deum
1674 967 1763 993 omnia

984 1005 1072 1024 acere.
1085 1001 1113 1024 et
1133 997 1191 1024 sine
1207 998 1261 1024 Deo
1276 999 1339 1024 nihil
1355 999 1411 1024 ﬁeri
1427 1006 1521 1024 nosse:
1546 1000 1588 1024 ille
1607 1005 1659 1024 tota
1675 1002 1763 1024 nnitna

984 999 1072 1028 acere,
1085 1001 1113 1024 et
1133 997 1191 1024 sine
1207 998 1261 1024 Deo
1276 999 1339 1025 nihil
1355 997 1411 1026 ﬁeri
1427 1006 1521 1033 posse;
1546 1000 1588 1027 ille
1607 1005 1659 1028 tota
1675 1002 1763 1028 anima

972 1032 1165 1070 diligitDetim.
1177 1033 1244 1067 Quid
1259 1038 1310 1066 est,
1326 1034 1350 1060 lu
1366 1039 1418 1060 tota
1429 1032 1523 1061 inelite
1537 1034 1646 1070 diligere
1662 1036 1742 1064 Deum
1753 1037 1768 1063 ’ἶ

974 1068 1001 1095 Id
1016 1072 1066 1099 est,
1084 1073 1112 1095 ut
1125 1075 1218 1095 omnes
1232 1076 1326 1095 sensus
1337 1070 1382 1100 tui.
1400 1069 1444 1103 qui
1461 1068 1596 1104 pertinent
1608 1070 1640 1097 ad
1657 1077 1692 1100 te.
1710 1072 1768 1099 Deo

973 1107 1078 1142 vacent.
1097 1103 1342 1142 (_2tijtis_intellectus
1357 1105 1411 1131 Deo
1425 1105 1575 1142 ministrat,
1591 1110 1618 1132 ct
1632 1106 1707 1142 cujus
1720 1115 1764 1134 sa-

972 1139 1070 1176 pientia
1085 1138 1156 1166 circa
1173 1139 1255 1176 Dettnt
1269 1144 1308 1166 est
1319 1159 1326 1171 ,
1340 1143 1416 1173 cujus
1428 1141 1552 1174 cogitatio
1565 1148 1606 1173 ea,
1624 1138 1683 1176 quin
1702 1146 1764 1169 sunt

975 1174 1032 1206 Iiei,
1049 1178 1152 1206 tractat,
1175 1174 1251 1209 cujus
1266 1176 1393 1201 memoria
1408 1183 1466 1210 qua:
1481 1180 1543 1202 sunt
1556 1174 1765 1204 batia‘recorda-

976 1214 1037 1246 tiir;
1052 1214 1104 1236 tota
1127 1214 1218 1246 triente
1232 1209 1316 1246 diligit
1340 1211 1440 1242 Deum,
1463 1210 1532 1237 sicut
1548 1212 1584 1246 ait
1603 1212 1744 1246 Apostolus
1758 1221 1765 1239 :

976 1243 1090 1282 Psallam
1109 1245 1216 1282 spiritu,
1229 1244 1353 1282 "psallam
1375 1250 1397 1272 et
1418 1250 1502 1282 mente
1514 1247 1551 1280 (Ι.
1566 1243 1632 1273 ϐονί
1648 1247 1690 1274 14.
1708 1248 1764 1282 15).

973 1280 1054 1314 Cujus
1068 1284 1156 1306 autem
1172 1280 1322 1316 intellectus
1337 1288 1396 1315 qua:
1410 1285 1473 1307 sunt
1495 1281 1539 1307 Dei
1556 1289 1608 1308 itoti
1626 1280 1765 1316 intelligit,

972 1319 1017 1341 aut
1031 1322 1083 1341 non
1094 1315 1239 1342 secundum
1253 1315 1334 1341 Deum
1347 1315 1424 1350 sapit,
1439 1320 1483 1342 aut
1494 1316 1604 1343 scientia
1619 1317 1688 1343 illius
1700 1315 1768 1345 vana

973 1353 1014 1376 est
1036 1354 1063 1377 et
1083 1350 1239 1387 saecularis,
1264 1351 1518 1387 singtilarishatiteni
1545 1352 1693 1379 recordatio
1709 1354 1767 1387 ejus

972 1393 1028 1412 non
1043 1390 1083 1412 cst
1096 1384 1165 1412 bona
1179 1406 1186 1417 ,
1202 1391 1247 1412 aut
1262 1386 1387 1419 cogitatio
1401 1385 1544 1420 displicens
1561 1387 1615 1414 Deo
1630 1395 1636 1413 :
1653 1387 1696 1414 ille
1712 1384 1765 1415 rion

973 1425 1027 1447 tota
1053 1425 1143 1448 tuente
1167 1421 1251 1455 diligit
1275 1421 1441 1456 υαιιιιιηὸὃ.
1468 1420 1525 1447 Hoc
1548 1426 1584 1448 est
1609 1422 1717 1456 primum
1744 1428 1769 1450 et

974 1457 1113 1482 maximum
1130 1456 1287 1482 mandatum.
1305 1456 1349 1483 59.
1373 1455 1521 1483 Secundum
1535 1455 1617 1483 autem
1631 1457 1714 1484 simile
1730 1464 1768 1485 est

973 1491 1030 1516 huic
1046 1499 1055 1517 :
1072 1490 1168 1525 Diliges
1188 1491 1329 1524 proriiiium
1351 1496 1421 1517 luunt
1442 1491 1506 1517 sicut
1523 1492 1639 1525 Icipsum.
1659 1492 1768 1520 Videtur

972 1525 1094 1553 Christus
1105 1533 1157 1552 uon
1168 1525 1202 1552 ad
1212 1526 1446 1560 interrogationem
1457 1527 1629 1561 respondere.
1639 1527 1684 1554 Ille
1695 1529 1766 1556 t-iiim

973 1560 1157 1596 interrogavit,
1172 1561 1246 1593 Quod
1256 1565 1293 1588 est
1304 1569 1423 1596 maguum
1432 1560 1593 1589 mandatum?
1605 1563 1679 1593 Puta,
1689 1563 1766 1596 dixit,

972 1596 1071 1632 Diliges
1087 1597 1230 1623 Dominum.
1247 1596 1274 1622 Si
1291 1596 1373 1632 voluit
1387 1602 1414 1623 et
1428 1597 1541 1623 alterum
1558 1598 1712 1625 mandatum
1728 1600 1768 1625 iii-

973 1631 1080 1664 ducere,
1093 1632 1184 1658 debuit
1198 1631 1336 1658 minimum
1349 1631 1448 1664 dicere,
1461 1640 1514 1659 non
1527 1633 1683 1660 secundum.
1700 1634 1766 1661 Nam

972 1672 1064 1693 contra
1079 1673 1201 1701 magnum
1213 1667 1352 1694 iniiiitnunt
1364 1673 1414 1700 est,
1427 1675 1479 1694 nou
1491 1668 1654 1699 secundum;
1670 1676 1768 1696 secun-

973 1701 1036 1729 dum
1051 1702 1188 1738 .‘lumutﬂd
1204 1703 1316 1738 primum
1330 1703 1446 1737 respicit.
1462 1702 1514 1730 Sed
1533 1703 1591 1730 vide
1605 1704 1667 1738 quid
1683 1705 1766 1732 voluit

973 1737 1125 1765 ostendere.
1142 1737 1238 1775 Diliges
1250 1736 1407 1770 Dominum,
1430 1742 1456 1765 et
1470 1745 1594 1775 maguum
1605 1736 1661 1766 est:
1673 1739 1768 1775 Diliges

974 1778 1063 1799 autem
1077 1777 1103 1799 et
1117 1774 1275 1807 proximum,
1299 1780 1423 1807 magnum
1439 1773 1545 1808 quidem
1568 1778 1628 1807 est,
1651 1773 1767 1808 primum

974 1812 1064 1834 autem
1081 1815 1133 1834 non
1148 1812 1189 1834 est
1201 1816 1208 1833 :
1220 1813 1247 1834 et
1263 1807 1324 1834 ideo
1344 1808 1431 1840 dixit,
1449 1807 1548 1836 Simile
1560 1814 1606 1835 est.
1621 1807 1766 1837 considera

973 1850 1038 1878 ergo
1051 1843 1291 1878 iuysterium.Quis
1306 1847 1347 1870 est
1362 1844 1499 1877 proximus
1512 1844 1621 1871 noster?
1633 1844 1766 1876 Christus,

973 1879 1018 1912 qui
1033 1879 1181 1913 susdpieus
1195 1886 1304 1905 carnem
1320 1884 1440 1905 nostrain
1454 1899 1461 1910 ,
1477 1879 1562 1906 factus
1574 1884 1616 1906 est
1631 1881 1768 1913 proximus

974 1913 1068 1944 nobis,
1094 1914 1161 1940 sicut
1177 1914 1202 1940 in
1219 1913 1342 1948 parabola
1367 1913 1409 1940 illa
1423 1913 1546 1941 Christus
1558 1914 1691 1946 ostendit.
1706 1923 1767 1943 cum

974 1948 1279 1986 iiiterrogatfharisaaus
1290 1957 1296 1986 ς
1306 1948 1339 1975 Et
1350 1949 1406 1986 quis
1419 1954 1454 1976 est
1467 1957 1536 1986 meus
1548 1950 1676 1984 proximus
1689 1949 1766 1986 (Luc.

975 1984 1018 2011 I0.
1037 1983 1104 2018 29)?
1124 1983 1270 2011 lntroducit
1290 1984 1424 2011 hominem
1442 1985 1611 2012 vulneratum
1627 1993 1641 2011 ιι
1657 1983 1768 2015 lati-oni-

974 2019 1039 2052 bus,
1053 2024 1077 2046 et
1092 2027 1107 2046 a
1120 2019 1306 2046 sacerdotibus
1319 2019 1490 2053 despectum,
1505 2027 1519 2045 ιι
1534 2019 1708 2048 Samaritanis
1722 2030 1769 2050 au.

975 2060 1029 2082 tein
1044 2059 1179 2088 receptum
1192 2075 1200 2088 ,
1215 2054 1260 2089 qui
1276 2059 1317 2081 est
1331 2055 1387 2089 ipse
1406 2054 1541 2081 Christus.
1558 2054 1630 2089 Ergo
1651 2057 1768 2089 primum

974 2091 1128 2117 mandatum
1141 2094 1182 2116 est
1198 2097 1322 2124 magnum
1334 2110 1341 2121 ,
1367 2089 1449 2116 Deum
1464 2089 1568 2125 Patrem
1583 2090 1693 2125 diligere
1705 2099 1712 2117 :
1726 2098 1769 2118 se.

975 2125 1090 2152 cundum
1105 2128 1194 2152 autem
1209 2129 1236 2152 et
1247 2125 1335 2151 simile
1357 2129 1396 2151 est
1407 2145 1414 2157 ,
1431 2124 1476 2151 Dei
1490 2124 1585 2152 Filium
1601 2126 1723 2160 diiigcre,
1740 2127 1767 2155 id

975 2165 1016 2188 est
1026 2180 1033 2191 .
1052 2167 1216 2194 cognoscere
1229 2168 1235 2186 :
1250 2167 1314 2194 ergo
1329 2160 1411 2186 Filius
1428 2160 1474 2187 Dei
1489 2167 1600 2194 magnus
1614 2167 1654 2187 est
1668 2182 1675 2192 ,
1699 2163 1768 2190 sicut

976 2195 1065 2222 Pater.
1080 2196 1209 2229 Quicquid
1229 2195 1301 2223 enim
1322 2195 1400 2222 Pater
1412 2200 1518 2230 potest,
1535 2201 1561 2222 et
1575 2195 1656 2222 Filius
1669 2201 1766 2230 potest.

977 2230 1055 2268 Peter
1066 2231 1231 2268 eitiiurdiligit
1245 2230 1354 2268 Filium,
1371 2236 1393 2257 et
1404 2230 1490 2268 omnia
1496 2231 1569 2268 dedit
1582 2231 1608 2268 iit
1623 2239 1699 2268 manu
1714 2233 1769 2268 ejus

976 2265 1065 2301 (.loau.
1080 2267 1107 2293 ὅ.
1123 2267 1179 2301 5’5).
1199 2266 1252 2293 Sed
1273 2266 1333 2301 quia
1357 2267 1444 2292 oniuia
1462 2266 1561 2298 Filius,
1576 2265 1657 2293 dante
1672 2265 1766 2300 Patre,

977 2306 1074 2336 potest.
1098 2302 1163 2328 sicut
1187 2301 1279 2334 Pater,
1296 2301 1354 2333 ideo
1370 2301 1449 2328 Pater
1464 2308 1573 2336 magnus
1590 2301 1659 2328 Deus
1672 2306 1698 2328 et
1713 2304 1767 2336 pri~

977 2345 1045 2364 tittis.
1061 2337 1144 2364 Filius
1157 2343 1244 2363 autem
1261 2344 1372 2371 magnus
1393 2336 1460 2362 Deus
1473 2337 1595 2371 quidem,
1610 2344 1661 2364 ιιοιι
1678 2342 1768 2367 tamen

977 2372 1094 2407 primus,
1107 2373 1183 2399 sicut
1203 2372 1239 2398 ait
1255 2372 1398 2406 Apostolus
1414 2380 1420 2398 :
1436 2371 1768 2407 Exspectmileswadventum

977 2406 1062 2442 magni
1078 2407 1134 2440 Dei,
1149 2413 1172 2434 et
1186 2407 1326 2434 Saluatoris
1338 2408 1415 2433 uestri
1425 2406 1486 2433 Iesu
1497 2406 1590 2432 (ἱΙιι-ἱιειῑ
1600 2406 1662 2442 (Tii.
1672 2408 1698 2434 2.
1710 2409 1764 2437 15).

977 2442 1012 2470 Ut
1022 2449 1109 2475 autem
1121 2443 1276 2477 simpliciter
1287 2443 1472 2476 intelligamus,
1487 2442 1634 2476 proximum
1646 2448 1766 2470 nostr-ini

977 2485 1084 2505 omnem
1099 2477 1234 2505 hominem
1248 2485 1308 2505 esse
1320 2478 1436 2510 lideieni,
1449 2485 1492 2512 qui
1505 2477 1639 2504 hominem
1652 2478 1724 2504 aiunt
1739 2480 1767 2504 ti.

978 2514 1065 2540 dcicm
1075 2533 1082 2546 ,
1099 2513 1185 2540 simile
1197 2518 1238 2540 est
1252 2513 1321 2539 sicut
1342 2513 1387 2546 qtii
1405 2517 1477 2538 amat
1493 2513 1575 2539 Deum
1585 2533 1591 2544 ,
1605 2513 1667 2547 quia
1682 2514 1768 2547 imago

978 2548 1024 2575 Dei
1040 2552 1082 2575 est
1103 2548 1193 2575 homo.
1209 2549 1283 2576 Sicut
1301 2549 1326 2574 in
1348 2548 1463 2582 imagine
1477 2554 1523 2574 sua
1538 2555 1582 2574 rex
1602 2549 1748 2575 honoratur
1759 2568 1768 2581 ,

978 2584 1019 2611 vel
1035 2584 1225 2616 contemnitur,
1240 2584 1279 2611 sic
1291 2587 1317 2610 et
1332 2583 1402 2610 Deus
1415 2583 1440 2609 in
1458 2583 1564 2609 homine
1579 2584 1617 2609 vel
1632 2583 1765 2618 diligitur,

977 2622 1020 2648 vel
1042 2620 1142 2648 oditur.
1166 2620 1224 2647 Non
1240 2624 1330 2656 potest
1351 2620 1488 2647 hominem
1513 2620 1598 2653 odire,
1616 2621 1662 2656 qui
1684 2620 1768 2656 Deum

978 2659 1048 2684 autat
1068 2665 1074 2682 :
1097 2662 1148 2682 nec
1169 2659 1258 2689 potest
1271 2654 1355 2681 Deum
1370 2662 1471 2690 amare,
1487 2655 1532 2690 qui
1547 2654 1682 2682 hominem
1699 2655 1766 2686 odit,

979 2693 1051 2719 sicut
1064 2690 1101 2717 ait
1111 2689 1230 2718 Joannes
1242 2690 1380 2725 apostolus
1394 2699 1400 2717 :
1417 2689 1468 2722 Qui
1484 2691 1545 2716 dicit
1564 2699 1592 2716 se
1610 2690 1693 2716 Deum
1707 2689 1769 2716 dili-

978 2735 1048 2762 gere.
1059 2726 1168 2760 fratrem
1179 2730 1266 2762 autem
1279 2725 1582 2762 nontiiligit,_menlitur.
1596 2725 1626 2752 Si
1635 2725 1771 2762 enimfra-

980 2759 1145 2795 irem,quem
1160 2760 1240 2787 viden.
1253 2768 1304 2786 non
1315 2760 1421 2795 diligas,
1436 2760 1527 2790 Deum.
1540 2767 1615 2794 quem
1626 2767 1680 2795 non,
1687 2759 1769 2795 vides,

979 2794 1108 2831 quomodo
1116 2800 1188 2829 poles
1200 2795 1311 2830 diligere
1319 2796 1341 2829 (l
1349 2817 1355 2822 .
1366 2794 1443 2822 παπ.
1456 2796 1482 2822 ιι.
1493 2794 1710 2831 ‘20)?Quisciiim
1722 2794 1769 2831 ho-

980 2828 1060 2870 norat
1077 2828 1187 2870 περιῇ,-
1199 2834 1227 2857 et
1241 2828 1391 2857 contemnit
1405 2831 1548 2864 imaginem
1561 2830 1619 2870 ejus
1628 2828 1640 2868 ξ
1650 2828 1768 2870 autquis

981 2866 1097 2893 honorat
1109 2862 1264 2900 imaginem,
1278 2870 1306 2892 et
1316 2862 1614 2900 atietorem‘coniemiiii
1630 2862 1768 2900 imaginis?

981 2901 1035 2928 Aut
1050 2901 1085 2928 ita
1106 2910 1112 2928 :
1126 2897 1259 2934 Quoniam
1276 2900 1403 2928 Pharisaei
1419 2900 1527 2933 quidem
1550 2897 1767 2934 sciebant,rquod
