2021 3128
145 197 195 224 1113

146 259 226 284 hieme
241 262 283 284 aut
308 257 410 283 sabbato
429 258 472 292 ﬁat
488 265 496 284 :
516 266 585 285 nunc
599 260 708 293 exponit
725 266 818 293 quare,
838 258 862 285 id
879 265 928 292 est,

146 293 206 326 quia
225 292 280 319 Erit
294 293 421 319 tribulatio
440 301 541 327 magna.
561 292 651 327 Usque
665 294 697 320 ad
712 292 845 321 Christum
860 295 930 321 enim

146 328 230 355 .Ittda-i
246 329 295 355 etsi
310 333 465 364 peccatores
479 328 595 362 l'uernnt,
612 334 699 356 tamen
716 330 760 356 lilii
774 335 866 362 erant,
879 338 931 356 non

146 364 236 391 hostes
252 372 259 390 :
275 369 301 391 et
324 364 384 399 ideo
404 364 490 391 omnis
506 365 542 391 ira
558 372 618 399 qua:
633 365 756 392 veniebat
777 372 859 399 super
873 372 930 393 eos.

143 399 282 433 castigatio
294 404 351 425 erat
361 398 395 426 de
409 398 591 427 misericordia
608 400 727 430 veniens,
738 408 789 426 non
799 398 929 426 condem-

144 434 217 460 natio
227 434 260 461 de
274 435 310 460 ira
328 434 493 461 descendens
505 443 511 466 ;
527 435 655 462 cruciﬁxo
665 440 752 461 autem
770 436 880 461 Domino
889 434 931 461 de-

143 470 244 496 sierunt
258 477 317 496 esse
331 470 375 496 lilii
389 490 396 500 ,
414 475 440 496 et
453 475 515 496 sunt
527 470 588 498 facti
610 470 709 497 hostes.
724 471 865 505 Propterea
875 471 929 504 jam

144 513 196 531 nott
217 505 354 539 castigatio
369 505 439 530 venit
452 506 597 540 corrigens,
612 505 657 532 sed
672 506 857 532 condemnatio
871 514 930 532 era-

144 540 247 567 dicans.
263 540 345 574 Capta
358 540 478 567 estenim
491 540 637 567 Jerusalem
653 541 687 567 ab
700 541 826 575 Assyriis,
839 546 865 567 et
879 541 929 566 ite-

143 583 201 602 rum
227 581 347 609 reparata
363 579 414 602 est.
435 576 570 602 liestrueta
584 580 625 602 est
636 576 669 602 ab
683 576 823 606 Antiocho,
842 581 869 602 et
882 577 928 602 ite-

144 619 203 637 111111
219 610 376 637 reaultﬁcata
391 616 441 638 est.
458 611 548 638 Iuvasa
565 616 606 638 cst
619 612 696 637 tertio
709 620 722 636 a
744 612 886 644 Pompeio,
902 616 929 637 et

143 647 238 673 iterum
263 651 383 680 reparata
406 651 456 673 est.
482 646 555 673 Sicut
579 646 648 673 enini
667 647 756 678 homo,
773 647 924 680 priusquam

142 681 201 708 dies
215 682 307 707 tnortis
328 681 384 715 t-jus
399 682 522 708 adveniat
533 701 540 712 .
561 681 686 715 languere
699 682 804 716 quidem
820 687 904 714 potest
918 702 925 713 ,

142 717 209 744 mori
224 720 311 743 autem
328 724 380 742 nun
395 720 482 750 potest
496 725 503 743 :
520 717 558 743 sic
571 722 598 743 et
609 717 698 744 Jttdzea
712 721 774 744 ante
794 717 926 743 Christum

143 757 235 778 vexata
247 756 288 779 est
301 751 418 786 quidem,
434 752 534 786 perdita
549 757 636 779 autem
649 761 701 779 non
717 756 767 779 est.
783 752 925 786 Postquam

141 795 206 814 vero
228 787 389 813 horrctultttn
414 787 578 821 patricidium
601 788 801 819 connuiserunt,
817 788 926 814 cruciﬁ-

139 827 232 856 geutes
249 823 292 849 lilii
309 828 419 855 patrem,
432 827 543 849 mortem
557 822 709 853 inferentes.
723 830 738 849 a
753 830 805 856 quo
817 830 925 855 accepe-

141 863 203 884 runt
217 857 297 884 \‘itatn
311 866 317 884 :
334 862 360 884 ct
372 857 441 892 quod
457 857 541 892 ntajtts
556 863 605 889 est,
620 858 772 885 occidentes
785 859 853 885 servi
870 858 922 884 Do-

141 894 252 926 minum,
268 892 391 919 homines
406 893 486 919 lienm
500 914 507 924 ,
524 894 566 918 tah
580 900 627 920 eos
648 894 722 927 plaga
738 894 884 927 percussit,
898 897 925 918 ttt

139 936 281 963 numquam
294 933 429 955 sant-titur.
444 928 516 955 Sieut
537 929 571 955 illi
587 929 638 955 tale
660 928 759 955 facinus
782 928 924 955 commise-

139 970 212 995 runt,
224 965 300 997 qttale
315 971 456 998 numquam
470 965 641 990 eounnissom
656 968 697 990 est
710 985 717 997 ,
737 966 785 990 tice
796 969 836 990 est
848 971 924 990 com-

139 998 296 1025 mittendum
316 1008 321 1025 :
337 999 375 1024 sic
397 1003 424 1025 et
436 1006 516 1032 super
531 999 590 1025 illos
607 1000 666 1025 talis
688 999 819 1025 sententia
842 999 922 1030 venit,

137 1035 223 1068 qualis
237 1041 381 1068 numquam
397 1034 478 1064 venit.
489 1041 537 1061 nec
551 1035 647 1060 veniet.
664 1034 725 1061 llzec
739 1035 825 1067 aptitts
837 1039 878 1061 est
891 1034 924 1060 de

137 1070 366 1096 consummatione
393 1070 483 1096 tnttntli
505 1070 657 1102 suscipere,
673 1070 748 1102 cujus
773 1070 855 1104 ﬁgura
876 1069 924 1096 fuit

138 1105 273 1131 tribulatio
293 1105 348 1132 illa.
372 1104 446 1131 Tune
466 1112 528 1131 vere
544 1105 604 1130 talis
617 1106 669 1132 erit
682 1105 825 1135 tribulatio,
839 1105 923 1138 qualis

137 1148 281 1175 numquam
297 1139 355 1167 fuit.
368 1138 443 1167 Tunc
456 1140 544 1167 dicent
560 1140 690 1173 homines,
704 1141 811 1174 Aperiat
823 1148 852 1167 se
867 1146 922 1166 ter-

137 1183 177 1205 ra,
189 1180 216 1203 et
231 1176 323 1210 glutiat
335 1183 395 1201 nos.
410 1175 499 1209 Usque
514 1181 576 1201 tunc
591 1183 660 1202 enim
675 1177 761 1202 omnis
772 1176 809 1202 ira
823 1183 883 1210 quin
894 1176 923 1202 lit

136 1218 150 1236 a
167 1211 230 1242 Deo,
243 1211 302 1237 ideo
314 1212 351 1242 lit,
369 1215 396 1237 ut
410 1210 500 1237 ﬁdeles
513 1211 619 1246 quidem
633 1215 725 1244 tentet,
739 1211 859 1237 inﬁdeles
872 1218 922 1237 au-

136 1251 189 1272 tetn
204 1247 327 1273 emendet
339 1255 345 1272 :
356 1253 416 1272 cum
428 1251 515 1273 autem
532 1247 710 1272 Antichristus
723 1247 825 1273 venerit
836 1267 843 1277 ,
861 1246 922 1273 talis

135 1282 223 1308 veniet
238 1282 274 1307 ira
287 1301 295 1313 ,
309 1286 336 1307 ttt
347 1286 374 1308 et
390 1281 509 1308 inﬁdeles
523 1282 632 1308 omnino
647 1287 770 1315 pereant,
784 1285 811 1308 et
830 1281 921 1308 ﬁdeles

135 1317 239 1350 plenius
253 1321 424 1344 coronentur.
445 1317 511 1342 Cum
524 1318 593 1343 enim
608 1317 681 1343 tnttlti
694 1317 919 1349 Christianorum,

134 1353 274 1379 credentes
284 1353 462 1382 Atttichristo,
478 1353 581 1386 signum
596 1353 710 1378 nominis
724 1353 782 1386 ejus
798 1353 823 1378 in
840 1361 918 1378 tnatttt

135 1387 291 1418 dvxtera,et
304 1388 328 1414 in
342 1388 427 1414 fronte
440 1387 604 1421 susceperint
620 1397 626 1414 :
639 1392 700 1414 tunc
714 1388 822 1414 exibunt
835 1388 918 1422 angeli

132 1431 194 1449 1ι111η
219 1423 302 1457 igneis
316 1423 437 1450 curribus
452 1423 569 1449 volantes
586 1431 631 1456 per
644 1431 703 1449 aera
724 1433 730 1449 :
754 1428 780 1449 et
795 1424 919 1450 invisihtli

133 1466 213 1484 manu
227 1459 370 1492 signabuttt
381 1465 474 1485 omnes
493 1458 595 1489 ﬁdeles,
619 1458 645 1484 in
662 1459 756 1492 quibus
770 1463 859 1484 tamen
875 1459 917 1484 in-

134 1498 240 1520 ventum
264 1501 316 1520 non
337 1493 414 1520 fuerit
438 1494 540 1528 signum
566 1494 731 1520 Antichristi.
753 1494 792 1520 Ex
806 1493 851 1519 illo
863 1493 918 1527 jam

134 1530 228 1564 plagte,
241 1536 301 1564 qua:
315 1536 432 1556 ventura:
444 1533 505 1555 sunt
524 1536 604 1562 super
618 1534 725 1561 terram,
742 1529 767 1555 in
783 1528 878 1562 quibus
892 1533 919 1554 ct

133 1564 265 1591 ﬁniendus
285 1569 326 1591 est
349 1564 473 1593 mundus.
489 1565 542 1598 jam
563 1571 614 1590 non
633 1568 740 1599 tangent
753 1564 856 1596 ﬁdeles,
872 1564 916 1598 qui

132 1600 228 1634 signati
255 1604 316 1627 sunt
328 1620 335 1631 ,
350 1600 396 1626 sed
423 1599 483 1626 illos
498 1599 647 1633 percutiant
657 1618 666 1630 ,
693 1607 773 1632 super
785 1605 853 1633 quos
864 1601 918 1625 Au-

132 1634 245 1662 ticbrisli
255 1635 390 1662 inventum
406 1634 484 1662 fuerit
498 1634 614 1669 signum.
633 1634 769 1661 Eritenim
782 1634 918 1661 tribulatio

132 1678 238 1705 magna,
251 1671 336 1705 qualis
347 1678 488 1705 tunnqttam
503 1670 562 1696 fuit.
572 1669 665 1696 Nonne
679 1669 762 1704 major
773 1670 820 1696 fuit
832 1670 916 1696 tribu-

132 1706 196 1733 latio
218 1707 244 1734 iu
259 1706 359 1733 diluvio
372 1726 378 1737 ,
393 1705 498 1740 quando
516 1705 550 1732 ab
567 1705 638 1731 omni
652 1710 772 1732 creatura
794 1705 858 1732 nihil
872 1713 914 1730 re-

132 1743 238 1772 mansit.
256 1742 305 1768 nisi
321 1745 394 1768 soLus
415 1740 471 1767 Noe
495 1748 556 1767 cum
571 1740 670 1767 familia
685 1748 732 1767 sua
754 1740 839 1776 (Gen.
860 1740 916 1775 7)?

132 1777 180 1804 llic
193 1782 280 1804 autem
296 1778 346 1804 etsi
370 1777 444 1803 mulli
459 1776 631 1806 occiduntur.
653 1780 741 1802 tamen
762 1776 835 1802 mttlti
855 1783 916 1802 eva-

129 1813 204 1838 dent.
219 1812 270 1839 Sed
287 1813 312 1838 in
327 1813 377 1838 hoc
394 1812 468 1846 pejor
481 1811 532 1838 erit
553 1811 687 1838 tribulatio
704 1812 750 1837 ista
765 1831 772 1842 ,
786 1811 848 1845 quia
862 1811 917 1838 ilhc

130 1848 279 1880 corporalis
301 1847 346 1874 l'nil
363 1847 493 1882 perditio,
510 1847 553 1873 hic
572 1851 661 1874 autem
677 1847 832 1880 spirttttalts.
851 1846 916 1882 Quis

131 1888 220 1908 autem
233 1882 287 1909 illic
299 1881 437 1909 tormentis
452 1882 575 1909 astrictus
585 1886 637 1915 est,
651 1883 710 1916 quia
724 1882 805 1908 coluit
820 1881 916 1907 Deum?

130 1918 182 1944 Sed
199 1924 214 1944 e
229 1919 363 1944 contrario
379 1918 462 1952 puniti
486 1922 567 1949 sunt,
588 1918 647 1951 quia
669 1917 810 1944 noluerunt
828 1917 915 1944 colere

131 1953 224 1980 Deum.
241 1953 288 1980 Hic
300 1959 388 1980 autem
406 1953 544 1979 tormentis
563 1952 694 1979 al'ﬁciendi
710 1957 788 1984 sunt,
803 1953 847 1986 qui
861 1961 913 1979 tton

130 1993 271 2015 transeunt
290 1989 321 2013 ad
337 1988 490 2020 diabolum,
514 1988 696 2022 relinquentes
716 1988 806 2014 Deum.
823 1987 915 2014 Nonne

130 2023 214 2059 major
230 2024 274 2050 iuit
290 2024 424 2050 tribulatio
436 2024 460 2050 in
473 2023 607 2059 Sodomis,
621 2023 768 2059 111111111111111
782 2023 867 2049 θ111μ11
880 2024 914 2049 ab

131 2060 203 2094 igne.
220 2059 268 2086 nisi
283 2060 355 2086 solus
372 2060 441 2092 l.ot(
457 2058 519 2086 Gen.
541 2059 574 2085 19
585 2058 613 2093 )‘t
627 2058 677 2094 Sed
693 2059 746 2085 illic
760 2058 808 2084 l'ttit
819 2058 914 2085 adver-

130 2102 174 2121 sus
189 2094 422 2128 peccatoresjttsta
439 2095 484 2121 Dei
499 2094 625 2125 vindicta,
642 2093 684 2120 hic
694 2099 782 2119 autem
796 2095 847 2120 erit
861 2094 910 2119 ad.

130 2138 222 2157 versus
239 2134 345 2157 sanctos
359 2129 474 2157 crudelis
488 2129 583 2156 tlittboli
596 2129 728 2156 violentia.
738 2129 843 2162 Quanto
851 2137 915 2163 ergo

131 2166 272 2199 pretiosior
292 2165 391 2197 anima,
412 2173 490 2199 quatit
512 2172 609 2198 corpus
629 2173 635 2190 :
653 2170 725 2191 tanto
741 2165 915 2190 tuiseraoilior

131 2201 247 2234 perditio
262 2201 410 2227 animarum
423 2221 430 2233 ,
447 2208 524 2234 quam
550 2207 704 2234 corporum.
729 2199 785 2227 Illic
805 2200 914 2232 perditis

129 2237 228 2271 iniquis
240 2257 247 2268 ,
264 2240 404 2263 evaserunt
415 2236 478 2270 justi
498 2244 505 2262 :
531 2234 680 2271 hiciautem
697 2235 795 2268 punitis
809 2240 856 2271 aut
872 2236 913 2261 1⁸11-

129 2269 295 2306 gzttisjttslis,
307 2271 388 2305 iniqui
402 2269 623 2306 gautlehuntﬁed
638 2275 664 2296 ct
679 2271 700 2296 si
713 2271 756 2306 qui
771 2269 913 2304 prudentes

130 2305 212 2339 sunt,
225 2315 285 2334 cum
299 2305 471 2333 considerant
487 2314 538 2332 non
553 2305 719 2340 COl'ptil‘ult‘lll
735 2305 912 2339 ltujusmuntli

129 2342 289 2376 stattttn,qui
305 2343 391 2368 adhuc
404 2342 600 2375 quodammodo
615 2346 686 2367 stare
695 2341 807 2376 videtur,
818 2347 913 2374 quant-

130 2378 170 2403 \'is
186 2383 212 2404 et
238 2375 294 2411 ipse
320 2378 355 2403 sit
383 2378 530 2403 Inittttt'ultts‘
545 2397 552 2407 ,
570 2376 617 2403 sed
640 2375 806 2410 spiritualem
832 2377 913 2401 totius

129 2412 338 2440 Christianitatis
362 2416 460 2438 statum
482 2413 661 2438 subversum:
680 2411 831 2446 intelligunt
850 2419 912 2446 quia

131 2455 275 2482 numquam
289 2448 349 2475 talis
364 2447 413 2473 fuit
424 2447 558 2474 tribulatio
571 2446 716 2481 spiritualis
728 2466 736 2477 ,
747 2445 833 2482 qualis
845 2445 911 2472 iacta

130 2486 173 2509 est
185 2480 256 2510 nunc
268 2491 301 2510 ex
317 2487 436 2516 tempore
459 2480 592 2508 hmresttm
612 2480 838 2515 corrumpentium
855 2481 912 2508 uni-

132 2525 218 2544 versa.
234 2518 384 2550 Perierunt,
400 2518 469 2544 sicut
483 2517 598 2543 diximus
611 2537 617 2547 ,
634 2525 726 2543 moues
748 2517 774 2543 111
790 2516 890 2543 diluvio
902 2537 910 2548 ,

131 2553 179 2579 sed
204 2553 378 2588 corporaliter
400 2553 545 2588 perierunt.
564 2553 702 2588 Perierunt
718 2559 816 2588 omnes
833 2553 913 2586 spiri-

131 2589 237 2616 tttaliter
255 2587 324 2615 ante
353 2587 486 2615 Christum
500 2607 507 2619 ,
523 2592 620 2622 praeter
636 2587 757 2619 Jttdaeos,
771 2587 818 2613 sed
841 2589 913 2621 igno-

132 2625 216 2651 rantia
251 2625 386 2658 perierunt.
411 2633 417 2647 τ
446 2631 515 2649 nttoc
534 2629 621 2650 autem
644 2623 669 2649 in
690 2623 798 2649 scientia
827 2623 912 2657 perie-

130 2664 203 2692 runt,
219 2664 245 2685 ct
267 2664 388 2693 pereunt.
406 2658 516 2685 Multum
539 2659 608 2684 enim
630 2658 739 2684 interest
757 2658 828 2684 inter
843 2658 911 2689 illos,

128 2696 173 2729 qtti
189 2696 214 2721 iu
228 2695 374 2729 ignorantia
389 2699 461 2724 sunt,
474 2698 502 2720 et
516 2694 540 2720 in
560 2693 705 2728 ignorantia
719 2693 854 2726 perierunt
866 2702 872 2719 :
888 2698 914 2720 ct

129 2728 199 2757 inter
212 2728 286 2761 istos,
303 2731 346 2763 qui
364 2730 388 2756 in
403 2731 514 2756 veritate
529 2729 637 2763 quidem
653 2728 705 2754 nati
721 2733 791 2758 sunt,
807 2734 914 2761 propter

129 2765 229 2798 aliquid
244 2770 331 2791 autem
354 2765 488 2791 mundiale
501 2764 614 2790 scientes
628 2763 660 2790 ad
676 2763 812 2789 mendacia
828 2766 914 2789 trans-

131 2802 216 2827 ietqu
227 2820 235 2833 ,
251 2805 278 2826 et
297 2799 431 2834 perierunt
447 2801 472 2826 in
485 2799 535 2829 eis,
551 2804 578 2825 et
589 2802 709 2833 pereunt.
725 2798 845 2834 lllircuim
862 2798 914 2824 for-

129 2836 198 2862 sitan
211 2833 303 2869 aliquo
313 2835 392 2862 modo
407 2835 539 2861 habebunt
551 2834 751 2864 remissionem;
767 2833 810 2859 isti
825 2837 913 2859 autem

131 2872 230 2896 nullam
243 2868 425 2897 retni~sionem
440 2869 583 2901 habebunt,
598 2877 682 2904 neque
695 2870 721 2895 in
735 2869 786 2894 ltoc
804 2868 912 2899 saeculo,

132 2906 252 2939 ncquein
265 2906 352 2931 loturo
364 2914 370 2930 ε
384 2906 506 2938 quoniam
518 2905 567 2938 ipsi
582 2903 698 2938 suntqui
716 2903 915 2939 blasphemare-

132 2938 202 2970 ruut.
222 2945 248 2967 et
260 2939 443 2973 blztSphr-msnt
461 2941 485 2965 in
499 2940 625 2973 Spiritum
646 2944 775 2966 sant-tutu.
791 2938 829 2965 llti
842 2939 913 2966 enim

714 201 745 228 IN
767 200 980 228 Mt'l‘Tll/EUM.
1003 200 1116 228 ilOillh
1140 201 1231 229 XLlX.

1719 207 1773 235 911

984 258 1118 293 indicandi
1133 264 1205 292 sunt,
1225 259 1285 294 quia
1305 259 1444 286 veritati-tn
1467 267 1518 286 non
1539 260 1716 293 quresioront:
1732 264 1775 290 ist‘i

984 299 1072 321 autem
1091 294 1297 326 condemnandi.
1320 296 1380 329 qttia
1405 301 1569 329 spt-eurrtmt.
1587 295 1683 324 Levior
1703 302 1775 325 enim

983 330 1060 363 culpa
1075 334 1115 356 est
1131 331 1270 356 veritatem
1292 337 1344 357 n0n
1359 331 1570 365 apprehendere,
1586 340 1666 365 quam
1681 340 1775 362 mlite.

985 372 1075 391 ltillcl’e
1095 365 1299 399 apprehensam.
1313 366 1357 392 ἐξ.
1376 367 1407 393 Et
1423 366 1471 392 nisi
1491 366 1559 393 Deus
1572 367 1703 395 breviasse!
1721 370 1775 396 diu

982 399 1049 431 illoi,
1066 408 1115 426 non
1128 400 1197 434 ﬁeret
1210 401 1281 427 salvo
1290 401 1371 427 omnis
1381 409 1450 428 caro.
1462 402 1694 431 Abbreviabuntur
1703 404 1774 435 dies,

984 438 1011 461 ut
1025 435 1148 462 atrocitas
1163 435 1362 462 tribulationtnn
1387 437 1501 463 breviata
1524 438 1683 471 compendio
1707 445 1773 468 teut.

983 476 1099 504 peretttr.
1114 470 1250 498 Breviatos
1266 477 1353 498 autem
1364 472 1422 498 dies
1434 470 1614 506 intelligimus.
1628 481 1682 500 non
1696 483 1772 501 meu-

981 512 1054 537 sora.
1075 506 1122 542 sed
1137 513 1257 533 numero.
1273 506 1346 542 Sicut
1366 508 1437 533 enim
1455 507 1644 542 longitudinem
1656 509 1771 539 dierum.

981 547 1058 574 quam
1073 541 1137 567 dicit
1154 542 1296 576 propheta,
1312 541 1418 568 Domum
1436 547 1505 569 tuam
1523 542 1591 569 decet
1610 546 1731 573 sanctitas
1745 546 1772 572 in

981 576 1161 615 [attgitudinem
1171 576 1268 615 dierum
1280 576 1364 615 (Ptol.
1377 577 1420 604 92.
1432 577 1471 611 5),
1486 585 1538 615 non
1550 586 1597 612 per
1605 579 1702 615 (longos
1713 580 1770 606 dtcs

981 611 1162 645 intelligimus,
1190 612 1236 638 sed
1257 612 1352 639 multos
1367 621 1374 640 :
1388 614 1427 640 sic
1449 618 1477 640 et
1499 613 1609 640 breviati
1633 611 1690 642 dies
1717 623 1769 642 non

980 645 1073 681 breves
1087 646 1144 672 dies
1166 651 1227 673 sunt
1240 648 1413 681 intelligendi,
1427 648 1473 674 sed
1490 648 1574 680 pauci.
1591 648 1680 676 Omnis
1699 659 1769 678 caro.

980 680 1145 714 Frequenter
1165 683 1235 708 enim
1258 680 1400 716 Scriptura:
1424 691 1471 717 pro
1491 684 1642 711 hominibus
1664 686 1769 712 animas

980 721 1099 753 ponunt:
1115 718 1184 753 sicut
1207 718 1252 747 ibi,
1266 718 1442 753 (septuaginta
1462 720 1554 746 anime
1572 721 1728 747 intraverunt
1742 722 1768 747 in

978 751 1123 788 {Egyptunt
1143 752 1230 787 (Deut.
1244 752 1285 779 10.
1302 752 1358 787 2'2).
1373 751 1537 788 Frequenter
1552 761 1601 788 pro
1616 755 1767 783 hominibus

977 786 1075 813 dicitur
1087 795 1158 818 caro,
1171 788 1239 814 sicut
1253 789 1298 820 ibi,
1316 786 1461 815 orationem
1478 786 1560 816 meani
1578 791 1684 822 exaudi,
1697 791 1732 818 ad
1745 797 1768 817 ta

977 823 1058 848 omnis
1070 823 1224 860 carouveuiet
1238 822 1323 860 (Paul,
1345 823 1388 851 61.
1404 825 1443 859 2).
1458 824 1568 857 Quando
1585 833 1649 860 ergo
1667 831 1694 853 et
1707 827 1768 855 ani-

977 865 1033 883 tttas
1056 858 1180 894 appellat,
1204 859 1356 892 spirituales
1376 864 1403 886 ct
1423 860 1554 894 perfectos
1576 858 1697 891 homines
1712 862 1767 889 vult

976 893 1117 920 odendere
1133 903 1139 920 :
1153 894 1310 928 ubicumque
1330 893 1429 921 autem?
1440 903 1559 927 carnem.
1580 896 1701 924 carnales
1716 896 1766 923 lto-

977 928 1061 965 tttincs
1083 933 1109 955 et
1134 929 1263 955 inﬁrmos.
1288 929 1357 963 Ergo
1384 930 1508 962 dicendo,
1534 930 1594 958 Non
1607 932 1676 965 ﬁeret
1695 932 1766 958 saltm

975 964 1056 1000 omnis
1066 971 1135 1000 coro,
1148 965 1201 991 vttlt
1218 965 1294 991 nobis
1304 965 1455 997 ostendere,
1468 966 1527 999 quia
1545 973 1596 993 non
1607 964 1696 994 solum
1711 967 1766 1000 spi-

975 998 1083 1034 rituales
1107 999 1228 1026 homines
1254 1005 1280 1026 et
1303 1001 1420 1034 perfecti,
1442 1001 1488 1028 sed
1510 1001 1590 1028 etiant
1618 998 1765 1030 medioeres

975 1032 1096 1071 homines
1119 1039 1147 1061 et
1165 1035 1263 1071 inﬁrmi
1289 1032 1323 1071 de
1347 1036 1392 1063 illo
1413 1037 1624 1070 perseqttntiouis
1645 1038 1765 1071 periculo

974 1075 1035 1095 sunt
1050 1070 1190 1100 liberandi,
1208 1078 1259 1096 non
1274 1070 1371 1098 virtute
1384 1072 1454 1102 ﬁdei.
1476 1076 1521 1098 aut
1543 1070 1762 1106 merito’operutu

974 1110 1092 1134 suorum.
1116 1106 1162 1131 sed
1177 1106 1305 1132 velociter
1324 1107 1496 1133 sulweuieule
1516 1106 1613 1135 Christi
1636 1107 1762 1137 adventu.

972 1138 1030 1165 Non
1057 1141 1127 1166 enini
1153 1146 1261 1175 propter
1286 1148 1440 1174 peccatores
1467 1143 1576 1169 dimittit
1599 1143 1709 1175 diutius,
1734 1148 1763 1170 ut

972 1175 1052 1201 etiam
1071 1176 1149 1202 electi
1169 1177 1360 1210 periclitentur,
1382 1178 1428 1204 sed
1445 1183 1551 1211 propter
1564 1177 1664 1205 electos
1686 1179 1761 1205 festi-

973 1215 1087 1248 naturus
1108 1216 1168 1241 est.
1195 1216 1223 1248 ut
1248 1219 1332 1246 neque
1348 1212 1509 1248 Amediocres
1529 1213 1655 1239 deﬁciant
1676 1222 1681 1238 :
1701 1214 1761 1248 quia

973 1246 1121 1282 promptior
1140 1251 1181 1272 est
1205 1247 1272 1273 Dens
1294 1247 1326 1273 ad
1348 1246 1499 1274 liberandos
1521 1248 1616 1278 bonos,
1634 1246 1717 1282 quam
1729 1249 1760 1275 ad

973 1280 1121 1314 perdendos
1133 1282 1227 1309 malos.
1242 1282 1307 1308 Nam
1319 1287 1345 1308 et
1358 1283 1470 1314 aut-ilex,
1485 1283 1506 1309 si
1523 1280 1656 1310 invenerit
1667 1291 1760 1311 aurum

971 1316 1095 1343 sordibtts
1120 1317 1241 1348 mixtum.
1262 1325 1314 1344 tton
1329 1322 1438 1352 propter
1459 1317 1552 1345 sordes
1566 1318 1646 1344 ctiam
1666 1325 1761 1347 aurum

970 1352 1125 1383 contemnit,
1140 1352 1185 1379 sed
1199 1358 1306 1387 propter
1319 1353 1450 1379 modicum
1461 1360 1554 1379 attrutn
1569 1358 1710 1380 contentus
1719 1359 1762 1382 est

970 1387 1049 1412 etiam
1068 1388 1161 1414 sordes
1175 1388 1305 1422 accipere.
1320 1388 1370 1415 Sed
1384 1393 1411 1414 et
1425 1396 1531 1422 semper
1544 1388 1603 1415 dies
1623 1388 1685 1415 ntali
1699 1396 1760 1416 san-

970 1425 1073 1449 ctorum
1092 1423 1281 1449 abbreviautttr
1309 1423 1346 1449 De
1366 1423 1462 1456 iniquis
1482 1423 1609 1457 scriptum
1623 1427 1685 1450 est:
1708 1423 1759 1450 i’iri

969 1458 1120 1492 sanguinum
1131 1463 1153 1484 et
1163 1457 1244 1485 dolosi
1255 1466 1303 1484 non
1313 1457 1479 1492 dimidiobunt
1487 1458 1540 1484 diu
1550 1466 1609 1485 suos
1621 1457 1757 1492 (Ρςαί.56.

969 1491 1024 1525 21).
1040 1493 1078 1519 De
1088 1493 1270 1528 justisautem
1287 1501 1293 1519 :
1310 1491 1370 1519 Non
1384 1493 1452 1519 dabit
1467 1493 1493 1520 in
1510 1491 1632 1520 cateruam
1646 1494 1754 1528 ﬂuctua-

969 1527 1061 1554 tionem
1071 1528 1142 1562 justo
1154 1526 1233 1563 (Ibid.
1250 1536 1273 1554 υ.
1289 1528 1346 1563 25).
1361 1529 1460 1562 Accipe
1476 1533 1564 1555 autem
1578 1526 1690 1556 mihi-ad
1708 1531 1758 1556 d-i-

969 1568 1123 1598 contentum
1140 1563 1196 1597 ipsa
1210 1567 1328 1597 tempora
1343 1563 1416 1590 anui.
1433 1563 1473 1590 Ah
1485 1564 1645 1598 atquiooctio
1657 1565 1757 1592 vcinali

968 1597 1118 1624 dttodecimi
1134 1600 1233 1625 mensis
1249 1598 1381 1632 incipiunt
1394 1597 1524 1633 paulatim’
1532 1604 1669 1633 tepescere
1681 1608 1758 1626 acres

968 1639 1015 1666 per
1029 1633 1147 1668 singulos
1160 1633 1226 1664 dies.
1243 1641 1326 1668 usque
1339 1633 1373 1660 ad
1395 1641 1512 1661 mensem
1528 1634 1646 1668 tertiutn,
1659 1639 1685 1662 et
1699 1634 1758 1662 dies

968 1668 1024 1695 ﬁeri
1047 1669 1168 1695 noctibus
1191 1669 1341 1703 longiores;
1358 1669 1419 1699 item
1439 1669 1473 1695 ab
1497 1670 1658 1704 mquinoctio
1680 1675 1758 1703 auto-

968 1703 1048 1730 tnnali
1065 1704 1164 1731 mensis
1184 1705 1289 1738 septimi
1313 1704 1443 1738 incipiunt
1458 1703 1583 1739 paulatim
1599 1705 1694 1732 itcrttm
1710 1705 1757 1732 iri-

966 1746 1075 1772 gnsccre.
1095 1747 1172 1766 acres
1191 1747 1239 1774 per
1259 1740 1377 1774 singulos
1389 1739 1457 1771 dies.
1477 1744 1505 1768 et
1519 1745 1610 1767 noctes
1627 1740 1682 1768 ﬁeri
1696 1740 1756 1768 lono

966 1774 1055 1807 giores
1069 1774 1161 1802 diebus
1175 1782 1258 1809 usque
1272 1775 1305 1802 ad
1325 1781 1444 1801 mensem
1462 1782 1571 1807 nonum,
1590 1775 1696 1810 quando
1709 1783 1756 1803 cep

967 1809 1087 1837 lebratur
1111 1809 1211 1837 Christi
1231 1810 1384 1838 natalistet
1405 1810 1444 1837 sic
1465 1809 1635 1837 inveniuntur
1659 1818 1754 1840 novem

965 1845 1072 1879 quidem
1095 1845 1231 1872 mensibus
1248 1853 1325 1872 acres
1346 1844 1453 1879 quidem
1476 1846 1626 1880 temperati,
1652 1850 1679 1873 et
1697 1846 1756 1873 dies

967 1882 1139 1914 prolixiores,
1155 1881 1239 1907 tribus
1253 1886 1342 1907 autem
1367 1881 1502 1907 mensibus
1524 1889 1600 1908 acres
1619 1881 1754 1916 glaciales.

966 1921 992 1942 et
1003 1916 1061 1943 dies
1076 1916 1180 1943 breves.
1207 1916 1286 1943 Vides
1305 1916 1439 1947 quomodo
1461 1916 1532 1945 Deus
1547 1916 1756 1944 misericorditer

966 1951 1139 1986 dispensavit,
1151 1956 1178 1977 tit
1189 1952 1246 1979 dies
1256 1951 1363 1986 quidem
1376 1952 1436 1987 mali
1449 1951 1618 1979 inveniantur
1628 1958 1654 1979 et
1666 1952 1753 1987 pauci,

967 1986 1027 2013 boui
1047 1991 1135 2014 autem
1153 1987 1240 2020 plures
1260 1992 1287 2014 et
1301 1987 1381 2021 longi.
1402 1986 1429 2014 Si
1451 1995 1515 2021 ergo
1538 1992 1635 2014 statum
1660 1986 1752 2014 mundi

967 2022 1056 2057 hujus,
1077 2023 1121 2056 qui
1143 2021 1177 2048 ad
1204 2029 1279 2048 usum
1306 2022 1424 2051 omnium
1448 2021 1584 2048 hominum
1606 2024 1754 2049 communis

967 2057 1089 2087 habetur,
1103 2058 1141 2084 sic
1156 2058 1224 2085 licus
1240 2057 1447 2084 misericorditer
1459 2057 1623 2091 dispensavit
1636 2062 1754 2090 :quanto

966 2094 1049 2127 magis
1062 2097 1159 2119 statum
1175 2093 1235 2118 vita:
1249 2101 1341 2119 eorum
1362 2099 1422 2119 cum
1445 2092 1537 2125 majori
1552 2092 1689 2126 dispensat
1701 2093 1752 2121 mi-

965 2128 1122 2160 sericordia,
1141 2133 1168 2153 ttt
1178 2132 1206 2154 et.
1221 2128 1341 2154 voluntas
1354 2135 1445 2154 eorutn
1460 2127 1485 2154 itt
1501 2127 1577 2153 malis
1588 2132 1686 2154 tentata
1699 2127 1753 2154 cla-

966 2167 1062 2196 rescat,
1078 2167 1105 2190 et
1119 2163 1202 2189 virtus
1218 2162 1360 2189 voluntatis
1374 2170 1465 2190 eortttn
1482 2163 1608 2189 velociter
1622 2164 1676 2188 lieo
1690 2163 1752 2189 Stili-

965 2199 1089 2226 vcnieute
1104 2206 1154 2224 non
1172 2199 1291 2233 (patiatur
1305 2197 1501 2224 del'ectiottettt‘!
1516 2197 1668 2233 Secundum
1681 2199 1751 2233 quod

965 2241 992 2260 ct
1004 2234 1146 2267 Apostolus
1162 2232 1227 2259 dicit
1238 2241 1244 2258 :
1255 2233 1371 2260 Tetttutio
1385 2241 1427 2259 vos
1442 2242 1491 2259 non
1506 2232 1687 2267 apprehendat,
1703 2233 1754 2259 nisi

965 2271 1085 2296 lututttmt.
1112 2267 1208 2295 Fitlettt
1228 2274 1310 2295 autent
1335 2267 1416 2300 Dens,
1439 2269 1481 2302 qui
1507 2277 1556 2296 non
1579 2269 1687 2302 patietur
1710 2276 1752 2294 11111

965 2304 1054 2331 tentari
1084 2312 1162 2337 supra
1186 2303 1213 2329 id
1237 2303 1303 2338 quod
1326 2305 1427 2336 potestis
1453 2305 1592 2333 ειιειῑηενρ,
1613 2303 1656 2329 sed
1678 2304 1752 2336 faciet

964 2348 1020 2366 runt
1044 2340 1178 2365 tralatione
1199 2339 1273 2364 etiam
1301 2344 1457 2373 prouentum,
1479 2345 1506 2365 ut
1529 2339 1628 2372 possitis
1650 2339 1750 2364 evadet-1

965 2376 1001 2408 (1.
1024 2375 1082 2401 Cor.
1100 2374 1141 2401 10.
1164 2373 1216 2409 15).
1233 2374 1277 2400 '25.
1293 2373 1362 2400 Tum:
1374 2375 1395 2400 si
1407 2375 1461 2408 quis
1474 2374 1541 2400 vobis
1562 2374 1663 2404 dixerit,
1688 2373 1751 2399 [ἐστι

964 2412 1004 2436 hic
1018 2415 1054 2436 est
1070 2410 1193 2441 Christus,
1210 2418 1264 2435 ιιιτειι
1277 2409 1340 2440 illic,
1360 2409 1437 2436 nolite
1451 2410 1559 2436 tradere.
1578 2411 1633 2442 Qua
1650 2410 1751 2436 ration.-

964 2453 1043 2480 supra
1060 2445 1177 2480 quidem,
1203 2445 1353 2478 priusquam
1371 2444 1627 2480 deab0tnittatiotte
1646 2443 1752 2480 desola-

965 2478 1044 2507 tionis
1056 2478 1212 2513 exponeret,
1226 2480 1263 2505 sic
1274 2480 1355 2505 dicit:
1371 2478 1458 2506 Videte
1472 2479 1565 2513 nequis
1575 2487 1617 2505 vos
1630 2479 1750 2507 seducut:

965 2516 1037 2542 inulti
1047 2516 1111 2542 enim
1122 2515 1216 2542 venient
1228 2516 1253 2540 itt
1265 2516 1363 2540 nomine
1372 2523 1425 2540 meo
1433 2515 1550 2544 dicentes,
1560 2515 1619 2546 quia
1630 2514 1684 2549 Ego
1696 2523 1751 2541 sum

964 2551 1079 2578 Christus
1090 2549 1196 2585 (Matth.
1204 2550 1221 2576 Ξ
1230 2562 1247 2576 1.
1255 2551 1281 2576 4.
1292 2551 1319 2584 ii)
1330 2559 1336 2581 ς
1348 2550 1388 2576 hic
1398 2554 1499 2581 autem,
1511 2554 1649 2583 postquam
1660 2550 1693 2576 de
1703 2551 1751 2576 ab-

931 2592 936 2599 "
964 2587 1127 2613 omiuationc
1139 2585 1311 2613 desolationis
1329 2589 1427 2611 statura
1443 2585 1468 2611 io
1482 2585 1540 2611 loco
1555 2586 1752 2620 sanetqioqun-

966 2628 1008 2649 Ius
1019 2627 1069 2653 est,
1086 2622 1121 2648 ita
1138 2620 1202 2647 dicit
1216 2629 1221 2646 :
1237 2620 1309 2647 Tum:
1323 2620 1345 2646 ii
1359 2621 1413 2654 quis
1427 2620 1494 2646 vobis
1511 2620 1612 2653 dixerit,
1630 2619 1700 2648 Ecce
1710 2621 1751 2646 hic

965 2663 1001 2684 est
1022 2657 1148 2689 Christus,
1168 2664 1224 2682 ecce
1238 2655 1301 2687 illic,
1325 2656 1401 2681 nolite
1417 2654 1528 2682 credere.
1552 2655 1578 2682 Si
1601 2663 1703 2682 memor
1720 2663 1750 2682 es

965 2693 1026 2726 quia
1046 2691 1268 2719 abominationetn
1282 2690 1453 2717 desolatiottis
1473 2690 1637 2726 interpretati
1659 2697 1750 2716 sumus

965 2725 1092 2754 staturam
1118 2727 1216 2753 inloco
1237 2732 1329 2752 saneto
1354 2729 1421 2753 hanc
1435 2725 1542 2760 impiam
1564 2726 1685 2752 int-resin)
1706 2731 1750 2751 oo-

965 2768 1119 2796 cupaturam
1148 2762 1202 2787 loca
1226 2760 1449 2790 Christianorum,
1472 2760 1597 2796 intelligis
1625 2760 1749 2793 quoniam

966 2798 1101 2831 clt-ganlt-r
1111 2801 1152 2823 est
1163 2797 1270 2823 dictum.
1287 2797 1337 2823 Per
1350 2799 1417 2823 hanc
1427 2797 1498 2824 enim
1509 2795 1674 2831 signiﬁcabat
1684 2802 1750 2831 quo-

967 2829 1045 2860 modo
1066 2837 1092 2859 et
1109 2834 1260 2866 priusquam
1282 2833 1391 2859 haeresis
1410 2832 1459 2858 ista
1473 2829 1677 2858 abominationis
1692 2829 1750 2857 Inoa

966 2873 1059 2895 saneta
1071 2865 1212 2899 obtineret,
1233 2872 1259 2893 et
1276 2869 1427 2902 priusquam
1441 2866 1604 2892 diversarum
1619 2865 1749 2902 ha'resmu

966 2906 1190 2930 constttucrenutr
1213 2900 1481 2933 Ecclesiar,'st~tlttctio
1500 2900 1674 2933 quorumdam
1694 2907 1750 2928 erat

965 2940 1052 2966 futura
1069 2947 1076 2965 :
1093 2938 1160 2965 sicut
1173 2942 1200 2964 et
1215 2939 1311 2964 laetum
1323 2943 1371 2963 est.
1386 2937 1418 2964 Et
1431 2939 1568 2971 postquam
1581 2934 1752 2965 obtinuisset,
