2065 3128
145 178 192 206 ειη
723 172 756 200 ΙΝ
775 171 944 201 ΜΑΤΤΗᾹΞ(

1013 173 1129 201 HOMIL.
1150 173 1242 203 XLlX.

145 235 211 263 locis
228 230 386 268 quihusdam
409 230 610 268 secretioribus,
627 229 682 258 Deo
695 236 742 257 eos
756 229 935 268 abscondente

147 265 330 306 potius'quam
350 267 411 306 loco
421 287 429 299 ,
439 266 518 306 lsicut
540 266 667 306 scriptum
683 269 724 306 est
734 273 740 292 :
752 265 893 306 ᾼΙιεεοηξέβιι
906 265 938 306 in

148 300 292 332 ξιιησοηάῖιο
313 303 395 328 uultus
409 302 446 328 tui
464 310 480 327 a
492 302 680 328 conturbatioue
693 301 831 327 hominum.
847 300 938 326 Prote-

147 350 189 376 (κε
203 339 286 376 ρρσηὶιι
303 338 463 376 tabernaculo
483 342 539 369 tuo,
553 345 569 363 ιι
583 336 938 376 contradictione_linguarum

148 371 234 410 (Pard.
249 374 291 401 50.
305 374 362 406 2t).
379 373 529 400 Praemonet
550 379 614 410 ergo
636 376 701 410 _eos',
723 379 757 410 ne
781 371 851 398 forte
876 375 939 397 tunc

148 407 239 437 audito
253 410 352 436 Christi
367 409 493 439 adventu,
508 415 556 442 per
570 407 692 434 homines
706 407 861 442 seductores
875 413 938 440 pro-

148 446 243 472 cedant
259 445 291 471 ad
304 444 401 479 palatii,
417 447 443 469 et
456 447 500 468 aut
510 441 537 469 in
558 442 667 479 deserto
679 441 939 479 conipreliendaptur

148 481 260 515 egressi,
277 476 322 506 alit
338 480 362 506 in
381 479 504 515 domibus
523 478 717 515 concludantur
731 476 855 515 ingrcssi.
871 476 939 515 Quid

149 511 220 544 eiiim
238 515 318 541 faciat
333 515 358 540 in
370 513 515 541 solitudine
532 513 632 540 Christi
646 512 796 539 adventus?
811 511 939 546 nuniquid

149 552 232 585 magis
245 554 317 576 amat
326 549 483 585 Solitudines
492 549 620 585 locorum,
632 555 711 585 quam
719 547 940 585 congregationes

149 582 298 613 hominum?
305 590 350 612 aut
359 583 485 618 numquid
494 583 614 610 homines
626 584 710 616 timet,
722 582 788 610 utin
797 582 941 609 solitudine

149 621 245 650 lateat?
257 621 284 647 Si
298 621 370 647 enim
383 619 490 654 quando
506 626 633 652 passurus
646 618 763 648 advenit,
789 624 840 644 non
854 618 940 654 timuit

148 665 225 691 reges
239 661 283 682 aut
296 653 409 689 judiees,
425 654 472 681 sed
488 654 557 681 inter
572 654 668 691 impios
684 654 795 691 populos
809 653 940 691 praedica-

148 688 303 727 \'ii|iiet:itis
314 698 464 717 sermonem
480 698 486 715 :
503 689 643 727 quomodo
659 693 722 727 tunc
743 688 864 727 timebit...
878 695 938 727 cum

148 723 251 755 venerit
278 727 399 759 judicare
419 724 592 760 peccatores?
612 724 724 760 Siquis
744 723 812 760 vobis
837 723 938 760 dixerit,

148 763 214 789 Ecce
226 763 252 788 in
266 758 390 794 domibus,
406 758 483 787 nolite
496 760 605 786 credere.
622 759 746 794 Injuriam
767 758 839 785 enim
854 758 940 785 facitis

149 798 295 830 lJiviltilati,
309 797 329 823 si
347 797 372 823 in
389 795 514 823 domibus
535 795 608 821 illam
620 793 740 829 qua-ritis
752 814 760 827 ,
775 801 834 827 qua:
848 793 941 830 implet

145 834 242 860 cadum
256 838 282 859 et
297 838 394 859 terram
412 840 418 858 :
433 835 477 857 aut
497 830 518 857 si
539 831 622 857 latere
634 830 732 864 putatis
750 830 794 864 qui
808 829 882 856 venit
896 836 941 855 su-

147 869 236 902 perbis
253 869 387 898 resistere,
399 871 426 893 et
437 865 550 902 humiles
564 865 693 892 exaltare.
710 865 739 891 ln
762 864 848 902 primo
868 864 939 902 enim

147 898 265 931 adventu
279 904 339 930 ideo
353 903 457 929 celatus
473 901 547 927 venit.
557 908 681 934 corpore,
695 905 724 927 ut
737 900 861 934 probaret
876 898 941 926 lide-

147 940 184 966 lt'S
202 947 208 965 :
225 940 250 965 in
268 938 385 965 set-nudo
405 942 492 964 autem
507 936 621 963 adventu
633 936 722 962 venirt
743 934 899 962 manifestus
915 935 940 961 in

145 975 242 1009 gloria,
258 979 286 1000 ιιι
311 977 463 1000 renuuneret
480 972 559 998 Iidem
575 979 678 999 eorum.
694 970 757 997 ldeo
768 976 831 996 tunc
847 977 940 996 neces-

147 1012 247 1037 sarium
266 1014 324 1036 erat
349 1013 378 1034 ut
404 1012 569 1042 quiereretur
584 1015 590 1042 ζ
607 1013 678 1033 nunc
706 1010 796 1042 autem
824 1009 942 1042 nonncst

146 1045 309 1079 qutun-udus
334 1050 361 1071 ut
385 1040 523 1074 credatur,
545 1041 592 1069 sed
617 1040 942 1079 qu;eritip_se_a_quibns

146 1076 264 1107 creditus-
279 1083 329 1106 est.
346 1079 524 1112 Spiritualiter
538 1076 631 1104 autem
646 1077 679 1104 de
699 1076 850 1103 novissimis
873 1081 942 1102 tem-

147 1116 258 1150 porihus
273 1116 330 1142 ha-c
347 1115 380 1141 ita
396 1119 456 1140 sum
470 1112 722 1150 exponenda._Sunt
735 1112 850 1139 haereses
857 1132 868 1150 _,
883 1119 942 1145 quae

147 1147 284 1177 inendaeia
308 1157 354 1176 sua
377 1147 572 1184 quodammodo
596 1147 943 1184 Scripturarutn_colorant

145 1186 349 1212 auctoritatibus
362 1182 498 1219 :qumdam
507 1189 606 1215 autem,
618 1191 676 1217 qtne
687 1183 795 1219 omnino
805 1182 839 1208 ita
850 1187 942 1219 contra

146 1222 300 1256 Scripturas
325 1217 455 1246 habentur
466 1228 522 1256 ,rnre
542 1218 781 1256 colorarevalcaul
803 1217 941 1256 mendacia

146 1265 194 1283 sua
210 1253 253 1282 'de
266 1256 409 1289 Scripturis
429 1255 536 1282 divinis.
556 1254 717 1281 Solitudines
739 1260 804 1287 ergo
825 1253 942 1286 appellat

147 1291 266 1318 haereses
280 1288 358 1323 illas,
372 1298 483 1325 quarum
496 1290 617 1324 dogmata
632 1289 742 1315 omnino
749 1288 864 1325 ‘descrta
881 1291 943 1314 sunt

145 1328 322 1361 aScriptIn-is.
335 1322 432 1353 Domus
445 1322 543 1355 autem:
556 1325 670 1352 lucreses
680 1331 738 1358 qua:
747 1322 860 1361 Scriptnl
868 1330 942 1349 arum

146 1359 302 1389 colorantur
313 1361 443 1395 exemplis
456 1381 464 1392 ,
480 1361 600 1395 quamvis
614 1368 665 1386 non
681 1361 734 1385 sint
744 1359 839 1395 domus
853 1365 940 1395 verre,

146 1403 233 1424 tamen
247 1398 287 1424 vel
299 1393 429 1423 ridentur.
441 1393 494 1422 Aut
504 1396 537 1422 ita
548 1396 660 1422 :Domus
669 1395 733 1421 dicit
744 1393 868 1426 ha:reses,
879 1393 944 1420 soli-

147 1433 267 1460 tudinem
282 1438 368 1458 autem
384 1431 513 1464 Judaiam,
528 1431 672 1458 Secundum
684 1428 754 1464 quod
766 1429 892 1462 scriptum
903 1432 945 1455 est

146 1469 180 1495 de
197 1469 239 1495 illa
255 1477 261 1495 :
279 1468 344 1494 Ecce
364 1467 516 1501 relinquetur
537 1466 607 1493 vobis
626 1466 715 1492 domus
741 1469 822 1501 vestro
847 1464 945 1490 deserta

146 1504 155 1539 (
168 1504 265 1530 Matth.
290 1504 334 1530 ‘25.
347 1503 393 1539 738
405 1499 551 1539 )(Autrita
566 1511 573 1529 :
587 1501 750 1529 Solitudines
772 1499 837 1539 dicit
852 1505 945 1539 omnes

146 1534 266 1566 inureses
280 1534 413 1565 desolatas
428 1546 442 1564 a
456 1538 580 1568 veritate.
593 1538 687 1564 donuts
703 1539 790 1562 autem
810 1534 944 1561 Ecclesias

145 1575 246 1602 Christi
264 1583 268 1600 :
284 1582 314 1601 ac
325 1574 347 1600 si
359 1574 430 1599 dit-at
445 1582 450 1599 :
463 1572 520 1599 Non
534 1572 605 1603 dico,
620 1572 641 1598 si
654 1571 770 1598 dixerint
781 1570 864 1596 vobis.
879 1569 945 1596 Ecce

145 1611 172 1637 in
185 1610 322 1636 lia-reticis
333 1608 456 1635 Ecclesiis
466 1608 527 1637 illis,
538 1607 577 1634 vel
586 1608 611 1633 in
624 1607 676 1633 illis
684 1605 805 1640 apparuit
813 1604 944 1640 Christus,

145 1645 193 1673 sed
205 1645 312 1673 etiamsi
325 1645 350 1670 in
364 1644 428 1677 ipsis
437 1643 507 1670 veris
519 1642 655 1673 Ecclesiis.
670 1639 728 1676 quie
739 1645 765 1667 et
779 1640 825 1667 Dei
836 1645 907 1677 sunt,
921 1639 945 1666 id

145 1681 299 1713 est,domus
311 1675 415 1710 vestrm,
427 1678 542 1705 dixerint
553 1677 627 1704 vobis
635 1675 768 1704 Christum
779 1675 944 1710 apparuisse,

146 1717 230 1743 nolite
244 1716 285 1742 eis
298 1715 410 1742 credere
423 1713 573 1740 dicentibus
588 1713 636 1739 ista
651 1713 684 1739 de
699 1719 750 1744 me,
767 1712 828 1746 quia
843 1718 894 1746 non
905 1714 947 1736 est

147 1752 226 1785 digna
239 1750 384 1776 divinitatis
395 1757 468 1785 mete
475 1749 567 1785 notitia
578 1747 651 1785 ineo:
664 1745 808 1785 ostendens
820 1754 865 1780 per
877 1745 944 1777 hinc,

147 1782 284 1822 quomodo
307 1793 338 1812 ex
363 1785 426 1818 ipsis
449 1783 577 1822 Ecclesiis
589 1783 658 1822 veris
677 1782 947 1822 frequenter-exeunt

147 1816 307 1849 seductores
319 1841 326 1852 ,
347 1816 487 1854 propterea
503 1827 552 1846 nec
567 1818 632 1853 ipsis
653 1818 762 1845 omnino
784 1816 946 1854 credendum

148 1863 200 1890 est,
215 1857 265 1884 nisi
279 1865 309 1883 ea
322 1852 411 1882 dicant
428 1855 467 1882 vel
483 1852 592 1885 faciant,
606 1861 666 1888 qua:
681 1852 868 1890 convenientia
883 1855 947 1890 sunt

151 1886 309 1927 Scripluris.
328 1891 379 1918 Vos
390 1898 453 1925 ergo
469 1886 744 1927 nolitccxir‘etnolite
753 1886 945 1927 c_rede_re._l‘ion

150 1923 262 1954 mandat
276 1927 337 1957 illis,
354 1931 382 1952 ιιι
395 1923 431 1952 ne
438 1930 533 1952 exeant
543 1925 576 1952 de
586 1924 721 1956 domibus,
732 1924 774 1950 vel
785 1923 945 1949 civitatibus.

151 1963 207 1991 Nec
224 1964 249 1989 in
263 1963 342 1989 domo
353 1962 436 1993 enim,
451 1966 496 1987 aut
510 1961 653 1989 incivitate
670 1959 824 1986 sedentibus
835 1958 945 1989 sanctis,

151 1999 201 2025 ista
213 1998 323 2025 dcenda
333 2001 394 2023 sunt
405 2005 412 2023 ς
425 1996 482 2028 sed,
492 1995 576 2022 Nolite
588 1995 661 2022 exire
673 1995 706 2021 de
715 1994 804 2029 regula
816 1993 946 2025 veritatis,

151 2042 230 2068 quam
246 2033 340 2060 tradidi
356 2032 430 2058 vobis
443 2040 450 2068 ς
466 2031 546 2058 nolite
561 2031 673 2068 credi-re
687 2039 693 2056 :
706 2031 766 2063 quia
778 2030 847 2055 sicut
858 2030 946 2068 fuimus

152 2065 215 2096 ante
234 2069 321 2102 ignem
336 2067 480 2102 prtecedit,
500 2071 561 2093 ante
581 2066 719 2102 victoriam
738 2072 852 2102 pugna:
868 2065 906 2102 sic
921 2068 948 2089 et

153 2110 217 2130 ante
237 2099 348 2138 gloriam
364 2102 480 2138 Christi,
496 2102 607 2128 tenlalio
623 2100 851 2138 Antichristi.
874 2099 948 2138 Sicut

153 2140 219 2165 enim
232 2134 319 2174 fulgur
331 2139 380 2165 exit
391 2138 422 2174 ob
438 2137 586 2174 Orientelet
598 2141 668 2174 paret
682 2144 760 2174 usque
772 2134 947 2174 ad_0rciden-

155 2170 281 2206 tempori
298 2174 344 2199 erit
367 2173 488 2199 adventus
508 2171 570 2198 Filii
595 2171 713 2198 hominis.
736 2170 904 2206 Manifestum
922 2173 949 2206 et

155 2205 275 2236 velocem
290 2209 433 2235 adventum
447 2207 545 2235 Chriin
558 2207 701 2234 ostendere
716 2206 819 2236 volens,
836 2205 949 2239 fulguris

154 2244 354 2272 similitudinem
363 2243 593 2270 iulroduxil.Sicut
600 2243 670 2269 enim
680 2250 738 2268 cum
747 2240 842 2268 exierit
850 2241 947 2274 fulgur,

155 2288 209 2306 non
222 2280 306 2307 solum
319 2279 422 2306 videtur
431 2279 465 2304 ab
476 2277 636 2308 hominibus,
648 2277 694 2304 sed
704 2276 789 2303 adhuc
802 2276 948 2303 secundum

154 2316 310 2350 qualitatem
325 2314 434 2349 fulgoris
446 2314 484 2339 sui
497 2322 550 2350 non
562 2313 639 2347 digne
649 2313 776 2347 aspicitur
787 2320 794 2338 :
805 2311 878 2350 sic-ct
887 2319 948 2339 cum

154 2347 259 2378 venerit
271 2347 392 2378 Christus
406 2370 414 2382 ,
430 2357 482 2375 non
505 2349 590 2375 solum
605 2355 666 2375 eum
683 2354 776 2374 omnes
799 2347 947 2381 aspicient,

154 2387 202 2413 sed
217 2386 362 2413 secundum
379 2392 529 2411 mensuram
543 2383 636 2418 gloria:
655 2382 712 2417 ejus
725 2389 811 2416 neque
827 2387 950 2416 poterunt

153 2430 216 2448 eum
235 2422 399 2448 snl'licienter
419 2417 599 2453 a5picerefl£t
619 2426 670 2445 non
694 2418 781 2444 solum
797 2417 949 2450 magnitudo

155 2458 214 2490 t-jus
226 2465 332 2483 omnem
347 2457 433 2483 locum
450 2455 587 2489 implebit,
604 2453 651 2480 sctl
666 2453 753 2490 adhuc
766 2453 950 2490 magnitudine

155 2487 214 2525 ejus
238 2492 344 2519 deficiet
358 2491 445 2517 omnis
461 2487 535 2517 locus
547 2510 554 2521 ,
568 2490 637 2516 sicut
651 2489 778 2523 scriptum
791 2493 840 2525 gest
854 2496 861 2515 :
878 2487 950 2522 Ignis

155 2523 214 2553 ante
226 2528 307 2561 ipsum
319 2527 450 2562 pra'cctlet,
465 2531 486 2552 et
501 2525 666 2562 iu/lammubit
680 2525 705 2550 iu
719 2523 822 2562 Cll‘tf‘ttllu
836 2524 950 2550 inimicos

156 2563 222 2595 ejus.
237 2559 385 2590 Allnzeruut
401 2562 502 2596 fulgura
516 2562 570 2593 eius
583 2561 635 2586 orbi
648 2565 738 2591 terra};
750 2559 809 2585 uidit
821 2579 828 2590 ,
843 2564 865 2585 et
879 2567 949 2584 cum-

157 2602 225 2623 mota
238 2603 273 2624 est
286 2603 351 2624 terra
362 2600 370 2631 (
385 2597 456 2623 Paul.
468 2597 512 2623 96.
524 2597 550 2623 5.
564 2596 580 2622 tl
591 2596 611 2631 ).
623 2597 707 2628 Quem
721 2602 785 2628 ergo
797 2599 950 2631 peccatores

142 2633 284 2660 tvidebunt
298 2653 306 2665 ,
332 2629 411 2659 etiam
433 2632 552 2658 nolentes
567 2640 573 2657 :
588 2629 722 2666 quoniodo
745 2638 796 2659 non
823 2629 951 2666 videbunt

157 2675 218 2694 eum
234 2669 316 2694 sancti
330 2667 533 2694 desiderantes?
549 2667 578 2693 lit
589 2665 658 2693 sit-ut
674 2666 699 2692 in
714 2665 765 2692 ictu
779 2666 847 2691 oculi
865 2665 950 2699 tulgur

158 2704 283 2730 universa
301 2704 462 2737 pertransit,
476 2704 514 2729 sic
528 2708 554 2729 et
575 2702 656 2728 Filius
674 2702 717 2728 Dei
733 2721 739 2732 ,
764 2708 816 2727 non
841 2700 950 2737 veniens

157 2739 257 2769 adhuc,
271 2736 317 2764 sed
333 2738 412 2765 etiam
428 2737 532 2765 venisse
548 2737 689 2764 videbitur.
701 2737 729 2763 Si
744 2737 815 2763 enim
830 2736 868 2762 sol
882 2756 889 2768 ,
903 2737 948 2770 qui

157 2774 190 2800 ad
213 2773 390 2801 ministerium
414 2777 531 2799 nostrutn
545 2777 651 2799 creatus
664 2776 722 2804 est,
744 2775 844 2797 tantam
870 2771 951 2798 habet

158 2810 309 2840 splendoris
324 2808 459 2838 virtutem.
476 2812 504 2834 ut
516 2809 541 2834 in
556 2815 722 2842 quacumque
734 2813 808 2841 parte
821 2807 880 2833 cadi
892 2805 950 2833 fue-

157 2850 192 2872 rit
205 2865 211 2875 ,
227 2846 323 2878 ubique
345 2847 472 2878 appareat
492 2844 565 2877 qttasi
589 2850 706 2877 praesens
722 2851 728 2868 :
744 2847 842 2876 quanto
866 2842 949 2876 magis

157 2881 203 2906 Sol
219 2877 505 2916 spiritualis’Christus,
517 2885 578 2916 cum
588 2879 699 2916 venerit,
713 2878 738 2916 in
747 2883 808 2916 toto
819 2877 949 2916 videbitur

160 2912 274 2948 mundo,
289 2916 373 2951 magis
387 2919 476 2941 autem
497 2914 610 2941 mundus
625 2914 650 2940 in
666 2921 697 2941 eo
711 2912 862 2940 videbitur?
875 2915 946 2947 Apo-

1739 177 1790 204 9l8

994 231 1078 257 stolns
1087 235 1175 257 autem
1186 231 1223 257 ait
1236 239 1242 256 :
1257 230 1335 264 Quem
1341 230 1395 266 suis
1405 231 1557 266 temporibus
1570 232 1681 258 ostendet
1691 231 1788 264 beatus,

994 271 1016 292 et
1031 265 1148 302 soluatet
1163 271 1250 300 potens
1263 266 1309 302 (Vi.
1326 265 1392 292 Tim.
1405 266 1432 293 6.
1446 265 1479 294 {5
1494 267 1504 302 )
1518 277 1524 294 :
1542 274 1595 294 non
1609 267 1687 297 dixit.
1704 269 1789 300 Quem
1816 273 1817 280 ‘

994 302 1093 338 mittet.
1105 301 1228 338 Christus
1241 301 1331 338 enim,
1347 309 1408 328 cum
1423 302 1458 328 sit
1470 301 1566 338 ubique
1577 322 1584 334 ,
1601 310 1656 338 non
1671 302 1744 338 venit
1757 304 1790 329 alo

994 336 1052 373 loco
1062 337 1095 363 ad
1109 336 1269 373 loctiiii,_sed
1282 337 1379 373 ubique
1392 336 1550 368 ostenditur,
1566 337 1610 373 qui
1621 342 1679 365 erat
1689 337 1790 365 celatus

994 372 1100 405 ubique.
1125 372 1169 399 28.
1197 371 1246 398 Ubi
1258 372 1335 407 fuerit
1359 380 1470 406 corpus,
1497 373 1550 399 illic
1571 371 1791 407 congregabantur

993 407 1094 441 aquila.
1117 407 1153 434 De
1172 407 1321 433 vulturibus
1347 407 1418 434 enim
1441 407 1506 434 dicit
1524 408 1659 440 Scriptura
1676 409 1700 435 in
1714 407 1765 435 Job
1781 429 1789 441 ,

995 443 1120 477 quoniam
1142 441 1303 477 ubicumque
1317 441 1397 469 fuerit
1416 450 1532 477 corpus,
1554 443 1608 470 illic
1621 443 1792 471 invenientur

994 478 1128 505 vulturum
1145 477 1207 512 pulli
1233 477 1304 513 (Job
1317 477 1362 504 39.
1378 477 1413 505 50
1425 479 1446 513 ).
1464 479 1517 505 lloc
1533 479 1604 505 enim
1619 479 1738 505 naturale
1749 484 1791 505 est

996 513 1143 546 vulturum,
1157 512 1223 539 sicut
1239 512 1330 539 dicunt
1343 512 1462 547 quidam,
1476 518 1503 540 ut
1516 514 1598 541 etiam
1612 513 1788 541 transmarina

993 549 1123 576 cadavera
1144 547 1420 584 sentiantaQnoniam
1444 556 1508 583 ergo
1532 553 1622 584 turpes
1645 556 1712 576 aves
1728 554 1790 576 sunt

994 584 1111 611 vultures
1126 603 1134 615 ,
1157 582 1217 610 ideo
1241 583 1383 609 vulturinis
1406 582 1512 618 quidem
1542 582 1661 611 moribus
1685 584 1786 618 aptavit

994 619 1100 645 nomina
1113 618 1277 653 aquilarum,
1293 623 1320 644 ut
1336 619 1361 645 in
1378 619 1496 646 moribus
1512 619 1618 653 quidem
1636 619 1789 651 vulturum,

993 659 1145 682 sanctorum
1168 653 1338 688 congregatio
1357 654 1515 681 ostendatur
1530 655 1562 681 ad
1575 654 1674 682 Christi
1688 654 1790 681 adven-

995 694 1049 716 tum
1061 710 1069 722 ,
1084 690 1110 716 in
1130 689 1225 723 aquilis
1238 693 1326 716 autem
1347 689 1481 723 regalibus
1494 710 1502 722 ,
1524 690 1621 724 regalis
1635 694 1789 716 sanctorum

994 725 1111 760 dignitas
1123 724 1367 760 ostendatttrildeo
1380 724 1451 751 enim
1465 725 1548 751 sancti
1565 725 1662 759 aquilis
1682 725 1789 751 assimi—

993 761 1092 792 lantur,
1107 759 1167 821 quia
1182 760 1251 786 sicut
1266 759 1311 786 lilii
1322 760 1470 794 aquilarum
1485 760 1519 786 ad
1531 760 1615 786 solem
1631 760 1787 794 probantur,

995 801 1023 821 nt
1036 795 1104 821 siuui
1125 803 1168 821 em
1181 800 1254 821 recto
1269 801 1379 821 aspectu
1393 794 1530 821 intendere
1544 796 1680 821 potuerint
1696 800 1787 821 contra

995 801 1023 822 nt
1036 794 1168 830 siquidem
1181 800 1254 821 recto
1269 801 1379 828 aspectu
1393 794 1530 822 intendere
1544 796 1680 829 potuerint
1696 800 1788 822 contra

994 830 1082 857 radios
1095 830 1170 862 solis,
1186 830 1365 864 intelligantur
1378 837 1436 857 esse
1452 830 1561 864 legitimi
1577 838 1584 862 ;
1599 830 1621 857 si
1634 835 1721 857 autem
1734 837 1787 857 n0n

995 866 1149 900 potuerint,
1172 870 1370 899 cognoscantur
1390 865 1553 892 adullerini:
1570 866 1609 893 sic
1629 871 1656 893 et
1673 865 1717 892 lilii
1742 866 1788 892 Dei

994 901 1027 927 ad
1055 900 1154 928 Christi
1172 900 1302 935 justitiam
1318 901 1526 934 comprobantur
1540 910 1546 927 ε
1562 901 1585 927 si
1609 901 1679 928 enim
1695 905 1795 935 potue-‘

996 937 1049 963 rint
1071 937 1150 970 pleno
1174 936 1255 963 corde
1274 935 1385 970 justitia:
1404 936 1485 963 verba
1511 936 1663 970 suscipere,
1690 936 1789 963 intelli-

994 977 1091 1006 guntur
1110 979 1170 999 esse
1195 971 1322 1006 legitimi;
1338 971 1360 998 si
1383 976 1471 998 autem
1494 979 1546 998 non
1563 972 1698 1006 potuerint
1712 992 1718 1002 .
1741 979 1789 998 co-

994 1011 1158 1040 gnoscuntur
1172 1006 1206 1033 de
1230 1006 1336 1033 diabolo
1351 1014 1410 1034 cs~e
1435 1006 1500 1033 nati.
1525 1006 1571 1034 29.
1589 1007 1682 1033 Statim
1702 1011 1787 1033 autem

995 1047 1050 1076 post
1076 1041 1263 1069 tribulationem
1294 1041 1391 1068 dierum
1413 1042 1515 1068 illorum
1537 1043 1575 1069 sol
1596 1043 1787 1074 obscurubitur,

996 1083 1018 1103 et
1042 1080 1103 1104 tuna
1128 1086 1178 1104 nou
1195 1078 1264 1104 dabit
1284 1077 1369 1103 lumen
1393 1085 1477 1110 suum,
1501 1082 1524 1103 et
1547 1077 1626 1104 stella:
1645 1077 1735 1104 cadent
1757 1077 1788 1103 de

994 1113 1066 1140 ctylo.
1084 1112 1275 1140 Patrel’amilias
1300 1112 1432 1139 moriente
1444 1133 1450 1145 ,
1472 1118 1525 1139 tota
1540 1112 1635 1140 domus
1648 1113 1707 1146 ejus
1730 1117 1787 1139 tur-

996 1147 1083 1180 batur,
1095 1148 1182 1175 omnis
1195 1147 1291 1174 familia
1304 1147 1412 1182 plangit,
1425 1153 1452 1175 et
1462 1148 1604 1175 conscissis
1615 1149 1709 1175 tunicis
1720 1148 1787 1181 suis,

998 1184 1079 1218 nigris
1105 1190 1134 1210 sc
1162 1183 1319 1217 cuoperiunt
1351 1183 1516 1210 vestimentis
1534 1192 1539 1209 :
1557 1184 1596 1210 sic
1619 1188 1646 1209 ct
1670 1183 1788 1210 humano

995 1217 1093 1252 genere
1107 1239 1115 1251 ,
1129 1224 1236 1252 propter
1258 1218 1326 1251 quod
1354 1217 1458 1244 fuerant
1478 1218 1566 1245 omnia
1588 1222 1676 1245 creata
1689 1238 1697 1249 ,
1719 1218 1788 1245 circa

995 1254 1095 1281 exitum
1105 1255 1258 1284 constituto,
1270 1257 1338 1280 lotus
1349 1254 1520 1280 contristatur
1530 1254 1653 1284 mundus,
1667 1253 1789 1280 universa

996 1289 1053 1316 cadi
1078 1289 1226 1316 ministeria
1251 1289 1360 1323 lugent,
1386 1293 1413 1315 et
1432 1288 1549 1316 candore
1573 1288 1716 1322 deposito,
1742 1296 1789 1322 pro

997 1324 1114 1351 Vestibus
1136 1323 1262 1350 luctuosis
1285 1324 1402 1352 tenebris
1421 1324 1577 1351 vestientur.
1591 1323 1658 1350 Nam
1679 1323 1727 1351 Sol
1741 1323 1787 1349 ob-

996 1359 1147 1391 scurabitur,
1162 1364 1184 1385 et
1198 1359 1258 1385 luna
1273 1368 1322 1386 non
1335 1359 1403 1386 dabit
1417 1359 1501 1386 lumen
1515 1367 1588 1385 suum
1600 1367 1609 1385 :
1623 1363 1668 1386 aut
1682 1363 1790 1393 propter

997 1394 1131 1429 indignam
1157 1396 1385 1428 persequutionem
1407 1399 1558 1422 sanctorum
1584 1394 1705 1421 dolentes
1720 1413 1727 1426 ,
1743 1398 1790 1420 aut

997 1438 1077 1463 super
1103 1430 1244 1464 impiorum
1270 1431 1384 1464 pessima
1412 1437 1493 1464 opera
1524 1429 1714 1464 indignantes,
1742 1433 1788 1455 aut

998 1465 1168 1492 novissimam
1196 1465 1222 1491 in
1245 1466 1284 1493 eis
1306 1465 1353 1492 Dei
1375 1465 1539 1495 iracundiam
1564 1465 1788 1497 (lt-monstrantes.

999 1505 1027 1527 ut.
1054 1500 1140 1527 adhuc
1164 1499 1314 1528 virentibus
1347 1500 1435 1534 impiis
1466 1508 1547 1534 super
1579 1505 1700 1533 terram,
1733 1500 1789 1533 jam

999 1540 1092 1570 gustus
1106 1535 1183 1562 detur
1197 1536 1366 1563 infernalium
1387 1536 1567 1562 tenebrarum.
1582 1535 1644 1562 Sive
1658 1535 1718 1567 hoc,
1733 1535 1790 1561 sive

999 1572 1043 1597 illo
1053 1571 1143 1603 modo,
1154 1571 1250 1598 merito
1261 1580 1311 1598 nox
1324 1572 1503 1598 interveniens
1514 1571 1583 1598 inter
1591 1571 1660 1597 diem
1673 1575 1697 1597 et
1706 1570 1788 1602 diem,

999 1606 1134 1640 pra:dicet,
1149 1607 1209 1641 quia
1220 1613 1278 1641 post
1291 1606 1422 1633 modicum
1433 1613 1502 1633 nova
1515 1605 1573 1632 dies
1585 1606 1790 1641 resurrectionis

999 1646 1040 1668 est
1051 1640 1194 1668 nascitura.
1208 1640 1346 1668 Dividetur
1355 1642 1436 1673 enim,
1448 1649 1480 1671 ne
1492 1641 1567 1668 istius
1581 1641 1669 1668 saeculi
1680 1646 1707 1667 et
1719 1640 1791 1667 illius

1000 1685 1050 1703 una
1065 1677 1185 1704 videatur
1198 1685 1257 1704 esse
1273 1682 1377 1704 natura.
1391 1677 1466 1704 Sicut
1479 1677 1549 1703 enim
1565 1684 1658 1703 omnes
1669 1676 1789 1703 carnales

999 1712 1137 1743 morimur,
1152 1717 1181 1738 ut
1194 1713 1345 1747 spirituales
1360 1719 1498 1747 surgamus
1513 1721 1520 1738 :
1535 1712 1574 1739 sic
1586 1717 1613 1738 et
1624 1712 1668 1738 illa
1678 1711 1735 1738 dies
1747 1715 1788 1738 te-

1000 1747 1089 1775 nebris
1117 1748 1284 1774 imcrciditur
1308 1749 1381 1782 quasi
1406 1748 1520 1782 quadam
1548 1752 1644 1780 morte,
1671 1751 1697 1774 ιιι
1722 1754 1790 1773 nova

1000 1783 1095 1810 iterum
1112 1788 1276 1810 renascatur.
1292 1783 1344 1810 Aut
1355 1788 1427 1810 certe
1440 1784 1500 1817 quia
1510 1782 1682 1817 spiritualiter
1695 1782 1791 1816 iniqui-

1001 1823 1040 1845 tas
1060 1825 1111 1844 nox
1124 1818 1287 1853 intelligitur,
1301 1818 1402 1853 justitia
1415 1824 1503 1845 autem
1519 1819 1585 1845 dies.
1605 1818 1642 1845 Ex
1656 1818 1791 1853 nativitate

998 1857 1088 1880 autem
1102 1853 1200 1880 Christi
1213 1852 1258 1880 lux
1275 1859 1330 1880 orta
1345 1859 1396 1886 est,
1411 1853 1516 1880 dicente
1530 1854 1657 1888 propheta
1670 1861 1677 1880 ε
1693 1852 1733 1878 Ad
1748 1860 1790 1888 ue-

998 1897 1100 1921 sperum
1126 1889 1296 1915 demorabitur
1322 1890 1406 1923 ﬂetus,
1426 1893 1448 1915 et
1471 1888 1504 1914 ad
1527 1887 1677 1914 matutinum
1704 1887 1792 1914 lretitia

1000 1923 1086 1958 (Paul.
1099 1924 1143 1950 29.
1155 1924 1195 1959 6).
1209 1924 1286 1950 Mane
1298 1924 1396 1951 Christi
1413 1929 1516 1958 tempus
1529 1929 1647 1950 v0catur.
1661 1924 1724 1950 Ilaec
1733 1923 1790 1949 dies

997 1959 1106 1994 justilitc
1121 1959 1148 1986 ili
1171 1960 1242 1986 exitu
1258 1960 1349 1986 mundi
1371 1959 1470 1991 linittir,
1486 1959 1652 1993 iniquitatum
1668 1963 1791 1994 ctrerro-

1001 2002 1059 2021 rum
1075 1994 1191 2021 tenebris
1207 1995 1357 2022 obscurata.
1372 1995 1410 2022 De
1423 2002 1474 2029 qua
1494 1999 1521 2021 et
1537 1995 1663 2020 Dominus
1677 1993 1710 2020 ad
1724 2001 1790 2028 apo-

1000 2030 1083 2056 stolos
1103 2030 1185 2056 dicit:
1201 2029 1334 2056 Ambulate
1346 2029 1406 2056 dum
1425 2030 1507 2056 luiueu
1531 2029 1634 2061 habetis,
1650 2037 1680 2056 ne
1691 2037 1734 2055 vos
1756 2034 1792 2055 te-

1001 2065 1083 2091 nebra:
1095 2065 1307 2100 comprehendunt
1323 2065 1411 2100 (Joau.
1423 2065 1466 2092 1⁸2.
1482 2065 1538 2099 55).
1550 2064 1597 2091 Sol
1607 2064 1790 2096 obscurabitur,

1002 2100 1026 2126 id
1047 2105 1098 2131 est,
1114 2101 1206 2127 notitia
1223 2099 1431 2128 Cliristi'silebit.
1453 2100 1528 2126 Luna
1548 2108 1598 2126 non
1618 2099 1687 2126 dubit
1708 2100 1792 2126 lumen

1001 2144 1083 2168 ιςιιιιηι,
1099 2136 1124 2162 id
1140 2140 1189 2167 est,
1209 2135 1327 2163 Ecclesia
1340 2136 1487 2163 sanctitatis
1507 2143 1561 2162 sua:
1574 2135 1723 2162 claritatem
1738 2143 1791 2161 notl

1001 2171 1202 2197 demonstrabit.
1228 2171 1316 2198 Stellae
1338 2172 1428 2198 cadent
1449 2171 1481 2197 de
1503 2172 1574 2202 callo,
1589 2171 1614 2197 id
1628 2176 1679 2203 est,
1692 2170 1737 2204 qui
1751 2171 1792 2196 vi-

1001 2206 1097 2232 dentur
1117 2208 1201 2233 sancti
1217 2206 1454 2241 transgredientur,
1469 2211 1495 2232 ct
1509 2206 1605 2233 cadent
1619 2205 1652 2233 de
1665 2206 1794 2239 dignitate.

1001 2241 1117 2276 czelesli.
1127 2241 1191 2268 Nam
1216 2241 1285 2276 quod
1305 2242 1337 2268 de
1350 2241 1456 2268 diabolo
1469 2241 1567 2268 dictum
1591 2246 1642 2272 est,
1661 2241 1794 2273 Quomodo

1001 2277 1090 2303 cecidit
1104 2275 1205 2311 Lucifer
1221 2275 1252 2303 de
1270 2277 1341 2310 uela,
1357 2277 1400 2311 qui
1414 2285 1487 2303 mane
1505 2276 1630 2303 oriebatur
1653 2276 1729 2311 (lsui.
1747 2277 1792 2304 M.

1002 2312 1069 2346 12)?
1091 2313 1130 2339 sic
1155 2312 1363 2347 interpretantur
1377 2312 1501 2346 apostoli,
1514 2312 1555 2338 vel
1581 2314 1676 2343 sancti,
1691 2319 1744 2338 non
1760 2312 1793 2338 de

1001 2347 1140 2374 altitudine
1154 2348 1211 2374 caeli
1227 2347 1260 2374 ad
1283 2352 1392 2379 terram,
1408 2347 1454 2374 sed
1478 2347 1512 2374 de
1526 2348 1644 2381 angeliea
1665 2347 1794 2381 dignitate

1001 2383 1033 2409 ad
1062 2383 1232 2417 ignominiam
1250 2383 1428 2410 tenebrarum.
1442 2382 1581 2415 Quomodo
1603 2387 1693 2409 autent
1718 2381 1796 2417 inulti

1003 2418 1230 2451 transgredientur
1244 2418 1468 2449 Christianorum,
1484 2418 1616 2451 signiﬁcat
1636 2417 1743 2444 Daniel:
1760 2416 1794 2442 Et

1002 2454 1033 2479 de
1047 2453 1163 2484 eruditis,
1177 2454 1270 2488 inquit,
1287 2453 1375 2479 cadent
1391 2453 1463 2479 multi
1486 2456 1566 2487 (Han.
1590 2453 1633 2480 Η.
1647 2453 1704 2486 55).
1719 2451 1794 2479 Sicut

1002 2497 1066 2523 ergo
1082 2493 1224 2523 tempestas
1237 2490 1348 2516 suscitat
1369 2489 1468 2521 nubila,
1484 2489 1572 2515 nubila
1584 2494 1673 2515 autem
1693 2495 1793 2521 coope-

1004 2526 1073 2550 rinnt
1095 2525 1178 2550 solem
1197 2533 1203 2550 :
1229 2525 1268 2551 sic
1295 2524 1435 2558 impiorum
1466 2525 1635 2558 persequutio
1655 2523 1794 2550 suseitabit

1004 2559 1252 2593 transgressionem.
1280 2559 1455 2593 transgressio
1477 2564 1566 2586 autem
1586 2559 1794 2586 Christianitatis

1002 2595 1153 2622 obscur-abit
1179 2595 1334 2622 candorem.
1362 2594 1436 2622 LTnde
1464 2596 1592 2629 propheta
1617 2595 1681 2621 dicit
1701 2596 1725 2621 in
1740 2594 1794 2620 alio

1004 2630 1060 2665 loco
1071 2639 1077 2656 :
1091 2630 1138 2656 Sol
1151 2635 1306 2657 convertetur
1319 2630 1345 2656 in
1358 2630 1480 2662 tenebras,
1492 2636 1514 2656 et
1530 2630 1630 2657 lunain
1645 2630 1793 2665 sanguinem

1005 2665 1013 2699 (
1026 2664 1083 2692 Joel
1097 2665 1124 2692 2.
1148 2666 1191 2700 5i)
1205 2674 1212 2692 :
1229 2666 1254 2692 id
1270 2670 1319 2697 est,
1338 2665 1466 2696 Ecclesia,
1480 2671 1525 2692 aut
1540 2670 1647 2700 propter
1659 2664 1793 2692 asSiduam

1002 2702 1162 2727 occisionem
1176 2706 1339 2732 sanctorum,
1351 2706 1397 2726 aut
1410 2701 1470 2735 quia
1482 2702 1531 2735 ipsi
1545 2701 1687 2728 Christiani
1700 2703 1792 2727 contra

1000 2735 1129 2770 justitiam
1143 2736 1349 2763 Christianitatis
1363 2736 1432 2763 inter
1452 2737 1554 2771 seipsos
1569 2736 1688 2763 furentes
1707 2735 1792 2771 bella-

1004 2772 1077 2798 bunt.
1093 2771 1149 2799 lloc
1166 2777 1193 2799 et
1208 2772 1229 2798 si
1244 2772 1276 2798 de
1292 2777 1412 2804 tempore
1435 2770 1544 2799 limresis
1567 2771 1645 2806 hujus
1666 2770 1793 2806 scriptum

1002 2807 1173 2860 intelligatur,
1188 2808 1380 2841 expositionem
1401 2807 1480 2833 habet
1493 2808 1705 2834 convenientem.
1719 2805 1793 2838 Quo-

1003 2842 1097 2860 mmln‘
1126 2842 1160 2860 L'v
1178 2850 1231 2860 mm
1245 2842 1356 2860 nluinnit
1379 2842 1487 2860 li-nrneic
1504 2843 1551 2860 ἱείς)
1567 2846 1686 2860 c-innltnn
1702 2840 1793 2860 πρρΙρ.

1003 2840 1103 2868 modo?
1124 2842 1163 2869 Ex
1178 2840 1231 2877 quo
1245 2842 1359 2869 obtinuit
1379 2842 1488 2869 haeresis
1504 2843 1552 2868 ista
1567 2846 1686 2868 sanctum
1702 2840 1794 2877 Eccle-

1002 2877 1048 2904 siae
1064 2878 1161 2910 locum,
1181 2876 1256 2912 quasi
1277 2877 1439 2905 abominatio
1458 2876 1641 2909 desolationis,
1665 2880 1693 2904 et
1714 2876 1794 2904 Anti‘

1003 2912 1101 2939 Christi
1116 2915 1248 2941 exercitus
1270 2913 1423 2946 constituta,
1439 2912 1543 2940 Christi.
1556 2912 1620 2940 solis
1640 2912 1737 2940 veritas
1751 2914 1791 2938 est
