2021 3128
170 131 218 158 Ml

170 191 280 222 ponant.
294 187 355 214 ideo
369 193 518 213 sermonem
540 193 615 212 suum
630 185 781 222 iuramento
799 185 960 222 continuatis

170 220 234 250 dicit
248 233 254 250 :
269 222 347 249 Amen
369 222 425 248 dico
446 222 524 254 vobis,
537 230 586 248 non
607 221 721 247 transibit
742 221 870 255 generatio
893 220 957 249 hate.

168 258 248 284 donec
265 258 350 284 omnia
373 257 445 291 ﬁant.
459 257 524 290 Quia
549 262 641 283 contra
665 263 789 289 maguum
815 256 959 289 periculum

170 301 266 331 inagna
282 292 439 331 prrparatio
449 297 490 331 est
502 291 649 331 necessaria
663 300 669 317 :
682 297 776 331 magna
789 295 876 317 autem
893 298 960 331 pra:-

188 326 272 355 aratio
283 326 422 355 assiduam
437 327 644 354 admonitionem
666 326 787 359 requirit,
803 331 829 352 ct
842 330 957 353 caulam.

180 365 203 390 it
215 363 352 391 sciendum
364 368 414 395 est,
424 363 485 397 quia
495 370 548 389 non
564 361 627 388 illud
638 361 821 397 VultChristus
833 361 959 395 apostolis

169 398 226 425 suis
251 398 403 430 ostendere.
419 396 479 433 quia
505 398 558 432 jam
586 397 611 423 in
634 397 780 424 continenti
809 396 894 433 futura
918 401 959 422 est

170 434 282 461 tentatio
297 434 354 463 illa.
370 434 418 460 sed
429 431 510 468 'quia'
523 433 631 459 omnino
645 432 732 459 futura
753 436 804 468 est.
820 431 890 465 Ergo
906 440 957 468 non

169 468 229 496 illos
243 468 364 495 homines
383 467 457 500 dicit,
470 469 514 502 qui
533 469 578 494 illo
593 469 618 494 in
639 473 758 501 tempore
773 467 878 493 fuerant
892 467 956 497 nati,

169 505 215 530 sed
230 504 355 530 familiam
370 504 456 538 gemis
471 504 562 538 ipsius.
579 502 712 530 Generatio
727 503 774 528 ista
787 510 797 528 :
809 502 834 528 id
848 507 898 534 est,
912 507 958 528 aut.

169 538 322 566 facientium
347 537 415 566 hanc
436 537 628 571 tentationem,
654 543 698 564 aut
727 537 896 572 patientium,
913 541 958 563 aut

170 579 337 607 peccatorum
357 574 504 606 hominum,
518 578 563 600 aut
576 574 739 605 daemonum,
755 573 799 607 qui
813 578 957 606 operantur

172 610 199 635 in
221 609 271 636 eis.
286 609 351 636 Nam
368 610 471 644 utrique
485 617 538 636 non
551 610 693 636 cessabunt
713 616 773 635 esse
797 608 826 644 i_u
847 608 957 640 saeculo,

168 644 255 672 donee
274 642 468 672 consummatio
485 644 542 677 ﬁat,
564 649 593 671 ut
611 644 682 671 dicat
704 644 766 674 illis,
792 642 919 670 Discedite
941 651 958 669 α

169 688 219 712 me,
234 680 370 712 maledicti,
386 680 412 706 in
427 681 509 715 ignem
530 679 720 715 teternum,rqui
741 683 900 715 prteparatus
920 683 958 705 est

169 715 270 742 diabolo
291 720 314 742 st
336 713 500 750 angelis'ejus
513 714 618 750 (Matth.
634 714 679 741 25.
700 714 756 748 Μ).
780 713 894 740 Necasse
917 717 958 741 est

168 751 250 783 enim,
265 755 292 777 ut
308 750 432 785 quamdiu
447 751 513 777 lides
528 754 653 781 tentatur,
670 749 955 785 lentatiorcservetur.

168 786 222 813 Aut
241 783 323 812 certe
331 786 540 813 Christianorum
567 785 763 819 generationem
777 783 849 816 dicit,
865 783 889 810 id
904 789 955 815 cst,

169 820 311 847 Generatio
327 821 376 847 ista
393 821 513 848 mortalis
526 829 576 847 non
590 819 711 846 transibit
725 819 757 846 ad
771 819 957 845 immortalita-

169 860 222 883 tem
237 864 244 882 :
260 855 356 888 Donec,
372 855 396 882 id
410 860 460 888 est,
478 857 526 882 nisi
540 855 596 882 haec
610 855 703 881 fuerint
720 859 914 886 consummata,
928 858 956 881 ut

168 896 259 925 postea
281 891 439 918 immortalis
452 895 479 918 et
494 891 664 925 impassibilis
677 890 733 917 liat.
757 889 799 917 55.
823 889 917 916 Caelum
932 894 955 915 et

168 931 235 952 terra
255 928 407 959 transibunt,
428 926 502 953 verba
525 931 609 952 autem
630 934 686 952 mea
709 933 759 952 non
783 925 954 959 prtzteribunt.

166 960 233 994 Quia
246 961 340 988 cazluin
360 966 387 989 et
400 967 469 989 terra
482 961 515 988 ad
535 962 712 988 ministerium
733 965 849 987 vestrum
865 965 955 987 creata

167 1001 239 1031 sum,
253 997 333 1023 verba
348 1002 437 1023 autem
460 1004 517 1023 mea
539 996 572 1023 ad
597 995 814 1031 gubernationem
839 999 954 1031 vestram

166 1030 305 1065 disposita.
328 1031 428 1058 thlum
440 1036 466 1059 et
478 1037 547 1059 terra
562 1030 671 1058 vanitati
691 1031 809 1064 subjecta
823 1035 894 1064 sunt,
911 1030 954 1058 di-

166 1070 246 1101 cente
259 1065 407 1101 Apostolo:
428 1066 539 1093 Vanitati
564 1068 629 1094 enim
654 1070 769 1093 creatura
793 1065 904 1099 subjecta
919 1070 955 1093 est

165 1099 254 1131 (Rom.
266 1099 294 1129 ει
305 1101 361 1137 ‘20).
376 1102 539 1129 Nalm-aliter
552 1106 640 1129 autem
660 1101 757 1129 veritas
774 1102 859 1128 nescit
877 1109 954 1129 meu—

165 1137 219 1170 tiri,
237 1144 287 1164 nec
300 1141 388 1172 potest
399 1137 540 1171 aliquando
555 1138 650 1171 perire.

377 1171 490 1199 lloniilia
502 1172 519 1199 ι.
535 1180 566 1199 ea:
577 1173 658 1207 capite
670 1172 739 1199 xxiv.

199 1206 244 1234 56.
264 1205 302 1234 De
325 1207 366 1234 die
389 1213 471 1234 autem
496 1208 541 1234 illa
563 1212 586 1234 et
608 1205 675 1234 hora
700 1215 772 1234 nerito
794 1207 851 1240 scit,
875 1215 956 1240 neque

163 1243 246 1276 angeli
261 1243 391 1275 calorum,
404 1251 481 1276 neque
492 1242 585 1275 Filius,
595 1243 643 1270 nisi
653 1243 720 1270 solus
733 1241 821 1270 Pater.
835 1243 880 1270 37.
895 1243 953 1270 Sic-

164 1282 191 1303 ut
205 1277 273 1304 enim
286 1278 312 1303 in
324 1278 409 1305 diebus
426 1277 482 1304 Noe
492 1299 498 1309 ,
512 1279 547 1304 ita
559 1279 605 1305 erit
619 1283 641 1305 et
654 1278 774 1304 adventus
790 1277 850 1304 Filii
872 1278 953 1305 homi-

164 1313 213 1339 nis.
229 1313 272 1340 58.
288 1312 361 1340 Sicut
374 1314 439 1340 cnim
453 1318 522 1340 erant
536 1314 561 1340 in
580 1313 666 1340 diebus
680 1318 738 1339 ante
752 1313 874 1340 diluvium
885 1321 954 1340 com-

163 1347 261 1384 edentes
271 1353 293 1374 et
304 1349 420 1378 bibentes.
431 1349 549 1384 nubentes
556 1353 578 1374 et
586 1349 674 1382 nuptui
685 1348 821 1381 tradentes,
833 1357 910 1384 usque
919 1349 952 1376 ad

163 1391 219 1410 eum
231 1383 295 1409 diem
305 1392 354 1418 quo
364 1384 464 1410 intravit
480 1383 536 1410 Noe
548 1384 575 1410 in
589 1392 673 1410 arcam
683 1404 690 1416 ,
707 1384 750 1411 39.
762 1389 785 1410 et
798 1392 848 1410 non
860 1393 954 1419 cogno-

163 1423 250 1444 uerunt
269 1418 348 1445 donec
362 1419 426 1446 venit
439 1419 576 1452 diluvium,
592 1424 615 1446 et
634 1420 689 1445 tulit
704 1427 788 1447 omnes
803 1419 858 1446 :ita
870 1418 915 1446 erit
929 1424 952 1447 et

162 1453 283 1480 adventus
307 1453 370 1480 Filii
394 1454 512 1481 hominis.
536 1454 624 1489 Usque
644 1463 715 1482 nunc
735 1455 858 1489 exposuit
878 1455 951 1490 signa

162 1489 407 1520 consummationis,
420 1490 594 1523 prirccdeutia
607 1495 667 1517 ante
675 1490 930 1517 consummationem
943 1499 950 1517 :

163 1531 232 1550 nunc
244 1523 331 1557 docet,
346 1525 407 1558 quia
419 1525 524 1552 subitus
535 1525 621 1552 veniet
635 1525 794 1551 novissimus
806 1525 895 1551 mundi
912 1525 952 1551 iii-

163 1559 255 1586 leritus
269 1559 419 1586 hominibus
431 1560 494 1586 nihil
509 1560 596 1587 adhuc
610 1560 662 1587 tale
676 1560 732 1587 lieri
745 1560 950 1593 suspicantibus,

161 1594 309 1621 secundum
324 1595 393 1629 quod
406 1595 471 1622 dicit
482 1600 510 1623 et
519 1595 660 1629 Apostolus
675 1604 682 1622 :
699 1595 760 1622 Cum
774 1596 883 1622 dixerint
900 1604 952 1629 pax

161 1633 191 1665 et,
204 1630 334 1665 securitas,
350 1635 409 1665 tunc
428 1631 572 1665 repentinus
590 1630 642 1657 illis
663 1631 816 1664 superveniet
834 1630 951 1658 interitus

162 1664 207 1698 (l.
230 1663 316 1691 Thess.
334 1665 359 1691 5.
376 1664 421 1700 5).
441 1663 474 1693 Et
488 1666 521 1693 de
535 1666 578 1693 die
594 1666 638 1692 illo
654 1663 754 1693 incerto
767 1666 800 1692 ad
816 1666 949 1693 cunnilum

160 1700 241 1726 etiam
255 1700 371 1734 seipsniu
387 1702 461 1735 punit
472 1702 564 1728 dicens
580 1710 586 1727 ε
602 1700 642 1727 De
651 1701 692 1727 die
704 1706 786 1727 autent
799 1700 843 1727 illa
853 1706 877 1727 et
887 1702 951 1728 hora

163 1742 234 1761 nenia
247 1736 301 1761 scit.
327 1735 353 1762 ld
369 1741 410 1762 est
422 1757 430 1769 ,
453 1744 505 1762 non
525 1737 612 1763 solum
625 1736 719 1770 aliquis
733 1736 868 1762 hominum
879 1757 886 1768 ,
903 1736 949 1763 scd

162 1777 248 1806 neque
259 1771 413 1804 angelorum
426 1771 576 1806 quisquam,
597 1780 641 1799 nec
654 1772 709 1806 ipse
719 1770 811 1802 Filius,
823 1772 872 1798 nisi
881 1772 950 1798 solus

163 1803 241 1842 Pater
256 1811 305 1842 :Vut
317 1814 395 1842 neuio
409 1803 476 1833 {erat
490 1803 600 1834 uioleSte
612 1828 618 1839 ,
633 1803 692 1842 quia
706 1807 775 1833 diem
793 1807 864 1833 illum
880 1807 950 1834 Deus

160 1839 248 1876 "posuit
271 1841 296 1866 in
318 1841 418 1868 incerto
431 1862 438 1873 .
459 1849 519 1868 cum
539 1842 573 1869 de
592 1839 650 1876 ipso
667 1843 698 1868 sit
721 1841 803 1869 Filius
823 1842 948 1869 incertus.

161 1874 253 1911 §imi|e
265 1876 362 1910 aliquid
374 1877 500 1910 scriptum
512 1882 552 1903 cst
561 1882 588 1903 et
599 1874 624 1903 in
636 1877 745 1904 Actibus
758 1878 948 1911 apostolorum.

161 1909 227 1946 Nam
240 1917 301 1937 cum
311 1909 523 1946 interrogassent
536 1920 596 1939 eum
612 1913 731 1946 discipuli
748 1909 816 1946 ejus,
832 1912 948 1945 Domine,

162 1945 184 1971 si
195 1945 220 1970 in
233 1951 343 1983 tempore
356 1945 530 1983 ltocirestilues
540 1955 645 1982 regnum
658 1947 740 1974 Israel
753 1945 819 1982 (Act.
832 1948 858 1974 1.
868 1951 894 1975 li.
905 1948 950 1983 7)?

162 1981 298 2014 respondit
312 1982 351 2017 eis
365 1991 370 2008 :
387 1982 447 2008 Non
462 1986 497 2009 est
510 1981 617 2009 vestrum
633 1991 705 2009 nosse
722 1988 833 2017 tempora
845 1985 882 2010 vel
897 1981 951 2010 mb-

162 2021 246 2053 mentu
257 2024 314 2050 quae
326 2016 403 2044 Pater
415 2018 498 2052 posuit
509 2018 534 2044 in
545 2026 591 2044 sua
604 2023 734 2053 potestate.
750 2016 904 2052 Opportune
916 2028 947 2046 ex

162 2050 213 2077 hoc
227 2051 293 2087 loco
312 2050 435 2079 convenit
455 2050 616 2085 admonere,
639 2061 699 2080 cum
720 2050 799 2080 multi
817 2053 948 2087 hniniues,

163 2086 277 2123 maxime
292 2087 335 2121 qui
353 2088 474 2115 \identur
492 2088 580 2120 docti,
597 2096 656 2115 cum
678 2089 830 2123 interrogati
852 2089 950 2116 fuerint

161 2121 276 2159 aliquam
288 2124 469 2156 qumstionem.
482 2123 503 2150 si
515 2125 676 2158 contingeret
688 2131 735 2151 eos
747 2121 868 2159 ignorare
878 2125 949 2159 quod

160 2156 290 2194 quaeritur
303 2166 309 2183 ε
323 2159 510 2186 erubescentes
518 2167 550 2185 ne
559 2156 697 2186 vidcantur
707 2156 804 2193 aliq'uiil
817 2156 948 2194 ignorare,

161 2191 228 2230 quia
244 2193 416 2230 totuinuscire
437 2198 577 2230 putantur,
592 2195 713 2230 colorant
727 2191 791 2230 falsa
807 2191 854 2230 pro
868 2191 948 2228 veris,

161 2231 189 2252 et
203 2226 294 2254 dicunt
307 2227 367 2255 aliis
377 2249 384 2260 ,
404 2226 474 2263 quod
492 2236 544 2256 non
566 2229 704 2256 audierunt
717 2238 730 2256 a
743 2226 860 2258 Christo.
882 2226 948 2257 Pro;

161 2266 252 2295 ptes-ea
266 2263 464 2291 considerames
478 2265 546 2291 hunc
560 2265 645 2291 locum
656 2284 665 2297 ,
681 2273 731 2292 non
746 2265 874 2293 deberent
886 2273 950 2293 eru-

160 2296 272 2335 bescere
286 2298 384 2335 aliquid
405 2300 591 2335 mysteriorum
615 2299 661 2326 Dci
682 2307 711 2327 sc
734 2301 872 2335 ignorare,
887 2309 948 2328 cum

161 2331 274 2367 legant,
298 2331 383 2367 ipsum
410 2331 543 2362 Christum
568 2343 621 2362 non
649 2331 848 2362 erubescentem
866 2331 949 2363 suam

161 2366 337 2405 ignorantiam
357 2371 476 2397 coutiteri
489 2370 521 2397 ad
537 2370 767 2404 respondendum,
784 2371 844 2405 quia
861 2371 896 2398 De
910 2372 951 2398 die

161 2402 207 2428 illa
224 2408 253 2442 _et
273 2403 335 2430 hora
354 2413 426 2442 nemo
443 2406 499 2437 scit,
511 2402 597 2442 neque
613 2405 702 2442 angeli
713 2426 722 2442 ε
743 2402 828 2442 neque
844 2405 926 2433 Filius
940 2414 950 2434 :

162 2440 275 2464 maxime
285 2446 345 2466 cum
361 2440 594 2476 sitinysteriornm
613 2440 658 2468 Dei
671 2441 751 2468 multa
768 2441 948 2476 profunditas:

163 2479 213 2499 nec
224 2476 312 2510 tamen
325 2475 461 2507 mentitur,
477 2476 581 2510 quando
597 2476 681 2510 ipsum
695 2477 764 2510 quod
778 2478 861 2508 scit,a
873 2477 950 2504 Patre

163 2508 275 2548 accepit.
288 2508 469 2548 Meritosiiain
482 2508 619 2548 Scientiain
636 2508 750 2546 denegat
759 2532 766 2544 ,
780 2520 838 2546 quae
851 2520 903 2548 non
917 2520 949 2539 ex

162 2549 196 2569 eo
212 2551 220 2583 ξ
235 2545 347 2583 sicut_et_
358 2545 420 2583 alibi
433 2554 492 2583 eum
508 2552 579 2573 esset
591 2547 676 2583 bonus
688 2567 694 2577 ,
711 2545 809 2574 bonum
824 2555 852 2575 se
867 2547 949 2574 dene-

160 2580 232 2617 gavit
244 2599 250 2610 ,
266 2580 327 2617 quia
341 2581 445 2617 bonitas
459 2581 517 2615 ejus
530 2586 586 2608 erat
601 2589 632 2608 ex
647 2581 734 2609 Patre.
751 2583 781 2609 Et
795 2590 828 2610 ne
843 2588 951 2617 propter

160 2614 387 2652 dispensationem
402 2614 543 2643 humanam
557 2617 702 2644 aestimetur
710 2617 779 2644 scire
789 2626 818 2645 se
829 2614 948 2652 erga—sse,

162 2656 215 2688 non
231 2649 311 2682 dixit,
325 2650 417 2688 _Neque
432 2651 514 2678 Filius
527 2652 642 2679 hominis
655 2661 661 2678 :
673 2652 732 2686 quia
748 2649 892 2679 secunduin
907 2654 949 2679 di-

163 2685 301 2723 vinitatem
315 2685 432 2723 diaiSSet,
443 2695 495 2714 non
506 2688 652 2723 secundum
664 2688 805 2715 humanam
817 2694 948 2716 naturam.

162 2719 228 2746 Nam
243 2720 310 2747 inter
322 2720 416 2748 Filium
428 2723 471 2749 Dei
482 2729 508 2750 et
520 2722 614 2750 Filium
626 2722 740 2750 hominis
751 2723 814 2750 nihil
830 2724 948 2750 interest.

163 2753 233 2780 Ecce
243 2757 386 2795 senectutis
399 2758 471 2795 signa
486 2759 688 2795 cognoscimus,
702 2758 773 2795 diem
784 2763 872 2786 autem
887 2759 951 2785 ulti:

164 2796 236 2827 mum
252 2793 403 2825 ignoramus
416 2801 427 2821 λ
436 2793 474 2820 sic
487 2798 512 2820 et
526 2793 637 2821 labentis
649 2793 723 2827 signa
736 2793 835 2820 scimus
845 2815 852 2826 ,
870 2795 950 2822 linem

164 2831 298 2863 ejusmon
321 2827 497 2861 agnoscimus.
520 2829 592 2856 Sicut
611 2830 681 2856 enim
702 2829 808 2863 quando
831 2829 950 2857 ridemus

167 2860 300 2888 hominem
312 2860 517 2895 sciiein,sciuius
531 2865 589 2899 quin
604 2872 669 2899 prop
677 2860 792 2891 rmbdum
805 2873 856 2892 moi
866 2866 948 2892 iturus

756 129 790 158 IN
810 127 1023 157 llAT'l'll/EUM.
1046 125 1161 154 llUMlL.
1184 126 1213 153 L.

1754 129 1807 160 ου

1015 188 1066 214 est,
1082 183 1187 221 quando
1199 183 1432 221 auten-,nescimns
1449 192 1455 210 :
1468 183 1507 211 sic
1519 188 1545 211 et
1559 185 1687 213 niumlum
1700 189 1806 221 quaint"

1018 219 1200 255 perturbatum
1222 218 1352 255 videmus,
1373 226 1496 246 casurum
1521 218 1715 255 cognoscimus:
1735 223 1807 251 dicm

1012 258 1099 290 autem
1110 254 1270 290 ignoramus.
1284 254 1435 289 Mysterium
1446 255 1490 282 Dei
1501 254 1570 282 scire
1580 257 1687 290 expedit
1699 257 1804 290 quidem

1013 288 1174 326 hominibus.
1193 288 1259 317 Nam
1279 288 1314 316 et
1325 297 1418 326 servus
1433 290 1510 317 lidior
1522 290 1550 317 lit
1563 288 1633 318 circa
1647 288 1803 326 obseptum

1013 325 1113 350 domini
1128 325 1179 354 sui,
1191 332 1250 351 cum
1263 325 1373 358 cmperit
1386 330 1487 352 secreta
1501 333 1548 352 sua
1559 328 1736 354 committere.
1753 328 1804 357 Sed

1013 359 1076 386 illud
1089 359 1156 386 scire
1169 359 1266 386 bonum
1281 364 1330 391 est,
1347 359 1418 394 quod
1435 361 1538 394 prolicit
1553 362 1585 388 ad
1599 362 1802 392 :cdilicatiouem

1011 395 1124 422 scienti:
1141 394 1193 421 hoc
1204 400 1293 422 autem
1308 395 1394 431 scire,
1414 395 1485 430 quod
1506 396 1569 423 nihil
1585 397 1661 426 nobis
1676 399 1784 431 prodest
1796 422 1802 431 .

1012 431 1096 467 magis
1107 434 1186 457 nocet
1198 451 1206 462 ,
1218 436 1247 467 ret
1259 430 1423 467 superﬂuunt
1438 436 1488 458 est.
1501 431 1571 459 Deus
1584 441 1658 466 ergo,
1674 430 1741 467 quia
1750 430 1802 462 non

1010 466 1100 492 omnia
1114 466 1241 500 mysteria
1249 465 1313 492 dicit
1326 466 1489 498 hominibus,
1504 474 1556 494 non
1572 468 1670 495 invidet
1683 465 1803 497 scientia:

1011 506 1109 537 nostrae
1124 509 1131 527 :
1152 500 1198 537 sed
1214 501 1274 537 quia
1289 508 1341 528 non
1355 502 1473 528 onniium
1490 503 1676 537 mysteriorum
1693 506 1802 531 scicntia

1010 536 1087 562 nobis
1100 535 1218 570 prodest.
1233 536 1306 563 Sicut
1317 537 1382 563 enim
1395 537 1421 563 in
1436 535 1525 564 diebus
1535 537 1600 569 Noe,
1613 539 1649 565 sic
1663 539 1708 565 erit
1719 546 1741 566 et
1755 542 1802 567 ml-

1009 576 1096 599 ventus
1108 570 1170 597 Filii
1180 571 1296 598 hominis.
1310 571 1382 598 Sicut
1395 577 1464 598 erant
1476 573 1502 599 in
1514 573 1600 600 diebus
1609 578 1667 600 ante
1679 575 1800 602 diluvium

1009 607 1222 642 itmmlurantrsrct
1233 607 1351 637 bibentes,
1362 612 1384 634 et
1395 608 1522 639 nubentes,
1531 613 1554 635 et
1562 609 1653 642 nuptui
1662 610 1798 638 tradentes.

1009 641 1085 674 Quod
1098 641 1172 673 dicit,
1188 641 1262 668 Sicut
1274 642 1321 668 fuit
1335 642 1360 668 in
1374 642 1468 669 diebus
1478 642 1550 675 Noe,
1565 641 1758 673 mandueabant
1773 651 1800 673 et

1010 676 1154 710 bibebant,
1179 677 1313 703 nubeliant
1331 682 1357 704 et
1376 678 1469 711 nuptui
1485 678 1623 706 tradebant
1638 688 1644 708 :
1662 688 1713 706 non
1729 686 1800 708 velut

1009 711 1179 743 manducare,
1194 717 1239 739 aut
1252 712 1352 744 bibere,
1368 718 1413 739 aut
1429 713 1538 740 nubere.
1555 714 1609 741 Nec
1622 715 1692 741 enim
1705 717 1743 742 fas
1757 722 1800 744 est

1009 752 1038 774 ut
1057 747 1336 784 destruatquodipse
1355 749 1493 775 constituit
1509 757 1516 777 :
1532 750 1578 776 sed
1595 750 1670 784 jubet
1685 758 1750 782 nos.
1771 757 1799 779 ut

1008 783 1079 819 quod
1100 782 1243 819 carnaliter
1263 782 1374 810 facimus
1387 804 1393 815 ,
1410 783 1441 810 ad
1459 784 1504 811 Dei
1519 782 1629 819 gloriam
1651 785 1778 814 facientes
1790 806 1798 816 .

1008 817 1181 855 spiritualiter
1193 817 1334 855 faciamus,
1346 825 1373 855 ut
1386 819 1501 855 carnalia
1518 817 1608 847 nostra
1625 827 1732 855 propter
1744 824 1798 854 sixi-

1009 853 1104 890 t'ituale
1117 853 1280 890 propOsitum
1295 854 1441 890 spiritualia
1459 854 1531 881 ﬁniit.
1554 853 1690 889 Quis-est.
1706 858 1748 890 qtti
1764 859 1798 884 ad

1008 888 1118 920 gloriam
1134 888 1179 915 Dei
1197 889 1338 924 manducat
1349 894 1377 916 et
1390 889 1472 917 bibit?
1486 890 1534 924 Qui
1549 888 1582 918 de
1596 899 1674 918 manu
1690 888 1736 920 Dei
1749 900 1795 920 ac-

1007 924 1110 960 cepisse
1129 924 1243 960 astimat
1258 923 1329 958 quod
1348 925 1488 952 manducat
1500 930 1527 952 et
1542 925 1617 953 bibit.
1630 926 1695 960 Quis
1708 932 1796 956 autem

1007 958 1040 996 de
1054 966 1135 996 manu
1149 958 1195 996 Dei
1209 965 1238 985 se
1250 959 1542 996 accepisseﬁiestiiuati
1554 961 1605 994 Qui
1619 958 1745 996 operator
1756 963 1799 996 ju-

1007 993 1118 1025 stitiam,
1132 999 1158 1021 et
1176 994 1258 1021 Deum
1274 995 1349 1022 timet
1360 995 1506 1023 olTendcre.
1520 993 1588 1024 Nam
1601 993 1738 1024 et‘scrvus
1752 993 1797 1025 illo

1006 1029 1081 1065 quasi
1094 1036 1190 1056 servus
1202 1028 1288 1056 ﬁdelis
1298 1030 1440 1058 manducat
1451 1031 1477 1058 in
1489 1031 1579 1064 domo,
1590 1032 1634 1065 qui
1645 1033 1798 1060 couisidcrat

1007 1063 1215 1102 i_t_leoacc_epi~se
1227 1071 1242 1091 a
1256 1065 1379 1098 domino,
1399 1070 1428 1092 ut
1440 1073 1517 1102 iopns
1537 1063 1637 1094 domini
1658 1073 1794 1102 operetur.

1005 1098 1071 1126 Nam
1086 1100 1131 1134 qui
1151 1100 1232 1127 Deum
1251 1107 1304 1128 non
1324 1101 1400 1128 timet
1417 1098 1569 1134 oll‘eiidere,
1586 1103 1630 1130 ille
1644 1098 1702 1130 sine
1714 1104 1796 1131 dubio

1006 1141 1059 1161 non
1075 1135 1188 1173 aestimat
1204 1142 1218 1161 a
1233 1135 1287 1162 Deo
1300 1144 1330 1173 se
1342 1138 1478 1171 accepisse
1490 1137 1560 1173 quod
1576 1138 1654 1169 bibit;
1669 1139 1715 1165 sed
1735 1147 1795 1173 pro-

1006 1175 1065 1204 ptcr
1077 1169 1128 1197 hoe
1141 1169 1474 1207 soluurmanducat','quia
1488 1169 1550 1200 caro
1562 1177 1612 1200 est.
1627 1173 1692 1207 Quis
1706 1169 1794 1202 au'teiu

1005 1209 1059 1244 est,
1071 1208 1118 1244 qui
1129 1206 1160 1232 ad
1172 1205 1283 1244 gloriam
1299 1205 1453 1244 Deinubit?
1474 1207 1523 1240 Qui
1539 1208 1614 1235 nubit
1626 1205 1673 1244 aut
1687 1215 1796 1244 propter

1005 1239 1165 1278 desiderium
1176 1239 1312 1278 bonorum
1328 1241 1452 1274 liliorum,
1474 1239 1519 1278 aut
1534 1239 1794 1278 perieulum-peccati

1007 1276 1113 1312 timens.
1136 1276 1200 1309 Quis
1221 1281 1277 1307 cst.
1294 1278 1338 1311 qui
1354 1283 1460 1312 propter
1479 1276 1639 1305 desiderium
1663 1276 1793 1307 bonorum

1006 1311 1119 1338 liliorum
1133 1312 1233 1347 nubit?
1257 1313 1306 1344 Qui
1328 1311 1466 1347 postquam
1483 1312 1605 1340 habuerit
1623 1314 1690 1341 lilios
1702 1335 1709 1345 .
1723 1315 1792 1343 circa

1006 1346 1238 1383 Dei_dis_ciplinam
1253 1346 1372 1374 continet
1385 1346 1441 1375 eos.
1463 1349 1587 1383 Alioquin
1603 1349 1647 1383 qui
1664 1349 1733 1377 ﬁlios
1747 1358 1795 1376 nc-

1004 1381 1088 1416 gligit,
1100 1381 1143 1409 ille
1156 1390 1209 1409 non
1222 1382 1380 1410 desideravit
1395 1383 1450 1409 Deo
1463 1381 1600 1417 generare.
1612 1381 1660 1410 sed
1674 1384 1791 1414 diabolo.

1005 1418 1070 1450 Quis
1085 1422 1143 1448 est.
1161 1417 1205 1450 qui
1225 1423 1333 1452 propter
1352 1418 1496 1452 periculum
1515 1419 1614 1452 peccati
1637 1419 1728 1446 nubit?
1742 1422 1792 1453 Qui

1005 1457 1143 1486 postquam
1166 1454 1301 1486 nupserit,
1322 1454 1521 1480 matrimoni-im
1546 1459 1618 1482 caste
1641 1461 1790 1482 conserVat.

1004 1488 1052 1520 Qui
1064 1492 1151 1514 autern
1165 1493 1271 1522 propter
1281 1489 1476 1515 matrimonium
1489 1489 1793 1517 indiﬂ'ercnterabutitur

1003 1523 1138 1559 uilioribus
1151 1524 1215 1552 suis.
1227 1523 1271 1550 ille
1284 1531 1335 1549 non
1347 1525 1572 1558 proptertutelam
1583 1526 1678 1552 :inima-
1692 1527 1790 1559 nupsit,

1004 1558 1051 1594 sed
1069 1563 1176 1592 propter
1189 1559 1368 1585 abundantem
1389 1559 1524 1586 lasciviam
1542 1561 1641 1587 carnis.
1663 1561 1712 1593 Qui
1728 1558 1792 1594 creo

1004 1592 1043 1620 sic
1062 1593 1202 1620 iuanducat
1217 1598 1243 1620 ct
1256 1593 1318 1621 bibit
1331 1614 1338 1626 ,
1353 1602 1404 1621 non
1420 1599 1519 1621 tantum
1537 1592 1698 1622 manducare
1711 1601 1736 1623 et
1750 1592 1789 1624 bi-

1003 1628 1066 1666 bere
1081 1630 1192 1660 videtur.
1204 1633 1332 1666 quantum
1349 1630 1394 1656 Dei
1407 1630 1515 1666 gloriam
1530 1630 1635 1664 operari
1648 1640 1653 1657 :
1666 1632 1725 1666 quia
1738 1640 1790 1659 nou

1003 1663 1051 1700 sibi
1067 1665 1159 1694 servit,
1175 1664 1222 1691 sed
1237 1664 1300 1691 Deo.
1316 1664 1350 1692 Et
1363 1663 1460 1700 quisic
1474 1663 1557 1695 nubit;
1575 1674 1626 1693 non
1642 1663 1741 1692 tantum
1754 1669 1791 1693 \i-

1002 1698 1212 1736 deturpubere,
1225 1704 1351 1734 quantum
1365 1698 1410 1727 [lei
1426 1701 1536 1734 gloriam
1552 1702 1656 1734 operari
1669 1710 1674 1727 :
1686 1703 1791 1736 quando

1003 1741 1054 1760 non
1069 1734 1128 1771 sibi,
1143 1735 1188 1761 sed
1206 1735 1260 1761 Deo
1275 1735 1440 1770 multiplicat,
1452 1741 1477 1762 et
1491 1737 1548 1763 sine
1561 1743 1669 1771 peccato
1683 1734 1792 1764 conscr-

1003 1774 1056 1805 vat.
1071 1769 1125 1796 lloc
1137 1777 1200 1805 ergo
1215 1770 1303 1797 dicere
1317 1769 1380 1797 vult.
1395 1772 1467 1798 Sicut
1483 1776 1545 1799 ante
1559 1769 1683 1798 diluvium
1695 1793 1702 1803 ,
1718 1780 1792 1802 rere-

1002 1804 1082 1832 dente
1092 1805 1125 1831 ab
1137 1805 1288 1832 hominibus
1304 1806 1348 1832 Dei
1361 1807 1464 1837 timore.
1480 1807 1543 1833 nihil
1559 1807 1690 1834 faciebant
1703 1807 1790 1834 hottti-

1003 1848 1050 1877 urcs
1062 1840 1093 1867 ad
1103 1841 1214 1875 gloriam
1227 1841 1283 1877 Dei,
1293 1841 1339 1867 scd
1351 1842 1438 1868 omnia
1451 1847 1558 1875 propter
1568 1842 1653 1869 solam
1664 1850 1770 1870 carnem
1783 1853 1789 1869 :
1829 1872 1836 1877 ,

1001 1876 1057 1912 she
1072 1877 1142 1903 enim
1155 1876 1349 1903 manducabant
1363 1881 1408 1903 aut
1422 1877 1556 1909 bibebant,
1568 1885 1620 1904 non
1634 1878 1665 1904 ad
1681 1879 1791 1912 gloriam

1004 1911 1048 1937 liei
1065 1911 1260 1947 iuauducabant
1271 1917 1316 1938 aut
1330 1912 1470 1944 bibebmnt,
1483 1914 1552 1941 sicut
1562 1915 1669 1941 mandat
1680 1916 1792 1947 Aposto-

1003 1946 1043 1973 lus
1058 1946 1094 1981 (l.
1107 1946 1167 1973 Cor.
1184 1946 1227 1974 10.
1244 1947 1271 1973 5.
1285 1948 1301 1973 li
1312 1947 1320 1981 )
1333 1967 1339 1978 .
1354 1949 1400 1974 sed
1413 1952 1521 1982 propter
1530 1948 1613 1974 solam
1628 1946 1790 1982 voluptatein

1002 1982 1135 2009 c:irnalem
1149 1990 1156 2008 :
1174 1982 1212 2008 sic
1225 1982 1273 2008 erit
1286 1981 1355 2008 circa
1369 1983 1458 2009 smculi
1474 1982 1565 2010 linem.
1578 1983 1650 2010 Sicut
1661 1981 1731 2010 enim
1744 1984 1791 2010 lio-

1002 2019 1096 2049 mines,
1112 2018 1154 2051 qui
1170 2018 1196 2044 in
1211 2022 1293 2044 tottun
1308 2018 1380 2043 carni
1397 2018 1508 2051 subjecti
1523 2024 1594 2050 sunt,
1610 2019 1731 2052 quamvis
1746 2019 1792 2045 ha-

1002 2053 1081 2080 beant
1102 2053 1228 2083 animam,
1250 2057 1336 2079 tamen
1356 2053 1524 2080 solummodo
1542 2061 1636 2080 carnes
1655 2054 1790 2086 dicuntur,

1003 2093 1116 2114 testante
1130 2086 1265 2120 Scriptura
1284 2097 1290 2113 ε
1307 2087 1368 2114 Non
1384 2088 1537 2122 permanebit
1555 2089 1658 2123 spiritus
1678 2097 1746 2114 tttt'tts
1764 2090 1790 2115 in

1002 2123 1142 2150 hominibus
1156 2124 1210 2149 istis
1223 2144 1230 2156 ,
1246 2124 1364 2157 quoniam
1379 2129 1438 2150 sunt
1451 2132 1538 2150 carnes
1556 2122 1640 2158 (Gen.
1653 2127 1678 2150 ti.
1697 2124 1713 2151 5
1725 2124 1744 2157 i.
1764 2125 1790 2151 lu

1001 2159 1097 2192 quibus
1107 2164 1193 2185 autem
1206 2166 1264 2193 pars
1276 2159 1372 2185 attinnt:
1385 2159 1519 2193 pra-valet,
1536 2159 1657 2192 quann’is
1668 2160 1718 2185 sint
1730 2167 1791 2186 car-

1003 2195 1085 2226 nales,
1100 2194 1251 2227 spirituales
1266 2194 1399 2223 dicuntur.
1410 2194 1479 2222 sicut
1489 2194 1552 2222 dicit
1564 2195 1724 2228 Apostolus:
1743 2193 1791 2221 l’us

1001 2235 1083 2264 autem
1097 2238 1147 2256 non
1161 2229 1217 2256 estis
1231 2230 1256 2255 in
1271 2237 1354 2261 carne,
1370 2230 1415 2256 sed
1427 2230 1453 2255 in
1467 2229 1567 2264 spiritu.
1584 2230 1605 2256 si
1621 2235 1703 2256 tamen
1717 2230 1792 2264 spiri-

1002 2269 1041 2290 tus
1054 2263 1100 2291 Dei
1113 2265 1204 2291 habite:
1217 2264 1243 2290 in
1256 2264 1323 2291 vobis
1338 2265 1347 2298 (
1360 2264 1433 2291 llam.
1450 2265 1476 2292 8.
1488 2264 1504 2292 9
1517 2266 1535 2298 ).
1553 2265 1596 2291 Sic
1607 2272 1688 2299 opera
1704 2263 1790 2291 hoiui~

1002 2307 1076 2332 num,
1090 2300 1210 2334 quamvis
1225 2300 1277 2326 sint
1292 2300 1449 2334 spiritualia,
1462 2301 1483 2327 si
1497 2300 1563 2326 facta
1577 2301 1672 2327 fuerint
1683 2304 1790 2335 propter

1001 2342 1108 2362 causam
1123 2335 1210 2362 Carnis
1220 2355 1227 2367 ,
1245 2340 1336 2369 tttputa
1347 2356 1354 2366 ,
1375 2335 1396 2362 si
1411 2336 1470 2370 quis
1488 2343 1555 2369 opus
1570 2336 1667 2361 bonum
1683 2340 1792 2370 pIOptcr

1002 2370 1124 2397 homines
1139 2371 1217 2397 faciat
1228 2391 1236 2404 ,
1256 2371 1389 2397 invenitur
1401 2379 1461 2397 esse
1477 2371 1604 2397 carnale:
1622 2374 1648 2397 et
1669 2372 1791 2404 quamvis

1002 2406 1037 2432 sit
1055 2406 1177 2437 carnale,
1197 2406 1218 2431 si
1236 2410 1342 2439 propter
1357 2413 1464 2432 causam
1480 2405 1644 2440 spiritualem
1660 2406 1737 2432 fuerit
1751 2405 1789 2432 fa-

1001 2446 1084 2471 ctum,
1099 2441 1123 2468 id
1137 2446 1187 2473 est,
1199 2441 1429 2476 proptcrgloriam
1442 2441 1498 2472 Dei.
1510 2441 1644 2467 invenitur
1654 2442 1791 2474 spiritoale

1002 2485 1061 2503 esse
1077 2482 1183 2510 propter
1203 2484 1309 2502 causam
1326 2476 1501 2510 spiritualem.
1518 2476 1589 2502 Sicut
1605 2477 1691 2511 fuitin
1704 2477 1790 2504 diebus

1003 2511 1060 2547 Nae
1073 2511 1146 2547 (Gen.
1164 2512 1202 2546 7).
1219 2511 1246 2539 ld
1261 2516 1311 2544 est,
1329 2513 1367 2538 sic
1381 2512 1432 2538 erit
1446 2511 1580 2546 generalis
1594 2512 1734 2545 interitus,
1752 2513 1790 2538 sic

1001 2546 1165 2574 subitaneus.
1181 2547 1254 2573 Sicut
1266 2552 1328 2573 tunc
1342 2547 1428 2573 omnis
1441 2553 1562 2574 creatura
1573 2546 1660 2574 deleta
1671 2553 1722 2580 est,
1734 2547 1790 2573 sola

1002 2588 1089 2609 autem
1105 2589 1165 2608 arca
1181 2582 1281 2614 evasit,
1297 2582 1331 2608 de
1345 2581 1463 2608 trabibus
1477 2582 1614 2617 quadratis
1629 2582 1694 2609 facta
1708 2602 1715 2613 ,
1731 2586 1791 2608 octo

1002 2619 1104 2644 animas
1128 2617 1247 2650 liajulans
1268 2626 1275 2642 :
1297 2617 1332 2644 ita
1353 2622 1379 2644 et
1399 2616 1425 2643 in
1445 2619 1675 2644 consummatione
1696 2625 1790 2643 omnes

1003 2653 1118 2680 hereses
1133 2653 1286 2684 interibunt,
1297 2660 1346 2678 una
1362 2652 1544 2680 tantummodo
1556 2660 1617 2680 arca
1632 2652 1787 2682 salvabi:ur.

1003 2688 1027 2715 id
1034 2694 1071 2714 ρει
1078 2709 1084 2719 ,
1094 2688 1209 2715 Ecclesia
1221 2687 1328 2717 Christi.
1337 2687 1370 2714 de
1377 2687 1455 2722 justis
1463 2688 1612 2715 hominibus
1621 2692 1789 2721 congregata.

1002 2724 1074 2750 Sicut
1092 2729 1153 2750 tunc
1167 2723 1292 2757 quicquid
1305 2722 1352 2750 fuit
1366 2729 1440 2751 extra
1453 2731 1552 2755 arcam,
1567 2722 1655 2758 pi-riit,
1669 2723 1706 2748 sic
1719 2728 1743 2747 et
1760 2723 1784 2748 in

1003 2759 1055 2786 line
1067 2759 1226 2794 quicumque
1240 2759 1318 2786 fuerit
1331 2764 1404 2786 extra
1415 2767 1493 2786 unam
1506 2758 1649 2786 Ecclesia":
1659 2758 1787 2789 veritatis,

1003 2794 1107 2829 peribit.
1124 2794 1188 2828 Quin
1208 2794 1328 2822 Ecclesia
1352 2795 1432 2821 habet
1451 2799 1512 2820 octo
1532 2797 1670 2829 rectores.
1685 2797 1787 2829 sfptcni

1002 2827 1121 2864 spiritus,
1136 2837 1202 2864 quos
1222 2834 1361 2857 enumerat
1383 2829 1464 2856 Isaias
1479 2828 1607 2864 (Capti.
1619 2835 1646 2864 v.7
1658 2828 1675 2853 τὶ
1693 2827 1743 2864 75),
1759 2834 1785 2864 et

1005 2862 1154 2901 unigenitus
1168 2866 1252 2893 Deus:
1263 2867 1300 2893 sic
1313 2870 1338 2893 et
1353 2865 1477 2892 Salomon
1494 2863 1553 2890 dicit
1566 2871 1572 2890 :
1583 2863 1713 2896 Sapientia
1727 2862 1788 2888 κιώ-
