2021 3128
241 171 243 174 ι
287 155 335 183 951

285 215 368 240 oleum
382 220 476 240 secum.
491 211 564 238 Sicut
587 211 687 244 lampas
707 217 759 237 non
778 217 810 237 ex
831 209 891 236 oleo
908 209 1070 242 accenditur,

283 249 330 275 sed
346 249 379 275 ah
392 248 463 282 igne,
480 255 527 281 per
538 247 625 272 oleum
639 251 726 282 tamen
743 245 867 282 nutritur,
882 249 909 282 et
922 244 972 282 _uisi
986 245 1073 272 oleum

282 284 306 310 ei
317 280 572 313 stiliiniiiisti'avei'is.
584 281 762 314 exstinguitur
774 289 781 306 :
798 281 836 307 sic
856 285 881 307 et
895 280 960 306 ﬁdes
973 288 1025 306 non
1038 288 1072 307 ex

282 319 408 353 operibus
421 317 537 353 nutritur
546 337 554 348 ,
567 316 609 343 vel
624 315 788 353 aet-enditnr.
801 315 848 342 sed
862 323 895 342 ex
908 315 1051 353 verbo_l)ei
1065 336 1072 346 .

283 351 353 380 sicut
367 354 404 379 ait
415 352 560 386 Apostolus
573 372 580 382 ,
598 356 685 378 tamen
700 359 748 385 per
759 351 826 378 bona
838 358 917 386 opera
935 351 1051 386 nutritur
1064 359 1072 377 :

282 395 309 416 et
325 389 374 414 nisi
389 385 634 414 subiniuistraveris
652 387 676 413 ei
689 393 770 420 opera
787 385 854 412 bona
864 407 872 418 ,
884 385 984 412 deﬁcit.
1000 385 1075 413 Sicut

281 424 352 451 enim
368 431 421 450 non
443 427 530 457 potest
553 422 578 447 in
602 422 683 448 Deum
703 429 831 454 sperare,
856 421 905 457 nisi
919 421 962 457 qui
986 420 1072 457 aliqua

282 466 362 494 opera
386 458 455 485 bona
470 457 533 494 facit
546 466 554 494 ι
567 457 605 483 sic
623 464 675 494 noli
699 461 788 494 potest
799 456 910 483 credere
925 456 978 494 lico
990 475 998 487 ,
1021 456 1072 482 nisi

284 491 328 528 qui
344 493 406 520 facit
418 492 515 526 aliquid
531 493 639 524 dignum
655 492 719 528 Deo.
744 491 807 528 liule
826 496 882 528 est,»
893 491 963 524 qtiod
977 498 1072 525 prcca-

284 526 355 556 tbres
370 536 420 556 non
434 528 543 555 credunt
558 528 622 558 lico,
638 527 693 554 sive
704 534 763 553 eum
774 526 807 553 de
817 526 899 561 gloria
916 531 1070 552 sanctorum

282 565 341 598 quis
354 564 393 590 eis
405 563 537 597 loquatur,
549 563 605 589 sive
619 562 652 589 de
668 569 745 596 paena
763 567 931 598 peccatorum
947 570 953 587 :
968 566 995 588 et
1008 561 1070 598 dum

282 597 460 626 noticrcdiiiit
482 598 598 624 futurum
620 605 679 624 esse
702 597 771 631 quod
797 597 910 627 dicitur,
936 604 1020 631 neque
1039 597 1073 623 de

282 634 352 661 bono
368 634 457 660 futuro
471 633 637 660 delectantur
648 653 655 664 ,
681 640 767 666 neque
787 632 821 658 de
843 632 912 658 nian
928 636 1070 658 terrentur.

281 669 352 696 Vere
371 669 435 696 fatui
449 672 511 695 sunt
530 676 623 695 omnes
640 668 775 698 homines,
798 666 842 701 qtii
858 671 902 693 aut
917 667 1003 694 solum
1016 669 1074 694 exi-

281 705 390 731 stimant
404 704 454 731 sibi
470 711 547 738 posse
559 703 682 730 sufﬁcere
696 703 728 729 ad
742 703 852 728 salutent
866 722 872 732 .
885 702 1073 738 qitiaicredunt

283 740 308 766 in
322 737 509 771 Cbristnnnct
523 738 664 765 Christiani
677 738 802 764 dicuntttr
813 758 819 768 ,
834 741 862 764 et
875 745 928 764 non
945 737 1070 764 festinant

280 775 439 808 semetipsos
468 774 543 800 bonis
566 774 692 808 operibus
711 773 899 808 commendare
918 780 925 798 :
951 780 1001 799 nec
1023 780 1071 799 au-

280 811 356 838 diunt
374 810 502 837 Jacobum
524 807 656 835 dicentem
673 828 680 838 .
708 808 774 841 Quia
797 807 859 841 ﬁdes
881 808 935 834 sine
956 807 1071 841 operibus

281 851 380 873 mortua
389 850 423 871 est
432 843 531 878 (Jacobi
540 844 624 879 2.20).
634 843 661 870 5.
677 843 703 868 Μ
708 851 778 869 oram
785 848 867 879 uutein
875 843 982 876 faciente
992 851 1068 879 spon-

281 889 320 912 so,
337 881 533 907 dormituverunt
554 877 639 905 omnes
653 879 761 913 virgines
772 899 779 910 ,
796 883 818 904 et
833 878 1000 904 dormierunt.
1015 877 1071 905 Hoc

281 915 411 950 signiﬁcat
425 922 531 946 sermo,
547 915 746 950 qttiartardante
767 913 997 950 consummatione
1017 921 1069 950 non

281 947 366 977 solum
384 954 537 984 peccatores
549 947 563 981 ξ
577 949 622 976 scd
639 950 718 975 etiam
735 949 799 984 justi
819 953 846 974 et
868 948 1020 983 spirituales
1037 947 1070 975 ad

282 983 469 1020 negligentiam
483 989 545 1012 sunt
559 985 711 1012 revolvendi
726 983 740 1014 ,⁷
753 989 778 1020 et
792 983 882 1010 relicta
897 983 938 1009 via
954 984 1068 1020 virtutis,

280 1023 313 1047 ad
328 1021 443 1048 carnalia
458 1020 650 1047 delectainenL-i
664 1023 724 1046 sunt
739 1019 905 1052 aliquatenus
922 1019 1068 1052 transituri,

281 1061 309 1082 ut
322 1061 350 1083 ct
376 1056 440 1082 illitd
456 1055 597 1089 impleatur
619 1054 689 1089 quod
711 1054 837 1088 propheta
862 1053 967 1080 dicebat
983 1062 988 1079 :
1006 1054 1069 1080 Sat-

281 1099 338 1117 rttni
353 1099 391 1117 me
407 1093 456 1126 (ac.
479 1090 597 1122 Domine,
620 1089 850 1126 quoniainrdefecit
871 1094 1069 1126 sanctumque-

280 1127 349 1152 m'ani
365 1123 482 1153 diniinuti
499 1131 557 1152 sunt
569 1125 657 1159 ﬁdeles
672 1133 687 1150 (ι
700 1125 760 1158 ﬁliis
775 1125 911 1159 hominum
924 1123 1009 1159 (Psal.
1025 1124 1068 1150 ll.

279 1162 319 1193 ‘2).
339 1161 371 1188 Et
393 1162 443 1188 hoc
455 1165 497 1187 est.
517 1160 586 1194 quod
609 1160 732 1186 Christus
752 1159 878 1186 dicebat:
894 1158 989 1191 Putas,
1012 1167 1070 1186 cum

280 1197 373 1223 υιιιιετὶι
398 1195 479 1222 Filius
502 1195 609 1221 hominis
625 1215 632 1225 ,
657 1195 762 1221 inveniet
785 1195 860 1227 ﬁdem
881 1202 957 1228 super
977 1199 1069 1220 terrain

279 1232 356 1265 (Luc.
375 1231 416 1258 18.
432 1231 474 1265 8)?
485 1230 550 1257 Nam
565 1230 674 1264 vigilare
688 1228 988 1265 cstjtistitiauifacere,
1004 1229 1068 1255 dor-

280 1263 347 1293 niire
361 1263 454 1293 autem
467 1263 602 1299 negligere
613 1269 654 1292 est
667 1273 724 1291 eam
737 1285 745 1297 ,
768 1265 837 1291 sicut
857 1264 921 1290 dicit
936 1273 943 1291 :
964 1263 1070 1299 Vigilate

280 1310 339 1336 ergo
353 1322 360 1329 .
382 1302 441 1336 quin
455 1298 554 1328 nescitis
568 1308 617 1334 qua
637 1301 700 1336 liora
719 1300 799 1336 veniet
814 1299 937 1326 Dominus
961 1298 1068 1336 (Matth.

279 1334 325 1364 2‘5.
341 1334 398 1369 4‘2).
425 1337 457 1363 Et
476 1344 538 1362 vere
557 1343 610 1362 non
627 1335 729 1368 tardat,
747 1334 797 1361 sed
820 1339 947 1369 quantuni
963 1335 996 1361 ad
1020 1343 1068 1362 no-

279 1378 362 1400 stram
378 1371 580 1398 inconstantiam
597 1371 702 1397 tardare
722 1370 833 1398 videtur.
858 1370 923 1396 Nam
944 1369 965 1396 si
981 1370 1071 1397 consi-

278 1409 423 1439 deremus,
445 1415 477 1434 ex
499 1414 551 1440 quo
565 1405 688 1432 Christus
711 1405 736 1432 in
759 1405 854 1433 cmlum
877 1404 1017 1438 ascendit,
1042 1410 1069 1432 ct

278 1448 406 1477 quantum
422 1442 544 1468 vivebant
567 1440 688 1468 homines
703 1445 765 1468 ante
777 1440 904 1468 diluvium
916 1461 924 1477 ε
944 1444 971 1467 et
987 1447 1069 1477 prope

281 1475 382 1504 tantum
393 1478 507 1512 spatium
520 1480 570 1507 est.
585 1481 683 1511 quanto
699 1481 817 1510 tempore
830 1475 953 1512 crat_vita
976 1476 1068 1503 unius-

277 1510 415 1548 cujusque
425 1520 528 1539 eorum.
545 1512 578 1548 (Si
595 1510 658 1546 quis
679 1516 770 1548 autent
789 1511 881 1548 oculos
894 1510 973 1548 habet
989 1518 1069 1548 aper-

278 1545 340 1581 tos,
363 1545 486 1582 intelligit
507 1547 567 1580 quia
589 1545 743 1582 mysterium
765 1546 842 1580 hujus
858 1546 930 1573 verbi
953 1545 978 1573 in
992 1547 1069 1573 nobis

278 1583 415 1618 impletum
431 1581 480 1610 cSt.
502 1583 587 1618 Omne
606 1581 677 1618 enim
690 1582 806 1608 studium
829 1581 966 1618 spirituale
985 1582 1068 1618 [elin—

277 1616 393 1653 quiinus,
407 1624 433 1645 ct
443 1621 475 1645 ad
487 1617 602 1644 carnalia
613 1617 806 1653 delectameuta
819 1617 970 1653 transimus.
985 1616 1068 1649 Quem

279 1652 349 1681 enim
363 1654 481 1680 invenies
495 1653 585 1685 modo,
600 1661 652 1679 non
665 1652 750 1679 dicant
767 1652 874 1682 laicnin,
891 1652 937 1678 sed
951 1657 996 1678 aut
1009 1659 1068 1686 pre—

277 1689 413 1723 sbyterum
428 1709 436 1721 ,
465 1693 510 1714 aut
530 1688 683 1722 episcopum
696 1708 703 1718 ,
725 1687 768 1720 qui
788 1687 821 1714 ad
836 1686 982 1721 perfectum
1005 1694 1068 1714 con-

278 1729 379 1751 temnat
393 1724 483 1751 surculi
500 1723 567 1750 bona
580 1744 588 1755 ,
604 1723 716 1750 credens
732 1723 988 1750 consnniiiiationcin
1009 1729 1069 1748 esse

278 1759 472 1794 propinquam?
496 1758 682 1794 Unusquisque
696 1758 768 1786 enim
781 1757 845 1794 dicit
865 1757 889 1783 in
905 1757 986 1784 corde
994 1765 1067 1794 “suo,

279 1792 442 1821 inﬁdelitatis
462 1794 556 1827 spiritu
577 1793 736 1828 prtei'alenle
753 1801 759 1820 :
786 1793 856 1820 Ecce
870 1801 901 1820 ex
924 1800 976 1827 quo
989 1792 1068 1819 Citri-

278 1834 335 1856 stus
350 1830 399 1856 fuit
414 1830 439 1855 in
456 1829 545 1861 terris,
560 1836 667 1863 semper
681 1829 779 1855 dicitur
789 1849 796 1860 ,
811 1828 1011 1855 Consummatio
1024 1835 1069 1854 vc-

278 1865 353 1895 niet,
378 1869 406 1890 et
424 1871 486 1891 ecce
500 1863 616 1890 nonduin
641 1864 721 1890 venit.
748 1863 785 1890 Nc
806 1864 873 1890 forte
887 1871 940 1889 non
965 1870 1068 1896 przrpa-

279 1900 354 1926 randi
369 1907 448 1926 causa
462 1919 468 1930 ,
483 1899 529 1925 srd
545 1899 660 1925 terrendi
682 1899 732 1925 ista
747 1898 889 1932 Scriptura:
905 1897 1069 1932 loquuntur?

278 1935 328 1968 Qui
356 1939 444 1961 autem
468 1941 519 1960 non
544 1941 606 1960 vere
624 1933 708 1960 credit.
729 1933 986 1968 consummationem
1008 1939 1069 1968 esse

280 1967 464 2004 propinquam,
480 1977 533 1996 non
543 1976 576 1996 ex
590 1969 677 1996 verbis
691 1976 751 2002 quae
764 1968 837 2000 dicit,
853 1973 899 1995 aut
911 1967 983 1995 audit
997 1988 1004 2001 ,
1021 1967 1068 1994 sed

279 2013 311 2031 ex
327 2005 451 2039 operibus
474 2012 533 2039 quae
556 2005 618 2038 agit,
640 2003 819 2039 cognoscitur.
839 2003 889 2035 Qui
911 2004 981 2030 enim
1007 2011 1069 2030 vere

277 2041 362 2068 eri-dit
374 2040 630 2067 consummationem
643 2047 702 2066 esse
713 2039 896 2073 propinquam,
914 2039 977 2065 nihil
993 2043 1069 2073 curat

277 2076 310 2103 de
324 2076 498 2114 numdo._nec
513 2075 539 2101 in
554 2079 687 2114 ppsteruin
709 2071 808 2108 aliquid
818 2071 908 2114 servat
921 2082 927 2101 :
942 2074 1003 2114 quia
1018 2071 1068 2114 iiee

279 2119 390 2146 peregre
404 2111 524 2138 exiturus
545 2110 643 2144 aliquid
664 2117 754 2137 sccutn
772 2113 871 2146 portat
883 2109 909 2135 in
923 2109 990 2146 _via,
1018 2109 1067 2146 nisi

278 2143 356 2173 forte'
363 2154 468 2180 panem,
482 2153 560 2180 quem
575 2145 756 2172 necessarium
772 2143 851 2180 habet
866 2144 891 2171 in
905 2144 956 2170 via.
972 2144 999 2171 6.
1013 2144 1069 2171 Me-

278 2182 321 2207 dia
336 2179 407 2208 nocte
421 2179 517 2208 clamor
531 2182 612 2216 [nctus
627 2184 662 2206 est
676 2181 772 2216 ,rqttasi
787 2179 889 2216 clamor
900 2187 1068 2216 pr:rcnrreii-

279 2217 344 2243 tium
361 2221 388 2243 ct
402 2214 606 2251 pra-tubaiititnn
621 2215 786 2251 angelorum.
803 2215 851 2248 Qui
867 2215 989 2251 clamor?
1003 2214 1069 2251 Ecce

277 2260 384 2282 sponsus
398 2249 472 2283 uenit,
486 2251 550 2278 exite
563 2250 660 2276 obviam
673 2251 704 2276 ei.
721 2249 795 2278 Unde
806 2254 882 2284 putas
893 2250 966 2284 jubci
982 2250 1069 2277 exire?

277 2287 312 2314 de
323 2287 455 2318 domibus,
469 2286 501 2313 de
512 2285 679 2312 civitatibus?
692 2284 749 2312 Non
761 2293 768 2317 ;
783 2293 830 2312 nec
841 2285 911 2312 enim
924 2289 966 2312 est
980 2286 1067 2312 ratio:

278 2323 324 2348 sed
341 2327 368 2348 iit
381 2327 473 2348 exeant
489 2321 522 2348 dc
538 2321 646 2352 mundo,
660 2325 756 2347 exeant
771 2319 803 2347 de
819 2320 906 2353 iniqua
920 2321 1009 2347 carnis
1022 2329 1069 2347 na-

279 2362 347 2383 tura.
373 2357 410 2384 Ex
429 2365 461 2384 co
481 2356 551 2391 quod
563 2355 709 2390 Apostolus
728 2355 767 2391 (l.
783 2355 842 2382 Cor.
860 2355 902 2382 15.
920 2354 967 2390 5'3.)
979 2357 1025 2387 ait,
1043 2357 1067 2383 in

280 2392 422 2419 novissima
446 2392 507 2419 tuba
534 2397 654 2418 mortuos
677 2391 864 2418 suscitandas:
886 2391 963 2417 datur
990 2392 1068 2418 nobis

281 2428 386 2454 occasio
399 2427 558 2459 :Iblitllﬂﬂtll,
573 2426 717 2453 clamorem
733 2426 804 2452 illutii
822 2433 892 2457 esse,
907 2426 940 2454 de
952 2434 1004 2461 quo
1019 2427 1069 2452 Du—

281 2462 370 2488 minus
383 2462 447 2489 dicit
460 2470 466 2488 :
486 2462 549 2488 Ecce
563 2462 659 2488 (lantur
672 2463 753 2496 factus
766 2466 812 2488 est.
828 2461 1002 2488 [Estiincnius
1012 2462 1068 2488 Clu-

280 2505 380 2523 iuori-ni
395 2504 454 2524 esse
466 2498 586 2524 tubarum
602 2497 817 2530 prteCcdentiuni,
832 2504 898 2531 quas
912 2496 1028 2524 Joannes
1044 2499 1069 2523 in

280 2532 450 2559 lievclatione
475 2540 520 2558 sua
545 2532 637 2567 (Apoc.
653 2532 678 2558 1.
694 2532 737 2559 10.
752 2532 778 2559 4.
800 2537 823 2558 et
842 2540 864 2558 ο.
879 2532 906 2559 8.
921 2536 1067 2567 perlatum)

279 2567 412 2601 exposuit.
427 2574 537 2603 quarum
554 2568 674 2594 tubarum
688 2569 819 2594 clamores
828 2572 894 2603 sunt
910 2568 965 2603 ipsa
982 2567 1068 2601 signa,

279 2612 337 2638 qua:
349 2603 414 2629 limit
426 2603 459 2628 ab
469 2601 517 2628 eis.
532 2603 581 2636 Qui
595 2610 658 2637 ergo
673 2603 794 2636 intelligit
807 2602 850 2629 illa
865 2601 938 2637 signa
953 2603 1069 2629 claman-

280 2640 314 2666 tia
330 2638 419 2665 saacnli
436 2638 514 2664 linem
528 2658 535 2669 ,
557 2637 602 2664 ille
625 2638 698 2664 audit
712 2638 855 2665 clamorem
872 2638 993 2664 tubarum
1014 2639 1068 2664 cla-

280 2674 407 2701 mantium
421 2694 427 2705 ,
443 2672 504 2707 quia
523 2677 596 2699 venit.
619 2680 732 2706 sponsus
745 2694 752 2706 ,
775 2680 887 2708 quarum
901 2680 993 2700 vocent
1013 2681 1068 2708 (non

278 2710 398 2744 cmporis
412 2709 483 2735 auris
495 2708 584 2739 audit,
609 2707 655 2744 sed
669 2707 939 2744 aniinzeiinteilectus.
957 2708 982 2734 7.
998 2707 1069 2735 Tunc

279 2743 440 2770 uiri-exerunt
455 2751 540 2770 omnes
555 2743 662 2776 virgines
675 2743 737 2770 illw.
758 2743 815 2771 line
829 2748 879 2777 est,
894 2751 955 2773 cum
968 2744 1069 2770 clamor

279 2779 365 2806 factus
378 2780 455 2806 fut-rit
466 2799 474 2812 ,
490 2786 542 2805 non
564 2778 650 2805 solum
662 2778 725 2812 justi
736 2799 743 2810 .
762 2778 808 2805 sed
821 2779 901 2805 etiam
917 2784 1070 2813 peceatores

279 2814 313 2840 de
326 2821 419 2841 somno
433 2814 601 2849 negligentia:
615 2818 735 2848 surgent.
749 2813 823 2840 Tunc
837 2814 963 2847 incipient
976 2814 1070 2841 timere

280 2854 307 2876 ct
330 2849 466 2880 festinare.
491 2856 553 2877 tunc
575 2849 685 2876 crudi-nt
707 2849 767 2883 quia
790 2857 853 2876 vere
878 2849 1008 2876 ﬁniendus
1029 2854 1071 2876 cst

282 2884 403 2912 mundus.
431 2885 494 2912 Nam
517 2884 741 2921 quemadmodum
757 2884 886 2912 securitas
908 2885 987 2912 etiam
1008 2884 1067 2912 dili-

919 153 1006 180 OPUS
1025 153 1059 180 l‘ll
1065 153 1268 182 PERFECTUM
1838 161 1880 190 πῖ

1129 210 1357 249 gentcslioniines
1372 210 1536 249 negligentes
1552 211 1614 249 facit
1629 221 1636 238 :
1651 211 1686 240 sic
1699 213 1769 241 timor
1784 223 1878 249 prm-

1129 246 1162 272 Iis
1178 246 1287 280 periculi
1312 247 1391 272 etiam
1408 246 1574 281 negligentes
1593 247 1709 275 homines
1723 246 1815 278 exhibet
1831 253 1879 280 dzli-

1128 285 1238 322 gentes;
1253 281 1299 322 sed
1322 281 1386 308 nihil
1399 282 1438 308 eis
1453 281 1782 322 pfoderit_diligciitia__illa
1794 306 1800 318 ,
1818 294 1879 322 quam

1127 321 1244 357 uenerat
1264 316 1343 357 timo_r
1354 337 1368 357 ,1
1388 324 1440 343 non
1466 317 1542 357 ﬁdes.
1569 316 1812 357 Tuncjntelligent,
1825 316 1879 357 'quia

1127 351 1192 377 nihil
1207 355 1248 378 est
1260 351 1331 389 quod
1344 352 1468 389 vixerunt
1481 352 1505 378 in
1522 353 1630 389 mundo.
1648 353 1718 381 Tunc
1729 351 1877 389 lII-Clpltlnl'stt-

1127 393 1190 420 pere
1204 407 1212 418 ,
1228 386 1411 427 qtiandoiiihil
1428 387 1467 413 eis
1480 388 1599 427 pnoderit
1619 389 1748 427 sapuisse._
1758 386 1785 417 El
1797 399 1880 427 compo-

1126 426 1231 459 suerunt
1244 421 1373 459 lampades
1395 430 1462 449 suas.
1477 423 1511 459 ild
1526 429 1566 450 est
1577 444 1583 452 .
1601 421 1663 451 tunc
1677 425 1790 459 incipient
1807 421 1881 455 omim

1126 457 1247 491 aspicere
1267 462 1295 484 et.
1316 457 1450 484 discutere
1473 458 1552 484 ﬁdem
1565 466 1660 485 suam:
1678 457 1736 486 tunc
1755 462 1880 489 considen-

1127 491 1192 530 liunt
1205 492 1301 526 singuli
1312 499 1396 530 opera
1411 500 1468 523 sua.
1484 494 1527 530 qui
1541 493 1611 530 bene
1626 495 1747 524 fecerunt.
1762 497 1799 530 qui
1810 497 1880 530 male,

1126 527 1377 564 et_interrogabunt
1400 529 1577 555 conscientias
1592 537 1664 555 snas.
1687 527 1880 564 Qtientailiiitiditiii

1126 562 1197 588 enim
1209 567 1400 600 superventuro
1409 570 1512 600 sponso
1529 564 1634 600 festinat
1650 572 1679 591 se
1694 562 1780 599 sponsa
1792 574 1878 600 (‘0lllpu-

1127 605 1250 635 n_cre,__ne
1265 597 1334 635 forte
1346 606 1378 624 ex
1392 598 1477 635 aliqua
1496 603 1569 632 parte
1583 597 1720 633 displiceat
1740 608 1826 635 sponso
1838 597 1881 628 {ita

1125 632 1220 666 singuli
1236 633 1393 667 semetipsos
1405 633 1560 667 judicabant
1577 632 1647 668 apud
1665 642 1703 662 se.
1719 632 1769 663 llt-c
1779 642 1813 663 est
1825 638 1880 664 enim

1126 675 1276 701 praiparare
1293 668 1359 706 ﬁdes
1371 675 1442 706 suas.
1457 669 1532 702 Quod
1547 669 1568 706 si
1582 677 1688 706 semper
1703 679 1748 697 nos
1760 672 1790 698 ita
1801 672 1881 706 judica-

1125 710 1225 734 romtis,
1238 702 1460 737 quemadmodum
1477 709 1538 731 tunc
1551 702 1695 738 jndicatnri
1710 702 1810 738 sumtis,
1822 715 1881 733 llltttl-

1124 745 1202 775 quam
1218 745 1388 775 pret-aremus
1407 739 1432 765 in
1451 739 1543 766 Deum.
1565 740 1639 766 Sicut
1652 748 1715 775 ergo
1729 742 1795 773 virgo
1813 742 1881 768 ιΙι-[οιι

1125 773 1175 799 mis
1197 777 1223 799 et.
1245 772 1339 800 (li-bilis
1360 773 1417 800 sine
1430 781 1509 801 causa
1531 781 1560 801 se
1575 772 1720 809 ciiiiipiiiiit,
1742 777 1776 802 sic
1794 782 1818 803 et
1836 782 1882 804 tunc

1126 813 1280 841 pt-ccatorcs
1302 809 1361 844 sine
1383 816 1462 836 causa
1484 817 1514 837 se
1538 811 1736 844 prmparabunt.
1758 811 1880 838 Naturalein

1125 852 1180 869 rem
1205 843 1330 880 loquitur.
1343 843 1487 880 rSicutrrex
1510 843 1569 871 etim
1585 850 1697 880 tyranno
1712 846 1801 873 bellum
1820 847 1882 873 faciti-

1125 886 1179 910 rus,
1204 879 1225 904 si
1247 879 1361 906 voluerit
1384 879 1504 914 aspicere
1519 879 1677 912 exercitum,
1699 887 1725 908 et
1743 881 1881 909 considerare

1124 921 1198 939 arma
1213 914 1329 943 illorum.
1344 914 1415 946 jubet
1432 915 1499 941 init:i
1523 916 1611 941 tubam
1625 937 1631 947 ,
1648 921 1675 942 ut
1691 916 1751 942 ﬁant
1764 917 1882 947 admoniti:

1124 953 1294 986 tunconines
1309 949 1546 986 iiiilitesfestinant
1561 958 1637 986 arma
1653 959 1699 977 sua
1714 953 1836 986 aspicere,
1849 952 1881 978 ubi

1123 984 1157 1010 sit
1176 984 1279 1018 gladius
1291 984 1348 1018 ejus
1359 1005 1366 1013 .
1391 984 1434 1010 tibi
1451 985 1531 1011 lorica
1544 985 1575 1012 sit
1595 987 1680 1020 posita
1694 1008 1701 1018 ,
1716 984 1756 1012 ubi
1766 987 1825 1020 jacet
1835 994 1881 1013 scu-

1124 1023 1178 1055 tum
1197 1028 1203 1046 :
1219 1025 1245 1045 et
1266 1020 1310 1053 qui
1332 1020 1480 1047 securitatis
1505 1025 1624 1055 tempore
1647 1030 1720 1048 arma
1745 1029 1787 1048 sua
1806 1021 1884 1048 studuit

1123 1054 1291 1081 immaculata
1309 1054 1454 1082 custodire.
1471 1060 1576 1090 paratio
1589 1061 1615 1082 ct
1631 1056 1708 1082 la-tus
1723 1058 1799 1083 currit
1814 1057 1840 1082 ad
1853 1057 1883 1083 in-

1122 1090 1285 1123 spectioneni
1311 1098 1317 1116 τ
1349 1095 1375 1116 ιιι
1397 1090 1442 1123 qui
1468 1095 1587 1124 tempore
1610 1092 1759 1118 securitatis
1792 1091 1883 1125 gladium

1123 1132 1199 1150 suum
1216 1125 1367 1159 mrngiuare
1380 1125 1527 1157 dimiserit,
1543 1131 1587 1152 ant
1604 1126 1713 1153 loriCani
1737 1127 1880 1156 sordesceic.

1122 1166 1227 1187 scutum
1243 1159 1326 1194 frangi
1341 1165 1384 1186 aut
1399 1161 1494 1194 rumpi.
1508 1168 1567 1187 cum
1581 1162 1693 1188 audierit
1709 1163 1828 1194 tubatn,ct
1841 1162 1883 1194 ipse

1123 1195 1229 1230 quidem
1264 1196 1395 1222 eXt'llllllIS
1426 1197 1520 1222 timore
1543 1197 1649 1223 festinat
1674 1197 1763 1224 limare
1790 1197 1882 1231 gladium

1122 1238 1198 1256 suum
1212 1251 1219 1260 .
1239 1231 1376 1265 detergere
1393 1231 1499 1257 loricam
1513 1250 1519 1261 ,
1545 1231 1626 1266 ligare
1639 1238 1687 1258 aut
1699 1233 1819 1266 stringere
1836 1239 1882 1258 scti-

1122 1269 1187 1295 tnni,
1203 1265 1249 1292 sed
1266 1274 1317 1292 non
1334 1269 1428 1298 poterit
1442 1266 1529 1292 celare
1545 1267 1730 1299 neuligentiain
1745 1265 1825 1298 suam,
1838 1267 1882 1300 qui:

1123 1308 1220 1337 urgens
1245 1301 1392 1337 neci-Ssitas
1406 1309 1457 1327 uoti
1474 1302 1601 1335 pcrniitlit
1615 1302 1684 1336 longi
1702 1303 1818 1337 temporis
1833 1309 1882 1335 opus

1123 1335 1255 1369 implere:
1271 1336 1308 1362 sic
1329 1341 1355 1362 et
1377 1336 1485 1363 domino
1509 1337 1619 1363 absente
1641 1335 1727 1364 malus
1748 1335 1828 1364 servus
1844 1343 1883 1362 non

1120 1372 1215 1405 aspicit
1230 1378 1397 1407 ropcraﬂsna,
1422 1371 1492 1405 quod
1516 1371 1587 1404 facit,
1608 1373 1673 1407 quid
1697 1381 1747 1400 non
1770 1373 1831 1401 facit.
1849 1375 1883 1396 aut

1121 1406 1255 1442 quomodo
1269 1406 1352 1433 credit
1371 1415 1377 1433 :
1394 1413 1443 1434 iu-c
1458 1407 1566 1440 cogitat,
1581 1406 1641 1441 quia
1658 1413 1784 1434 venturus
1797 1411 1830 1434 est
1845 1406 1883 1432 do-

1123 1443 1209 1468 minus
1219 1442 1288 1476 ejus,
1303 1447 1416 1476 etopera
1428 1447 1624 1476 perspecturus,
1639 1447 1668 1470 et
1679 1443 1756 1469 ﬁdem
1771 1451 1776 1468 :
1792 1442 1879 1469 sedeam

1123 1477 1218 1504 \‘iderit
1232 1485 1292 1513 eum
1315 1478 1464 1513 venientem
1480 1477 1513 1504 dc
1531 1478 1620 1513 longe,
1637 1482 1701 1505 tunc
1715 1478 1802 1512 aspicit
1821 1483 1880 1513 opai

1120 1519 1179 1545 sua,
1196 1517 1259 1539 tunc
1284 1512 1376 1546 incipit
1390 1511 1533 1545 festinare,
1549 1511 1595 1540 sed
1618 1513 1685 1540 nihil
1698 1514 1721 1540 ei
1738 1511 1837 1547 proderit
1853 1511 1884 1538 le-

1122 1548 1230 1574 stinatio
1244 1547 1312 1581 ejus,
1327 1547 1388 1581 quia
1402 1547 1544 1574 multorutn
1567 1548 1670 1575 dierum
1690 1548 1833 1582 negligentia
1845 1553 1883 1572 non

1123 1587 1209 1616 potest
1223 1590 1274 1609 una
1288 1582 1353 1609 liora
1377 1583 1487 1616 expleri.
1504 1583 1530 1610 8.
1549 1582 1640 1610 Fatua:
1661 1589 1745 1610 autent
1759 1582 1884 1616 sapientibus

1121 1618 1237 1644 dixerunt
1253 1626 1262 1644 :
1278 1617 1341 1643 Date
1362 1617 1433 1644 nobis
1457 1617 1488 1645 de
1506 1618 1560 1645 oleo
1583 1623 1676 1650 vestro,
1699 1619 1757 1653 quia
1782 1616 1885 1649 lampada

1122 1659 1214 1680 nostra:
1227 1653 1431 1688 exstingunnlur.
1458 1654 1638 1688 Exstinguilur
1653 1652 1755 1688 lampas
1778 1652 1886 1682 hominis,

1121 1688 1229 1723 quando
1244 1687 1315 1714 ﬁdes
1332 1688 1389 1721 ejus
1401 1687 1491 1715 deﬁcit
1505 1696 1536 1714 ac
1549 1687 1685 1721 desperat.
1699 1687 1770 1716 Sicut
1782 1687 1885 1723 enin-qui

1122 1722 1190 1750 bene
1203 1723 1253 1750 sibi
1274 1723 1396 1749 conscius
1418 1728 1478 1755 cst,
1493 1723 1650 1751 liducialiter
1662 1730 1690 1751 et
1709 1722 1885 1756 magnanimitat-

1121 1759 1174 1791 agit
1190 1768 1195 1785 :
1211 1757 1434 1793 quemadmodum
1458 1759 1479 1785 si
1502 1760 1561 1794 quis
1581 1759 1675 1786 infuso
1693 1759 1753 1786 oleo
1772 1758 1841 1785 addat
1852 1756 1887 1794 _|u-

1122 1802 1183 1821 men
1197 1791 1312 1821 lucernae
1326 1814 1333 1823 ,
1356 1793 1395 1820 sic
1408 1798 1434 1820 et
1449 1794 1495 1820 ille
1509 1791 1727 1822 consideratione
1741 1800 1839 1828 operum
1852 1791 1887 1817 bo-

1123 1836 1216 1856 norum
1237 1835 1345 1855 suorum
1369 1829 1541 1864 semetipsum
1561 1829 1711 1860 confortat,
1728 1834 1754 1856 et
1778 1828 1830 1855 lidei
1848 1832 1889 1853 suae

1121 1864 1194 1890 addit
1209 1864 1356 1890 audaciam.
1381 1863 1432 1896 Qui
1446 1863 1534 1891 autem
1557 1864 1606 1892 sibi
1621 1866 1693 1892 male
1708 1865 1824 1891 conscius
1843 1865 1885 1891 est.

1121 1907 1228 1933 semper
1251 1899 1425 1934 pusillaniniis
1438 1906 1470 1925 ac
1485 1899 1592 1926 timidus
1612 1906 1663 1927 est.
1681 1900 1716 1927 Et
1737 1897 1887 1934 quemadmo-

1121 1935 1184 1961 dum
1200 1933 1330 1961 subducto
1352 1934 1412 1961 oleo
1426 1934 1553 1961 minuitur
1571 1935 1659 1962 lumen
1677 1933 1808 1966 lucernae,
1822 1934 1853 1959 sic
1869 1935 1888 1957 et

1123 1970 1166 1996 ille
1180 1969 1392 1996 consideratione
1404 1977 1512 2003 operum
1534 1978 1642 1997 suorum
1659 1971 1789 1997 inalorttin
1808 1971 1888 1994 semel-

1123 2004 1207 2037 ipstnn
1234 2003 1384 2036 confundit,
1401 2010 1428 2031 et
1443 2004 1591 2031 inlidelitati
1614 2013 1670 2032 sine
1687 2005 1774 2032 adhuc
1787 2003 1887 2031 diftidcn-

1123 2041 1183 2066 tiani
1197 2039 1279 2066 addit.
1297 2039 1357 2066 ldco
1371 2047 1434 2072 ergo
1451 2044 1575 2066 timentes
1590 2046 1745 2074 peccatores
1760 2040 1790 2066 ad
1803 2042 1887 2074 sanctos

1122 2075 1217 2102 dicturi
1233 2079 1293 2101 sunt
1308 2083 1314 2100 :
1334 2071 1481 2101 lhtte’nobis
1497 2075 1528 2101 de
1543 2071 1598 2101 oleo
1613 2080 1696 2102 vestro
1708 2083 1718 2102 :
1732 2075 1780 2102 hoc
1794 2079 1837 2104 est,
1851 2071 1889 2098 V05

1122 2111 1217 2142 sancti,
1231 2112 1274 2144 qtii
1292 2110 1393 2136 habetis
1406 2117 1485 2144 opera
1497 2111 1567 2145 larga
1580 2111 1690 2144 justitizc
1704 2109 1848 2137 sufﬁcientia
1856 2114 1890 2145 vo:

1123 2145 1163 2171 his
1178 2154 1228 2171 non
1241 2141 1329 2172 solum
1346 2145 1378 2171 ad
1401 2141 1565 2172 evadendain
1580 2141 1688 2180 poenam
1702 2166 1710 2176 ,
1725 2145 1772 2173 sed
1785 2145 1854 2180 etiam
1866 2141 1890 2167 ad

1122 2181 1232 2215 gloriam
1246 2180 1470 2214 consequendam,
1484 2178 1685 2208 accommodate
1699 2181 1775 2208 nobis
1785 2178 1891 2206 auxilium

1123 2223 1233 2250 operum
1249 2216 1378 2242 bonorum
1395 2221 1541 2242 vestrorum
1558 2224 1564 2242 :
1580 2215 1605 2242 id
1617 2221 1657 2242 est
1668 2237 1675 2246 .
1693 2215 1843 2243 lntercediie
1854 2218 1892 2246 pro

1123 2251 1200 2278 nobis
1215 2250 1398 2285 peccatoribus
1417 2250 1448 2276 ad
1466 2251 1617 2284 hominum,
1630 2251 1692 2285 quia
1706 2251 1805 2286 justitia
1821 2252 1891 2286 vestr}

1123 2282 1258 2313 sufﬁciens
1272 2290 1313 2311 cst
1325 2290 1353 2312 et
1367 2293 1413 2312 vos
1425 2286 1575 2319 gloriﬁcare
1585 2307 1593 2319 ,
1611 2282 1645 2313 et
1667 2282 1718 2314 nos
1731 2291 1860 2313 excusare.
1872 2282 1892 2308 9.

1124 2321 1317 2356 Itrsponderunt
1330 2326 1410 2347 autem
1422 2321 1558 2353 prudentes
1568 2339 1576 2352 ,
1591 2322 1703 2349 dicentes
1720 2329 1728 2348 :
1745 2320 1785 2348 Ne
1798 2320 1854 2355 forte
1861 2324 1896 2356 ita;

1123 2351 1204 2388 nobis,
1217 2365 1261 2382 nec
1277 2357 1343 2382 vobis
1357 2351 1471 2392 suﬁiéiut.
1488 2356 1611 2383 Ostendit
1634 2357 1659 2384 in
1683 2358 1717 2383 iis
1731 2351 1826 2392 verbis.
1838 2351 1894 2392 (ιιξοά

1123 2392 1158 2418 ita
1174 2391 1290 2418 futurum
1304 2396 1343 2418 est
1359 2390 1476 2418 terribile
1492 2392 1620 2425 judicium
1633 2393 1697 2418 illud
1711 2413 1718 2423 ,
1736 2397 1765 2418 ιιι
1778 2390 1842 2417 nulla
1862 2390 1895 2414 in-

1125 2427 1247 2454 nocentia
1271 2426 1319 2453 sibi
1342 2426 1467 2452 couﬁdat.
1486 2427 1518 2453 lit-
1535 2434 1597 2454 vcre
1611 2428 1670 2462 quis
1687 2433 1729 2455 est
1746 2428 1822 2462 homo
1834 2429 1896 2462 natus

1124 2463 1157 2489 dc
1172 2462 1283 2488 muliere
1296 2483 1302 2492 ,
1320 2462 1365 2495 qui
1383 2461 1468 2488 credit
1486 2461 1587 2496 justum
1603 2458 1632 2488 se
1647 2470 1709 2489 esse
1729 2458 1897 2496 inveniendum

1124 2498 1150 2523 in
1161 2500 1303 2531 conspectu
1326 2494 1407 2528 illius,
1430 2497 1465 2523 de
1487 2494 1540 2531 quo
1565 2497 1735 2524 beatissimus
1758 2497 1806 2524 Job
1824 2494 1898 2531 dicit:

1125 2532 1212 2559 Stellae
1228 2528 1260 2558 'in
1276 2537 1410 2565 conspectu
1432 2532 1485 2566 (jus
1496 2528 1550 2558 ἠοη
1572 2539 1629 2559 sunt
1651 2532 1755 2559 munda:
1766 2553 1773 2564 ,
1789 2537 1810 2558 et
1824 2528 1899 2567 malint!

1123 2568 1176 2594 sine
1191 2567 1296 2593 crimine
1309 2575 1358 2603 non
1373 2571 1408 2593 est
1435 2564 1500 2601 (Job
1514 2567 1558 2594 ‘25.
1573 2568 1613 2602 5).
1630 2568 1657 2595 Si
1671 2576 1744 2603 ergo
1756 2564 1900 2603 iinpcerabi-

1124 2603 1157 2629 lis
1176 2607 1268 2628 natura
1292 2602 1428 2629 stellarum
1443 2608 1470 2629 et
1491 2603 1565 2634 meti,
1581 2600 1717 2636 quantuni
1732 2603 1766 2630 ad
1786 2600 1897 2636 justitiam

1125 2638 1179 2669 hei,
1207 2638 1339 2664 invenitur
1362 2645 1422 2664 esse
1444 2639 1576 2671 peccatrix
1590 2647 1597 2664 :
1611 2638 1750 2673 quomodo
1772 2642 1831 2664 ante
1849 2640 1900 2662 cum

1125 2675 1204 2703 homo
1228 2677 1355 2708 appareat
1375 2672 1473 2706 justus,
1497 2673 1572 2706 cujus
1586 2677 1612 2700 et
1629 2674 1689 2700 sine
1707 2673 1841 2699 voluntate
1852 2676 1892 2703 pec

1123 2708 1199 2735 catuli
1235 2707 1327 2734 natura
1364 2708 1419 2742 ipsa
1453 2713 1587 2740 peccatum
1621 2710 1683 2735 est?
1719 2709 1822 2736 dicente
1848 2707 1896 2738 Atto

1125 2743 1212 2769 stolo:
1230 2743 1286 2778 Ego
1300 2748 1383 2770 antem
1400 2743 1508 2769 carnalis
1529 2751 1595 2775 sunt,
1607 2744 1777 2770 venumdatus
1798 2742 1840 2769 sub
1855 2747 1902 2778 pa“.

1124 2782 1197 2804 calo:
1210 2772 1277 2812 qnon
1288 2779 1354 2805 enini
1369 2786 1459 2813 operor
1469 2798 1475 2809 ,
1490 2787 1538 2805 non
1552 2772 1683 2814 intelligo;
1701 2787 1752 2805 non
1774 2779 1836 2805 enim
1848 2772 1902 2810 quod

1126 2814 1191 2846 calo,
1207 2814 1253 2839 hoc
1266 2822 1314 2849 ago
1328 2822 1337 2840 :
1351 2815 1394 2840 sed
1416 2814 1482 2844 quod
1498 2814 1556 2840 noto
1567 2835 1575 2845 ,
1598 2813 1663 2841 illud
1675 2823 1745 2849 ago;
1766 2819 1790 2841 et
1799 2814 1851 2848 jam
1864 2817 1903 2836 non

1124 2857 1170 2883 ego
1195 2848 1288 2883 operor
1305 2849 1379 2879 illud,
1400 2848 1445 2875 sed
1466 2849 1533 2882 quod
1561 2849 1654 2876 habitat
1679 2849 1708 2875 in
1729 2858 1770 2876 me
1793 2851 1902 2883 peccatum

1128 2884 1214 2918 (liam.
1231 2885 1258 2911 7.
1282 2884 1336 2911 lt-
1351 2884 1402 2918 l7).
1418 2884 1519 2912 Tantus
1540 2885 1619 2912 timor
1633 2889 1695 2912 tunc
1719 2885 1772 2913 crit
1790 2883 1901 2912 omnium.
