  <div class='ocr_page' id='page_1' title='image "/cluster/home/n/w/nwhite01/storage/ocr_20150623/56/njp.32101077772646/762.png"; bbox 0 0 2021 3128; ppageno 0'>
   <div class='ocr_carea' id='block_1_1' title="bbox 190 149 242 178">
    <p class='ocr_par' dir='ltr' id='par_1_1' title="bbox 190 149 242 178">
     <span class='ocr_line' id='line_1_1' title="bbox 190 149 242 178; baseline 0 -3"><span class='ocrx_word' id='word_1_1' title='bbox 190 149 242 178; x_wconf 70' lang='lat'><strong>955</strong></span> 
     </span>
    </p>
   </div>
   <div class='ocr_carea' id='block_1_2' title="bbox 183 206 976 241">
    <p class='ocr_par' dir='ltr' id='par_1_2' title="bbox 183 206 976 241">
     <span class='ocr_line' id='line_1_2' title="bbox 183 206 976 241; baseline -0.004 -5"><span class='ocrx_word' id='word_1_2' title='bbox 183 210 263 236; x_wconf 85' lang='lat' dir='ltr'><strong>etiam</strong></span> <span class='ocrx_word' id='word_1_3' title='bbox 275 213 438 240; x_wconf 82' lang='lat' dir='ltr'><strong>sanctorum,</strong></span> <span class='ocrx_word' id='word_1_4' title='bbox 454 212 482 233; x_wconf 91' lang='lat' dir='ltr'><strong>ut</strong></span> <span class='ocrx_word' id='word_1_5' title='bbox 494 214 572 234; x_wconf 84' lang='lat' dir='ltr'><strong>nemo</strong></span> <span class='ocrx_word' id='word_1_6' title='bbox 585 210 674 241; x_wconf 88' lang='lat' dir='ltr'><strong>speret</strong></span> <span class='ocrx_word' id='word_1_7' title='bbox 685 206 822 241; x_wconf 81' lang='lat' dir='ltr'><strong>scjustuni</strong></span> <span class='ocrx_word' id='word_1_8' title='bbox 838 208 976 235; x_wconf 76' lang='lat' dir='ltr'><strong>invenien—</strong></span> 
     </span>
    </p>
   </div>
   <div class='ocr_carea' id='block_1_3' title="bbox 184 242 977 276">
    <p class='ocr_par' dir='ltr' id='par_1_3' title="bbox 184 242 977 276">
     <span class='ocr_line' id='line_1_3' title="bbox 184 242 977 276; baseline 0 -6"><span class='ocrx_word' id='word_1_9' title='bbox 184 245 259 275; x_wconf 85' lang='lat' dir='ltr'><strong>dum,</strong></span> <span class='ocrx_word' id='word_1_10' title='bbox 275 244 320 269; x_wconf 79' lang='lat' dir='ltr'><strong>scd</strong></span> <span class='ocrx_word' id='word_1_11' title='bbox 334 242 420 269; x_wconf 90' lang='lat' dir='ltr'><strong>adhuc</strong></span> <span class='ocrx_word' id='word_1_12' title='bbox 444 242 535 269; x_wconf 89' lang='lat' dir='ltr'><strong>timeat</strong></span> <span class='ocrx_word' id='word_1_13' title='bbox 555 251 588 269; x_wconf 91' lang='lat' dir='ltr'><strong>ne</strong></span> <span class='ocrx_word' id='word_1_14' title='bbox 606 242 674 269; x_wconf 85' lang='lat' dir='ltr'><strong>forte</strong></span> <span class='ocrx_word' id='word_1_15' title='bbox 701 249 762 268; x_wconf 85' lang='lat' dir='ltr'><strong>reus</strong></span> <span class='ocrx_word' id='word_1_16' title='bbox 774 243 893 269; x_wconf 83' lang='lat' dir='ltr'><strong>exsistat.</strong></span> <span class='ocrx_word' id='word_1_17' title='bbox 912 245 977 276; x_wconf 72' lang='lat' dir='ltr'><strong>Quis</strong></span> 
     </span>
    </p>
   </div>
   <div class='ocr_carea' id='block_1_4' title="bbox 183 277 975 313">
    <p class='ocr_par' dir='ltr' id='par_1_4' title="bbox 183 277 975 313">
     <span class='ocr_line' id='line_1_4' title="bbox 183 277 975 313; baseline 0.001 -8"><span class='ocrx_word' id='word_1_18' title='bbox 183 280 255 306; x_wconf 79' lang='lat' dir='ltr'><strong>enim</strong></span> <span class='ocrx_word' id='word_1_19' title='bbox 277 283 364 313; x_wconf 88' lang='lat' dir='ltr'><strong>potest</strong></span> <span class='ocrx_word' id='word_1_20' title='bbox 385 278 417 305; x_wconf 87' lang='lat' dir='ltr'><strong>ad</strong></span> <span class='ocrx_word' id='word_1_21' title='bbox 447 278 592 313; x_wconf 76' lang='lat' dir='ltr'><strong>perfection</strong></span> <span class='ocrx_word' id='word_1_22' title='bbox 618 277 764 311; x_wconf 76' lang='lat' dir='ltr'><strong>dijudicare.</strong></span> <span class='ocrx_word' id='word_1_23' title='bbox 786 279 975 306; x_wconf 89' lang='lat' dir='ltr'><strong>conscientiam</strong></span> 
     </span>
    </p>
   </div>
   <div class='ocr_carea' id='block_1_5' title="bbox 184 313 976 348">
    <p class='ocr_par' dir='ltr' id='par_1_5' title="bbox 184 313 976 348">
     <span class='ocr_line' id='line_1_5' title="bbox 184 313 976 348; baseline 0.005 -11"><span class='ocrx_word' id='word_1_24' title='bbox 184 322 270 345; x_wconf 62' lang='lat' dir='ltr'><strong>suam,</strong></span> <span class='ocrx_word' id='word_1_25' title='bbox 282 319 308 340; x_wconf 77' lang='grc' dir='ltr'><strong>(ιι</strong></span> <span class='ocrx_word' id='word_1_26' title='bbox 318 321 479 348; x_wconf 75' lang='lat' dir='ltr'><strong>cognoscere</strong></span> <span class='ocrx_word' id='word_1_27' title='bbox 487 320 534 340; x_wconf 87' lang='lat' dir='ltr'><strong>eor</strong></span> <span class='ocrx_word' id='word_1_28' title='bbox 544 321 631 344; x_wconf 84' lang='lat' dir='ltr'><strong>suum,</strong></span> <span class='ocrx_word' id='word_1_29' title='bbox 643 320 703 339; x_wconf 90' lang='lat' dir='ltr'><strong>cum</strong></span> <span class='ocrx_word' id='word_1_30' title='bbox 714 313 841 347; x_wconf 87' lang='lat' dir='ltr'><strong>scriptum</strong></span> <span class='ocrx_word' id='word_1_31' title='bbox 853 314 896 345; x_wconf 75' lang='lat' dir='ltr'><strong>sit,</strong></span> <span class='ocrx_word' id='word_1_32' title='bbox 911 315 976 346; x_wconf 76' lang='lat' dir='ltr'><strong>Quia</strong></span> 
     </span>
    </p>
   </div>
   <div class='ocr_carea' id='block_1_6' title="bbox 185 348 972 386">
    <p class='ocr_par' dir='ltr' id='par_1_6' title="bbox 185 348 972 386">
     <span class='ocr_line' id='line_1_6' title="bbox 185 348 972 386; baseline 0 -10"><span class='ocrx_word' id='word_1_33' title='bbox 185 351 216 376; x_wconf 71' lang='lat' dir='ltr'><strong>Ile</strong></span> <span class='ocrx_word' id='word_1_34' title='bbox 230 350 382 386; x_wconf 29' lang='lat' dir='ltr'><strong>omiiiAm&#39;rbo</strong></span> <span class='ocrx_word' id='word_1_35' title='bbox 393 349 473 386; x_wconf 77' lang='lat' dir='ltr'><strong>otioso</strong></span> <span class='ocrx_word' id='word_1_36' title='bbox 484 348 607 386; x_wconf 71' lang='lat' dir='ltr'><strong>reddituri</strong></span> <span class='ocrx_word' id='word_1_37' title='bbox 620 356 707 374; x_wconf 83' lang='lat' dir='ltr'><strong>sanius</strong></span> <span class='ocrx_word' id='word_1_38' title='bbox 719 349 841 386; x_wconf 72' lang='lat' dir='ltr'><strong>rationem</strong></span> <span class='ocrx_word' id='word_1_39' title='bbox 861 348 871 384; x_wconf 88' lang='lat'>(</span> <span class='ocrx_word' id='word_1_40' title='bbox 882 349 972 376; x_wconf 80' lang='lat' dir='ltr'><strong>Matth.</strong></span> 
     </span>
    </p>
   </div>
   <div class='ocr_carea' id='block_1_7' title="bbox 185 384 974 418">
    <p class='ocr_par' dir='ltr' id='par_1_7' title="bbox 185 384 974 418">
     <span class='ocr_line' id='line_1_7' title="bbox 185 384 974 418; baseline -0.006 -7"><span class='ocrx_word' id='word_1_41' title='bbox 185 385 228 411; x_wconf 77' lang='grc'><strong>12.</strong></span> <span class='ocrx_word' id='word_1_42' title='bbox 245 384 312 418; x_wconf 77' lang='lat'><strong>36)?</strong></span> <span class='ocrx_word' id='word_1_43' title='bbox 329 384 467 417; x_wconf 77' lang='lat' dir='ltr'><strong>Quomodo</strong></span> <span class='ocrx_word' id='word_1_44' title='bbox 488 384 552 418; x_wconf 78' lang='lat' dir='ltr'><strong>ergo</strong></span> <span class='ocrx_word' id='word_1_45' title='bbox 570 391 617 417; x_wconf 89' lang='lat' dir='ltr'><strong>pro</strong></span> <span class='ocrx_word' id='word_1_46' title='bbox 642 384 826 418; x_wconf 86' lang='lat' dir='ltr'><strong>peccatoribus</strong></span> <span class='ocrx_word' id='word_1_47' title='bbox 849 388 911 412; x_wconf 86' lang='lat' dir='ltr'><strong>tunc</strong></span> <span class='ocrx_word' id='word_1_48' title='bbox 935 387 974 411; x_wconf 75' lang='lat' dir='ltr'><strong>in.</strong></span> 
     </span>
    </p>
   </div>
   <div class='ocr_carea' id='block_1_8' title="bbox 185 419 973 452">
    <p class='ocr_par' dir='ltr' id='par_1_8' title="bbox 185 419 973 452">
     <span class='ocr_line' id='line_1_8' title="bbox 185 419 973 452; baseline 0 -6"><span class='ocrx_word' id='word_1_49' title='bbox 185 420 322 447; x_wconf 81' lang='lat' dir='ltr'><strong>tercedant</strong></span> <span class='ocrx_word' id='word_1_50' title='bbox 352 419 435 446; x_wconf 87' lang='lat' dir='ltr'><strong>sancti</strong></span> <span class='ocrx_word' id='word_1_51' title='bbox 453 439 460 449; x_wconf 83' lang='grc'>,</span> <span class='ocrx_word' id='word_1_52' title='bbox 484 427 543 445; x_wconf 89' lang='lat' dir='ltr'><strong>cum</strong></span> <span class='ocrx_word' id='word_1_53' title='bbox 570 420 680 445; x_wconf 77' lang='lat' dir='ltr'><strong>timeant</strong></span> <span class='ocrx_word' id='word_1_54' title='bbox 704 419 753 452; x_wconf 87' lang='lat' dir='ltr'><strong>ipsi</strong></span> <span class='ocrx_word' id='word_1_55' title='bbox 776 419 810 446; x_wconf 88' lang='lat' dir='ltr'><strong>de</strong></span> <span class='ocrx_word' id='word_1_56' title='bbox 834 420 883 446; x_wconf 88' lang='lat' dir='ltr'><strong>se?</strong></span> <span class='ocrx_word' id='word_1_57' title='bbox 907 419 973 447; x_wconf 87' lang='lat' dir='ltr'><strong>Nam</strong></span> 
     </span>
    </p>
   </div>
   <div class='ocr_carea' id='block_1_9' title="bbox 183 453 975 489">
    <p class='ocr_par' dir='ltr' id='par_1_9' title="bbox 183 453 975 489">
     <span class='ocr_line' id='line_1_9' title="bbox 183 453 975 489; baseline 0 -7"><span class='ocrx_word' id='word_1_58' title='bbox 183 455 253 482; x_wconf 70' lang='lat' dir='ltr'><strong>sicut</strong></span> <span class='ocrx_word' id='word_1_59' title='bbox 263 459 366 489; x_wconf 80' lang='lat' dir='ltr'><strong>tempus</strong></span> <span class='ocrx_word' id='word_1_60' title='bbox 382 454 569 481; x_wconf 73' lang='lat' dir='ltr'><strong>misericordia:</strong></span> <span class='ocrx_word' id='word_1_61' title='bbox 579 453 707 488; x_wconf 86' lang='lat' dir='ltr'><strong>judicium</strong></span> <span class='ocrx_word' id='word_1_62' title='bbox 722 461 774 480; x_wconf 89' lang='lat' dir='ltr'><strong>non</strong></span> <span class='ocrx_word' id='word_1_63' title='bbox 789 455 899 489; x_wconf 85' lang='lat' dir='ltr'><strong>suscipit</strong></span> <span class='ocrx_word' id='word_1_64' title='bbox 912 475 919 487; x_wconf 90' lang='lat'><strong>,</strong></span> <span class='ocrx_word' id='word_1_65' title='bbox 936 456 975 483; x_wconf 85' lang='lat' dir='ltr'><strong>sic</strong></span> 
     </span>
    </p>
   </div>
   <div class='ocr_carea' id='block_1_10' title="bbox 184 488 973 524">
    <p class='ocr_par' dir='ltr' id='par_1_10' title="bbox 184 488 973 524">
     <span class='ocr_line' id='line_1_10' title="bbox 184 488 973 524; baseline 0 -7"><span class='ocrx_word' id='word_1_66' title='bbox 184 495 211 517; x_wconf 89' lang='lat' dir='ltr'><strong>et</strong></span> <span class='ocrx_word' id='word_1_67' title='bbox 224 488 328 524; x_wconf 81' lang='lat' dir='ltr'><strong>tempus</strong></span> <span class='ocrx_word' id='word_1_68' title='bbox 343 489 434 524; x_wconf 89' lang='lat' dir='ltr'><strong>judicii</strong></span> <span class='ocrx_word' id='word_1_69' title='bbox 449 488 658 515; x_wconf 87' lang='lat' dir='ltr'><strong>miscricordiam</strong></span> <span class='ocrx_word' id='word_1_70' title='bbox 675 496 726 516; x_wconf 87' lang='lat' dir='ltr'><strong>non</strong></span> <span class='ocrx_word' id='word_1_71' title='bbox 747 490 849 523; x_wconf 87' lang='lat' dir='ltr'><strong>recipit.</strong></span> <span class='ocrx_word' id='word_1_72' title='bbox 862 488 935 517; x_wconf 41' lang='lat' dir='ltr'><strong>&#39;ldeo</strong></span> <span class='ocrx_word' id='word_1_73' title='bbox 949 491 973 517; x_wconf 92' lang='lat' dir='ltr'><strong>in</strong></span> 
     </span>
    </p>
   </div>
   <div class='ocr_carea' id='block_1_11' title="bbox 185 524 973 560">
    <p class='ocr_par' dir='ltr' id='par_1_11' title="bbox 185 524 973 560">
     <span class='ocr_line' id='line_1_11' title="bbox 185 524 973 560; baseline -0.001 -8"><span class='ocrx_word' id='word_1_74' title='bbox 185 526 270 560; x_wconf 85' lang='lat' dir='ltr'><strong>primo</strong></span> <span class='ocrx_word' id='word_1_75' title='bbox 283 526 398 552; x_wconf 87' lang='lat' dir='ltr'><strong>adventu</strong></span> <span class='ocrx_word' id='word_1_76' title='bbox 409 545 415 554; x_wconf 84' lang='grc'>,</span> <span class='ocrx_word' id='word_1_77' title='bbox 428 532 488 550; x_wconf 86' lang='lat' dir='ltr'><strong>cum</strong></span> <span class='ocrx_word' id='word_1_78' title='bbox 505 529 607 558; x_wconf 82' lang='lat' dir='ltr'><strong>tempus</strong></span> <span class='ocrx_word' id='word_1_79' title='bbox 625 529 694 551; x_wconf 81' lang='lat' dir='ltr'><strong>esset</strong></span> <span class='ocrx_word' id='word_1_80' title='bbox 718 524 915 556; x_wconf 70' lang='lat' dir='ltr'><strong>niiserieordim,</strong></span> <span class='ocrx_word' id='word_1_81' title='bbox 931 526 973 552; x_wconf 91' lang='lat' dir='ltr'><strong>di-</strong></span> 
     </span>
    </p>
   </div>
   <div class='ocr_carea' id='block_1_12' title="bbox 183 559 974 594">
    <p class='ocr_par' dir='ltr' id='par_1_12' title="bbox 183 559 974 594">
     <span class='ocr_line' id='line_1_12' title="bbox 183 559 974 594; baseline -0.003 -6"><span class='ocrx_word' id='word_1_82' title='bbox 183 559 307 588; x_wconf 86' lang='lat' dir='ltr'><strong>centibus</strong></span> <span class='ocrx_word' id='word_1_83' title='bbox 321 560 448 594; x_wconf 85' lang='lat' dir='ltr'><strong>apostolis</strong></span> <span class='ocrx_word' id='word_1_84' title='bbox 462 567 543 594; x_wconf 89' lang='lat' dir='ltr'><strong>super</strong></span> <span class='ocrx_word' id='word_1_85' title='bbox 563 559 782 586; x_wconf 84' lang='lat' dir='ltr'><strong>iiihumaintatem</strong></span> <span class='ocrx_word' id='word_1_86' title='bbox 799 560 912 587; x_wconf 87' lang='lat' dir='ltr'><strong>civitatis</strong></span> <span class='ocrx_word' id='word_1_87' title='bbox 926 561 974 587; x_wconf 87' lang='lat' dir='ltr'><strong>ali-</strong></span> 
     </span>
    </p>
   </div>
   <div class='ocr_carea' id='block_1_13' title="bbox 184 594 974 630">
    <p class='ocr_par' dir='ltr' id='par_1_13' title="bbox 184 594 974 630">
     <span class='ocr_line' id='line_1_13' title="bbox 184 594 974 630; baseline 0.001 -8"><span class='ocrx_word' id='word_1_88' title='bbox 184 596 259 630; x_wconf 87' lang='lat' dir='ltr'><strong>cujus</strong></span> <span class='ocrx_word' id='word_1_89' title='bbox 276 605 282 622; x_wconf 90' lang='lat'>:</span> <span class='ocrx_word' id='word_1_90' title='bbox 303 595 321 621; x_wconf 76' lang='lat' dir='ltr'><strong><em>V</em></strong></span> <span class='ocrx_word' id='word_1_91' title='bbox 325 596 345 622; x_wconf 85' lang='lat' dir='ltr'><strong>is</strong></span> <span class='ocrx_word' id='word_1_92' title='bbox 360 595 483 630; x_wconf 79' lang='lat' dir='ltr'><strong>dicamus,</strong></span> <span class='ocrx_word' id='word_1_93' title='bbox 507 599 531 620; x_wconf 89' lang='lat' dir='ltr'><strong>ut</strong></span> <span class='ocrx_word' id='word_1_94' title='bbox 545 594 678 621; x_wconf 81' lang='lat' dir='ltr'><strong>descendat</strong></span> <span class='ocrx_word' id='word_1_95' title='bbox 699 595 764 629; x_wconf 79' lang='lat' dir='ltr'><strong>ignis</strong></span> <span class='ocrx_word' id='word_1_96' title='bbox 779 595 810 622; x_wconf 85' lang='lat' dir='ltr'><strong>de</strong></span> <span class='ocrx_word' id='word_1_97' title='bbox 829 595 913 630; x_wconf 53' lang='lat' dir='ltr'><strong>ratio?</strong></span> <span class='ocrx_word' id='word_1_98' title='bbox 932 604 974 623; x_wconf 86' lang='lat' dir='ltr'><strong>rc-</strong></span> 
     </span>
    </p>
   </div>
   <div class='ocr_carea' id='block_1_14' title="bbox 185 629 974 664">
    <p class='ocr_par' dir='ltr' id='par_1_14' title="bbox 185 629 974 664">
     <span class='ocr_line' id='line_1_14' title="bbox 185 629 974 664; baseline -0.001 -6"><span class='ocrx_word' id='word_1_99' title='bbox 185 629 293 664; x_wconf 80' lang='lat' dir='ltr'><strong>spondit</strong></span> <span class='ocrx_word' id='word_1_100' title='bbox 304 630 381 657; x_wconf 86' lang='lat' dir='ltr'><strong>Jesus</strong></span> <span class='ocrx_word' id='word_1_101' title='bbox 394 638 400 655; x_wconf 88' lang='lat'>:</span> <span class='ocrx_word' id='word_1_102' title='bbox 416 629 526 656; x_wconf 70' lang='lat' dir='ltr'><strong>Nescitis</strong></span> <span class='ocrx_word' id='word_1_103' title='bbox 536 630 609 662; x_wconf 77' lang='lat' dir='ltr'><strong>cuius</strong></span> <span class='ocrx_word' id='word_1_104' title='bbox 621 630 724 664; x_wconf 73' lang='lat' dir='ltr'><strong>spiritus</strong></span> <span class='ocrx_word' id='word_1_105' title='bbox 734 630 791 656; x_wconf 74' lang='lat' dir='ltr'><strong>estis</strong></span> <span class='ocrx_word' id='word_1_106' title='bbox 803 649 810 656; x_wconf 86' lang='lat'><strong>.</strong></span> <span class='ocrx_word' id='word_1_107' title='bbox 830 629 888 656; x_wconf 79' lang='lat' dir='ltr'><strong>Non</strong></span> <span class='ocrx_word' id='word_1_108' title='bbox 909 631 974 657; x_wconf 81' lang='lat' dir='ltr'><strong>enim</strong></span> 
     </span>
    </p>
   </div>
   <div class='ocr_carea' id='block_1_15' title="bbox 183 665 972 702">
    <p class='ocr_par' dir='ltr' id='par_1_15' title="bbox 183 665 972 702">
     <span class='ocr_line' id='line_1_15' title="bbox 183 665 972 702; baseline 0 -9"><span class='ocrx_word' id='word_1_109' title='bbox 183 667 239 693; x_wconf 70' lang='lat' dir='ltr'><strong>veni</strong></span> <span class='ocrx_word' id='word_1_110' title='bbox 255 667 373 702; x_wconf 81' lang='lat' dir='ltr'><strong>judicare</strong></span> <span class='ocrx_word' id='word_1_111' title='bbox 383 665 513 702; x_wconf 19' lang='lat' dir='ltr'><strong>rmuitdttm</strong></span> <span class='ocrx_word' id='word_1_112' title='bbox 524 685 530 696; x_wconf 81' lang='lat'><strong>,</strong></span> <span class='ocrx_word' id='word_1_113' title='bbox 545 665 589 702; x_wconf 71' lang='lat' dir='ltr'><strong>sed</strong></span> <span class='ocrx_word' id='word_1_114' title='bbox 608 666 706 702; x_wconf 76' lang='lat' dir='ltr'><strong>sulcare</strong></span> <span class='ocrx_word' id='word_1_115' title='bbox 718 665 791 702; x_wconf 68' lang='lat' dir='ltr'><strong>(huc.</strong></span> <span class='ocrx_word' id='word_1_116' title='bbox 842 666 885 692; x_wconf 67' lang='grc'><strong>54.</strong></span> <span class='ocrx_word' id='word_1_117' title='bbox 903 667 936 693; x_wconf 82' lang='grc'><strong>56</strong></span> <span class='ocrx_word' id='word_1_118' title='bbox 946 668 972 700; x_wconf 79' lang='lat'><strong>):</strong></span> 
     </span>
    </p>
   </div>
   <div class='ocr_carea' id='block_1_16' title="bbox 184 700 974 736">
    <p class='ocr_par' dir='ltr' id='par_1_16' title="bbox 184 700 974 736">
     <span class='ocr_line' id='line_1_16' title="bbox 184 700 974 736; baseline -0.001 -8"><span class='ocrx_word' id='word_1_119' title='bbox 184 700 329 728; x_wconf 83' lang='lat' dir='ltr'><strong>ostendens</strong></span> <span class='ocrx_word' id='word_1_120' title='bbox 344 701 404 736; x_wconf 91' lang='lat' dir='ltr'><strong>qtiia</strong></span> <span class='ocrx_word' id='word_1_121' title='bbox 419 708 478 727; x_wconf 90' lang='lat' dir='ltr'><strong>cum</strong></span> <span class='ocrx_word' id='word_1_122' title='bbox 495 700 596 736; x_wconf 80' lang='lat' dir='ltr'><strong>venerit</strong></span> <span class='ocrx_word' id='word_1_123' title='bbox 617 700 648 736; x_wconf 85' lang='lat' dir='ltr'><strong>in</strong></span> <span class='ocrx_word' id='word_1_124' title='bbox 656 700 774 736; x_wconf 84' lang='lat' dir='ltr'><strong>secundo</strong></span> <span class='ocrx_word' id='word_1_125' title='bbox 787 701 915 732; x_wconf 79' lang='lat' dir='ltr'><strong>adventu.</strong></span> <span class='ocrx_word' id='word_1_126' title='bbox 931 701 974 735; x_wconf 90' lang='lat' dir='ltr'><strong>ju-</strong></span> 
     </span>
    </p>
   </div>
   <div class='ocr_carea' id='block_1_17' title="bbox 183 735 971 771">
    <p class='ocr_par' dir='ltr' id='par_1_17' title="bbox 183 735 971 771">
     <span class='ocr_line' id='line_1_17' title="bbox 183 735 971 771; baseline 0 -8"><span class='ocrx_word' id='word_1_127' title='bbox 183 737 244 763; x_wconf 92' lang='lat' dir='ltr'><strong>dicii</strong></span> <span class='ocrx_word' id='word_1_128' title='bbox 265 735 367 771; x_wconf 73' lang='lat' dir='ltr'><strong>tempus</strong></span> <span class='ocrx_word' id='word_1_129' title='bbox 382 736 503 762; x_wconf 87' lang='lat' dir='ltr'><strong>similiter</strong></span> <span class='ocrx_word' id='word_1_130' title='bbox 513 735 599 762; x_wconf 90' lang='lat' dir='ltr'><strong>locum</strong></span> <span class='ocrx_word' id='word_1_131' title='bbox 615 735 875 771; x_wconf 63' lang='lat' dir='ltr'><strong>ItliSCl‘lCttf‘tlltl‘dttlll</strong></span> <span class='ocrx_word' id='word_1_132' title='bbox 892 737 971 763; x_wconf 84' lang='lat' dir='ltr'><strong>liabe-</strong></span> 
     </span>
    </p>
   </div>
   <div class='ocr_carea' id='block_1_18' title="bbox 186 769 974 804">
    <p class='ocr_par' dir='ltr' id='par_1_18' title="bbox 186 769 974 804">
     <span class='ocr_line' id='line_1_18' title="bbox 186 769 974 804; baseline 0 -6"><span class='ocrx_word' id='word_1_133' title='bbox 186 772 233 799; x_wconf 89' lang='lat' dir='ltr'><strong>bit.</strong></span> <span class='ocrx_word' id='word_1_134' title='bbox 250 771 298 799; x_wconf 87' lang='lat' dir='ltr'><strong>Ubi</strong></span> <span class='ocrx_word' id='word_1_135' title='bbox 316 769 404 798; x_wconf 83' lang='lat' dir='ltr'><strong>autem</strong></span> <span class='ocrx_word' id='word_1_136' title='bbox 425 771 606 797; x_wconf 78' lang='lat' dir='ltr'><strong>misericordia</strong></span> <span class='ocrx_word' id='word_1_137' title='bbox 624 770 711 797; x_wconf 90' lang='lat' dir='ltr'><strong>locum</strong></span> <span class='ocrx_word' id='word_1_138' title='bbox 738 778 789 796; x_wconf 92' lang='lat' dir='ltr'><strong>non</strong></span> <span class='ocrx_word' id='word_1_139' title='bbox 812 769 908 804; x_wconf 91' lang='lat' dir='ltr'><strong>habet,</strong></span> <span class='ocrx_word' id='word_1_140' title='bbox 926 779 974 798; x_wconf 87' lang='lat' dir='ltr'><strong>nec</strong></span> 
     </span>
    </p>
   </div>
   <div class='ocr_carea' id='block_1_19' title="bbox 184 805 975 842">
    <p class='ocr_par' dir='ltr' id='par_1_19' title="bbox 184 805 975 842">
     <span class='ocr_line' id='line_1_19' title="bbox 184 805 975 842; baseline -0.001 -8"><span class='ocrx_word' id='word_1_141' title='bbox 184 806 340 842; x_wconf 80' lang='lat' dir='ltr'><strong>intercessio</strong></span> <span class='ocrx_word' id='word_1_142' title='bbox 350 806 428 833; x_wconf 88' lang='lat' dir='ltr'><strong>valet.</strong></span> <span class='ocrx_word' id='word_1_143' title='bbox 440 807 489 834; x_wconf 87' lang='lat' dir='ltr'><strong>Aut</strong></span> <span class='ocrx_word' id='word_1_144' title='bbox 503 806 559 832; x_wconf 70' lang='lat' dir='ltr'><strong>lucc</strong></span> <span class='ocrx_word' id='word_1_145' title='bbox 573 806 631 832; x_wconf 89' lang='lat' dir='ltr'><strong>ideo</strong></span> <span class='ocrx_word' id='word_1_146' title='bbox 642 805 713 842; x_wconf 80' lang='lat' dir='ltr'><strong>dicit,</strong></span> <span class='ocrx_word' id='word_1_147' title='bbox 730 805 853 837; x_wconf 79' lang='lat' dir='ltr'><strong>Quoniam</strong></span> <span class='ocrx_word' id='word_1_148' title='bbox 863 807 975 842; x_wconf 69' lang='lat' dir='ltr'><strong>indignae</strong></span> 
     </span>
    </p>
   </div>
   <div class='ocr_carea' id='block_1_20' title="bbox 184 841 974 877">
    <p class='ocr_par' dir='ltr' id='par_1_20' title="bbox 184 841 974 877">
     <span class='ocr_line' id='line_1_20' title="bbox 184 841 974 877; baseline 0 -9"><span class='ocrx_word' id='word_1_149' title='bbox 184 847 243 868; x_wconf 74' lang='lat' dir='ltr'><strong>sunt</strong></span> <span class='ocrx_word' id='word_1_150' title='bbox 254 841 381 876; x_wconf 83' lang='lat' dir='ltr'><strong>passiones</strong></span> <span class='ocrx_word' id='word_1_151' title='bbox 395 841 470 876; x_wconf 81' lang='lat' dir='ltr'><strong>ltitjits</strong></span> <span class='ocrx_word' id='word_1_152' title='bbox 486 841 603 877; x_wconf 73' lang='lat' dir='ltr'><strong>temporis</strong></span> <span class='ocrx_word' id='word_1_153' title='bbox 614 841 647 866; x_wconf 83' lang='lat' dir='ltr'><strong>ad</strong></span> <span class='ocrx_word' id='word_1_154' title='bbox 660 843 769 877; x_wconf 58' lang='lat' dir='ltr'><strong>[aliti-ant</strong></span> <span class='ocrx_word' id='word_1_155' title='bbox 781 841 904 876; x_wconf 86' lang='lat' dir='ltr'><strong>gloriam,</strong></span> <span class='ocrx_word' id='word_1_156' title='bbox 918 841 974 877; x_wconf 73' lang='grc' dir='ltr'><strong>ιμιιε</strong></span> 
     </span>
    </p>
   </div>
   <div class='ocr_carea' id='block_1_21' title="bbox 183 875 975 911">
    <p class='ocr_par' dir='ltr' id='par_1_21' title="bbox 183 875 975 911">
     <span class='ocr_line' id='line_1_21' title="bbox 183 875 975 911; baseline 0 -7"><span class='ocrx_word' id='word_1_157' title='bbox 183 875 332 904; x_wconf 74' lang='lat' dir='ltr'><strong>revelabitur</strong></span> <span class='ocrx_word' id='word_1_158' title='bbox 352 877 377 903; x_wconf 83' lang='lat' dir='ltr'><strong>in</strong></span> <span class='ocrx_word' id='word_1_159' title='bbox 398 875 469 902; x_wconf 82' lang='lat' dir='ltr'><strong>nobis</strong></span> <span class='ocrx_word' id='word_1_160' title='bbox 484 876 570 910; x_wconf 78' lang='lat' dir='ltr'><strong>(Rom.</strong></span> <span class='ocrx_word' id='word_1_161' title='bbox 584 877 610 902; x_wconf 86' lang='lat'><strong>8.</strong></span> <span class='ocrx_word' id='word_1_162' title='bbox 623 875 684 909; x_wconf 78' lang='grc'><strong>18).</strong></span> <span class='ocrx_word' id='word_1_163' title='bbox 708 877 734 903; x_wconf 79' lang='lat' dir='ltr'><strong>Si</strong></span> <span class='ocrx_word' id='word_1_164' title='bbox 749 875 812 911; x_wconf 64' lang='lat' dir='ltr'><strong>ergo</strong></span> <span class='ocrx_word' id='word_1_165' title='bbox 828 877 912 911; x_wconf 89' lang='lat' dir='ltr'><strong>major</strong></span> <span class='ocrx_word' id='word_1_166' title='bbox 924 875 975 904; x_wconf 81' lang='lat' dir='ltr'><strong>erit</strong></span> 
     </span>
    </p>
   </div>
   <div class='ocr_carea' id='block_1_22' title="bbox 183 912 972 947">
    <p class='ocr_par' dir='ltr' id='par_1_22' title="bbox 183 912 972 947">
     <span class='ocr_line' id='line_1_22' title="bbox 183 912 972 947; baseline -0.001 -8"><span class='ocrx_word' id='word_1_167' title='bbox 183 915 265 946; x_wconf 69' lang='lat' dir='ltr'><strong>glora</strong></span> <span class='ocrx_word' id='word_1_168' title='bbox 277 934 283 944; x_wconf 83' lang='lat'><strong>,</strong></span> <span class='ocrx_word' id='word_1_169' title='bbox 297 920 356 947; x_wconf 67' lang='lat' dir='ltr'><strong>qua:</strong></span> <span class='ocrx_word' id='word_1_170' title='bbox 372 916 516 946; x_wconf 60' lang='lat' dir='ltr'><strong>pra&#39;pirata</strong></span> <span class='ocrx_word' id='word_1_171' title='bbox 531 916 571 938; x_wconf 89' lang='lat' dir='ltr'><strong>cst</strong></span> <span class='ocrx_word' id='word_1_172' title='bbox 585 912 707 938; x_wconf 84' lang='lat' dir='ltr'><strong>sanctisa</strong></span> <span class='ocrx_word' id='word_1_173' title='bbox 724 912 778 938; x_wconf 86' lang='lat' dir='ltr'><strong>Deo</strong></span> <span class='ocrx_word' id='word_1_174' title='bbox 788 932 794 944; x_wconf 93' lang='lat'><strong>,</strong></span> <span class='ocrx_word' id='word_1_175' title='bbox 809 920 888 945; x_wconf 84' lang='lat' dir='ltr'><strong>quam</strong></span> <span class='ocrx_word' id='word_1_176' title='bbox 903 913 972 946; x_wconf 86' lang='lat' dir='ltr'><strong>quod</strong></span> 
     </span>
    </p>
   </div>
   <div class='ocr_carea' id='block_1_23' title="bbox 184 947 975 982">
    <p class='ocr_par' dir='ltr' id='par_1_23' title="bbox 184 947 975 982">
     <span class='ocr_line' id='line_1_23' title="bbox 184 947 975 982; baseline 0 -8"><span class='ocrx_word' id='word_1_177' title='bbox 184 948 365 982; x_wconf 88' lang='lat' dir='ltr'><strong>unusquisque</strong></span> <span class='ocrx_word' id='word_1_178' title='bbox 388 952 538 973; x_wconf 81' lang='lat' dir='ltr'><strong>sanctorum</strong></span> <span class='ocrx_word' id='word_1_179' title='bbox 563 951 679 974; x_wconf 81' lang='lat' dir='ltr'><strong>meretur</strong></span> <span class='ocrx_word' id='word_1_180' title='bbox 693 955 700 973; x_wconf 89' lang='lat'><strong>:</strong></span> <span class='ocrx_word' id='word_1_181' title='bbox 714 947 848 981; x_wconf 89' lang='lat' dir='ltr'><strong>quomodo</strong></span> <span class='ocrx_word' id='word_1_182' title='bbox 861 948 975 975; x_wconf 77' lang='lat' dir='ltr'><strong>sufiiciat</strong></span> 
     </span>
    </p>
   </div>
   <div class='ocr_carea' id='block_1_24' title="bbox 183 982 973 1016">
    <p class='ocr_par' dir='ltr' id='par_1_24' title="bbox 183 982 973 1016">
     <span class='ocr_line' id='line_1_24' title="bbox 183 982 973 1016; baseline 0 -7"><span class='ocrx_word' id='word_1_183' title='bbox 183 989 212 1010; x_wconf 90' lang='lat' dir='ltr'><strong>et</strong></span> <span class='ocrx_word' id='word_1_184' title='bbox 225 983 284 1009; x_wconf 88' lang='lat' dir='ltr'><strong>aliis</strong></span> <span class='ocrx_word' id='word_1_185' title='bbox 298 983 330 1009; x_wconf 86' lang='lat' dir='ltr'><strong>ad</strong></span> <span class='ocrx_word' id='word_1_186' title='bbox 351 983 461 1009; x_wconf 80' lang='lat' dir='ltr'><strong>salutem</strong></span> <span class='ocrx_word' id='word_1_187' title='bbox 477 982 684 1016; x_wconf 76' lang='lat' dir='ltr'><strong>uniuscujusque</strong></span> <span class='ocrx_word' id='word_1_188' title='bbox 702 990 768 1016; x_wconf 87' lang='lat' dir='ltr'><strong>opus</strong></span> <span class='ocrx_word' id='word_1_189' title='bbox 786 989 877 1009; x_wconf 90' lang='lat' dir='ltr'><strong>eorum</strong></span> <span class='ocrx_word' id='word_1_190' title='bbox 889 1004 896 1015; x_wconf 83' lang='lat'><strong>,</strong></span> <span class='ocrx_word' id='word_1_191' title='bbox 913 990 973 1009; x_wconf 81' lang='lat' dir='ltr'><strong>eum</strong></span> 
     </span>
    </p>
   </div>
   <div class='ocr_carea' id='block_1_25' title="bbox 185 1016 974 1052">
    <p class='ocr_par' dir='ltr' id='par_1_25' title="bbox 185 1016 974 1052">
     <span class='ocr_line' id='line_1_25' title="bbox 185 1016 974 1052; baseline 0 -8"><span class='ocrx_word' id='word_1_192' title='bbox 185 1026 234 1045; x_wconf 89' lang='lat' dir='ltr'><strong>nec</strong></span> <span class='ocrx_word' id='word_1_193' title='bbox 248 1018 297 1044; x_wconf 84' lang='lat' dir='ltr'><strong>sibi</strong></span> <span class='ocrx_word' id='word_1_194' title='bbox 318 1017 367 1044; x_wconf 85' lang='lat' dir='ltr'><strong>soli</strong></span> <span class='ocrx_word' id='word_1_195' title='bbox 382 1017 495 1044; x_wconf 83' lang='lat' dir='ltr'><strong>sufficiat</strong></span> <span class='ocrx_word' id='word_1_196' title='bbox 517 1017 549 1043; x_wconf 87' lang='lat' dir='ltr'><strong>ad</strong></span> <span class='ocrx_word' id='word_1_197' title='bbox 563 1017 674 1052; x_wconf 78' lang='lat' dir='ltr'><strong>gloriam</strong></span> <span class='ocrx_word' id='word_1_198' title='bbox 701 1018 772 1044; x_wconf 82' lang='lat' dir='ltr'><strong>illam</strong></span> <span class='ocrx_word' id='word_1_199' title='bbox 793 1016 974 1052; x_wconf 85' lang='lat' dir='ltr'><strong>justojudicio</strong></span> 
     </span>
    </p>
   </div>
   <div class='ocr_carea' id='block_1_26' title="bbox 182 1051 973 1088">
    <p class='ocr_par' dir='ltr' id='par_1_26' title="bbox 182 1051 973 1088">
     <span class='ocr_line' id='line_1_26' title="bbox 182 1051 973 1088; baseline -0.001 -8"><span class='ocrx_word' id='word_1_200' title='bbox 182 1053 417 1088; x_wconf 82' lang='lat' dir='ltr'><strong>euiisequeiidani?</strong></span> <span class='ocrx_word' id='word_1_201' title='bbox 431 1051 470 1078; x_wconf 82' lang='lat' dir='ltr'><strong>Ite</strong></span> <span class='ocrx_word' id='word_1_202' title='bbox 483 1053 566 1086; x_wconf 79' lang='lat' dir='ltr'><strong>potius</strong></span> <span class='ocrx_word' id='word_1_203' title='bbox 576 1053 609 1078; x_wconf 76' lang='lat' dir='ltr'><strong>ait</strong></span> <span class='ocrx_word' id='word_1_204' title='bbox 620 1052 761 1084; x_wconf 69' lang='lat' dir='ltr'><strong>uendentes,</strong></span> <span class='ocrx_word' id='word_1_205' title='bbox 774 1057 796 1078; x_wconf 81' lang='lat' dir='ltr'><strong>et</strong></span> <span class='ocrx_word' id='word_1_206' title='bbox 811 1053 882 1079; x_wconf 80' lang='lat' dir='ltr'><strong>emite</strong></span> <span class='ocrx_word' id='word_1_207' title='bbox 894 1054 973 1082; x_wconf 76' lang='lat' dir='ltr'><strong>vobis.</strong></span> 
     </span>
    </p>
   </div>
   <div class='ocr_carea' id='block_1_27' title="bbox 187 1088 974 1123">
    <p class='ocr_par' dir='ltr' id='par_1_27' title="bbox 187 1088 974 1123">
     <span class='ocr_line' id='line_1_27' title="bbox 187 1088 974 1123; baseline 0.001 -9"><span class='ocrx_word' id='word_1_208' title='bbox 187 1088 341 1115; x_wconf 75' lang='lat' dir='ltr'><strong>Veiiditores</strong></span> <span class='ocrx_word' id='word_1_209' title='bbox 356 1095 466 1123; x_wconf 83' lang='lat' dir='ltr'><strong>operum</strong></span> <span class='ocrx_word' id='word_1_210' title='bbox 492 1089 621 1114; x_wconf 82' lang='lat' dir='ltr'><strong>bonorum</strong></span> <span class='ocrx_word' id='word_1_211' title='bbox 632 1108 639 1120; x_wconf 94' lang='lat'><strong>,</strong></span> <span class='ocrx_word' id='word_1_212' title='bbox 653 1088 696 1115; x_wconf 84' lang='lat' dir='ltr'><strong>vel</strong></span> <span class='ocrx_word' id='word_1_213' title='bbox 721 1088 848 1115; x_wconf 79' lang='lat' dir='ltr'><strong>doctrinae</strong></span> <span class='ocrx_word' id='word_1_214' title='bbox 859 1109 865 1119; x_wconf 86' lang='lat'><strong>,</strong></span> <span class='ocrx_word' id='word_1_215' title='bbox 885 1096 974 1115; x_wconf 77' lang='lat' dir='ltr'><strong>sacer-</strong></span> 
     </span>
    </p>
   </div>
   <div class='ocr_carea' id='block_1_28' title="bbox 183 1123 971 1158">
    <p class='ocr_par' dir='ltr' id='par_1_28' title="bbox 183 1123 971 1158">
     <span class='ocr_line' id='line_1_28' title="bbox 183 1123 971 1158; baseline -0.001 -7"><span class='ocrx_word' id='word_1_216' title='bbox 183 1124 259 1151; x_wconf 80' lang='lat' dir='ltr'><strong>dotes</strong></span> <span class='ocrx_word' id='word_1_217' title='bbox 274 1128 354 1155; x_wconf 88' lang='lat' dir='ltr'><strong>sunt,</strong></span> <span class='ocrx_word' id='word_1_218' title='bbox 378 1123 422 1158; x_wconf 90' lang='lat' dir='ltr'><strong>qui</strong></span> <span class='ocrx_word' id='word_1_219' title='bbox 447 1128 578 1158; x_wconf 85' lang='lat' dir='ltr'><strong>pra-cepta</strong></span> <span class='ocrx_word' id='word_1_220' title='bbox 603 1123 712 1156; x_wconf 73' lang='lat' dir='ltr'><strong>justitim</strong></span> <span class='ocrx_word' id='word_1_221' title='bbox 732 1123 757 1150; x_wconf 93' lang='lat' dir='ltr'><strong>in</strong></span> <span class='ocrx_word' id='word_1_222' title='bbox 781 1124 878 1158; x_wconf 89' lang='lat' dir='ltr'><strong>populo</strong></span> <span class='ocrx_word' id='word_1_223' title='bbox 891 1124 971 1155; x_wconf 77' lang='lat' dir='ltr'><strong>dant,</strong></span> 
     </span>
    </p>
   </div>
   <div class='ocr_carea' id='block_1_29' title="bbox 183 1158 973 1194">
    <p class='ocr_par' dir='ltr' id='par_1_29' title="bbox 183 1158 973 1194">
     <span class='ocr_line' id='line_1_29' title="bbox 183 1158 973 1194; baseline -0.001 -8"><span class='ocrx_word' id='word_1_224' title='bbox 183 1159 258 1194; x_wconf 81' lang='lat' dir='ltr'><strong>quasi</strong></span> <span class='ocrx_word' id='word_1_225' title='bbox 271 1159 383 1193; x_wconf 83' lang='lat' dir='ltr'><strong>pretium</strong></span> <span class='ocrx_word' id='word_1_226' title='bbox 397 1158 501 1192; x_wconf 84' lang='lat' dir='ltr'><strong>aliquod</strong></span> <span class='ocrx_word' id='word_1_227' title='bbox 513 1158 673 1192; x_wconf 77' lang='lat' dir='ltr'><strong>accipientes</strong></span> <span class='ocrx_word' id='word_1_228' title='bbox 689 1158 766 1185; x_wconf 86' lang='lat' dir='ltr'><strong>fidem</strong></span> <span class='ocrx_word' id='word_1_229' title='bbox 781 1160 845 1193; x_wconf 81' lang='lat' dir='ltr'><strong>ipsoi</strong></span> <span class='ocrx_word' id='word_1_230' title='bbox 855 1167 897 1185; x_wconf 89' lang='lat' dir='ltr'><strong>uni</strong></span> <span class='ocrx_word' id='word_1_231' title='bbox 910 1179 915 1190; x_wconf 87' lang='lat'><strong>,</strong></span> <span class='ocrx_word' id='word_1_232' title='bbox 929 1159 973 1194; x_wconf 88' lang='lat' dir='ltr'><strong>qui</strong></span> 
     </span>
    </p>
   </div>
   <div class='ocr_carea' id='block_1_30' title="bbox 187 1193 974 1230">
    <p class='ocr_par' dir='ltr' id='par_1_30' title="bbox 187 1193 974 1230">
     <span class='ocr_line' id='line_1_30' title="bbox 187 1193 974 1230; baseline 0 -9"><span class='ocrx_word' id='word_1_233' title='bbox 187 1193 344 1230; x_wconf 77' lang='lat' dir='ltr'><strong>peccatores</strong></span> <span class='ocrx_word' id='word_1_234' title='bbox 361 1202 407 1228; x_wconf 92' lang='lat' dir='ltr'><strong>per</strong></span> <span class='ocrx_word' id='word_1_235' title='bbox 422 1194 603 1228; x_wconf 68' lang='lat' dir='ltr'><strong>pteniteiitiain</strong></span> <span class='ocrx_word' id='word_1_236' title='bbox 627 1193 749 1230; x_wconf 84' lang='lat' dir='ltr'><strong>solvunt,</strong></span> <span class='ocrx_word' id='word_1_237' title='bbox 766 1194 850 1230; x_wconf 74' lang='lat' dir='ltr'><strong>pretio</strong></span> <span class='ocrx_word' id='word_1_238' title='bbox 870 1195 974 1222; x_wconf 81' lang='lat' dir='ltr'><strong>confes-</strong></span> 
     </span>
    </p>
   </div>
   <div class='ocr_carea' id='block_1_31' title="bbox 183 1229 974 1263">
    <p class='ocr_par' dir='ltr' id='par_1_31' title="bbox 183 1229 974 1263">
     <span class='ocr_line' id='line_1_31' title="bbox 183 1229 974 1263; baseline 0.001 -7"><span class='ocrx_word' id='word_1_239' title='bbox 183 1231 266 1257; x_wconf 86' lang='lat' dir='ltr'><strong>sionis</strong></span> <span class='ocrx_word' id='word_1_240' title='bbox 280 1237 371 1257; x_wconf 90' lang='lat' dir='ltr'><strong>eorum</strong></span> <span class='ocrx_word' id='word_1_241' title='bbox 387 1230 489 1263; x_wconf 82' lang='lat' dir='ltr'><strong>placati.</strong></span> <span class='ocrx_word' id='word_1_242' title='bbox 506 1231 557 1255; x_wconf 85' lang='lat' dir='ltr'><strong>Aut</strong></span> <span class='ocrx_word' id='word_1_243' title='bbox 568 1234 641 1256; x_wconf 87' lang='lat' dir='ltr'><strong>certe</strong></span> <span class='ocrx_word' id='word_1_244' title='bbox 654 1229 704 1256; x_wconf 89' lang='lat' dir='ltr'><strong>hoc</strong></span> <span class='ocrx_word' id='word_1_245' title='bbox 721 1229 832 1263; x_wconf 76' lang='lat' dir='ltr'><strong>pretium</strong></span> <span class='ocrx_word' id='word_1_246' title='bbox 847 1229 974 1257; x_wconf 73' lang='lat' dir='ltr'><strong>doctrina:</strong></span> 
     </span>
    </p>
   </div>
   <div class='ocr_carea' id='block_1_32' title="bbox 183 1264 971 1299">
    <p class='ocr_par' dir='ltr' id='par_1_32' title="bbox 183 1264 971 1299">
     <span class='ocr_line' id='line_1_32' title="bbox 183 1264 971 1299; baseline 0.004 -9"><span class='ocrx_word' id='word_1_247' title='bbox 183 1265 317 1299; x_wconf 84' lang='lat' dir='ltr'><strong>accipiunt</strong></span> <span class='ocrx_word' id='word_1_248' title='bbox 329 1285 336 1298; x_wconf 93' lang='lat'><strong>,</strong></span> <span class='ocrx_word' id='word_1_249' title='bbox 350 1264 455 1299; x_wconf 85' lang='lat' dir='ltr'><strong>quando</strong></span> <span class='ocrx_word' id='word_1_250' title='bbox 469 1265 507 1291; x_wconf 91' lang='lat' dir='ltr'><strong>sic</strong></span> <span class='ocrx_word' id='word_1_251' title='bbox 518 1264 645 1291; x_wconf 79' lang='lat' dir='ltr'><strong>decentes</strong></span> <span class='ocrx_word' id='word_1_252' title='bbox 658 1272 703 1291; x_wconf 83' lang='lat' dir='ltr'><strong>eos</strong></span> <span class='ocrx_word' id='word_1_253' title='bbox 716 1265 830 1292; x_wconf 86' lang='lat' dir='ltr'><strong>audierit</strong></span> <span class='ocrx_word' id='word_1_254' title='bbox 850 1267 971 1299; x_wconf 75' lang='lat' dir='ltr'><strong>populus.</strong></span> 
     </span>
    </p>
   </div>
   <div class='ocr_carea' id='block_1_33' title="bbox 183 1299 973 1334">
    <p class='ocr_par' dir='ltr' id='par_1_33' title="bbox 183 1299 973 1334">
     <span class='ocr_line' id='line_1_33' title="bbox 183 1299 973 1334; baseline -0.001 -6"><span class='ocrx_word' id='word_1_255' title='bbox 183 1300 300 1334; x_wconf 87' lang='lat' dir='ltr'><strong>Populus</strong></span> <span class='ocrx_word' id='word_1_256' title='bbox 314 1301 421 1334; x_wconf 80' lang='lat' dir='ltr'><strong>quidem</strong></span> <span class='ocrx_word' id='word_1_257' title='bbox 438 1307 484 1333; x_wconf 87' lang='lat' dir='ltr'><strong>per</strong></span> <span class='ocrx_word' id='word_1_258' title='bbox 497 1299 675 1326; x_wconf 86' lang='lat' dir='ltr'><strong>obedientiam</strong></span> <span class='ocrx_word' id='word_1_259' title='bbox 695 1307 769 1326; x_wconf 89' lang='lat' dir='ltr'><strong>suam</strong></span> <span class='ocrx_word' id='word_1_260' title='bbox 785 1305 918 1327; x_wconf 81' lang='lat' dir='ltr'><strong>mercatus</strong></span> <span class='ocrx_word' id='word_1_261' title='bbox 933 1306 973 1328; x_wconf 83' lang='lat' dir='ltr'><strong>est</strong></span> 
     </span>
    </p>
   </div>
   <div class='ocr_carea' id='block_1_34' title="bbox 183 1335 974 1370">
    <p class='ocr_par' dir='ltr' id='par_1_34' title="bbox 183 1335 974 1370">
     <span class='ocr_line' id='line_1_34' title="bbox 183 1335 974 1370; baseline 0 -8"><span class='ocrx_word' id='word_1_262' title='bbox 183 1336 233 1362; x_wconf 85' lang='lat' dir='ltr'><strong>sibi</strong></span> <span class='ocrx_word' id='word_1_263' title='bbox 249 1336 360 1362; x_wconf 78' lang='lat' dir='ltr'><strong>salutent</strong></span> <span class='ocrx_word' id='word_1_264' title='bbox 369 1356 376 1367; x_wconf 84' lang='lat'><strong>,</strong></span> <span class='ocrx_word' id='word_1_265' title='bbox 390 1335 542 1362; x_wconf 80' lang='lat' dir='ltr'><strong>sacerdotes</strong></span> <span class='ocrx_word' id='word_1_266' title='bbox 556 1340 644 1361; x_wconf 87' lang='lat' dir='ltr'><strong>autem</strong></span> <span class='ocrx_word' id='word_1_267' title='bbox 654 1355 661 1367; x_wconf 93' lang='lat'><strong>,</strong></span> <span class='ocrx_word' id='word_1_268' title='bbox 677 1336 720 1370; x_wconf 88' lang='lat' dir='ltr'><strong>qui</strong></span> <span class='ocrx_word' id='word_1_269' title='bbox 733 1335 879 1362; x_wconf 87' lang='lat' dir='ltr'><strong>docuerunt</strong></span> <span class='ocrx_word' id='word_1_270' title='bbox 893 1340 920 1362; x_wconf 85' lang='lat' dir='ltr'><strong>et</strong></span> <span class='ocrx_word' id='word_1_271' title='bbox 933 1336 974 1362; x_wconf 88' lang='lat' dir='ltr'><strong>la-</strong></span> 
     </span>
    </p>
   </div>
   <div class='ocr_carea' id='block_1_35' title="bbox 184 1370 974 1404">
    <p class='ocr_par' dir='ltr' id='par_1_35' title="bbox 184 1370 974 1404">
     <span class='ocr_line' id='line_1_35' title="bbox 184 1370 974 1404; baseline 0.003 -8"><span class='ocrx_word' id='word_1_272' title='bbox 184 1372 346 1398; x_wconf 88' lang='lat' dir='ltr'><strong>boraverunt</strong></span> <span class='ocrx_word' id='word_1_273' title='bbox 360 1370 429 1397; x_wconf 88' lang='lat' dir='ltr'><strong>circa</strong></span> <span class='ocrx_word' id='word_1_274' title='bbox 443 1378 489 1397; x_wconf 90' lang='lat' dir='ltr'><strong>eos</strong></span> <span class='ocrx_word' id='word_1_275' title='bbox 500 1390 508 1403; x_wconf 90' lang='lat'><strong>,</strong></span> <span class='ocrx_word' id='word_1_276' title='bbox 533 1370 660 1404; x_wconf 79' lang='lat' dir='ltr'><strong>recipient</strong></span> <span class='ocrx_word' id='word_1_277' title='bbox 679 1379 693 1396; x_wconf 85' lang='lat' dir='ltr'><strong>a</strong></span> <span class='ocrx_word' id='word_1_278' title='bbox 709 1370 762 1398; x_wconf 86' lang='lat' dir='ltr'><strong>Deo</strong></span> <span class='ocrx_word' id='word_1_279' title='bbox 774 1371 902 1398; x_wconf 80' lang='lat' dir='ltr'><strong>doctrina:</strong></span> <span class='ocrx_word' id='word_1_280' title='bbox 919 1379 974 1398; x_wconf 77' lang='lat' dir='ltr'><strong>sua:</strong></span> 
     </span>
    </p>
   </div>
   <div class='ocr_carea' id='block_1_36' title="bbox 183 1405 974 1440">
    <p class='ocr_par' dir='ltr' id='par_1_36' title="bbox 183 1405 974 1440">
     <span class='ocr_line' id='line_1_36' title="bbox 183 1405 974 1440; baseline 0 -8"><span class='ocrx_word' id='word_1_281' title='bbox 183 1406 296 1433; x_wconf 85' lang='lat' dir='ltr'><strong>labores.</strong></span> <span class='ocrx_word' id='word_1_282' title='bbox 310 1406 410 1432; x_wconf 81' lang='lat' dir='ltr'><strong>Bonum</strong></span> <span class='ocrx_word' id='word_1_283' title='bbox 425 1413 491 1440; x_wconf 79' lang='lat' dir='ltr'><strong>ergo</strong></span> <span class='ocrx_word' id='word_1_284' title='bbox 499 1410 540 1432; x_wconf 87' lang='lat' dir='ltr'><strong>est</strong></span> <span class='ocrx_word' id='word_1_285' title='bbox 553 1405 692 1432; x_wconf 76' lang='lat' dir='ltr'><strong>ceasiliuin</strong></span> <span class='ocrx_word' id='word_1_286' title='bbox 705 1411 856 1432; x_wconf 85' lang='lat' dir='ltr'><strong>sanctorum</strong></span> <span class='ocrx_word' id='word_1_287' title='bbox 868 1406 900 1432; x_wconf 89' lang='lat' dir='ltr'><strong>ad</strong></span> <span class='ocrx_word' id='word_1_288' title='bbox 913 1415 974 1439; x_wconf 86' lang='lat' dir='ltr'><strong>pec-</strong></span> 
     </span>
    </p>
   </div>
   <div class='ocr_carea' id='block_1_37' title="bbox 182 1441 974 1474">
    <p class='ocr_par' dir='ltr' id='par_1_37' title="bbox 182 1441 974 1474">
     <span class='ocr_line' id='line_1_37' title="bbox 182 1441 974 1474; baseline 0 -6"><span class='ocrx_word' id='word_1_289' title='bbox 182 1446 303 1474; x_wconf 82' lang='lat' dir='ltr'><strong>catores,</strong></span> <span class='ocrx_word' id='word_1_290' title='bbox 320 1446 348 1468; x_wconf 92' lang='lat' dir='ltr'><strong>ut</strong></span> <span class='ocrx_word' id='word_1_291' title='bbox 361 1446 423 1468; x_wconf 89' lang='lat' dir='ltr'><strong>cant</strong></span> <span class='ocrx_word' id='word_1_292' title='bbox 437 1442 469 1467; x_wconf 89' lang='lat' dir='ltr'><strong>ad</strong></span> <span class='ocrx_word' id='word_1_293' title='bbox 493 1442 645 1468; x_wconf 75' lang='lat' dir='ltr'><strong>sacerdotes</strong></span> <span class='ocrx_word' id='word_1_294' title='bbox 658 1461 665 1473; x_wconf 90' lang='lat'><strong>,</strong></span> <span class='ocrx_word' id='word_1_295' title='bbox 686 1446 712 1468; x_wconf 91' lang='lat' dir='ltr'><strong>et</strong></span> <span class='ocrx_word' id='word_1_296' title='bbox 733 1441 847 1468; x_wconf 85' lang='lat' dir='ltr'><strong>fideliter</strong></span> <span class='ocrx_word' id='word_1_297' title='bbox 866 1442 974 1468; x_wconf 87' lang='lat' dir='ltr'><strong>audiant</strong></span> 
     </span>
    </p>
   </div>
   <div class='ocr_carea' id='block_1_38' title="bbox 183 1475 973 1508">
    <p class='ocr_par' dir='ltr' id='par_1_38' title="bbox 183 1475 973 1508">
     <span class='ocr_line' id='line_1_38' title="bbox 183 1475 973 1508; baseline 0.003 -7"><span class='ocrx_word' id='word_1_298' title='bbox 183 1485 229 1503; x_wconf 75' lang='lat' dir='ltr'><strong>eos</strong></span> <span class='ocrx_word' id='word_1_299' title='bbox 244 1485 250 1502; x_wconf 87' lang='lat'>:</span> <span class='ocrx_word' id='word_1_300' title='bbox 268 1481 294 1503; x_wconf 88' lang='lat' dir='ltr'><strong>ct</strong></span> <span class='ocrx_word' id='word_1_301' title='bbox 311 1485 370 1503; x_wconf 91' lang='lat' dir='ltr'><strong>ciitii</strong></span> <span class='ocrx_word' id='word_1_302' title='bbox 386 1476 534 1508; x_wconf 84' lang='lat' dir='ltr'><strong>audierint,</strong></span> <span class='ocrx_word' id='word_1_303' title='bbox 551 1476 664 1508; x_wconf 81' lang='lat' dir='ltr'><strong>faciant,</strong></span> <span class='ocrx_word' id='word_1_304' title='bbox 679 1482 706 1503; x_wconf 90' lang='lat' dir='ltr'><strong>et</strong></span> <span class='ocrx_word' id='word_1_305' title='bbox 722 1475 828 1503; x_wconf 80' lang='lat' dir='ltr'><strong>habebit.</strong></span> <span class='ocrx_word' id='word_1_306' title='bbox 849 1478 973 1504; x_wconf 76' lang='lat' dir='ltr'><strong>virtutem</strong></span> 
     </span>
    </p>
   </div>
   <div class='ocr_carea' id='block_1_39' title="bbox 182 1511 970 1545">
    <p class='ocr_par' dir='ltr' id='par_1_39' title="bbox 182 1511 970 1545">
     <span class='ocr_line' id='line_1_39' title="bbox 182 1511 970 1545; baseline -0.001 -7"><span class='ocrx_word' id='word_1_307' title='bbox 182 1511 233 1538; x_wconf 77' lang='lat' dir='ltr'><strong>elei</strong></span> <span class='ocrx_word' id='word_1_308' title='bbox 259 1512 324 1538; x_wconf 85' lang='lat' dir='ltr'><strong>fides</strong></span> <span class='ocrx_word' id='word_1_309' title='bbox 345 1519 454 1543; x_wconf 84' lang='lat' dir='ltr'><strong>eorum,</strong></span> <span class='ocrx_word' id='word_1_310' title='bbox 475 1512 496 1538; x_wconf 90' lang='lat' dir='ltr'><strong>si</strong></span> <span class='ocrx_word' id='word_1_311' title='bbox 521 1515 608 1538; x_wconf 85' lang='lat' dir='ltr'><strong>tamen</strong></span> <span class='ocrx_word' id='word_1_312' title='bbox 635 1511 775 1538; x_wconf 88' lang='lat' dir='ltr'><strong>habuerint</strong></span> <span class='ocrx_word' id='word_1_313' title='bbox 798 1517 911 1545; x_wconf 83' lang='lat' dir='ltr'><strong>tempus.</strong></span> <span class='ocrx_word' id='word_1_314' title='bbox 931 1513 970 1539; x_wconf 84' lang='grc'><strong>10.</strong></span> 
     </span>
    </p>
   </div>
   <div class='ocr_carea' id='block_1_40' title="bbox 185 1547 972 1581">
    <p class='ocr_par' dir='ltr' id='par_1_40' title="bbox 185 1547 972 1581">
     <span class='ocr_line' id='line_1_40' title="bbox 185 1547 972 1581; baseline -0.001 -8"><span class='ocrx_word' id='word_1_315' title='bbox 185 1547 335 1574; x_wconf 76' lang='lat' dir='ltr'><strong>Abeuntibus</strong></span> <span class='ocrx_word' id='word_1_316' title='bbox 349 1552 433 1573; x_wconf 80' lang='lat' dir='ltr'><strong>autem</strong></span> <span class='ocrx_word' id='word_1_317' title='bbox 447 1547 498 1578; x_wconf 79' lang='lat' dir='ltr'><strong>eis,</strong></span> <span class='ocrx_word' id='word_1_318' title='bbox 514 1554 570 1572; x_wconf 75' lang='lat' dir='ltr'><strong>cccc</strong></span> <span class='ocrx_word' id='word_1_319' title='bbox 586 1547 652 1572; x_wconf 81' lang='lat' dir='ltr'><strong>venit</strong></span> <span class='ocrx_word' id='word_1_320' title='bbox 672 1555 780 1580; x_wconf 79' lang='lat' dir='ltr'><strong>sponsus</strong></span> <span class='ocrx_word' id='word_1_321' title='bbox 794 1555 803 1573; x_wconf 92' lang='lat'><em>:</em></span> <span class='ocrx_word' id='word_1_322' title='bbox 819 1552 840 1572; x_wconf 85' lang='lat' dir='ltr'><strong>et</strong></span> <span class='ocrx_word' id='word_1_323' title='bbox 854 1555 911 1580; x_wconf 75' lang='lat' dir='ltr'><strong>qua:</strong></span> <span class='ocrx_word' id='word_1_324' title='bbox 928 1556 972 1581; x_wconf 82' lang='lat' dir='ltr'><strong>pit-</strong></span> 
     </span>
    </p>
   </div>
   <div class='ocr_carea' id='block_1_41' title="bbox 185 1583 972 1617">
    <p class='ocr_par' dir='ltr' id='par_1_41' title="bbox 185 1583 972 1617">
     <span class='ocr_line' id='line_1_41' title="bbox 185 1583 972 1617; baseline -0.001 -8"><span class='ocrx_word' id='word_1_325' title='bbox 185 1588 247 1609; x_wconf 73' lang='lat' dir='ltr'><strong>ruite</strong></span> <span class='ocrx_word' id='word_1_326' title='bbox 260 1588 345 1615; x_wconf 79' lang='lat' dir='ltr'><strong>erant,</strong></span> <span class='ocrx_word' id='word_1_327' title='bbox 367 1583 523 1608; x_wconf 75' lang='lat' dir='ltr'><strong>intrauerunt</strong></span> <span class='ocrx_word' id='word_1_328' title='bbox 547 1589 603 1608; x_wconf 85' lang='lat' dir='ltr'><strong>cum</strong></span> <span class='ocrx_word' id='word_1_329' title='bbox 627 1590 656 1608; x_wconf 89' lang='lat' dir='ltr'><strong>eo</strong></span> <span class='ocrx_word' id='word_1_330' title='bbox 667 1601 675 1614; x_wconf 89' lang='lat'><strong>,</strong></span> <span class='ocrx_word' id='word_1_331' title='bbox 691 1587 713 1608; x_wconf 82' lang='lat' dir='ltr'><strong>et</strong></span> <span class='ocrx_word' id='word_1_332' title='bbox 727 1583 813 1617; x_wconf 79' lang='lat' dir='ltr'><strong>clausa</strong></span> <span class='ocrx_word' id='word_1_333' title='bbox 826 1587 862 1608; x_wconf 84' lang='lat' dir='ltr'><strong>est</strong></span> <span class='ocrx_word' id='word_1_334' title='bbox 879 1583 972 1617; x_wconf 71' lang='grc' dir='ltr'><strong>⁵ᾔιιιιιιίι.</strong></span> 
     </span>
    </p>
   </div>
   <div class='ocr_carea' id='block_1_42' title="bbox 183 1616 974 1651">
    <p class='ocr_par' dir='ltr' id='par_1_42' title="bbox 183 1616 974 1651">
     <span class='ocr_line' id='line_1_42' title="bbox 183 1616 974 1651; baseline 0 -7"><span class='ocrx_word' id='word_1_335' title='bbox 183 1618 338 1644; x_wconf 77' lang='lat' dir='ltr'><strong>Ostenditur</strong></span> <span class='ocrx_word' id='word_1_336' title='bbox 354 1617 491 1650; x_wconf 57' lang='lat' dir='ltr'><strong>iiobiS‘per</strong></span> <span class='ocrx_word' id='word_1_337' title='bbox 512 1617 570 1643; x_wconf 82' lang='lat' dir='ltr'><strong>lia-c</strong></span> <span class='ocrx_word' id='word_1_338' title='bbox 590 1618 668 1643; x_wconf 84' lang='lat' dir='ltr'><strong>verba</strong></span> <span class='ocrx_word' id='word_1_339' title='bbox 680 1637 688 1649; x_wconf 88' lang='lat'><strong>,</strong></span> <span class='ocrx_word' id='word_1_340' title='bbox 711 1616 781 1651; x_wconf 91' lang='lat' dir='ltr'><strong>quod</strong></span> <span class='ocrx_word' id='word_1_341' title='bbox 805 1617 851 1644; x_wconf 90' lang='lat' dir='ltr'><strong>illo</strong></span> <span class='ocrx_word' id='word_1_342' title='bbox 865 1616 889 1643; x_wconf 88' lang='lat' dir='ltr'><strong>iii</strong></span> <span class='ocrx_word' id='word_1_343' title='bbox 905 1623 974 1644; x_wconf 88' lang='lat' dir='ltr'><strong>tein-</strong></span> 
     </span>
    </p>
   </div>
   <div class='ocr_carea' id='block_1_43' title="bbox 183 1652 974 1688">
    <p class='ocr_par' dir='ltr' id='par_1_43' title="bbox 183 1652 974 1688">
     <span class='ocr_line' id='line_1_43' title="bbox 183 1652 974 1688; baseline 0 -9"><span class='ocrx_word' id='word_1_344' title='bbox 183 1660 249 1688; x_wconf 87' lang='lat' dir='ltr'><strong>pore</strong></span> <span class='ocrx_word' id='word_1_345' title='bbox 264 1653 333 1679; x_wconf 90' lang='lat' dir='ltr'><strong>inter</strong></span> <span class='ocrx_word' id='word_1_346' title='bbox 356 1652 492 1687; x_wconf 79' lang='lat' dir='ltr'><strong>angustias</strong></span> <span class='ocrx_word' id='word_1_347' title='bbox 512 1653 677 1679; x_wconf 86' lang='lat' dir='ltr'><strong>diversorum</strong></span> <span class='ocrx_word' id='word_1_348' title='bbox 700 1657 830 1679; x_wconf 83' lang='lat' dir='ltr'><strong>terrorum</strong></span> <span class='ocrx_word' id='word_1_349' title='bbox 853 1652 974 1679; x_wconf 71' lang='lat' dir='ltr'><strong>videntes</strong></span> 
     </span>
    </p>
   </div>
   <div class='ocr_carea' id='block_1_44' title="bbox 183 1688 974 1722">
    <p class='ocr_par' dir='ltr' id='par_1_44' title="bbox 183 1688 974 1722">
     <span class='ocr_line' id='line_1_44' title="bbox 183 1688 974 1722; baseline 0.001 -8"><span class='ocrx_word' id='word_1_350' title='bbox 183 1697 212 1715; x_wconf 76' lang='lat' dir='ltr'><strong>se</strong></span> <span class='ocrx_word' id='word_1_351' title='bbox 226 1693 379 1722; x_wconf 81' lang='lat' dir='ltr'><strong>peccatores</strong></span> <span class='ocrx_word' id='word_1_352' title='bbox 392 1708 398 1719; x_wconf 88' lang='lat'><strong>,</strong></span> <span class='ocrx_word' id='word_1_353' title='bbox 414 1688 594 1714; x_wconf 77' lang='lat' dir='ltr'><strong>anxiabiintiir</strong></span> <span class='ocrx_word' id='word_1_354' title='bbox 604 1709 611 1719; x_wconf 91' lang='lat'><strong>,</strong></span> <span class='ocrx_word' id='word_1_355' title='bbox 634 1692 662 1714; x_wconf 86' lang='lat' dir='ltr'><strong>et</strong></span> <span class='ocrx_word' id='word_1_356' title='bbox 681 1692 788 1714; x_wconf 89' lang='lat' dir='ltr'><strong>current</strong></span> <span class='ocrx_word' id='word_1_357' title='bbox 803 1689 855 1714; x_wconf 90' lang='lat' dir='ltr'><strong>huc</strong></span> <span class='ocrx_word' id='word_1_358' title='bbox 870 1692 897 1715; x_wconf 85' lang='lat' dir='ltr'><strong>et</strong></span> <span class='ocrx_word' id='word_1_359' title='bbox 913 1688 974 1715; x_wconf 88' lang='lat' dir='ltr'><strong>illuc</strong></span> 
     </span>
    </p>
   </div>
   <div class='ocr_carea' id='block_1_45' title="bbox 183 1722 975 1757">
    <p class='ocr_par' dir='ltr' id='par_1_45' title="bbox 183 1722 975 1757">
     <span class='ocr_line' id='line_1_45' title="bbox 183 1722 975 1757; baseline 0 -8"><span class='ocrx_word' id='word_1_360' title='bbox 183 1724 216 1749; x_wconf 89' lang='lat' dir='ltr'><strong>ad</strong></span> <span class='ocrx_word' id='word_1_361' title='bbox 238 1724 408 1755; x_wconf 73' lang='lat' dir='ltr'><strong>sacerdotes,</strong></span> <span class='ocrx_word' id='word_1_362' title='bbox 424 1722 572 1750; x_wconf 85' lang='lat' dir='ltr'><strong>doctrinam</strong></span> <span class='ocrx_word' id='word_1_363' title='bbox 589 1728 613 1750; x_wconf 90' lang='lat' dir='ltr'><strong>ct</strong></span> <span class='ocrx_word' id='word_1_364' title='bbox 631 1722 812 1756; x_wconf 75' lang='lat' dir='ltr'><strong>pmnitentiaiii</strong></span> <span class='ocrx_word' id='word_1_365' title='bbox 830 1723 878 1749; x_wconf 89' lang='lat' dir='ltr'><strong>sibi</strong></span> <span class='ocrx_word' id='word_1_366' title='bbox 902 1731 975 1757; x_wconf 65' lang='lat' dir='ltr'><strong>qum—</strong></span> 
     </span>
    </p>
   </div>
   <div class='ocr_carea' id='block_1_46' title="bbox 183 1758 975 1793">
    <p class='ocr_par' dir='ltr' id='par_1_46' title="bbox 183 1758 975 1793">
     <span class='ocr_line' id='line_1_46' title="bbox 183 1758 975 1793; baseline 0 -8"><span class='ocrx_word' id='word_1_367' title='bbox 183 1764 283 1785; x_wconf 82' lang='lat' dir='ltr'><strong>rentes.</strong></span> <span class='ocrx_word' id='word_1_368' title='bbox 300 1759 350 1785; x_wconf 78' lang='lat' dir='ltr'><strong>Alii</strong></span> <span class='ocrx_word' id='word_1_369' title='bbox 366 1764 453 1785; x_wconf 87' lang='lat' dir='ltr'><strong>autem</strong></span> <span class='ocrx_word' id='word_1_370' title='bbox 478 1758 671 1792; x_wconf 79' lang='lat' dir='ltr'><strong>interrogantes</strong></span> <span class='ocrx_word' id='word_1_371' title='bbox 682 1778 688 1789; x_wconf 86' lang='lat'><strong>,</strong></span> <span class='ocrx_word' id='word_1_372' title='bbox 710 1759 771 1793; x_wconf 90' lang='lat' dir='ltr'><strong>quid</strong></span> <span class='ocrx_word' id='word_1_373' title='bbox 793 1765 838 1784; x_wconf 85' lang='lat' dir='ltr'><strong>eos</strong></span> <span class='ocrx_word' id='word_1_374' title='bbox 853 1763 975 1792; x_wconf 74' lang='lat' dir='ltr'><strong>oporteat</strong></span> 
     </span>
    </p>
   </div>
   <div class='ocr_carea' id='block_1_47' title="bbox 184 1793 973 1827">
    <p class='ocr_par' dir='ltr' id='par_1_47' title="bbox 184 1793 973 1827">
     <span class='ocr_line' id='line_1_47' title="bbox 184 1793 973 1827; baseline 0.001 -8"><span class='ocrx_word' id='word_1_375' title='bbox 184 1794 271 1821; x_wconf 86' lang='lat' dir='ltr'><strong>facere</strong></span> <span class='ocrx_word' id='word_1_376' title='bbox 281 1815 288 1825; x_wconf 83' lang='lat'><strong>,</strong></span> <span class='ocrx_word' id='word_1_377' title='bbox 304 1793 350 1820; x_wconf 87' lang='lat' dir='ltr'><strong>sed</strong></span> <span class='ocrx_word' id='word_1_378' title='bbox 367 1793 508 1820; x_wconf 81' lang='lat' dir='ltr'><strong>festinante</strong></span> <span class='ocrx_word' id='word_1_379' title='bbox 518 1793 619 1827; x_wconf 89' lang='lat' dir='ltr'><strong>judicio</strong></span> <span class='ocrx_word' id='word_1_380' title='bbox 629 1814 636 1826; x_wconf 88' lang='lat'><strong>,</strong></span> <span class='ocrx_word' id='word_1_381' title='bbox 650 1798 677 1820; x_wconf 87' lang='lat' dir='ltr'><strong>et</strong></span> <span class='ocrx_word' id='word_1_382' title='bbox 692 1793 894 1820; x_wconf 83' lang='lat' dir='ltr'><strong>necessitatibus</strong></span> <span class='ocrx_word' id='word_1_383' title='bbox 914 1794 973 1820; x_wconf 88' lang='lat' dir='ltr'><strong>aliis</strong></span> 
     </span>
    </p>
   </div>
   <div class='ocr_carea' id='block_1_48' title="bbox 184 1829 971 1863">
    <p class='ocr_par' dir='ltr' id='par_1_48' title="bbox 184 1829 971 1863">
     <span class='ocr_line' id='line_1_48' title="bbox 184 1829 971 1863; baseline -0.001 -8"><span class='ocrx_word' id='word_1_384' title='bbox 184 1837 265 1863; x_wconf 85' lang='lat' dir='ltr'><strong>super</strong></span> <span class='ocrx_word' id='word_1_385' title='bbox 277 1829 342 1855; x_wconf 82' lang='lat' dir='ltr'><strong>alias</strong></span> <span class='ocrx_word' id='word_1_386' title='bbox 353 1829 530 1860; x_wconf 83' lang='lat' dir='ltr'><strong>venientibus,</strong></span> <span class='ocrx_word' id='word_1_387' title='bbox 542 1836 602 1855; x_wconf 85' lang='lat' dir='ltr'><strong>eum</strong></span> <span class='ocrx_word' id='word_1_388' title='bbox 617 1836 668 1855; x_wconf 93' lang='lat' dir='ltr'><strong>non</strong></span> <span class='ocrx_word' id='word_1_389' title='bbox 683 1829 717 1855; x_wconf 88' lang='lat' dir='ltr'><strong>sit</strong></span> <span class='ocrx_word' id='word_1_390' title='bbox 728 1829 839 1855; x_wconf 87' lang='lat' dir='ltr'><strong>docendi</strong></span> <span class='ocrx_word' id='word_1_391' title='bbox 855 1829 971 1861; x_wconf 79' lang='lat' dir='ltr'><strong>licentia,</strong></span> 
     </span>
    </p>
   </div>
   <div class='ocr_carea' id='block_1_49' title="bbox 185 1864 975 1898">
    <p class='ocr_par' dir='ltr' id='par_1_49' title="bbox 185 1864 975 1898">
     <span class='ocr_line' id='line_1_49' title="bbox 185 1864 975 1898; baseline -0.001 -7"><span class='ocrx_word' id='word_1_392' title='bbox 185 1872 235 1892; x_wconf 89' lang='lat' dir='ltr'><strong>nec</strong></span> <span class='ocrx_word' id='word_1_393' title='bbox 248 1869 351 1898; x_wconf 83' lang='lat' dir='ltr'><strong>tempus</strong></span> <span class='ocrx_word' id='word_1_394' title='bbox 365 1864 492 1891; x_wconf 70' lang='lat' dir='ltr'><strong>facienda:</strong></span> <span class='ocrx_word' id='word_1_395' title='bbox 509 1864 635 1897; x_wconf 81' lang='lat' dir='ltr'><strong>justitiie,</strong></span> <span class='ocrx_word' id='word_1_396' title='bbox 647 1869 692 1890; x_wconf 87' lang='lat' dir='ltr'><strong>ant</strong></span> <span class='ocrx_word' id='word_1_397' title='bbox 711 1864 820 1898; x_wconf 73' lang='lat' dir='ltr'><strong>agenda:</strong></span> <span class='ocrx_word' id='word_1_398' title='bbox 843 1865 975 1898; x_wconf 82' lang='lat' dir='ltr'><strong>poeniten-</strong></span> 
     </span>
    </p>
   </div>
   <div class='ocr_carea' id='block_1_50' title="bbox 186 1899 973 1932">
    <p class='ocr_par' dir='ltr' id='par_1_50' title="bbox 186 1899 973 1932">
     <span class='ocr_line' id='line_1_50' title="bbox 186 1899 973 1932; baseline 0 -6"><span class='ocrx_word' id='word_1_399' title='bbox 186 1900 246 1932; x_wconf 75' lang='lat' dir='ltr'><strong>tiai,</strong></span> <span class='ocrx_word' id='word_1_400' title='bbox 272 1899 403 1926; x_wconf 73' lang='lat' dir='ltr'><strong>festinatio</strong></span> <span class='ocrx_word' id='word_1_401' title='bbox 427 1906 518 1925; x_wconf 88' lang='lat' dir='ltr'><strong>eorum</strong></span> <span class='ocrx_word' id='word_1_402' title='bbox 543 1906 622 1925; x_wconf 88' lang='lat' dir='ltr'><strong>vacua</strong></span> <span class='ocrx_word' id='word_1_403' title='bbox 648 1899 707 1926; x_wconf 90' lang='lat' dir='ltr'><strong>erit.</strong></span> <span class='ocrx_word' id='word_1_404' title='bbox 731 1900 787 1926; x_wconf 90' lang='lat' dir='ltr'><strong>lloc</strong></span> <span class='ocrx_word' id='word_1_405' title='bbox 809 1907 880 1926; x_wconf 91' lang='lat' dir='ltr'><strong>enim</strong></span> <span class='ocrx_word' id='word_1_406' title='bbox 898 1904 924 1926; x_wconf 86' lang='lat' dir='ltr'><strong>et</strong></span> <span class='ocrx_word' id='word_1_407' title='bbox 948 1901 973 1926; x_wconf 92' lang='lat' dir='ltr'><strong>iii</strong></span> 
     </span>
    </p>
   </div>
   <div class='ocr_carea' id='block_1_51' title="bbox 185 1934 975 1969">
    <p class='ocr_par' dir='ltr' id='par_1_51' title="bbox 185 1934 975 1969">
     <span class='ocr_line' id='line_1_51' title="bbox 185 1934 975 1969; baseline -0.001 -8"><span class='ocrx_word' id='word_1_408' title='bbox 185 1934 276 1969; x_wconf 87' lang='lat' dir='ltr'><strong>quotid</strong></span> <span class='ocrx_word' id='word_1_409' title='bbox 288 1942 339 1961; x_wconf 89' lang='lat' dir='ltr'><strong>auo</strong></span> <span class='ocrx_word' id='word_1_410' title='bbox 353 1942 401 1961; x_wconf 86' lang='lat' dir='ltr'><strong>usu</strong></span> <span class='ocrx_word' id='word_1_411' title='bbox 417 1934 539 1961; x_wconf 86' lang='lat' dir='ltr'><strong>videmus</strong></span> <span class='ocrx_word' id='word_1_412' title='bbox 555 1934 622 1961; x_wconf 86' lang='lat' dir='ltr'><strong>fieri.</strong></span> <span class='ocrx_word' id='word_1_413' title='bbox 636 1934 758 1967; x_wconf 85' lang='lat' dir='ltr'><strong>Quotidie</strong></span> <span class='ocrx_word' id='word_1_414' title='bbox 769 1934 840 1961; x_wconf 90' lang='lat' dir='ltr'><strong>enim</strong></span> <span class='ocrx_word' id='word_1_415' title='bbox 854 1935 975 1962; x_wconf 83' lang='lat' dir='ltr'><strong>sacerdo-</strong></span> 
     </span>
    </p>
   </div>
   <div class='ocr_carea' id='block_1_52' title="bbox 186 1969 973 2004">
    <p class='ocr_par' dir='ltr' id='par_1_52' title="bbox 186 1969 973 2004">
     <span class='ocr_line' id='line_1_52' title="bbox 186 1969 973 2004; baseline 0 -8"><span class='ocrx_word' id='word_1_416' title='bbox 186 1975 226 1997; x_wconf 85' lang='lat' dir='ltr'><strong>tcs</strong></span> <span class='ocrx_word' id='word_1_417' title='bbox 242 1971 359 1997; x_wconf 88' lang='lat' dir='ltr'><strong>clamant</strong></span> <span class='ocrx_word' id='word_1_418' title='bbox 374 1970 399 1996; x_wconf 92' lang='lat' dir='ltr'><strong>iii</strong></span> <span class='ocrx_word' id='word_1_419' title='bbox 425 1970 536 1996; x_wconf 74' lang='lat' dir='ltr'><strong>ecclesia</strong></span> <span class='ocrx_word' id='word_1_420' title='bbox 553 1969 620 2003; x_wconf 88' lang='lat' dir='ltr'><strong>:Qui</strong></span> <span class='ocrx_word' id='word_1_421' title='bbox 642 1970 775 2004; x_wconf 86' lang='lat' dir='ltr'><strong>peccavit,</strong></span> <span class='ocrx_word' id='word_1_422' title='bbox 791 1970 973 2004; x_wconf 74' lang='lat' dir='ltr'><strong>pmiiileutiain</strong></span> 
     </span>
    </p>
   </div>
   <div class='ocr_carea' id='block_1_53' title="bbox 185 2004 975 2040">
    <p class='ocr_par' dir='ltr' id='par_1_53' title="bbox 185 2004 975 2040">
     <span class='ocr_line' id='line_1_53' title="bbox 185 2004 975 2040; baseline 0.003 -11"><span class='ocrx_word' id='word_1_423' title='bbox 185 2010 247 2040; x_wconf 74' lang='lat' dir='ltr'><strong>agat</strong></span> <span class='ocrx_word' id='word_1_424' title='bbox 262 2013 269 2030; x_wconf 95' lang='lat'>:</span> <span class='ocrx_word' id='word_1_425' title='bbox 286 2007 330 2040; x_wconf 90' lang='lat' dir='ltr'><strong>qui</strong></span> <span class='ocrx_word' id='word_1_426' title='bbox 351 2012 403 2032; x_wconf 89' lang='lat' dir='ltr'><strong>non</strong></span> <span class='ocrx_word' id='word_1_427' title='bbox 420 2004 537 2039; x_wconf 82' lang='lat' dir='ltr'><strong>peccavit</strong></span> <span class='ocrx_word' id='word_1_428' title='bbox 550 2025 557 2037; x_wconf 82' lang='grc'>,</span> <span class='ocrx_word' id='word_1_429' title='bbox 575 2010 728 2039; x_wconf 87' lang='lat' dir='ltr'><strong>permaneat</strong></span> <span class='ocrx_word' id='word_1_430' title='bbox 752 2005 776 2031; x_wconf 91' lang='lat' dir='ltr'><strong>iii</strong></span> <span class='ocrx_word' id='word_1_431' title='bbox 799 2006 862 2032; x_wconf 83' lang='lat' dir='ltr'><strong>Deo.</strong></span> <span class='ocrx_word' id='word_1_432' title='bbox 883 2005 975 2040; x_wconf 87' lang='lat' dir='ltr'><strong>Neque</strong></span> 
     </span>
    </p>
   </div>
   <div class='ocr_carea' id='block_1_54' title="bbox 185 2040 975 2075">
    <p class='ocr_par' dir='ltr' id='par_1_54' title="bbox 185 2040 975 2075">
     <span class='ocr_line' id='line_1_54' title="bbox 185 2040 975 2075; baseline 0 -8"><span class='ocrx_word' id='word_1_433' title='bbox 185 2044 314 2067; x_wconf 76' lang='lat' dir='ltr'><strong>Scitticant</strong></span> <span class='ocrx_word' id='word_1_434' title='bbox 337 2047 384 2067; x_wconf 88' lang='lat' dir='ltr'><strong>vos</strong></span> <span class='ocrx_word' id='word_1_435' title='bbox 409 2040 524 2067; x_wconf 79' lang='lat' dir='ltr'><strong>honoris</strong></span> <span class='ocrx_word' id='word_1_436' title='bbox 546 2045 573 2067; x_wconf 84' lang='lat' dir='ltr'><strong>ct</strong></span> <span class='ocrx_word' id='word_1_437' title='bbox 594 2040 692 2066; x_wconf 75' lang='lat' dir='ltr'><strong>divitia:</strong></span> <span class='ocrx_word' id='word_1_438' title='bbox 719 2041 878 2074; x_wconf 86' lang='lat' dir='ltr'><strong>temporales</strong></span> <span class='ocrx_word' id='word_1_439' title='bbox 893 2049 899 2067; x_wconf 92' lang='lat'><strong>:</strong></span> <span class='ocrx_word' id='word_1_440' title='bbox 915 2041 975 2075; x_wconf 86' lang='lat' dir='ltr'><strong>quia</strong></span> 
     </span>
    </p>
   </div>
   <div class='ocr_carea' id='block_1_55' title="bbox 187 2076 975 2110">
    <p class='ocr_par' dir='ltr' id='par_1_55' title="bbox 187 2076 975 2110">
     <span class='ocr_line' id='line_1_55' title="bbox 187 2076 975 2110; baseline -0.001 -7"><span class='ocrx_word' id='word_1_441' title='bbox 187 2081 291 2110; x_wconf 85' lang='lat' dir='ltr'><strong>tempus</strong></span> <span class='ocrx_word' id='word_1_442' title='bbox 304 2080 420 2102; x_wconf 84' lang='lat' dir='ltr'><strong>vestrum</strong></span> <span class='ocrx_word' id='word_1_443' title='bbox 436 2083 518 2110; x_wconf 77' lang='lat' dir='ltr'><strong>prope</strong></span> <span class='ocrx_word' id='word_1_444' title='bbox 528 2080 568 2101; x_wconf 82' lang='lat' dir='ltr'><strong>est</strong></span> <span class='ocrx_word' id='word_1_445' title='bbox 581 2084 588 2102; x_wconf 87' lang='lat'>:</span> <span class='ocrx_word' id='word_1_446' title='bbox 600 2079 627 2102; x_wconf 89' lang='lat' dir='ltr'><strong>et</strong></span> <span class='ocrx_word' id='word_1_447' title='bbox 642 2076 663 2102; x_wconf 87' lang='lat' dir='ltr'><strong>si</strong></span> <span class='ocrx_word' id='word_1_448' title='bbox 678 2076 872 2102; x_wconf 82' lang='lat' dir='ltr'><strong>consummatio</strong></span> <span class='ocrx_word' id='word_1_449' title='bbox 888 2081 975 2103; x_wconf 86' lang='lat' dir='ltr'><strong>vestra</strong></span> 
     </span>
    </p>
   </div>
   <div class='ocr_carea' id='block_1_56' title="bbox 187 2110 974 2143">
    <p class='ocr_par' dir='ltr' id='par_1_56' title="bbox 187 2110 974 2143">
     <span class='ocr_line' id='line_1_56' title="bbox 187 2110 974 2143; baseline 0 -6"><span class='ocrx_word' id='word_1_450' title='bbox 187 2111 346 2143; x_wconf 77' lang='lat' dir='ltr'><strong>tardaverit,</strong></span> <span class='ocrx_word' id='word_1_451' title='bbox 363 2119 434 2137; x_wconf 88' lang='lat' dir='ltr'><strong>mors</strong></span> <span class='ocrx_word' id='word_1_452' title='bbox 451 2116 536 2137; x_wconf 81' lang='lat' dir='ltr'><strong>vestra</strong></span> <span class='ocrx_word' id='word_1_453' title='bbox 552 2118 605 2137; x_wconf 88' lang='lat' dir='ltr'><strong>tion</strong></span> <span class='ocrx_word' id='word_1_454' title='bbox 622 2110 716 2137; x_wconf 78' lang='lat' dir='ltr'><strong>tardat.</strong></span> <span class='ocrx_word' id='word_1_455' title='bbox 732 2110 766 2137; x_wconf 90' lang='lat' dir='ltr'><strong>Et</strong></span> <span class='ocrx_word' id='word_1_456' title='bbox 782 2118 861 2138; x_wconf 85' lang='lat' dir='ltr'><strong>nemo</strong></span> <span class='ocrx_word' id='word_1_457' title='bbox 880 2111 974 2142; x_wconf 86' lang='lat' dir='ltr'><strong>credit,</strong></span> 
     </span>
    </p>
   </div>
   <div class='ocr_carea' id='block_1_57' title="bbox 187 2146 975 2180">
    <p class='ocr_par' dir='ltr' id='par_1_57' title="bbox 187 2146 975 2180">
     <span class='ocr_line' id='line_1_57' title="bbox 187 2146 975 2180; baseline -0.001 -7"><span class='ocrx_word' id='word_1_458' title='bbox 187 2154 266 2173; x_wconf 85' lang='lat' dir='ltr'><strong>nemo</strong></span> <span class='ocrx_word' id='word_1_459' title='bbox 280 2146 398 2173; x_wconf 86' lang='lat' dir='ltr'><strong>obaudit.</strong></span> <span class='ocrx_word' id='word_1_460' title='bbox 410 2147 474 2172; x_wconf 82' lang='lat' dir='ltr'><strong>Cum</strong></span> <span class='ocrx_word' id='word_1_461' title='bbox 490 2151 577 2172; x_wconf 87' lang='lat' dir='ltr'><strong>autem</strong></span> <span class='ocrx_word' id='word_1_462' title='bbox 594 2147 697 2173; x_wconf 89' lang='lat' dir='ltr'><strong>venerit</strong></span> <span class='ocrx_word' id='word_1_463' title='bbox 709 2152 789 2180; x_wconf 83' lang='lat' dir='ltr'><strong>super</strong></span> <span class='ocrx_word' id='word_1_464' title='bbox 800 2146 861 2172; x_wconf 83' lang='lat' dir='ltr'><strong>illos</strong></span> <span class='ocrx_word' id='word_1_465' title='bbox 884 2154 956 2173; x_wconf 87' lang='lat' dir='ltr'><strong>mors</strong></span> <span class='ocrx_word' id='word_1_466' title='bbox 966 2167 975 2180; x_wconf 90' lang='lat'><strong>,</strong></span> 
     </span>
    </p>
   </div>
   <div class='ocr_carea' id='block_1_58' title="bbox 186 2181 975 2215">
    <p class='ocr_par' dir='ltr' id='par_1_58' title="bbox 186 2181 975 2215">
     <span class='ocr_line' id='line_1_58' title="bbox 186 2181 975 2215; baseline 0 -7"><span class='ocrx_word' id='word_1_467' title='bbox 186 2182 314 2208; x_wconf 82' lang='lat' dir='ltr'><strong>festinant</strong></span> <span class='ocrx_word' id='word_1_468' title='bbox 328 2186 355 2208; x_wconf 92' lang='lat' dir='ltr'><strong>et</strong></span> <span class='ocrx_word' id='word_1_469' title='bbox 368 2181 526 2212; x_wconf 75' lang='lat' dir='ltr'><strong>anxiantur,</strong></span> <span class='ocrx_word' id='word_1_470' title='bbox 541 2185 637 2207; x_wconf 81' lang='lat' dir='ltr'><strong>Vocant</strong></span> <span class='ocrx_word' id='word_1_471' title='bbox 659 2182 826 2213; x_wconf 78' lang='lat' dir='ltr'><strong>sacerdotes,</strong></span> <span class='ocrx_word' id='word_1_472' title='bbox 844 2182 975 2215; x_wconf 55' lang='lat' dir='ltr'><strong>poeniten-</strong></span> 
     </span>
    </p>
   </div>
   <div class='ocr_carea' id='block_1_59' title="bbox 186 2216 976 2251">
    <p class='ocr_par' dir='ltr' id='par_1_59' title="bbox 186 2216 976 2251">
     <span class='ocr_line' id='line_1_59' title="bbox 186 2216 976 2251; baseline 0 -8"><span class='ocrx_word' id='word_1_473' title='bbox 186 2217 251 2243; x_wconf 80' lang='lat' dir='ltr'><strong>tiam</strong></span> <span class='ocrx_word' id='word_1_474' title='bbox 266 2217 357 2242; x_wconf 80' lang='lat' dir='ltr'><strong>Volunt</strong></span> <span class='ocrx_word' id='word_1_475' title='bbox 369 2223 459 2250; x_wconf 81' lang='lat' dir='ltr'><strong>agere.</strong></span> <span class='ocrx_word' id='word_1_476' title='bbox 473 2216 579 2250; x_wconf 86' lang='lat' dir='ltr'><strong>quando</strong></span> <span class='ocrx_word' id='word_1_477' title='bbox 590 2216 644 2249; x_wconf 87' lang='lat' dir='ltr'><strong>jam</strong></span> <span class='ocrx_word' id='word_1_478' title='bbox 660 2216 824 2251; x_wconf 76' lang='lat' dir='ltr'><strong>poenitentia:</strong></span> <span class='ocrx_word' id='word_1_479' title='bbox 838 2217 911 2243; x_wconf 84' lang='lat' dir='ltr'><strong>locus</strong></span> <span class='ocrx_word' id='word_1_480' title='bbox 924 2225 976 2243; x_wconf 88' lang='lat' dir='ltr'><strong>non</strong></span> 
     </span>
    </p>
   </div>
   <div class='ocr_carea' id='block_1_60' title="bbox 186 2251 977 2286">
    <p class='ocr_par' dir='ltr' id='par_1_60' title="bbox 186 2251 977 2286">
     <span class='ocr_line' id='line_1_60' title="bbox 186 2251 977 2286; baseline 0 -8"><span class='ocrx_word' id='word_1_481' title='bbox 186 2257 237 2278; x_wconf 83' lang='lat' dir='ltr'><strong>est.</strong></span> <span class='ocrx_word' id='word_1_482' title='bbox 252 2252 341 2285; x_wconf 82' lang='lat' dir='ltr'><strong>Itaque</strong></span> <span class='ocrx_word' id='word_1_483' title='bbox 351 2251 412 2277; x_wconf 90' lang='lat' dir='ltr'><strong>dtini</strong></span> <span class='ocrx_word' id='word_1_484' title='bbox 425 2255 561 2285; x_wconf 85' lang='lat' dir='ltr'><strong>exponunt</strong></span> <span class='ocrx_word' id='word_1_485' title='bbox 572 2256 677 2285; x_wconf 85' lang='lat' dir='ltr'><strong>peccata</strong></span> <span class='ocrx_word' id='word_1_486' title='bbox 691 2259 736 2278; x_wconf 89' lang='lat' dir='ltr'><strong>sua</strong></span> <span class='ocrx_word' id='word_1_487' title='bbox 747 2271 755 2284; x_wconf 84' lang='lat'><strong>,</strong></span> <span class='ocrx_word' id='word_1_488' title='bbox 767 2252 829 2277; x_wconf 91' lang='lat' dir='ltr'><strong>dum</strong></span> <span class='ocrx_word' id='word_1_489' title='bbox 844 2252 977 2286; x_wconf 90' lang='lat' dir='ltr'><strong>accipiunt</strong></span> 
     </span>
    </p>
   </div>
   <div class='ocr_carea' id='block_1_61' title="bbox 188 2286 977 2321">
    <p class='ocr_par' dir='ltr' id='par_1_61' title="bbox 188 2286 977 2321">
     <span class='ocr_line' id='line_1_61' title="bbox 188 2286 977 2321; baseline 0.001 -9"><span class='ocrx_word' id='word_1_490' title='bbox 188 2286 352 2321; x_wconf 65' lang='lat' dir='ltr'><strong>pendentia:</strong></span> <span class='ocrx_word' id='word_1_491' title='bbox 382 2291 500 2320; x_wconf 84' lang='lat' dir='ltr'><strong>tempus,</strong></span> <span class='ocrx_word' id='word_1_492' title='bbox 522 2291 549 2313; x_wconf 86' lang='lat' dir='ltr'><strong>et</strong></span> <span class='ocrx_word' id='word_1_493' title='bbox 574 2291 703 2320; x_wconf 76' lang='lat' dir='ltr'><strong>pneccpta</strong></span> <span class='ocrx_word' id='word_1_494' title='bbox 725 2286 848 2321; x_wconf 59' lang='lat' dir='ltr'><strong>justitiai.</strong></span> <span class='ocrx_word' id='word_1_495' title='bbox 875 2287 977 2321; x_wconf 86' lang='lat' dir='ltr'><strong>capitur</strong></span> 
     </span>
    </p>
   </div>
   <div class='ocr_carea' id='block_1_62' title="bbox 186 2321 976 2357">
    <p class='ocr_par' dir='ltr' id='par_1_62' title="bbox 186 2321 976 2357">
     <span class='ocr_line' id='line_1_62' title="bbox 186 2321 976 2357; baseline 0.001 -9"><span class='ocrx_word' id='word_1_496' title='bbox 186 2323 275 2348; x_wconf 87' lang='lat' dir='ltr'><strong>anima</strong></span> <span class='ocrx_word' id='word_1_497' title='bbox 291 2329 383 2357; x_wconf 87' lang='lat' dir='ltr'><strong>eorum</strong></span> <span class='ocrx_word' id='word_1_498' title='bbox 395 2342 402 2354; x_wconf 80' lang='lat'><strong>,</strong></span> <span class='ocrx_word' id='word_1_499' title='bbox 416 2327 443 2348; x_wconf 87' lang='lat' dir='ltr'><strong>et</strong></span> <span class='ocrx_word' id='word_1_500' title='bbox 457 2321 555 2348; x_wconf 80' lang='lat' dir='ltr'><strong>vadunt</strong></span> <span class='ocrx_word' id='word_1_501' title='bbox 569 2322 643 2348; x_wconf 80' lang='lat' dir='ltr'><strong>vacui</strong></span> <span class='ocrx_word' id='word_1_502' title='bbox 656 2341 664 2354; x_wconf 85' lang='lat'><strong>,</strong></span> <span class='ocrx_word' id='word_1_503' title='bbox 687 2323 771 2356; x_wconf 77' lang='lat' dir='ltr'><strong>magis</strong></span> <span class='ocrx_word' id='word_1_504' title='bbox 792 2326 880 2349; x_wconf 87' lang='lat' dir='ltr'><strong>atitetii</strong></span> <span class='ocrx_word' id='word_1_505' title='bbox 905 2323 976 2357; x_wconf 79' lang='lat' dir='ltr'><strong>ligati</strong></span> 
     </span>
    </p>
   </div>
   <div class='ocr_carea' id='block_1_63' title="bbox 185 2356 976 2392">
    <p class='ocr_par' dir='ltr' id='par_1_63' title="bbox 185 2356 976 2392">
     <span class='ocr_line' id='line_1_63' title="bbox 185 2356 976 2392; baseline 0.001 -9"><span class='ocrx_word' id='word_1_506' title='bbox 185 2357 260 2392; x_wconf 87' lang='lat' dir='ltr'><strong>justo</strong></span> <span class='ocrx_word' id='word_1_507' title='bbox 270 2356 370 2391; x_wconf 92' lang='lat' dir='ltr'><strong>judicio</strong></span> <span class='ocrx_word' id='word_1_508' title='bbox 384 2357 428 2383; x_wconf 85' lang='lat' dir='ltr'><strong>Dei</strong></span> <span class='ocrx_word' id='word_1_509' title='bbox 444 2365 450 2382; x_wconf 92' lang='lat'>:</span> <span class='ocrx_word' id='word_1_510' title='bbox 465 2358 525 2391; x_wconf 86' lang='lat' dir='ltr'><strong>quia</strong></span> <span class='ocrx_word' id='word_1_511' title='bbox 550 2364 603 2383; x_wconf 91' lang='lat' dir='ltr'><strong>non</strong></span> <span class='ocrx_word' id='word_1_512' title='bbox 619 2362 727 2391; x_wconf 89' lang='lat' dir='ltr'><strong>propter</strong></span> <span class='ocrx_word' id='word_1_513' title='bbox 739 2356 828 2383; x_wconf 90' lang='lat' dir='ltr'><strong>odium</strong></span> <span class='ocrx_word' id='word_1_514' title='bbox 852 2363 976 2392; x_wconf 86' lang='lat' dir='ltr'><strong>peccato-</strong></span> 
     </span>
    </p>
   </div>
   <div class='ocr_carea' id='block_1_64' title="bbox 189 2392 974 2427">
    <p class='ocr_par' dir='ltr' id='par_1_64' title="bbox 189 2392 974 2427">
     <span class='ocr_line' id='line_1_64' title="bbox 189 2392 974 2427; baseline 0.001 -8"><span class='ocrx_word' id='word_1_515' title='bbox 189 2400 247 2419; x_wconf 89' lang='lat' dir='ltr'><strong>rum</strong></span> <span class='ocrx_word' id='word_1_516' title='bbox 274 2392 446 2426; x_wconf 82' lang='lat' dir='ltr'><strong>displicentes</strong></span> <span class='ocrx_word' id='word_1_517' title='bbox 466 2392 514 2418; x_wconf 89' lang='lat' dir='ltr'><strong>sibi</strong></span> <span class='ocrx_word' id='word_1_518' title='bbox 539 2392 663 2419; x_wconf 78' lang='lat' dir='ltr'><strong>volebant</strong></span> <span class='ocrx_word' id='word_1_519' title='bbox 684 2392 863 2426; x_wconf 75' lang='lat' dir='ltr'><strong>pmnirentiam</strong></span> <span class='ocrx_word' id='word_1_520' title='bbox 877 2400 974 2427; x_wconf 81' lang='lat' dir='ltr'><strong>agere.</strong></span> 
     </span>
    </p>
   </div>
   <div class='ocr_carea' id='block_1_65' title="bbox 189 2427 978 2463">
    <p class='ocr_par' dir='ltr' id='par_1_65' title="bbox 189 2427 978 2463">
     <span class='ocr_line' id='line_1_65' title="bbox 189 2427 978 2463; baseline -0.001 -8"><span class='ocrx_word' id='word_1_521' title='bbox 189 2427 235 2455; x_wconf 79' lang='lat' dir='ltr'><strong>Sed</strong></span> <span class='ocrx_word' id='word_1_522' title='bbox 251 2432 360 2463; x_wconf 86' lang='lat' dir='ltr'><strong>propter</strong></span> <span class='ocrx_word' id='word_1_523' title='bbox 383 2428 476 2454; x_wconf 91' lang='lat' dir='ltr'><strong>mortis</strong></span> <span class='ocrx_word' id='word_1_524' title='bbox 493 2428 624 2463; x_wconf 70' lang='lat' dir='ltr'><strong>lintrem.</strong></span> <span class='ocrx_word' id='word_1_525' title='bbox 643 2427 736 2454; x_wconf 84' lang='lat' dir='ltr'><strong>Adhuc</strong></span> <span class='ocrx_word' id='word_1_526' title='bbox 751 2428 820 2454; x_wconf 91' lang='lat' dir='ltr'><strong>enim</strong></span> <span class='ocrx_word' id='word_1_527' title='bbox 845 2430 867 2454; x_wconf 90' lang='lat' dir='ltr'><strong>si</strong></span> <span class='ocrx_word' id='word_1_528' title='bbox 891 2429 978 2455; x_wconf 72' lang='lat' dir='ltr'><strong>vivere</strong></span> 
     </span>
    </p>
   </div>
   <div class='ocr_carea' id='block_1_66' title="bbox 189 2462 978 2499">
    <p class='ocr_par' dir='ltr' id='par_1_66' title="bbox 189 2462 978 2499">
     <span class='ocr_line' id='line_1_66' title="bbox 189 2462 978 2499; baseline -0.001 -9"><span class='ocrx_word' id='word_1_529' title='bbox 189 2462 357 2499; x_wconf 74' lang='lat' dir='ltr'><strong>potuissent,</strong></span> <span class='ocrx_word' id='word_1_530' title='bbox 371 2470 424 2489; x_wconf 92' lang='lat' dir='ltr'><strong>non</strong></span> <span class='ocrx_word' id='word_1_531' title='bbox 440 2462 489 2489; x_wconf 88' lang='lat' dir='ltr'><strong>sibi</strong></span> <span class='ocrx_word' id='word_1_532' title='bbox 504 2462 711 2499; x_wconf 82' lang='lat' dir='ltr'><strong>displicuissent.</strong></span> <span class='ocrx_word' id='word_1_533' title='bbox 725 2463 799 2489; x_wconf 76' lang='lat' dir='ltr'><strong>Alius</strong></span> <span class='ocrx_word' id='word_1_534' title='bbox 812 2468 899 2490; x_wconf 80' lang='lat' dir='ltr'><strong>autem</strong></span> <span class='ocrx_word' id='word_1_535' title='bbox 913 2471 978 2499; x_wconf 83' lang='lat' dir='ltr'><strong>ven—</strong></span> 
     </span>
    </p>
   </div>
   <div class='ocr_carea' id='block_1_67' title="bbox 190 2498 980 2532">
    <p class='ocr_par' dir='ltr' id='par_1_67' title="bbox 190 2498 980 2532">
     <span class='ocr_line' id='line_1_67' title="bbox 190 2498 980 2532; baseline -0.003 -6"><span class='ocrx_word' id='word_1_536' title='bbox 190 2498 291 2527; x_wconf 80' lang='lat' dir='ltr'><strong>ditores</strong></span> <span class='ocrx_word' id='word_1_537' title='bbox 301 2498 352 2525; x_wconf 90' lang='lat' dir='ltr'><strong>olei</strong></span> <span class='ocrx_word' id='word_1_538' title='bbox 362 2518 369 2530; x_wconf 80' lang='lat'><strong>,</strong></span> <span class='ocrx_word' id='word_1_539' title='bbox 384 2498 478 2528; x_wconf 84' lang='lat' dir='ltr'><strong>idest,</strong></span> <span class='ocrx_word' id='word_1_540' title='bbox 494 2498 554 2525; x_wconf 88' lang='lat' dir='ltr'><strong>boni</strong></span> <span class='ocrx_word' id='word_1_541' title='bbox 566 2498 655 2532; x_wconf 89' lang='lat' dir='ltr'><strong>operis</strong></span> <span class='ocrx_word' id='word_1_542' title='bbox 665 2518 672 2530; x_wconf 94' lang='lat'><strong>,</strong></span> <span class='ocrx_word' id='word_1_543' title='bbox 686 2505 815 2532; x_wconf 87' lang='lat' dir='ltr'><strong>pauperes</strong></span> <span class='ocrx_word' id='word_1_544' title='bbox 826 2499 899 2525; x_wconf 89' lang='lat' dir='ltr'><strong>dicit.</strong></span> <span class='ocrx_word' id='word_1_545' title='bbox 913 2498 980 2524; x_wconf 89' lang='lat' dir='ltr'><strong>Ilor—</strong></span> 
     </span>
    </p>
   </div>
   <div class='ocr_carea' id='block_1_68' title="bbox 189 2533 977 2569">
    <p class='ocr_par' dir='ltr' id='par_1_68' title="bbox 189 2533 977 2569">
     <span class='ocr_line' id='line_1_68' title="bbox 189 2533 977 2569; baseline -0.001 -8"><span class='ocrx_word' id='word_1_546' title='bbox 189 2539 279 2562; x_wconf 81' lang='lat' dir='ltr'><strong>tantur</strong></span> <span class='ocrx_word' id='word_1_547' title='bbox 298 2541 363 2569; x_wconf 82' lang='lat' dir='ltr'><strong>ergo</strong></span> <span class='ocrx_word' id='word_1_548' title='bbox 384 2533 529 2567; x_wconf 80' lang='lat' dir='ltr'><strong>prudentes</strong></span> <span class='ocrx_word' id='word_1_549' title='bbox 542 2533 657 2567; x_wconf 76' lang='lat' dir='ltr'><strong>virgines</strong></span> <span class='ocrx_word' id='word_1_550' title='bbox 679 2534 781 2566; x_wconf 87' lang='lat' dir='ltr'><strong>fatuas,</strong></span> <span class='ocrx_word' id='word_1_551' title='bbox 807 2537 837 2560; x_wconf 89' lang='lat' dir='ltr'><strong>ut</strong></span> <span class='ocrx_word' id='word_1_552' title='bbox 859 2538 922 2560; x_wconf 84' lang='lat' dir='ltr'><strong>eant</strong></span> <span class='ocrx_word' id='word_1_553' title='bbox 944 2533 977 2560; x_wconf 88' lang='lat' dir='ltr'><strong>ad</strong></span> 
     </span>
    </p>
   </div>
   <div class='ocr_carea' id='block_1_69' title="bbox 188 2568 978 2605">
    <p class='ocr_par' dir='ltr' id='par_1_69' title="bbox 188 2568 978 2605">
     <span class='ocr_line' id='line_1_69' title="bbox 188 2568 978 2605; baseline -0.004 -8"><span class='ocrx_word' id='word_1_554' title='bbox 188 2577 331 2605; x_wconf 83' lang='lat' dir='ltr'><strong>pauperes,</strong></span> <span class='ocrx_word' id='word_1_555' title='bbox 347 2569 368 2596; x_wconf 87' lang='lat' dir='ltr'><strong>si</strong></span> <span class='ocrx_word' id='word_1_556' title='bbox 380 2570 477 2603; x_wconf 88' lang='lat' dir='ltr'><strong>patitur</strong></span> <span class='ocrx_word' id='word_1_557' title='bbox 488 2576 533 2596; x_wconf 88' lang='lat' dir='ltr'><strong>eas</strong></span> <span class='ocrx_word' id='word_1_558' title='bbox 545 2573 649 2603; x_wconf 90' lang='lat' dir='ltr'><strong>tempus</strong></span> <span class='ocrx_word' id='word_1_559' title='bbox 658 2589 665 2600; x_wconf 94' lang='lat'><strong>,</strong></span> <span class='ocrx_word' id='word_1_560' title='bbox 679 2573 708 2595; x_wconf 93' lang='lat' dir='ltr'><strong>ut</strong></span> <span class='ocrx_word' id='word_1_561' title='bbox 720 2569 900 2605; x_wconf 18' lang='lat' dir='ltr'><strong>flicientesreis</strong></span> <span class='ocrx_word' id='word_1_562' title='bbox 911 2568 978 2595; x_wconf 84' lang='lat' dir='ltr'><strong>bona</strong></span> 
     </span>
    </p>
   </div>
   <div class='ocr_carea' id='block_1_70' title="bbox 189 2604 978 2643">
    <p class='ocr_par' dir='ltr' id='par_1_70' title="bbox 189 2604 978 2643">
     <span class='ocr_line' id='line_1_70' title="bbox 189 2604 978 2643; baseline -0.003 -11"><span class='ocrx_word' id='word_1_563' title='bbox 189 2605 316 2643; x_wconf 78' lang='lat' dir='ltr'><strong>justitiic,</strong></span> <span class='ocrx_word' id='word_1_564' title='bbox 340 2605 548 2643; x_wconf 69' lang='lat' dir='ltr'><strong>miscricordiam</strong></span> <span class='ocrx_word' id='word_1_565' title='bbox 570 2608 765 2643; x_wconf 71' lang='lat' dir='ltr'><strong>consequantur</strong></span> <span class='ocrx_word' id='word_1_566' title='bbox 787 2605 820 2643; x_wconf 75' lang='lat' dir='ltr'><strong>ab</strong></span> <span class='ocrx_word' id='word_1_567' title='bbox 831 2604 978 2643; x_wconf 73' lang='lat' dir='ltr'><strong>eis_:_quo-</strong></span> 
     </span>
    </p>
   </div>
   <div class='ocr_carea' id='block_1_71' title="bbox 192 2639 977 2674">
    <p class='ocr_par' dir='ltr' id='par_1_71' title="bbox 192 2639 977 2674">
     <span class='ocr_line' id='line_1_71' title="bbox 192 2639 977 2674; baseline 0 -8"><span class='ocrx_word' id='word_1_568' title='bbox 192 2639 261 2666; x_wconf 84' lang='lat' dir='ltr'><strong>niam</strong></span> <span class='ocrx_word' id='word_1_569' title='bbox 277 2647 324 2674; x_wconf 90' lang='lat' dir='ltr'><strong>per</strong></span> <span class='ocrx_word' id='word_1_570' title='bbox 347 2639 544 2666; x_wconf 79' lang='lat' dir='ltr'><strong>misericordias</strong></span> <span class='ocrx_word' id='word_1_571' title='bbox 571 2640 652 2665; x_wconf 86' lang='lat' dir='ltr'><strong>factas</strong></span> <span class='ocrx_word' id='word_1_572' title='bbox 668 2642 692 2665; x_wconf 86' lang='lat' dir='ltr'><strong>in</strong></span> <span class='ocrx_word' id='word_1_573' title='bbox 708 2646 754 2666; x_wconf 90' lang='lat' dir='ltr'><strong>eos</strong></span> <span class='ocrx_word' id='word_1_574' title='bbox 765 2660 772 2670; x_wconf 88' lang='grc'><em>,</em></span> <span class='ocrx_word' id='word_1_575' title='bbox 787 2639 837 2666; x_wconf 89' lang='lat' dir='ltr'><strong>olei</strong></span> <span class='ocrx_word' id='word_1_576' title='bbox 848 2660 855 2671; x_wconf 86' lang='lat'><strong>,</strong></span> <span class='ocrx_word' id='word_1_577' title='bbox 881 2639 977 2672; x_wconf 77' lang='lat' dir='ltr'><strong>idest,</strong></span> 
     </span>
    </p>
   </div>
   <div class='ocr_carea' id='block_1_72' title="bbox 190 2674 979 2708">
    <p class='ocr_par' dir='ltr' id='par_1_72' title="bbox 190 2674 979 2708">
     <span class='ocr_line' id='line_1_72' title="bbox 190 2674 979 2708; baseline -0.001 -7"><span class='ocrx_word' id='word_1_578' title='bbox 190 2675 381 2702; x_wconf 78' lang='lat' dir='ltr'><strong>misericordia:</strong></span> <span class='ocrx_word' id='word_1_579' title='bbox 393 2682 496 2701; x_wconf 84' lang='lat' dir='ltr'><strong>merces</strong></span> <span class='ocrx_word' id='word_1_580' title='bbox 507 2674 662 2708; x_wconf 83' lang='lat' dir='ltr'><strong>acquiritur.</strong></span> <span class='ocrx_word' id='word_1_581' title='bbox 680 2674 733 2700; x_wconf 87' lang='lat' dir='ltr'><strong>lll.c</strong></span> <span class='ocrx_word' id='word_1_582' title='bbox 753 2679 841 2701; x_wconf 87' lang='lat' dir='ltr'><strong>autem</strong></span> <span class='ocrx_word' id='word_1_583' title='bbox 855 2674 917 2701; x_wconf 91' lang='lat' dir='ltr'><strong>dttm</strong></span> <span class='ocrx_word' id='word_1_584' title='bbox 933 2683 979 2700; x_wconf 85' lang='lat' dir='ltr'><strong>va-</strong></span> 
     </span>
    </p>
   </div>
   <div class='ocr_carea' id='block_1_73' title="bbox 190 2709 980 2744">
    <p class='ocr_par' dir='ltr' id='par_1_73' title="bbox 190 2709 980 2744">
     <span class='ocr_line' id='line_1_73' title="bbox 190 2709 980 2744; baseline 0.001 -9"><span class='ocrx_word' id='word_1_585' title='bbox 190 2712 275 2742; x_wconf 81' lang='lat' dir='ltr'><strong>dunt,</strong></span> <span class='ocrx_word' id='word_1_586' title='bbox 301 2709 421 2735; x_wconf 81' lang='lat' dir='ltr'><strong>volentes</strong></span> <span class='ocrx_word' id='word_1_587' title='bbox 446 2715 507 2736; x_wconf 89' lang='lat' dir='ltr'><strong>tunc</strong></span> <span class='ocrx_word' id='word_1_588' title='bbox 528 2709 627 2743; x_wconf 78' lang='lat' dir='ltr'><strong>aliquid</strong></span> <span class='ocrx_word' id='word_1_589' title='bbox 654 2709 715 2736; x_wconf 89' lang='lat' dir='ltr'><strong>boni</strong></span> <span class='ocrx_word' id='word_1_590' title='bbox 739 2710 843 2742; x_wconf 84' lang='lat' dir='ltr'><strong>facere,</strong></span> <span class='ocrx_word' id='word_1_591' title='bbox 871 2714 980 2744; x_wconf 85' lang='lat' dir='ltr'><strong>propter</strong></span> 
     </span>
    </p>
   </div>
   <div class='ocr_carea' id='block_1_74' title="bbox 189 2744 980 2778">
    <p class='ocr_par' dir='ltr' id='par_1_74' title="bbox 189 2744 980 2778">
     <span class='ocr_line' id='line_1_74' title="bbox 189 2744 980 2778; baseline -0.001 -7"><span class='ocrx_word' id='word_1_592' title='bbox 189 2745 259 2778; x_wconf 86' lang='lat' dir='ltr'><strong>quod</strong></span> <span class='ocrx_word' id='word_1_593' title='bbox 273 2744 378 2778; x_wconf 80' lang='lat' dir='ltr'><strong>possint</strong></span> <span class='ocrx_word' id='word_1_594' title='bbox 386 2751 447 2770; x_wconf 90' lang='lat' dir='ltr'><strong>cum</strong></span> <span class='ocrx_word' id='word_1_595' title='bbox 461 2745 555 2771; x_wconf 82' lang='lat' dir='ltr'><strong>fiducia</strong></span> <span class='ocrx_word' id='word_1_596' title='bbox 569 2752 710 2771; x_wconf 84' lang='lat' dir='ltr'><strong>occurrere</strong></span> <span class='ocrx_word' id='word_1_597' title='bbox 720 2744 841 2777; x_wconf 87' lang='lat' dir='ltr'><strong>Christo,</strong></span> <span class='ocrx_word' id='word_1_598' title='bbox 853 2750 980 2771; x_wconf 78' lang='lat' dir='ltr'><strong>venturus</strong></span> 
     </span>
    </p>
   </div>
   <div class='ocr_carea' id='block_1_75' title="bbox 191 2778 979 2814">
    <p class='ocr_par' dir='ltr' id='par_1_75' title="bbox 191 2778 979 2814">
     <span class='ocr_line' id='line_1_75' title="bbox 191 2778 979 2814; baseline 0.001 -10"><span class='ocrx_word' id='word_1_599' title='bbox 191 2785 232 2805; x_wconf 77' lang='lat' dir='ltr'><strong>est</strong></span> <span class='ocrx_word' id='word_1_600' title='bbox 251 2778 374 2814; x_wconf 68' lang='lat' dir='ltr'><strong>Christus</strong></span> <span class='ocrx_word' id='word_1_601' title='bbox 397 2785 506 2813; x_wconf 85' lang='lat' dir='ltr'><strong>repente</strong></span> <span class='ocrx_word' id='word_1_602' title='bbox 517 2800 524 2812; x_wconf 84' lang='grc'><em>,</em></span> <span class='ocrx_word' id='word_1_603' title='bbox 548 2785 575 2806; x_wconf 90' lang='lat' dir='ltr'><strong>et</strong></span> <span class='ocrx_word' id='word_1_604' title='bbox 590 2780 654 2806; x_wconf 91' lang='lat' dir='ltr'><strong>nihil</strong></span> <span class='ocrx_word' id='word_1_605' title='bbox 677 2780 716 2806; x_wconf 91' lang='lat' dir='ltr'><strong>eis</strong></span> <span class='ocrx_word' id='word_1_606' title='bbox 730 2781 847 2814; x_wconf 87' lang='lat' dir='ltr'><strong>proderit</strong></span> <span class='ocrx_word' id='word_1_607' title='bbox 861 2781 979 2807; x_wconf 81' lang='lat' dir='ltr'><strong>anxietas</strong></span> 
     </span>
    </p>
   </div>
   <div class='ocr_carea' id='block_1_76' title="bbox 191 2813 980 2849">
    <p class='ocr_par' dir='ltr' id='par_1_76' title="bbox 191 2813 980 2849">
     <span class='ocr_line' id='line_1_76' title="bbox 191 2813 980 2849; baseline 0.003 -10"><span class='ocrx_word' id='word_1_608' title='bbox 191 2814 234 2840; x_wconf 87' lang='lat' dir='ltr'><strong>illa</strong></span> <span class='ocrx_word' id='word_1_609' title='bbox 245 2834 253 2846; x_wconf 87' lang='lat'><strong>,</strong></span> <span class='ocrx_word' id='word_1_610' title='bbox 266 2819 327 2840; x_wconf 88' lang='lat' dir='ltr'><strong>tunc</strong></span> <span class='ocrx_word' id='word_1_611' title='bbox 338 2813 521 2847; x_wconf 85' lang='lat' dir='ltr'><strong>incipientibus</strong></span> <span class='ocrx_word' id='word_1_612' title='bbox 533 2815 601 2842; x_wconf 84' lang='lat' dir='ltr'><strong>bene</strong></span> <span class='ocrx_word' id='word_1_613' title='bbox 613 2822 693 2849; x_wconf 80' lang='lat' dir='ltr'><strong>agere</strong></span> <span class='ocrx_word' id='word_1_614' title='bbox 703 2835 711 2847; x_wconf 88' lang='lat'><strong>,</strong></span> <span class='ocrx_word' id='word_1_615' title='bbox 724 2813 783 2841; x_wconf 80' lang='lat' dir='ltr'><strong>cum</strong></span> <span class='ocrx_word' id='word_1_616' title='bbox 799 2819 903 2848; x_wconf 89' lang='lat' dir='ltr'><strong>tempus</strong></span> <span class='ocrx_word' id='word_1_617' title='bbox 914 2815 980 2841; x_wconf 85' lang='lat' dir='ltr'><strong>bene</strong></span> 
     </span>
    </p>
   </div>
   <div class='ocr_carea' id='block_1_77' title="bbox 191 2849 980 2883">
    <p class='ocr_par' dir='ltr' id='par_1_77' title="bbox 191 2849 980 2883">
     <span class='ocr_line' id='line_1_77' title="bbox 191 2849 980 2883; baseline 0.001 -8"><span class='ocrx_word' id='word_1_618' title='bbox 191 2849 285 2883; x_wconf 78' lang='lat' dir='ltr'><strong>agendi</strong></span> <span class='ocrx_word' id='word_1_619' title='bbox 301 2849 477 2877; x_wconf 88' lang='lat' dir='ltr'><strong>concluditur.</strong></span> <span class='ocrx_word' id='word_1_620' title='bbox 492 2851 535 2877; x_wconf 83' lang='grc' dir='ltr'><strong>Η.</strong></span> <span class='ocrx_word' id='word_1_621' title='bbox 559 2850 702 2877; x_wconf 79' lang='lat' dir='ltr'><strong>Novissime</strong></span> <span class='ocrx_word' id='word_1_622' title='bbox 720 2855 804 2876; x_wconf 86' lang='lat' dir='ltr'><strong>autem</strong></span> <span class='ocrx_word' id='word_1_623' title='bbox 825 2855 942 2876; x_wconf 70' lang='lat' dir='ltr'><strong>venerunt</strong></span> <span class='ocrx_word' id='word_1_624' title='bbox 957 2855 980 2876; x_wconf 75' lang='lat' dir='ltr'><strong>et</strong></span> 
     </span>
    </p>
   </div>
   <div class='ocr_carea' id='block_1_78' title="bbox 191 2884 978 2920">
    <p class='ocr_par' dir='ltr' id='par_1_78' title="bbox 191 2884 978 2920">
     <span class='ocr_line' id='line_1_78' title="bbox 191 2884 978 2920; baseline 0.001 -10"><span class='ocrx_word' id='word_1_625' title='bbox 191 2884 293 2919; x_wconf 66' lang='lat' dir='ltr'><strong>reliquit</strong></span> <span class='ocrx_word' id='word_1_626' title='bbox 319 2884 442 2919; x_wconf 77' lang='lat' dir='ltr'><strong>virgines,</strong></span> <span class='ocrx_word' id='word_1_627' title='bbox 464 2885 732 2919; x_wconf 78' lang='lat' dir='ltr'><strong>diceittes:l)omine,</strong></span> <span class='ocrx_word' id='word_1_628' title='bbox 758 2885 882 2918; x_wconf 83' lang='lat' dir='ltr'><strong>Domine,</strong></span> <span class='ocrx_word' id='word_1_629' title='bbox 909 2885 978 2920; x_wconf 70' lang='lat' dir='ltr'><strong>aperi</strong></span> 
     </span>
    </p>
   </div>
   <div class='ocr_carea' id='block_1_79' title="bbox 747 151 1221 184">
    <p class='ocr_par' dir='ltr' id='par_1_79' title="bbox 747 151 1221 184">
     <span class='ocr_line' id='line_1_79' title="bbox 747 151 1221 184; baseline 0.008 -6"><span class='ocrx_word' id='word_1_630' title='bbox 747 152 779 179; x_wconf 85' lang='lat' dir='ltr'><strong>IN</strong></span> <span class='ocrx_word' id='word_1_631' title='bbox 799 151 1001 181; x_wconf 63' lang='lat' dir='ltr'><strong>MATTll/EUM</strong></span> <span class='ocrx_word' id='word_1_632' title='bbox 1023 154 1135 183; x_wconf 73' lang='lat' dir='ltr'><strong>IIOMIL.</strong></span> <span class='ocrx_word' id='word_1_633' title='bbox 1158 156 1221 184; x_wconf 81' lang='lat' dir='ltr'><strong>Llll.</strong></span> 
     </span>
    </p>
   </div>
   <div class='ocr_carea' id='block_1_80' title="bbox 1770 162 1823 191">
    <p class='ocr_par' dir='ltr' id='par_1_80' title="bbox 1770 162 1823 191">
     <span class='ocr_line' id='line_1_80' title="bbox 1770 162 1823 191; baseline 0.075 -3"><span class='ocrx_word' id='word_1_634' title='bbox 1770 162 1823 191; x_wconf 63' lang='lat'><strong>955</strong></span> 
     </span>
    </p>
   </div>
   <div class='ocr_carea' id='block_1_81' title="bbox 1033 212 1822 247">
    <p class='ocr_par' dir='ltr' id='par_1_81' title="bbox 1033 212 1822 247">
     <span class='ocr_line' id='line_1_81' title="bbox 1033 212 1822 247; baseline 0.001 -10"><span class='ocrx_word' id='word_1_635' title='bbox 1033 212 1112 238; x_wconf 80' lang='lat' dir='ltr'><strong>nobis.</strong></span> <span class='ocrx_word' id='word_1_636' title='bbox 1125 212 1194 240; x_wconf 83' lang='lat' dir='ltr'><strong>Nihil</strong></span> <span class='ocrx_word' id='word_1_637' title='bbox 1211 214 1315 247; x_wconf 86' lang='lat' dir='ltr'><strong>prodest</strong></span> <span class='ocrx_word' id='word_1_638' title='bbox 1331 221 1362 240; x_wconf 69' lang='lat' dir='ltr'><strong>ex</strong></span> <span class='ocrx_word' id='word_1_639' title='bbox 1386 214 1544 241; x_wconf 71' lang='lat' dir='ltr'><strong>necchilate</strong></span> <span class='ocrx_word' id='word_1_640' title='bbox 1561 214 1672 247; x_wconf 82' lang='lat' dir='ltr'><strong>repetita</strong></span> <span class='ocrx_word' id='word_1_641' title='bbox 1688 212 1822 240; x_wconf 75' lang='lat' dir='ltr'><strong>confessio</strong></span> 
     </span>
    </p>
   </div>
   <div class='ocr_carea' id='block_1_82' title="bbox 1030 247 1821 282">
    <p class='ocr_par' dir='ltr' id='par_1_82' title="bbox 1030 247 1821 282">
     <span class='ocr_line' id='line_1_82' title="bbox 1030 247 1821 282; baseline 0.003 -10"><span class='ocrx_word' id='word_1_642' title='bbox 1030 247 1088 281; x_wconf 83' lang='lat' dir='ltr'><strong>ejus</strong></span> <span class='ocrx_word' id='word_1_643' title='bbox 1098 268 1105 278; x_wconf 83' lang='grc'><em>,</em></span> <span class='ocrx_word' id='word_1_644' title='bbox 1120 249 1164 282; x_wconf 93' lang='lat' dir='ltr'><strong>qui</strong></span> <span class='ocrx_word' id='word_1_645' title='bbox 1184 257 1216 276; x_wconf 82' lang='lat' dir='ltr'><strong>ex</strong></span> <span class='ocrx_word' id='word_1_646' title='bbox 1230 250 1365 276; x_wconf 83' lang='lat' dir='ltr'><strong>voluntate</strong></span> <span class='ocrx_word' id='word_1_647' title='bbox 1380 257 1428 276; x_wconf 79' lang='lat' dir='ltr'><strong>nec</strong></span> <span class='ocrx_word' id='word_1_648' title='bbox 1442 249 1523 276; x_wconf 83' lang='lat' dir='ltr'><strong>semel</strong></span> <span class='ocrx_word' id='word_1_649' title='bbox 1536 249 1675 275; x_wconf 86' lang='lat' dir='ltr'><strong>confessus</strong></span> <span class='ocrx_word' id='word_1_650' title='bbox 1689 254 1740 275; x_wconf 84' lang='lat' dir='ltr'><strong>est.</strong></span> <span class='ocrx_word' id='word_1_651' title='bbox 1757 249 1821 275; x_wconf 85' lang='lat' dir='ltr'><strong>Nam</strong></span> 
     </span>
    </p>
   </div>
   <div class='ocr_carea' id='block_1_83' title="bbox 1030 283 1822 311">
    <p class='ocr_par' dir='ltr' id='par_1_83' title="bbox 1030 283 1822 311">
     <span class='ocr_line' id='line_1_83' title="bbox 1030 283 1822 311; baseline 0.004 -4"><span class='ocrx_word' id='word_1_652' title='bbox 1030 283 1178 310; x_wconf 88' lang='lat' dir='ltr'><strong>voluntaria</strong></span> <span class='ocrx_word' id='word_1_653' title='bbox 1190 284 1322 311; x_wconf 79' lang='lat' dir='ltr'><strong>confessio</strong></span> <span class='ocrx_word' id='word_1_654' title='bbox 1333 289 1359 311; x_wconf 87' lang='lat' dir='ltr'><strong>et</strong></span> <span class='ocrx_word' id='word_1_655' title='bbox 1373 284 1474 311; x_wconf 86' lang='lat' dir='ltr'><strong>modica</strong></span> <span class='ocrx_word' id='word_1_656' title='bbox 1488 284 1587 310; x_wconf 86' lang='lat' dir='ltr'><strong>sufficit</strong></span> <span class='ocrx_word' id='word_1_657' title='bbox 1598 285 1652 310; x_wconf 90' lang='lat' dir='ltr'><strong>Deo</strong></span> <span class='ocrx_word' id='word_1_658' title='bbox 1666 292 1671 310; x_wconf 91' lang='lat'>:</span> <span class='ocrx_word' id='word_1_659' title='bbox 1686 291 1717 310; x_wconf 79' lang='lat' dir='ltr'><strong>ex</strong></span> <span class='ocrx_word' id='word_1_660' title='bbox 1731 291 1822 311; x_wconf 84' lang='lat' dir='ltr'><strong>neces-</strong></span> 
     </span>
    </p>
   </div>
   <div class='ocr_carea' id='block_1_84' title="bbox 1030 318 1822 355">
    <p class='ocr_par' dir='ltr' id='par_1_84' title="bbox 1030 318 1822 355">
     <span class='ocr_line' id='line_1_84' title="bbox 1030 318 1822 355; baseline 0.004 -12"><span class='ocrx_word' id='word_1_661' title='bbox 1030 318 1108 345; x_wconf 78' lang='lat' dir='ltr'><strong>sitate</strong></span> <span class='ocrx_word' id='word_1_662' title='bbox 1121 324 1208 346; x_wconf 86' lang='lat' dir='ltr'><strong>autem</strong></span> <span class='ocrx_word' id='word_1_663' title='bbox 1219 341 1227 351; x_wconf 82' lang='grc'>,</span> <span class='ocrx_word' id='word_1_664' title='bbox 1241 327 1325 355; x_wconf 86' lang='lat' dir='ltr'><strong>neque</strong></span> <span class='ocrx_word' id='word_1_665' title='bbox 1336 327 1440 354; x_wconf 80' lang='lat' dir='ltr'><strong>magna.</strong></span> <span class='ocrx_word' id='word_1_666' title='bbox 1455 319 1496 346; x_wconf 70' lang='lat'><strong>12.</strong></span> <span class='ocrx_word' id='word_1_667' title='bbox 1512 320 1544 355; x_wconf 85' lang='lat' dir='ltr'><strong>At</strong></span> <span class='ocrx_word' id='word_1_668' title='bbox 1556 319 1600 345; x_wconf 87' lang='lat' dir='ltr'><strong>ille</strong></span> <span class='ocrx_word' id='word_1_669' title='bbox 1610 320 1761 353; x_wconf 80' lang='lat' dir='ltr'><strong>respondens</strong></span> <span class='ocrx_word' id='word_1_670' title='bbox 1771 320 1822 346; x_wconf 83' lang='lat' dir='ltr'><strong>ait:</strong></span> 
     </span>
    </p>
   </div>
   <div class='ocr_carea' id='block_1_85' title="bbox 1029 353 1821 388">
    <p class='ocr_par' dir='ltr' id='par_1_85' title="bbox 1029 353 1821 388">
     <span class='ocr_line' id='line_1_85' title="bbox 1029 353 1821 388; baseline 0.005 -10"><span class='ocrx_word' id='word_1_671' title='bbox 1029 355 1108 379; x_wconf 77' lang='lat' dir='ltr'><strong>Anicii</strong></span> <span class='ocrx_word' id='word_1_672' title='bbox 1129 355 1185 380; x_wconf 83' lang='lat' dir='ltr'><strong>dico</strong></span> <span class='ocrx_word' id='word_1_673' title='bbox 1199 353 1289 387; x_wconf 54' lang='lat' dir='ltr'><strong>vobis,</strong></span> <span class='ocrx_word' id='word_1_674' title='bbox 1307 353 1390 382; x_wconf 77' lang='lat' dir='ltr'><strong>nescio</strong></span> <span class='ocrx_word' id='word_1_675' title='bbox 1411 363 1453 381; x_wconf 81' lang='lat' dir='ltr'><strong>eos</strong></span> <span class='ocrx_word' id='word_1_676' title='bbox 1468 355 1511 387; x_wconf 80' lang='lat' dir='ltr'><strong>qui</strong></span> <span class='ocrx_word' id='word_1_677' title='bbox 1524 353 1593 381; x_wconf 77' lang='lat' dir='ltr'><strong>estis.</strong></span> <span class='ocrx_word' id='word_1_678' title='bbox 1618 355 1697 387; x_wconf 75' lang='lat' dir='ltr'><strong>Signa</strong></span> <span class='ocrx_word' id='word_1_679' title='bbox 1712 355 1821 388; x_wconf 75' lang='lat' dir='ltr'><strong>spiritus</strong></span> 
     </span>
    </p>
   </div>
   <div class='ocr_carea' id='block_1_86' title="bbox 1030 389 1854 424">
    <p class='ocr_par' dir='ltr' id='par_1_86' title="bbox 1030 389 1854 424">
     <span class='ocr_line' id='line_1_86' title="bbox 1030 389 1854 424; baseline 0.001 -10"><span class='ocrx_word' id='word_1_680' title='bbox 1030 389 1080 415; x_wconf 89' lang='lat' dir='ltr'><strong>mei</strong></span> <span class='ocrx_word' id='word_1_681' title='bbox 1097 389 1121 415; x_wconf 92' lang='lat' dir='ltr'><strong>in</strong></span> <span class='ocrx_word' id='word_1_682' title='bbox 1137 390 1212 416; x_wconf 82' lang='lat' dir='ltr'><strong>vobis</strong></span> <span class='ocrx_word' id='word_1_683' title='bbox 1229 398 1279 417; x_wconf 89' lang='lat' dir='ltr'><strong>non</strong></span> <span class='ocrx_word' id='word_1_684' title='bbox 1296 392 1382 418; x_wconf 86' lang='lat' dir='ltr'><strong>video.</strong></span> <span class='ocrx_word' id='word_1_685' title='bbox 1410 390 1485 417; x_wconf 86' lang='lat' dir='ltr'><strong>Sicut</strong></span> <span class='ocrx_word' id='word_1_686' title='bbox 1499 390 1570 417; x_wconf 89' lang='lat' dir='ltr'><strong>enim</strong></span> <span class='ocrx_word' id='word_1_687' title='bbox 1586 390 1629 424; x_wconf 90' lang='lat' dir='ltr'><strong>qui</strong></span> <span class='ocrx_word' id='word_1_688' title='bbox 1654 390 1819 416; x_wconf 88' lang='lat' dir='ltr'><strong>immundum</strong></span> <span class='ocrx_word' id='word_1_689' title='bbox 1850 403 1854 408; x_wconf 95' lang='lat'><strong><em>-</em></strong></span> 
     </span>
    </p>
   </div>
   <div class='ocr_carea' id='block_1_87' title="bbox 1029 424 1821 460">
    <p class='ocr_par' dir='ltr' id='par_1_87' title="bbox 1029 424 1821 460">
     <span class='ocr_line' id='line_1_87' title="bbox 1029 424 1821 460; baseline 0.003 -10"><span class='ocrx_word' id='word_1_690' title='bbox 1029 424 1150 454; x_wconf 82' lang='lat' dir='ltr'><strong>Spiritum</strong></span> <span class='ocrx_word' id='word_1_691' title='bbox 1168 425 1262 457; x_wconf 80' lang='lat' dir='ltr'><strong>habet,</strong></span> <span class='ocrx_word' id='word_1_692' title='bbox 1282 426 1348 453; x_wconf 91' lang='lat' dir='ltr'><strong>bona</strong></span> <span class='ocrx_word' id='word_1_693' title='bbox 1370 433 1450 460; x_wconf 87' lang='lat' dir='ltr'><strong>opera</strong></span> <span class='ocrx_word' id='word_1_694' title='bbox 1470 425 1559 452; x_wconf 85' lang='lat' dir='ltr'><strong>facere</strong></span> <span class='ocrx_word' id='word_1_695' title='bbox 1583 434 1635 451; x_wconf 90' lang='lat' dir='ltr'><strong>non</strong></span> <span class='ocrx_word' id='word_1_696' title='bbox 1658 429 1765 459; x_wconf 90' lang='lat' dir='ltr'><strong>potest:</strong></span> <span class='ocrx_word' id='word_1_697' title='bbox 1782 427 1821 452; x_wconf 88' lang='lat' dir='ltr'><strong>sic</strong></span> 
     </span>
    </p>
   </div>
   <div class='ocr_carea' id='block_1_88' title="bbox 1028 459 1817 494">
    <p class='ocr_par' dir='ltr' id='par_1_88' title="bbox 1028 459 1817 494">
     <span class='ocr_line' id='line_1_88' title="bbox 1028 459 1817 494; baseline 0.003 -10"><span class='ocrx_word' id='word_1_698' title='bbox 1028 460 1072 491; x_wconf 89' lang='lat' dir='ltr'><strong>qui</strong></span> <span class='ocrx_word' id='word_1_699' title='bbox 1088 459 1215 493; x_wconf 87' lang='lat' dir='ltr'><strong>Spiritum</strong></span> <span class='ocrx_word' id='word_1_700' title='bbox 1230 467 1349 488; x_wconf 84' lang='lat' dir='ltr'><strong>sanctum</strong></span> <span class='ocrx_word' id='word_1_701' title='bbox 1367 459 1463 492; x_wconf 78' lang='lat' dir='ltr'><strong>habet,</strong></span> <span class='ocrx_word' id='word_1_702' title='bbox 1480 468 1560 494; x_wconf 86' lang='lat' dir='ltr'><strong>opera</strong></span> <span class='ocrx_word' id='word_1_703' title='bbox 1576 468 1627 487; x_wconf 90' lang='lat' dir='ltr'><strong>non</strong></span> <span class='ocrx_word' id='word_1_704' title='bbox 1654 461 1716 487; x_wconf 85' lang='lat' dir='ltr'><strong>facit</strong></span> <span class='ocrx_word' id='word_1_705' title='bbox 1740 460 1817 487; x_wconf 86' lang='lat' dir='ltr'><strong>mala.</strong></span> 
     </span>
    </p>
   </div>
   <div class='ocr_carea' id='block_1_89' title="bbox 1028 495 1821 530">
    <p class='ocr_par' dir='ltr' id='par_1_89' title="bbox 1028 495 1821 530">
     <span class='ocr_line' id='line_1_89' title="bbox 1028 495 1821 530; baseline 0.004 -11"><span class='ocrx_word' id='word_1_706' title='bbox 1028 495 1115 527; x_wconf 80' lang='lat' dir='ltr'><strong>Quare.</strong></span> <span class='ocrx_word' id='word_1_707' title='bbox 1128 495 1206 529; x_wconf 82' lang='lat' dir='ltr'><strong>igitur</strong></span> <span class='ocrx_word' id='word_1_708' title='bbox 1220 504 1266 523; x_wconf 89' lang='lat' dir='ltr'><strong>vos</strong></span> <span class='ocrx_word' id='word_1_709' title='bbox 1278 504 1358 530; x_wconf 85' lang='lat' dir='ltr'><strong>opera</strong></span> <span class='ocrx_word' id='word_1_710' title='bbox 1375 504 1427 523; x_wconf 91' lang='lat' dir='ltr'><strong>non</strong></span> <span class='ocrx_word' id='word_1_711' title='bbox 1452 496 1537 523; x_wconf 81' lang='lat' dir='ltr'><strong>facitis</strong></span> <span class='ocrx_word' id='word_1_712' title='bbox 1561 496 1629 522; x_wconf 91' lang='lat' dir='ltr'><strong>bona</strong></span> <span class='ocrx_word' id='word_1_713' title='bbox 1639 517 1647 528; x_wconf 87' lang='lat'><strong>,</strong></span> <span class='ocrx_word' id='word_1_714' title='bbox 1664 495 1709 522; x_wconf 88' lang='lat' dir='ltr'><strong>sed</strong></span> <span class='ocrx_word' id='word_1_715' title='bbox 1731 496 1821 522; x_wconf 80' lang='lat' dir='ltr'><strong>mala?</strong></span> 
     </span>
    </p>
   </div>
   <div class='ocr_carea' id='block_1_90' title="bbox 1029 530 1820 566">
    <p class='ocr_par' dir='ltr' id='par_1_90' title="bbox 1029 530 1820 566">
     <span class='ocr_line' id='line_1_90' title="bbox 1029 530 1820 566; baseline 0.004 -12"><span class='ocrx_word' id='word_1_716' title='bbox 1029 530 1170 564; x_wconf 75' lang='lat' dir='ltr'><strong>Imaginem</strong></span> <span class='ocrx_word' id='word_1_717' title='bbox 1194 538 1279 558; x_wconf 87' lang='lat' dir='ltr'><strong>meam</strong></span> <span class='ocrx_word' id='word_1_718' title='bbox 1297 540 1347 558; x_wconf 91' lang='lat' dir='ltr'><strong>non</strong></span> <span class='ocrx_word' id='word_1_719' title='bbox 1362 539 1494 566; x_wconf 79' lang='lat' dir='ltr'><strong>cognosco</strong></span> <span class='ocrx_word' id='word_1_720' title='bbox 1518 531 1544 558; x_wconf 93' lang='lat' dir='ltr'><strong>in</strong></span> <span class='ocrx_word' id='word_1_721' title='bbox 1560 531 1645 558; x_wconf 76' lang='lat' dir='ltr'><strong>vobis.</strong></span> <span class='ocrx_word' id='word_1_722' title='bbox 1670 530 1759 566; x_wconf 82' lang='lat' dir='ltr'><strong>Imago</strong></span> <span class='ocrx_word' id='word_1_723' title='bbox 1774 538 1820 558; x_wconf 84' lang='lat' dir='ltr'><strong>au-</strong></span> 
     </span>
    </p>
   </div>
   <div class='ocr_carea' id='block_1_91' title="bbox 1027 566 1821 600">
    <p class='ocr_par' dir='ltr' id='par_1_91' title="bbox 1027 566 1821 600">
     <span class='ocr_line' id='line_1_91' title="bbox 1027 566 1821 600; baseline 0 -8"><span class='ocrx_word' id='word_1_724' title='bbox 1027 569 1080 592; x_wconf 82' lang='lat' dir='ltr'><strong>tem</strong></span> <span class='ocrx_word' id='word_1_725' title='bbox 1104 574 1161 592; x_wconf 84' lang='lat' dir='ltr'><strong>mea</strong></span> <span class='ocrx_word' id='word_1_726' title='bbox 1177 571 1217 592; x_wconf 81' lang='lat' dir='ltr'><strong>est</strong></span> <span class='ocrx_word' id='word_1_727' title='bbox 1243 566 1334 600; x_wconf 72' lang='lat' dir='ltr'><strong>fugere</strong></span> <span class='ocrx_word' id='word_1_728' title='bbox 1359 569 1473 599; x_wconf 86' lang='lat' dir='ltr'><strong>malum,</strong></span> <span class='ocrx_word' id='word_1_729' title='bbox 1490 571 1517 593; x_wconf 85' lang='lat' dir='ltr'><strong>et</strong></span> <span class='ocrx_word' id='word_1_730' title='bbox 1537 566 1612 600; x_wconf 85' lang='lat' dir='ltr'><strong>sequi</strong></span> <span class='ocrx_word' id='word_1_731' title='bbox 1633 567 1730 592; x_wconf 88' lang='lat' dir='ltr'><strong>bonum</strong></span> <span class='ocrx_word' id='word_1_732' title='bbox 1747 575 1754 591; x_wconf 92' lang='lat'>:</span> <span class='ocrx_word' id='word_1_733' title='bbox 1774 573 1821 592; x_wconf 81' lang='lat' dir='ltr'><strong>vos</strong></span> 
     </span>
    </p>
   </div>
   <div class='ocr_carea' id='block_1_92' title="bbox 1027 601 1821 635">
    <p class='ocr_par' dir='ltr' id='par_1_92' title="bbox 1027 601 1821 635">
     <span class='ocr_line' id='line_1_92' title="bbox 1027 601 1821 635; baseline 0.003 -10"><span class='ocrx_word' id='word_1_734' title='bbox 1027 605 1115 627; x_wconf 88' lang='lat' dir='ltr'><strong>atitetii</strong></span> <span class='ocrx_word' id='word_1_735' title='bbox 1131 606 1236 627; x_wconf 86' lang='lat' dir='ltr'><strong>econtra</strong></span> <span class='ocrx_word' id='word_1_736' title='bbox 1264 603 1367 634; x_wconf 65' lang='lat' dir='ltr'><strong>fugistis</strong></span> <span class='ocrx_word' id='word_1_737' title='bbox 1393 603 1490 628; x_wconf 88' lang='lat' dir='ltr'><strong>bonum</strong></span> <span class='ocrx_word' id='word_1_738' title='bbox 1501 623 1509 634; x_wconf 91' lang='lat'><strong>,</strong></span> <span class='ocrx_word' id='word_1_739' title='bbox 1523 606 1550 628; x_wconf 89' lang='lat' dir='ltr'><strong>et</strong></span> <span class='ocrx_word' id='word_1_740' title='bbox 1564 602 1664 635; x_wconf 85' lang='lat' dir='ltr'><strong>operati</strong></span> <span class='ocrx_word' id='word_1_741' title='bbox 1680 601 1745 628; x_wconf 86' lang='lat' dir='ltr'><strong>estis</strong></span> <span class='ocrx_word' id='word_1_742' title='bbox 1765 609 1821 627; x_wconf 30' lang='lat' dir='ltr'><strong>mae</strong></span> 
     </span>
    </p>
   </div>
   <div class='ocr_carea' id='block_1_93' title="bbox 1029 635 1815 670">
    <p class='ocr_par' dir='ltr' id='par_1_93' title="bbox 1029 635 1815 670">
     <span class='ocr_line' id='line_1_93' title="bbox 1029 635 1815 670; baseline 0.003 -10"><span class='ocrx_word' id='word_1_743' title='bbox 1029 635 1093 662; x_wconf 92' lang='lat' dir='ltr'><strong>limi.</strong></span> <span class='ocrx_word' id='word_1_744' title='bbox 1119 635 1176 663; x_wconf 81' lang='lat' dir='ltr'><strong>Nou</strong></span> <span class='ocrx_word' id='word_1_745' title='bbox 1202 639 1311 670; x_wconf 79' lang='lat' dir='ltr'><strong>potestis</strong></span> <span class='ocrx_word' id='word_1_746' title='bbox 1335 646 1454 664; x_wconf 84' lang='lat' dir='ltr'><strong>nieorum</strong></span> <span class='ocrx_word' id='word_1_747' title='bbox 1478 637 1589 663; x_wconf 87' lang='lat' dir='ltr'><strong>militum</strong></span> <span class='ocrx_word' id='word_1_748' title='bbox 1615 638 1722 670; x_wconf 77' lang='lat' dir='ltr'><strong>priemia</strong></span> <span class='ocrx_word' id='word_1_749' title='bbox 1744 637 1815 663; x_wconf 88' lang='lat' dir='ltr'><strong>acci-</strong></span> 
     </span>
    </p>
   </div>
   <div class='ocr_carea' id='block_1_94' title="bbox 1028 672 1817 707">
    <p class='ocr_par' dir='ltr' id='par_1_94' title="bbox 1028 672 1817 707">
     <span class='ocr_line' id='line_1_94' title="bbox 1028 672 1817 707; baseline 0.003 -11"><span class='ocrx_word' id='word_1_750' title='bbox 1028 677 1091 707; x_wconf 85' lang='lat' dir='ltr'><strong>pere</strong></span> <span class='ocrx_word' id='word_1_751' title='bbox 1103 692 1109 701; x_wconf 92' lang='lat'><strong>,</strong></span> <span class='ocrx_word' id='word_1_752' title='bbox 1126 672 1169 705; x_wconf 90' lang='lat' dir='ltr'><strong>qui</strong></span> <span class='ocrx_word' id='word_1_753' title='bbox 1187 673 1289 707; x_wconf 79' lang='lat' dir='ltr'><strong>tyranni</strong></span> <span class='ocrx_word' id='word_1_754' title='bbox 1306 673 1400 699; x_wconf 84' lang='lat' dir='ltr'><strong>\&#39;e\illa</strong></span> <span class='ocrx_word' id='word_1_755' title='bbox 1415 674 1534 707; x_wconf 81' lang='lat' dir='ltr'><strong>portatis.</strong></span> <span class='ocrx_word' id='word_1_756' title='bbox 1550 672 1607 699; x_wconf 86' lang='lat' dir='ltr'><strong>Non</strong></span> <span class='ocrx_word' id='word_1_757' title='bbox 1622 679 1728 706; x_wconf 87' lang='lat' dir='ltr'><strong>possum</strong></span> <span class='ocrx_word' id='word_1_758' title='bbox 1742 679 1817 698; x_wconf 79' lang='lat' dir='ltr'><strong>meos</strong></span> 
     </span>
    </p>
   </div>
   <div class='ocr_carea' id='block_1_95' title="bbox 1027 705 1637 742">
    <p class='ocr_par' dir='ltr' id='par_1_95' title="bbox 1027 705 1637 742">
     <span class='ocr_line' id='line_1_95' title="bbox 1027 705 1637 742; baseline 0.005 -11"><span class='ocrx_word' id='word_1_759' title='bbox 1027 705 1117 734; x_wconf 88' lang='lat' dir='ltr'><strong>dicere</strong></span> <span class='ocrx_word' id='word_1_760' title='bbox 1127 727 1134 739; x_wconf 88' lang='lat'><strong>,</strong></span> <span class='ocrx_word' id='word_1_761' title='bbox 1153 707 1178 734; x_wconf 91' lang='lat' dir='ltr'><strong>in</strong></span> <span class='ocrx_word' id='word_1_762' title='bbox 1192 705 1287 742; x_wconf 85' lang='lat' dir='ltr'><strong>quibus</strong></span> <span class='ocrx_word' id='word_1_763' title='bbox 1311 716 1398 734; x_wconf 92' lang='lat' dir='ltr'><strong>meum</strong></span> <span class='ocrx_word' id='word_1_764' title='bbox 1415 705 1481 735; x_wconf 81' lang='lat' dir='ltr'><strong>iiihil</strong></span> <span class='ocrx_word' id='word_1_765' title='bbox 1495 705 1637 742; x_wconf 79' lang='lat' dir='ltr'><strong>cognosco.</strong></span> 
     </span>
    </p>
   </div>
   <div class='ocr_carea' id='block_1_96' title="bbox 1237 775 1608 811">
    <p class='ocr_par' dir='ltr' id='par_1_96' title="bbox 1237 775 1608 811">
     <span class='ocr_line' id='line_1_96' title="bbox 1237 775 1608 811; baseline 0.003 -9"><span class='ocrx_word' id='word_1_766' title='bbox 1237 775 1350 803; x_wconf 85' lang='lat' dir='ltr'><strong>Ilomilia</strong></span> <span class='ocrx_word' id='word_1_767' title='bbox 1364 777 1413 811; x_wconf 83' lang='lat' dir='ltr'><strong>liij.</strong></span> <span class='ocrx_word' id='word_1_768' title='bbox 1429 784 1460 803; x_wconf 78' lang='lat' dir='ltr'><strong>ea:</strong></span> <span class='ocrx_word' id='word_1_769' title='bbox 1475 785 1531 811; x_wconf 83' lang='lat' dir='ltr'><strong>cap.</strong></span> <span class='ocrx_word' id='word_1_770' title='bbox 1547 784 1608 803; x_wconf 68' lang='lat' dir='ltr'><strong>me.</strong></span> 
     </span>
    </p>
   </div>
   <div class='ocr_carea' id='block_1_97' title="bbox 1063 842 1819 878">
    <p class='ocr_par' dir='ltr' id='par_1_97' title="bbox 1063 842 1819 878">
     <span class='ocr_line' id='line_1_97' title="bbox 1063 842 1819 878; baseline 0.003 -10"><span class='ocrx_word' id='word_1_771' title='bbox 1063 842 1106 869; x_wconf 77' lang='grc' dir='ltr'><strong>Η.</strong></span> <span class='ocrx_word' id='word_1_772' title='bbox 1135 842 1209 869; x_wconf 77' lang='lat' dir='ltr'><strong>Sicut</strong></span> <span class='ocrx_word' id='word_1_773' title='bbox 1227 843 1294 869; x_wconf 86' lang='lat' dir='ltr'><strong>enim</strong></span> <span class='ocrx_word' id='word_1_774' title='bbox 1319 843 1393 869; x_wconf 87' lang='grc' dir='ltr'><strong>Ιιοιιιο</strong></span> <span class='ocrx_word' id='word_1_775' title='bbox 1416 851 1519 878; x_wconf 78' lang='lat' dir='ltr'><strong>peregre</strong></span> <span class='ocrx_word' id='word_1_776' title='bbox 1541 843 1702 877; x_wconf 81' lang='lat' dir='ltr'><strong>proﬁciscens</strong></span> <span class='ocrx_word' id='word_1_777' title='bbox 1724 844 1819 870; x_wconf 82' lang='lat' dir='ltr'><strong>voravit</strong></span> 
     </span>
    </p>
   </div>
   <div class='ocr_carea' id='block_1_98' title="bbox 1026 878 1818 913">
    <p class='ocr_par' dir='ltr' id='par_1_98' title="bbox 1026 878 1818 913">
     <span class='ocr_line' id='line_1_98' title="bbox 1026 878 1818 913; baseline 0.003 -10"><span class='ocrx_word' id='word_1_778' title='bbox 1026 885 1111 904; x_wconf 84' lang='lat' dir='ltr'><strong>servos</strong></span> <span class='ocrx_word' id='word_1_779' title='bbox 1124 885 1183 903; x_wconf 84' lang='lat' dir='ltr'><strong>suos</strong></span> <span class='ocrx_word' id='word_1_780' title='bbox 1194 898 1202 910; x_wconf 89' lang='lat'><strong>,</strong></span> <span class='ocrx_word' id='word_1_781' title='bbox 1216 883 1267 904; x_wconf 88' lang='lat' dir='ltr'><strong>etc.</strong></span> <span class='ocrx_word' id='word_1_782' title='bbox 1284 878 1369 904; x_wconf 90' lang='lat' dir='ltr'><strong>llomo</strong></span> <span class='ocrx_word' id='word_1_783' title='bbox 1392 886 1500 913; x_wconf 80' lang='lat' dir='ltr'><strong>peregre</strong></span> <span class='ocrx_word' id='word_1_784' title='bbox 1521 878 1656 913; x_wconf 84' lang='lat' dir='ltr'><strong>protectus</strong></span> <span class='ocrx_word' id='word_1_785' title='bbox 1666 899 1672 910; x_wconf 87' lang='lat'><strong>,</strong></span> <span class='ocrx_word' id='word_1_786' title='bbox 1697 879 1818 906; x_wconf 59' lang='grc' dir='ltr'><strong>(ΣΙΙΓῘΛιιΒ</strong></span> 
     </span>
    </p>
   </div>
   <div class='ocr_carea' id='block_1_99' title="bbox 1027 913 1818 947">
    <p class='ocr_par' dir='ltr' id='par_1_99' title="bbox 1027 913 1818 947">
     <span class='ocr_line' id='line_1_99' title="bbox 1027 913 1818 947; baseline 0.001 -8"><span class='ocrx_word' id='word_1_787' title='bbox 1027 916 1085 944; x_wconf 80' lang='lat' dir='ltr'><strong>est,</strong></span> <span class='ocrx_word' id='word_1_788' title='bbox 1103 917 1162 946; x_wconf 88' lang='lat' dir='ltr'><strong>post</strong></span> <span class='ocrx_word' id='word_1_789' title='bbox 1177 913 1313 940; x_wconf 86' lang='lat' dir='ltr'><strong>victoriam</strong></span> <span class='ocrx_word' id='word_1_790' title='bbox 1329 913 1459 947; x_wconf 56' lang='lat' dir='ltr'><strong>passionis</strong></span> <span class='ocrx_word' id='word_1_791' title='bbox 1472 914 1504 940; x_wconf 81' lang='lat' dir='ltr'><strong>ad</strong></span> <span class='ocrx_word' id='word_1_792' title='bbox 1529 914 1633 940; x_wconf 85' lang='lat' dir='ltr'><strong>Patrem</strong></span> <span class='ocrx_word' id='word_1_793' title='bbox 1650 914 1733 941; x_wconf 86' lang='lat' dir='ltr'><strong>iturus</strong></span> <span class='ocrx_word' id='word_1_794' title='bbox 1749 923 1755 940; x_wconf 91' lang='lat'><strong>:</strong></span> <span class='ocrx_word' id='word_1_795' title='bbox 1770 922 1818 940; x_wconf 80' lang='lat' dir='ltr'><strong>Vu-</strong></span> 
     </span>
    </p>
   </div>
   <div class='ocr_carea' id='block_1_100' title="bbox 1029 947 1813 981">
    <p class='ocr_par' dir='ltr' id='par_1_100' title="bbox 1029 947 1813 981">
     <span class='ocr_line' id='line_1_100' title="bbox 1029 947 1813 981; baseline 0.005 -9"><span class='ocrx_word' id='word_1_796' title='bbox 1029 947 1129 974; x_wconf 90' lang='lat' dir='ltr'><strong>luntate</strong></span> <span class='ocrx_word' id='word_1_797' title='bbox 1143 948 1330 975; x_wconf 72' lang='lat' dir='ltr'><strong>misericordia:</strong></span> <span class='ocrx_word' id='word_1_798' title='bbox 1345 949 1424 974; x_wconf 91' lang='lat' dir='ltr'><strong>homo</strong></span> <span class='ocrx_word' id='word_1_799' title='bbox 1434 970 1441 981; x_wconf 95' lang='lat'><strong>,</strong></span> <span class='ocrx_word' id='word_1_800' title='bbox 1459 957 1511 975; x_wconf 88' lang='lat' dir='ltr'><strong>non</strong></span> <span class='ocrx_word' id='word_1_801' title='bbox 1534 949 1693 976; x_wconf 85' lang='lat' dir='ltr'><strong>necessitate</strong></span> <span class='ocrx_word' id='word_1_802' title='bbox 1705 955 1813 976; x_wconf 47' lang='lat' dir='ltr'><strong>naturae</strong></span> 
     </span>
    </p>
   </div>
   <div class='ocr_carea' id='block_1_101' title="bbox 1027 983 1815 1018">
    <p class='ocr_par' dir='ltr' id='par_1_101' title="bbox 1027 983 1815 1018">
     <span class='ocr_line' id='line_1_101' title="bbox 1027 983 1815 1018; baseline 0.005 -12"><span class='ocrx_word' id='word_1_803' title='bbox 1027 983 1202 1009; x_wconf 72' lang='lat' dir='ltr'><strong>Commendat</strong></span> <span class='ocrx_word' id='word_1_804' title='bbox 1216 988 1303 1010; x_wconf 87' lang='lat' dir='ltr'><strong>autem</strong></span> <span class='ocrx_word' id='word_1_805' title='bbox 1317 983 1439 1011; x_wconf 84' lang='lat' dir='ltr'><strong>Christus</strong></span> <span class='ocrx_word' id='word_1_806' title='bbox 1457 984 1626 1011; x_wconf 77' lang='lat' dir='ltr'><strong>ddectionem</strong></span> <span class='ocrx_word' id='word_1_807' title='bbox 1639 992 1723 1016; x_wconf 84' lang='lat' dir='ltr'><strong>suam,</strong></span> <span class='ocrx_word' id='word_1_808' title='bbox 1738 993 1815 1018; x_wconf 89' lang='lat' dir='ltr'><strong>quam</strong></span> 
     </span>
    </p>
   </div>
   <div class='ocr_carea' id='block_1_102' title="bbox 1027 1017 1819 1053">
    <p class='ocr_par' dir='ltr' id='par_1_102' title="bbox 1027 1017 1819 1053">
     <span class='ocr_line' id='line_1_102' title="bbox 1027 1017 1819 1053; baseline 0 -9"><span class='ocrx_word' id='word_1_809' title='bbox 1027 1017 1107 1045; x_wconf 86' lang='lat' dir='ltr'><strong>habet</strong></span> <span class='ocrx_word' id='word_1_810' title='bbox 1128 1019 1154 1044; x_wconf 92' lang='lat' dir='ltr'><strong>in</strong></span> <span class='ocrx_word' id='word_1_811' title='bbox 1175 1019 1284 1045; x_wconf 76' lang='lat' dir='ltr'><strong>sanctis.</strong></span> <span class='ocrx_word' id='word_1_812' title='bbox 1297 1019 1336 1045; x_wconf 86' lang='lat' dir='ltr'><strong>Ad</strong></span> <span class='ocrx_word' id='word_1_813' title='bbox 1361 1027 1440 1053; x_wconf 80' lang='lat' dir='ltr'><strong>regna</strong></span> <span class='ocrx_word' id='word_1_814' title='bbox 1461 1020 1530 1046; x_wconf 81' lang='lat' dir='ltr'><strong>enim</strong></span> <span class='ocrx_word' id='word_1_815' title='bbox 1552 1019 1666 1046; x_wconf 88' lang='lat' dir='ltr'><strong>ca-lestia</strong></span> <span class='ocrx_word' id='word_1_816' title='bbox 1693 1017 1819 1046; x_wconf 75' lang='lat' dir='ltr'><strong>ascensu—</strong></span> 
     </span>
    </p>
   </div>
   <div class='ocr_carea' id='block_1_103' title="bbox 1028 1053 1815 1087">
    <p class='ocr_par' dir='ltr' id='par_1_103' title="bbox 1028 1053 1815 1087">
     <span class='ocr_line' id='line_1_103' title="bbox 1028 1053 1815 1087; baseline 0.001 -9"><span class='ocrx_word' id='word_1_817' title='bbox 1028 1061 1088 1085; x_wconf 81' lang='lat' dir='ltr'><strong>rus,</strong></span> <span class='ocrx_word' id='word_1_818' title='bbox 1105 1057 1133 1080; x_wconf 87' lang='lat' dir='ltr'><strong>et</strong></span> <span class='ocrx_word' id='word_1_819' title='bbox 1146 1053 1178 1080; x_wconf 91' lang='lat' dir='ltr'><strong>ad</strong></span> <span class='ocrx_word' id='word_1_820' title='bbox 1202 1053 1307 1081; x_wconf 83' lang='lat' dir='ltr'><strong>Patrem</strong></span> <span class='ocrx_word' id='word_1_821' title='bbox 1331 1062 1408 1081; x_wconf 87' lang='lat' dir='ltr'><strong>suum</strong></span> <span class='ocrx_word' id='word_1_822' title='bbox 1431 1055 1513 1081; x_wconf 91' lang='lat' dir='ltr'><strong>iturus</strong></span> <span class='ocrx_word' id='word_1_823' title='bbox 1524 1076 1531 1087; x_wconf 88' lang='lat'><strong>,</strong></span> <span class='ocrx_word' id='word_1_824' title='bbox 1544 1054 1614 1081; x_wconf 89' lang='lat' dir='ltr'><strong>unde</strong></span> <span class='ocrx_word' id='word_1_825' title='bbox 1631 1054 1815 1086; x_wconf 74' lang='lat' dir='ltr'><strong>descenderat,</strong></span> 
     </span>
    </p>
   </div>
   <div class='ocr_carea' id='block_1_104' title="bbox 1028 1089 1815 1124">
    <p class='ocr_par' dir='ltr' id='par_1_104' title="bbox 1028 1089 1815 1124">
     <span class='ocr_line' id='line_1_104' title="bbox 1028 1089 1815 1124; baseline 0 -10"><span class='ocrx_word' id='word_1_826' title='bbox 1028 1096 1139 1122; x_wconf 81' lang='lat' dir='ltr'><strong>peregre</strong></span> <span class='ocrx_word' id='word_1_827' title='bbox 1161 1096 1191 1116; x_wconf 85' lang='lat' dir='ltr'><strong>se</strong></span> <span class='ocrx_word' id='word_1_828' title='bbox 1216 1089 1313 1116; x_wconf 92' lang='lat' dir='ltr'><strong>iturum</strong></span> <span class='ocrx_word' id='word_1_829' title='bbox 1329 1089 1408 1120; x_wconf 77' lang='lat' dir='ltr'><strong>dicit.</strong></span> <span class='ocrx_word' id='word_1_830' title='bbox 1425 1095 1532 1124; x_wconf 90' lang='lat' dir='ltr'><strong>propter</strong></span> <span class='ocrx_word' id='word_1_831' title='bbox 1546 1090 1683 1116; x_wconf 84' lang='lat' dir='ltr'><strong>caritatem</strong></span> <span class='ocrx_word' id='word_1_832' title='bbox 1708 1095 1815 1117; x_wconf 82' lang='lat' dir='ltr'><strong>sanctu-</strong></span> 
     </span>
    </p>
   </div>
   <div class='ocr_carea' id='block_1_105' title="bbox 1028 1124 1817 1160">
    <p class='ocr_par' dir='ltr' id='par_1_105' title="bbox 1028 1124 1817 1160">
     <span class='ocr_line' id='line_1_105' title="bbox 1028 1124 1817 1160; baseline 0.003 -11"><span class='ocrx_word' id='word_1_833' title='bbox 1028 1131 1085 1150; x_wconf 90' lang='lat' dir='ltr'><strong>iuni</strong></span> <span class='ocrx_word' id='word_1_834' title='bbox 1097 1144 1104 1156; x_wconf 82' lang='lat'><strong>,</strong></span> <span class='ocrx_word' id='word_1_835' title='bbox 1119 1131 1186 1158; x_wconf 88' lang='lat' dir='ltr'><strong>quos</strong></span> <span class='ocrx_word' id='word_1_836' title='bbox 1202 1124 1369 1159; x_wconf 83' lang='lat' dir='ltr'><strong>relinquebat</strong></span> <span class='ocrx_word' id='word_1_837' title='bbox 1382 1125 1407 1151; x_wconf 91' lang='lat' dir='ltr'><strong>iii</strong></span> <span class='ocrx_word' id='word_1_838' title='bbox 1423 1127 1500 1152; x_wconf 85' lang='lat' dir='ltr'><strong>terris</strong></span> <span class='ocrx_word' id='word_1_839' title='bbox 1511 1146 1517 1156; x_wconf 85' lang='lat'><strong>,</strong></span> <span class='ocrx_word' id='word_1_840' title='bbox 1534 1133 1593 1152; x_wconf 89' lang='lat' dir='ltr'><strong>cum</strong></span> <span class='ocrx_word' id='word_1_841' title='bbox 1609 1125 1692 1160; x_wconf 74' lang='lat' dir='ltr'><strong>magis</strong></span> <span class='ocrx_word' id='word_1_842' title='bbox 1707 1133 1817 1160; x_wconf 76' lang='lat' dir='ltr'><strong>peregre</strong></span> 
     </span>
    </p>
   </div>
   <div class='ocr_carea' id='block_1_106' title="bbox 1026 1158 1816 1195">
    <p class='ocr_par' dir='ltr' id='par_1_106' title="bbox 1026 1158 1816 1195">
     <span class='ocr_line' id='line_1_106' title="bbox 1026 1158 1816 1195; baseline 0 -9"><span class='ocrx_word' id='word_1_843' title='bbox 1026 1164 1098 1186; x_wconf 74' lang='lat' dir='ltr'><strong>esset</strong></span> <span class='ocrx_word' id='word_1_844' title='bbox 1111 1158 1148 1186; x_wconf 69' lang='lat' dir='ltr'><strong>&#39;iii</strong></span> <span class='ocrx_word' id='word_1_845' title='bbox 1163 1160 1282 1191; x_wconf 90' lang='lat' dir='ltr'><strong>mundo,</strong></span> <span class='ocrx_word' id='word_1_846' title='bbox 1298 1160 1367 1186; x_wconf 89' lang='lat' dir='ltr'><strong>sicut</strong></span> <span class='ocrx_word' id='word_1_847' title='bbox 1389 1162 1445 1195; x_wconf 83' lang='lat' dir='ltr'><strong>ipse</strong></span> <span class='ocrx_word' id='word_1_848' title='bbox 1469 1165 1580 1195; x_wconf 72' lang='lat' dir='ltr'><strong>testatur</strong></span> <span class='ocrx_word' id='word_1_849' title='bbox 1593 1158 1684 1187; x_wconf 86' lang='lat' dir='ltr'><strong>dicens</strong></span> <span class='ocrx_word' id='word_1_850' title='bbox 1701 1158 1712 1186; x_wconf 63' lang='grc' dir='ltr'><em>ί</em></span> <span class='ocrx_word' id='word_1_851' title='bbox 1726 1158 1816 1186; x_wconf 71' lang='lat' dir='ltr'><strong>Incolit</strong></span> 
     </span>
    </p>
   </div>
   <div class='ocr_carea' id='block_1_107' title="bbox 1027 1194 1817 1230">
    <p class='ocr_par' dir='ltr' id='par_1_107' title="bbox 1027 1194 1817 1230">
     <span class='ocr_line' id='line_1_107' title="bbox 1027 1194 1817 1230; baseline 0.001 -10"><span class='ocrx_word' id='word_1_852' title='bbox 1027 1195 1092 1221; x_wconf 81' lang='lat' dir='ltr'><strong>enim</strong></span> <span class='ocrx_word' id='word_1_853' title='bbox 1105 1203 1150 1229; x_wconf 81' lang='lat' dir='ltr'><strong>ego</strong></span> <span class='ocrx_word' id='word_1_854' title='bbox 1162 1203 1217 1221; x_wconf 84' lang='lat' dir='ltr'><strong>itum</strong></span> <span class='ocrx_word' id='word_1_855' title='bbox 1228 1195 1253 1221; x_wconf 92' lang='lat' dir='ltr'><strong>in</strong></span> <span class='ocrx_word' id='word_1_856' title='bbox 1265 1200 1331 1221; x_wconf 86' lang='lat' dir='ltr'><strong>terra</strong></span> <span class='ocrx_word' id='word_1_857' title='bbox 1345 1194 1414 1230; x_wconf 76' lang='lat' dir='ltr'><strong>apud</strong></span> <span class='ocrx_word' id='word_1_858' title='bbox 1425 1201 1447 1222; x_wconf 86' lang='lat' dir='ltr'><strong>te</strong></span> <span class='ocrx_word' id='word_1_859' title='bbox 1461 1194 1544 1228; x_wconf 73' lang='lat' dir='ltr'><strong>(Psal.</strong></span> <span class='ocrx_word' id='word_1_860' title='bbox 1559 1196 1619 1223; x_wconf 80' lang='grc'><strong>118.</strong></span> <span class='ocrx_word' id='word_1_861' title='bbox 1635 1195 1690 1229; x_wconf 85' lang='grc'><strong>19).</strong></span> <span class='ocrx_word' id='word_1_862' title='bbox 1704 1195 1817 1229; x_wconf 83' lang='lat' dir='ltr'><strong>Quando</strong></span> 
     </span>
    </p>
   </div>
   <div class='ocr_carea' id='block_1_108' title="bbox 1027 1230 1813 1264">
    <p class='ocr_par' dir='ltr' id='par_1_108' title="bbox 1027 1230 1813 1264">
     <span class='ocr_line' id='line_1_108' title="bbox 1027 1230 1813 1264; baseline 0.001 -9"><span class='ocrx_word' id='word_1_863' title='bbox 1027 1230 1097 1256; x_wconf 81' lang='lat' dir='ltr'><strong>enim</strong></span> <span class='ocrx_word' id='word_1_864' title='bbox 1111 1230 1181 1256; x_wconf 84' lang='lat' dir='ltr'><strong>venit</strong></span> <span class='ocrx_word' id='word_1_865' title='bbox 1195 1230 1220 1255; x_wconf 87' lang='lat' dir='ltr'><strong>in</strong></span> <span class='ocrx_word' id='word_1_866' title='bbox 1234 1230 1360 1256; x_wconf 89' lang='lat' dir='ltr'><strong>mundum</strong></span> <span class='ocrx_word' id='word_1_867' title='bbox 1371 1231 1464 1261; x_wconf 75' lang='lat' dir='ltr'><strong>Jesus,</strong></span> <span class='ocrx_word' id='word_1_868' title='bbox 1479 1230 1565 1257; x_wconf 86' lang='lat' dir='ltr'><strong>adhuc</strong></span> <span class='ocrx_word' id='word_1_869' title='bbox 1577 1232 1732 1264; x_wconf 80' lang='lat' dir='ltr'><strong>peregrinus</strong></span> <span class='ocrx_word' id='word_1_870' title='bbox 1745 1236 1813 1262; x_wconf 85' lang='lat' dir='ltr'><strong>erat,</strong></span> 
     </span>
    </p>
   </div>
   <div class='ocr_carea' id='block_1_109' title="bbox 1027 1265 1816 1300">
    <p class='ocr_par' dir='ltr' id='par_1_109' title="bbox 1027 1265 1816 1300">
     <span class='ocr_line' id='line_1_109' title="bbox 1027 1265 1816 1300; baseline 0.001 -9"><span class='ocrx_word' id='word_1_871' title='bbox 1027 1265 1159 1292; x_wconf 77' lang='lat' dir='ltr'><strong>nemiuem</strong></span> <span class='ocrx_word' id='word_1_872' title='bbox 1186 1266 1286 1292; x_wconf 72' lang='grc' dir='ltr'><strong>Ιιιιιιι-ιιε</strong></span> <span class='ocrx_word' id='word_1_873' title='bbox 1309 1265 1349 1292; x_wconf 89' lang='lat' dir='ltr'><strong>sui</strong></span> <span class='ocrx_word' id='word_1_874' title='bbox 1376 1266 1491 1292; x_wconf 85' lang='lat' dir='ltr'><strong>nominis</strong></span> <span class='ocrx_word' id='word_1_875' title='bbox 1514 1267 1718 1293; x_wconf 66' lang='lat' dir='ltr'><strong>confessorem;</strong></span> <span class='ocrx_word' id='word_1_876' title='bbox 1744 1271 1816 1300; x_wconf 83' lang='lat' dir='ltr'><strong>post-</strong></span> 
     </span>
    </p>
   </div>
   <div class='ocr_carea' id='block_1_110' title="bbox 1026 1300 1816 1335">
    <p class='ocr_par' dir='ltr' id='par_1_110' title="bbox 1026 1300 1816 1335">
     <span class='ocr_line' id='line_1_110' title="bbox 1026 1300 1816 1335; baseline 0.003 -10"><span class='ocrx_word' id='word_1_877' title='bbox 1026 1308 1104 1335; x_wconf 91' lang='lat' dir='ltr'><strong>quam</strong></span> <span class='ocrx_word' id='word_1_878' title='bbox 1121 1306 1208 1326; x_wconf 85' lang='lat' dir='ltr'><strong>autcm</strong></span> <span class='ocrx_word' id='word_1_879' title='bbox 1224 1300 1296 1327; x_wconf 90' lang='lat' dir='ltr'><strong>venit</strong></span> <span class='ocrx_word' id='word_1_880' title='bbox 1310 1321 1316 1331; x_wconf 91' lang='lat'><strong>,</strong></span> <span class='ocrx_word' id='word_1_881' title='bbox 1330 1305 1357 1327; x_wconf 92' lang='lat' dir='ltr'><strong>et</strong></span> <span class='ocrx_word' id='word_1_882' title='bbox 1371 1301 1514 1335; x_wconf 71' lang='lat' dir='ltr'><strong>discipulos</strong></span> <span class='ocrx_word' id='word_1_883' title='bbox 1528 1301 1667 1335; x_wconf 82' lang='lat' dir='ltr'><strong>acquisivit</strong></span> <span class='ocrx_word' id='word_1_884' title='bbox 1680 1322 1687 1331; x_wconf 86' lang='lat'><strong>,</strong></span> <span class='ocrx_word' id='word_1_885' title='bbox 1700 1301 1753 1335; x_wconf 85' lang='lat' dir='ltr'><strong>jam</strong></span> <span class='ocrx_word' id='word_1_886' title='bbox 1772 1310 1801 1334; x_wconf 89' lang='lat' dir='ltr'><strong>pa</strong></span> <span class='ocrx_word' id='word_1_887' title='bbox 1815 1318 1816 1321; x_wconf 61' lang='grc' dir='ltr'><strong>η</strong></span> 
     </span>
    </p>
   </div>
   <div class='ocr_carea' id='block_1_111' title="bbox 1028 1335 1813 1370">
    <p class='ocr_par' dir='ltr' id='par_1_111' title="bbox 1028 1335 1813 1370">
     <span class='ocr_line' id='line_1_111' title="bbox 1028 1335 1813 1370; baseline 0.001 -8"><span class='ocrx_word' id='word_1_888' title='bbox 1028 1335 1183 1362; x_wconf 87' lang='lat' dir='ltr'><strong>terfamilias</strong></span> <span class='ocrx_word' id='word_1_889' title='bbox 1197 1340 1253 1362; x_wconf 86' lang='lat' dir='ltr'><strong>erat</strong></span> <span class='ocrx_word' id='word_1_890' title='bbox 1268 1344 1274 1361; x_wconf 90' lang='lat'>:</span> <span class='ocrx_word' id='word_1_891' title='bbox 1290 1341 1318 1362; x_wconf 90' lang='lat' dir='ltr'><strong>ct</strong></span> <span class='ocrx_word' id='word_1_892' title='bbox 1332 1336 1391 1362; x_wconf 88' lang='lat' dir='ltr'><strong>ideo</strong></span> <span class='ocrx_word' id='word_1_893' title='bbox 1405 1337 1574 1370; x_wconf 70' lang='lat' dir='ltr'><strong>proficiscens</strong></span> <span class='ocrx_word' id='word_1_894' title='bbox 1587 1336 1619 1362; x_wconf 86' lang='lat' dir='ltr'><strong>de</strong></span> <span class='ocrx_word' id='word_1_895' title='bbox 1631 1337 1740 1368; x_wconf 76' lang='lat' dir='ltr'><strong>mundo,</strong></span> <span class='ocrx_word' id='word_1_896' title='bbox 1752 1344 1813 1369; x_wconf 88' lang='lat' dir='ltr'><strong>per-</strong></span> 
     </span>
    </p>
   </div>
   <div class='ocr_carea' id='block_1_112' title="bbox 1025 1371 1814 1406">
    <p class='ocr_par' dir='ltr' id='par_1_112' title="bbox 1025 1371 1814 1406">
     <span class='ocr_line' id='line_1_112' title="bbox 1025 1371 1814 1406; baseline 0.001 -9"><span class='ocrx_word' id='word_1_897' title='bbox 1025 1379 1088 1405; x_wconf 73' lang='lat' dir='ltr'><strong>egre</strong></span> <span class='ocrx_word' id='word_1_898' title='bbox 1101 1371 1328 1406; x_wconf 75' lang='lat' dir='ltr'><strong>proficiscebatur.</strong></span> <span class='ocrx_word' id='word_1_899' title='bbox 1345 1371 1388 1397; x_wconf 70' lang='lat' dir='ltr'><strong>Vis</strong></span> <span class='ocrx_word' id='word_1_900' title='bbox 1399 1376 1486 1397; x_wconf 86' lang='lat' dir='ltr'><strong>autem</strong></span> <span class='ocrx_word' id='word_1_901' title='bbox 1502 1371 1570 1398; x_wconf 82' lang='lat' dir='ltr'><strong>srire</strong></span> <span class='ocrx_word' id='word_1_902' title='bbox 1583 1376 1709 1405; x_wconf 83' lang='lat' dir='ltr'><strong>quantum</strong></span> <span class='ocrx_word' id='word_1_903' title='bbox 1724 1372 1814 1405; x_wconf 70' lang='lat' dir='ltr'><strong>diligat</strong></span> 
     </span>
    </p>
   </div>
   <div class='ocr_carea' id='block_1_113' title="bbox 1027 1406 1812 1441">
    <p class='ocr_par' dir='ltr' id='par_1_113' title="bbox 1027 1406 1812 1441">
     <span class='ocr_line' id='line_1_113' title="bbox 1027 1406 1812 1441; baseline 0 -9"><span class='ocrx_word' id='word_1_904' title='bbox 1027 1406 1119 1433; x_wconf 82' lang='lat' dir='ltr'><strong>fideles</strong></span> <span class='ocrx_word' id='word_1_905' title='bbox 1133 1407 1217 1433; x_wconf 83' lang='lat' dir='ltr'><strong>suos?</strong></span> <span class='ocrx_word' id='word_1_906' title='bbox 1233 1406 1376 1432; x_wconf 74' lang='lat' dir='ltr'><strong>Considera</strong></span> <span class='ocrx_word' id='word_1_907' title='bbox 1400 1406 1460 1441; x_wconf 91' lang='lat' dir='ltr'><strong>quid</strong></span> <span class='ocrx_word' id='word_1_908' title='bbox 1485 1414 1578 1440; x_wconf 75' lang='lat' dir='ltr'><strong>passus</strong></span> <span class='ocrx_word' id='word_1_909' title='bbox 1593 1411 1633 1435; x_wconf 76' lang='lat' dir='ltr'><strong>est</strong></span> <span class='ocrx_word' id='word_1_910' title='bbox 1654 1414 1701 1440; x_wconf 85' lang='lat' dir='ltr'><strong>pro</strong></span> <span class='ocrx_word' id='word_1_911' title='bbox 1715 1407 1764 1433; x_wconf 86' lang='lat' dir='ltr'><strong>eis.</strong></span> <span class='ocrx_word' id='word_1_912' title='bbox 1785 1408 1812 1433; x_wconf 68' lang='lat' dir='ltr'><strong>Si</strong></span> 
     </span>
    </p>
   </div>
   <div class='ocr_carea' id='block_1_114' title="bbox 1026 1441 1813 1476">
    <p class='ocr_par' dir='ltr' id='par_1_114' title="bbox 1026 1441 1813 1476">
     <span class='ocr_line' id='line_1_114' title="bbox 1026 1441 1813 1476; baseline -0.001 -8"><span class='ocrx_word' id='word_1_913' title='bbox 1026 1442 1096 1468; x_wconf 85' lang='lat' dir='ltr'><strong>enim</strong></span> <span class='ocrx_word' id='word_1_914' title='bbox 1111 1441 1194 1473; x_wconf 64' lang='lat' dir='ltr'><strong>magis</strong></span> <span class='ocrx_word' id='word_1_915' title='bbox 1206 1449 1284 1476; x_wconf 83' lang='lat' dir='ltr'><strong>quam</strong></span> <span class='ocrx_word' id='word_1_916' title='bbox 1297 1442 1409 1476; x_wconf 77' lang='lat' dir='ltr'><strong>gloriam</strong></span> <span class='ocrx_word' id='word_1_917' title='bbox 1431 1449 1506 1468; x_wconf 83' lang='lat' dir='ltr'><strong>suam</strong></span> <span class='ocrx_word' id='word_1_918' title='bbox 1531 1441 1590 1468; x_wconf 88' lang='lat' dir='ltr'><strong>illos</strong></span> <span class='ocrx_word' id='word_1_919' title='bbox 1611 1442 1724 1473; x_wconf 81' lang='lat' dir='ltr'><strong>amavit,</strong></span> <span class='ocrx_word' id='word_1_920' title='bbox 1739 1443 1813 1476; x_wconf 80' lang='lat' dir='ltr'><strong>quasi</strong></span> 
     </span>
    </p>
   </div>
   <div class='ocr_carea' id='block_1_115' title="bbox 1027 1476 1815 1511">
    <p class='ocr_par' dir='ltr' id='par_1_115' title="bbox 1027 1476 1815 1511">
     <span class='ocr_line' id='line_1_115' title="bbox 1027 1476 1815 1511; baseline -0.001 -8"><span class='ocrx_word' id='word_1_921' title='bbox 1027 1477 1106 1504; x_wconf 89' lang='lat' dir='ltr'><strong>homo</strong></span> <span class='ocrx_word' id='word_1_922' title='bbox 1121 1477 1238 1504; x_wconf 87' lang='lat' dir='ltr'><strong>moriens</strong></span> <span class='ocrx_word' id='word_1_923' title='bbox 1254 1482 1362 1511; x_wconf 82' lang='lat' dir='ltr'><strong>propter</strong></span> <span class='ocrx_word' id='word_1_924' title='bbox 1376 1484 1423 1504; x_wconf 87' lang='lat' dir='ltr'><strong>eos</strong></span> <span class='ocrx_word' id='word_1_925' title='bbox 1439 1486 1444 1503; x_wconf 91' lang='lat'>:</span> <span class='ocrx_word' id='word_1_926' title='bbox 1462 1476 1523 1511; x_wconf 81' lang='lat' dir='ltr'><strong>quid</strong></span> <span class='ocrx_word' id='word_1_927' title='bbox 1543 1477 1638 1503; x_wconf 91' lang='lat' dir='ltr'><strong>mirum</strong></span> <span class='ocrx_word' id='word_1_928' title='bbox 1650 1497 1657 1508; x_wconf 88' lang='lat'><strong>,</strong></span> <span class='ocrx_word' id='word_1_929' title='bbox 1672 1479 1693 1503; x_wconf 91' lang='lat' dir='ltr'><strong>si</strong></span> <span class='ocrx_word' id='word_1_930' title='bbox 1714 1477 1815 1511; x_wconf 81' lang='lat' dir='ltr'><strong>majore.</strong></span> 
     </span>
    </p>
   </div>
   <div class='ocr_carea' id='block_1_116' title="bbox 1026 1512 1814 1546">
    <p class='ocr_par' dir='ltr' id='par_1_116' title="bbox 1026 1512 1814 1546">
     <span class='ocr_line' id='line_1_116' title="bbox 1026 1512 1814 1546; baseline 0.001 -8"><span class='ocrx_word' id='word_1_931' title='bbox 1026 1512 1167 1539; x_wconf 79' lang='lat' dir='ltr'><strong>dilectione</strong></span> <span class='ocrx_word' id='word_1_932' title='bbox 1183 1512 1323 1538; x_wconf 85' lang='lat' dir='ltr'><strong>tenebatur</strong></span> <span class='ocrx_word' id='word_1_933' title='bbox 1337 1517 1487 1538; x_wconf 89' lang='lat' dir='ltr'><strong>sanctorum</strong></span> <span class='ocrx_word' id='word_1_934' title='bbox 1500 1532 1506 1544; x_wconf 93' lang='lat'><strong>,</strong></span> <span class='ocrx_word' id='word_1_935' title='bbox 1522 1520 1587 1545; x_wconf 79' lang='lat' dir='ltr'><strong>quos</strong></span> <span class='ocrx_word' id='word_1_936' title='bbox 1610 1512 1774 1546; x_wconf 86' lang='lat' dir='ltr'><strong>relinquebat</strong></span> <span class='ocrx_word' id='word_1_937' title='bbox 1788 1513 1814 1539; x_wconf 85' lang='lat' dir='ltr'><strong>in</strong></span> 
     </span>
    </p>
   </div>
   <div class='ocr_carea' id='block_1_117' title="bbox 1027 1546 1815 1582">
    <p class='ocr_par' dir='ltr' id='par_1_117' title="bbox 1027 1546 1815 1582">
     <span class='ocr_line' id='line_1_117' title="bbox 1027 1546 1815 1582; baseline 0.001 -9"><span class='ocrx_word' id='word_1_938' title='bbox 1027 1548 1104 1573; x_wconf 75' lang='lat' dir='ltr'><strong>terris</strong></span> <span class='ocrx_word' id='word_1_939' title='bbox 1114 1568 1121 1579; x_wconf 86' lang='lat'><strong>,</strong></span> <span class='ocrx_word' id='word_1_940' title='bbox 1133 1555 1211 1581; x_wconf 88' lang='lat' dir='ltr'><strong>quam</strong></span> <span class='ocrx_word' id='word_1_941' title='bbox 1226 1546 1368 1574; x_wconf 88' lang='lat' dir='ltr'><strong>dilectione</strong></span> <span class='ocrx_word' id='word_1_942' title='bbox 1382 1547 1472 1582; x_wconf 67' lang='lat' dir='ltr'><strong>gloria:</strong></span> <span class='ocrx_word' id='word_1_943' title='bbox 1482 1567 1490 1579; x_wconf 92' lang='lat'><strong>,</strong></span> <span class='ocrx_word' id='word_1_944' title='bbox 1502 1554 1579 1581; x_wconf 88' lang='lat' dir='ltr'><strong>quam</strong></span> <span class='ocrx_word' id='word_1_945' title='bbox 1597 1547 1709 1573; x_wconf 86' lang='lat' dir='ltr'><strong>habebat</strong></span> <span class='ocrx_word' id='word_1_946' title='bbox 1726 1548 1749 1574; x_wconf 95' lang='lat' dir='ltr'><strong>in</strong></span> <span class='ocrx_word' id='word_1_947' title='bbox 1764 1555 1815 1574; x_wconf 82' lang='lat' dir='ltr'><strong>ea:-</strong></span> 
     </span>
    </p>
   </div>
   <div class='ocr_carea' id='block_1_118' title="bbox 1027 1581 1814 1616">
    <p class='ocr_par' dir='ltr' id='par_1_118' title="bbox 1027 1581 1814 1616">
     <span class='ocr_line' id='line_1_118' title="bbox 1027 1581 1814 1616; baseline 0.001 -8"><span class='ocrx_word' id='word_1_948' title='bbox 1027 1583 1077 1609; x_wconf 84' lang='lat' dir='ltr'><strong>lis?</strong></span> <span class='ocrx_word' id='word_1_949' title='bbox 1095 1582 1126 1608; x_wconf 81' lang='lat' dir='ltr'><strong>Et</strong></span> <span class='ocrx_word' id='word_1_950' title='bbox 1147 1582 1251 1608; x_wconf 83' lang='lat' dir='ltr'><strong>tradidit</strong></span> <span class='ocrx_word' id='word_1_951' title='bbox 1264 1581 1315 1608; x_wconf 71' lang='lat' dir='ltr'><strong>illis</strong></span> <span class='ocrx_word' id='word_1_952' title='bbox 1333 1581 1398 1608; x_wconf 74' lang='lat' dir='ltr'><strong>bona</strong></span> <span class='ocrx_word' id='word_1_953' title='bbox 1412 1591 1467 1609; x_wconf 78' lang='lat' dir='ltr'><strong>sua.</strong></span> <span class='ocrx_word' id='word_1_954' title='bbox 1480 1582 1536 1609; x_wconf 79' lang='lat' dir='ltr'><strong>Non</strong></span> <span class='ocrx_word' id='word_1_955' title='bbox 1552 1582 1671 1609; x_wconf 85' lang='lat' dir='ltr'><strong>invidens</strong></span> <span class='ocrx_word' id='word_1_956' title='bbox 1685 1583 1741 1609; x_wconf 81' lang='lat' dir='ltr'><strong>aliis</strong></span> <span class='ocrx_word' id='word_1_957' title='bbox 1756 1583 1814 1616; x_wconf 80' lang='lat' dir='ltr'><strong>plus</strong></span> 
     </span>
    </p>
   </div>
   <div class='ocr_carea' id='block_1_119' title="bbox 1026 1617 1813 1650">
    <p class='ocr_par' dir='ltr' id='par_1_119' title="bbox 1026 1617 1813 1650">
     <span class='ocr_line' id='line_1_119' title="bbox 1026 1617 1813 1650; baseline 0.001 -6"><span class='ocrx_word' id='word_1_958' title='bbox 1026 1618 1114 1650; x_wconf 71' lang='lat' dir='ltr'><strong>dedit,</strong></span> <span class='ocrx_word' id='word_1_959' title='bbox 1130 1617 1187 1644; x_wconf 83' lang='lat' dir='ltr'><strong>aliis</strong></span> <span class='ocrx_word' id='word_1_960' title='bbox 1203 1618 1306 1649; x_wconf 90' lang='lat' dir='ltr'><strong>minus,</strong></span> <span class='ocrx_word' id='word_1_961' title='bbox 1319 1618 1364 1644; x_wconf 89' lang='lat' dir='ltr'><strong>sed</strong></span> <span class='ocrx_word' id='word_1_962' title='bbox 1375 1618 1547 1645; x_wconf 79' lang='lat' dir='ltr'><strong>considerans</strong></span> <span class='ocrx_word' id='word_1_963' title='bbox 1559 1617 1737 1644; x_wconf 82' lang='lat' dir='ltr'><strong>diversitatem</strong></span> <span class='ocrx_word' id='word_1_964' title='bbox 1753 1618 1813 1645; x_wconf 85' lang='lat' dir='ltr'><strong>fidei</strong></span> 
     </span>
    </p>
   </div>
   <div class='ocr_carea' id='block_1_120' title="bbox 1027 1652 1815 1686">
    <p class='ocr_par' dir='ltr' id='par_1_120' title="bbox 1027 1652 1815 1686">
     <span class='ocr_line' id='line_1_120' title="bbox 1027 1652 1815 1686; baseline 0.001 -7"><span class='ocrx_word' id='word_1_965' title='bbox 1027 1661 1130 1680; x_wconf 78' lang='lat' dir='ltr'><strong>eorum.</strong></span> <span class='ocrx_word' id='word_1_966' title='bbox 1146 1653 1194 1685; x_wconf 87' lang='lat' dir='ltr'><strong>Qui</strong></span> <span class='ocrx_word' id='word_1_967' title='bbox 1211 1657 1298 1679; x_wconf 84' lang='lat' dir='ltr'><strong>autem</strong></span> <span class='ocrx_word' id='word_1_968' title='bbox 1315 1653 1419 1679; x_wconf 85' lang='lat' dir='ltr'><strong>invidus</strong></span> <span class='ocrx_word' id='word_1_969' title='bbox 1433 1659 1470 1679; x_wconf 91' lang='lat' dir='ltr'><strong>cst</strong></span> <span class='ocrx_word' id='word_1_970' title='bbox 1481 1673 1488 1685; x_wconf 88' lang='lat'><strong>,</strong></span> <span class='ocrx_word' id='word_1_971' title='bbox 1504 1657 1549 1679; x_wconf 86' lang='lat' dir='ltr'><strong>aut</strong></span> <span class='ocrx_word' id='word_1_972' title='bbox 1563 1660 1656 1686; x_wconf 82' lang='lat' dir='ltr'><strong>pavetis</strong></span> <span class='ocrx_word' id='word_1_973' title='bbox 1668 1673 1675 1685; x_wconf 94' lang='lat'><strong>,</strong></span> <span class='ocrx_word' id='word_1_974' title='bbox 1691 1652 1815 1680; x_wconf 81' lang='lat' dir='ltr'><strong>omnibus</strong></span> 
     </span>
    </p>
   </div>
   <div class='ocr_carea' id='block_1_121' title="bbox 1026 1687 1816 1723">
    <p class='ocr_par' dir='ltr' id='par_1_121' title="bbox 1026 1687 1816 1723">
     <span class='ocr_line' id='line_1_121' title="bbox 1026 1687 1816 1723; baseline -0.001 -8"><span class='ocrx_word' id='word_1_975' title='bbox 1026 1693 1066 1715; x_wconf 88' lang='lat' dir='ltr'><strong>est</strong></span> <span class='ocrx_word' id='word_1_976' title='bbox 1080 1695 1174 1722; x_wconf 81' lang='lat' dir='ltr'><strong>parcus</strong></span> <span class='ocrx_word' id='word_1_977' title='bbox 1189 1692 1215 1714; x_wconf 90' lang='lat' dir='ltr'><strong>et</strong></span> <span class='ocrx_word' id='word_1_978' title='bbox 1231 1687 1344 1715; x_wconf 88' lang='lat' dir='ltr'><strong>invidus.</strong></span> <span class='ocrx_word' id='word_1_979' title='bbox 1359 1688 1450 1723; x_wconf 84' lang='lat' dir='ltr'><strong>Neque</strong></span> <span class='ocrx_word' id='word_1_980' title='bbox 1463 1689 1537 1723; x_wconf 80' lang='lat' dir='ltr'><strong>quasi</strong></span> <span class='ocrx_word' id='word_1_981' title='bbox 1552 1693 1676 1722; x_wconf 83' lang='lat' dir='ltr'><strong>acceptor</strong></span> <span class='ocrx_word' id='word_1_982' title='bbox 1689 1695 1816 1722; x_wconf 83' lang='lat' dir='ltr'><strong>persona-</strong></span> 
     </span>
    </p>
   </div>
   <div class='ocr_carea' id='block_1_122' title="bbox 1026 1722 1810 1758">
    <p class='ocr_par' dir='ltr' id='par_1_122' title="bbox 1026 1722 1810 1758">
     <span class='ocr_line' id='line_1_122' title="bbox 1026 1722 1810 1758; baseline 0 -8"><span class='ocrx_word' id='word_1_983' title='bbox 1026 1731 1084 1750; x_wconf 87' lang='lat' dir='ltr'><strong>rum</strong></span> <span class='ocrx_word' id='word_1_984' title='bbox 1108 1723 1168 1750; x_wconf 82' lang='lat' dir='ltr'><strong>fecit</strong></span> <span class='ocrx_word' id='word_1_985' title='bbox 1185 1722 1360 1750; x_wconf 83' lang='lat' dir='ltr'><strong>differentiam</strong></span> <span class='ocrx_word' id='word_1_986' title='bbox 1385 1722 1538 1758; x_wconf 73' lang='lat' dir='ltr'><strong>gratiarum.</strong></span> <span class='ocrx_word' id='word_1_987' title='bbox 1557 1723 1600 1749; x_wconf 74' lang='lat' dir='ltr'><strong>Vis</strong></span> <span class='ocrx_word' id='word_1_988' title='bbox 1621 1723 1705 1749; x_wconf 70' lang='lat' dir='ltr'><strong>seire?</strong></span> <span class='ocrx_word' id='word_1_989' title='bbox 1720 1723 1810 1750; x_wconf 60' lang='lat' dir='ltr'><strong>Consi:</strong></span> 
     </span>
    </p>
   </div>
   <div class='ocr_carea' id='block_1_123' title="bbox 1026 1759 1812 1793">
    <p class='ocr_par' dir='ltr' id='par_1_123' title="bbox 1026 1759 1812 1793">
     <span class='ocr_line' id='line_1_123' title="bbox 1026 1759 1812 1793; baseline 0 -8"><span class='ocrx_word' id='word_1_990' title='bbox 1026 1759 1090 1785; x_wconf 85' lang='lat' dir='ltr'><strong>dera</strong></span> <span class='ocrx_word' id='word_1_991' title='bbox 1105 1760 1239 1793; x_wconf 88' lang='lat' dir='ltr'><strong>quomodo</strong></span> <span class='ocrx_word' id='word_1_992' title='bbox 1254 1766 1321 1792; x_wconf 81' lang='lat' dir='ltr'><strong>pene</strong></span> <span class='ocrx_word' id='word_1_993' title='bbox 1335 1759 1472 1793; x_wconf 75' lang='lat' dir='ltr'><strong>:cqualiter</strong></span> <span class='ocrx_word' id='word_1_994' title='bbox 1486 1759 1664 1784; x_wconf 88' lang='lat' dir='ltr'><strong>remuneravit</strong></span> <span class='ocrx_word' id='word_1_995' title='bbox 1676 1766 1737 1785; x_wconf 90' lang='lat' dir='ltr'><strong>eum</strong></span> <span class='ocrx_word' id='word_1_996' title='bbox 1750 1779 1756 1791; x_wconf 82' lang='lat'><strong>,</strong></span> <span class='ocrx_word' id='word_1_997' title='bbox 1769 1759 1812 1792; x_wconf 88' lang='lat' dir='ltr'><strong>qui</strong></span> 
     </span>
    </p>
   </div>
   <div class='ocr_carea' id='block_1_124' title="bbox 1026 1793 1814 1828">
    <p class='ocr_par' dir='ltr' id='par_1_124' title="bbox 1026 1793 1814 1828">
     <span class='ocr_line' id='line_1_124' title="bbox 1026 1793 1814 1828; baseline 0 -8"><span class='ocrx_word' id='word_1_998' title='bbox 1026 1794 1114 1820; x_wconf 88' lang='lat' dir='ltr'><strong>minus</strong></span> <span class='ocrx_word' id='word_1_999' title='bbox 1129 1793 1240 1822; x_wconf 88' lang='lat' dir='ltr'><strong>obtulit.</strong></span> <span class='ocrx_word' id='word_1_1000' title='bbox 1257 1798 1283 1820; x_wconf 86' lang='lat' dir='ltr'><strong>et</strong></span> <span class='ocrx_word' id='word_1_1001' title='bbox 1299 1801 1358 1820; x_wconf 90' lang='lat' dir='ltr'><strong>eum</strong></span> <span class='ocrx_word' id='word_1_1002' title='bbox 1369 1814 1376 1824; x_wconf 82' lang='grc'><em>,</em></span> <span class='ocrx_word' id='word_1_1003' title='bbox 1393 1794 1437 1827; x_wconf 90' lang='lat' dir='ltr'><strong>qui</strong></span> <span class='ocrx_word' id='word_1_1004' title='bbox 1453 1794 1575 1828; x_wconf 88' lang='lat' dir='ltr'><strong>amplius.</strong></span> <span class='ocrx_word' id='word_1_1005' title='bbox 1602 1793 1628 1820; x_wconf 91' lang='lat' dir='ltr'><strong>Si</strong></span> <span class='ocrx_word' id='word_1_1006' title='bbox 1643 1794 1713 1820; x_wconf 91' lang='lat' dir='ltr'><strong>enim</strong></span> <span class='ocrx_word' id='word_1_1007' title='bbox 1737 1802 1814 1820; x_wconf 78' lang='lat' dir='ltr'><strong>arce—</strong></span> 
     </span>
    </p>
   </div>
   <div class='ocr_carea' id='block_1_125' title="bbox 1026 1828 1815 1864">
    <p class='ocr_par' dir='ltr' id='par_1_125' title="bbox 1026 1828 1815 1864">
     <span class='ocr_line' id='line_1_125' title="bbox 1026 1828 1815 1864; baseline 0.001 -10"><span class='ocrx_word' id='word_1_1008' title='bbox 1026 1834 1086 1864; x_wconf 83' lang='lat' dir='ltr'><strong>ptor</strong></span> <span class='ocrx_word' id='word_1_1009' title='bbox 1096 1837 1268 1864; x_wconf 87' lang='lat' dir='ltr'><strong>personarum</strong></span> <span class='ocrx_word' id='word_1_1010' title='bbox 1283 1828 1392 1861; x_wconf 75' lang='lat' dir='ltr'><strong>fuisset,</strong></span> <span class='ocrx_word' id='word_1_1011' title='bbox 1407 1829 1495 1863; x_wconf 82' lang='lat' dir='ltr'><strong>utique</strong></span> <span class='ocrx_word' id='word_1_1012' title='bbox 1510 1836 1561 1855; x_wconf 83' lang='lat' dir='ltr'><strong>non</strong></span> <span class='ocrx_word' id='word_1_1013' title='bbox 1576 1833 1676 1855; x_wconf 87' lang='lat' dir='ltr'><strong>tantum</strong></span> <span class='ocrx_word' id='word_1_1014' title='bbox 1693 1830 1717 1854; x_wconf 93' lang='lat' dir='ltr'><strong>iii</strong></span> <span class='ocrx_word' id='word_1_1015' title='bbox 1729 1830 1815 1856; x_wconf 81' lang='lat' dir='ltr'><strong>danda</strong></span> 
     </span>
    </p>
   </div>
   <div class='ocr_carea' id='block_1_126' title="bbox 1025 1864 1816 1899">
    <p class='ocr_par' dir='ltr' id='par_1_126' title="bbox 1025 1864 1816 1899">
     <span class='ocr_line' id='line_1_126' title="bbox 1025 1864 1816 1899; baseline 0 -9"><span class='ocrx_word' id='word_1_1016' title='bbox 1025 1866 1124 1899; x_wconf 78' lang='lat' dir='ltr'><strong>gratia,</strong></span> <span class='ocrx_word' id='word_1_1017' title='bbox 1141 1870 1266 1898; x_wconf 85' lang='lat' dir='ltr'><strong>quantum</strong></span> <span class='ocrx_word' id='word_1_1018' title='bbox 1291 1864 1316 1890; x_wconf 93' lang='lat' dir='ltr'><strong>in</strong></span> <span class='ocrx_word' id='word_1_1019' title='bbox 1331 1864 1463 1891; x_wconf 85' lang='lat' dir='ltr'><strong>reddenda</strong></span> <span class='ocrx_word' id='word_1_1020' title='bbox 1488 1864 1610 1891; x_wconf 80' lang='lat' dir='ltr'><strong>mercede</strong></span> <span class='ocrx_word' id='word_1_1021' title='bbox 1623 1868 1694 1891; x_wconf 81' lang='lat' dir='ltr'><strong>esset</strong></span> <span class='ocrx_word' id='word_1_1022' title='bbox 1706 1865 1816 1898; x_wconf 69' lang='lat' dir='ltr'><strong>mqiialis</strong></span> 
     </span>
    </p>
   </div>
   <div class='ocr_carea' id='block_1_127' title="bbox 1026 1899 1814 1934">
    <p class='ocr_par' dir='ltr' id='par_1_127' title="bbox 1026 1899 1814 1934">
     <span class='ocr_line' id='line_1_127' title="bbox 1026 1899 1814 1934; baseline 0.001 -8"><span class='ocrx_word' id='word_1_1023' title='bbox 1026 1900 1166 1927; x_wconf 88' lang='lat' dir='ltr'><strong>ambobus.</strong></span> <span class='ocrx_word' id='word_1_1024' title='bbox 1181 1899 1346 1926; x_wconf 73' lang='lat' dir='ltr'><strong>lilniiifesttiiii</strong></span> <span class='ocrx_word' id='word_1_1025' title='bbox 1360 1904 1400 1926; x_wconf 88' lang='lat' dir='ltr'><strong>est</strong></span> <span class='ocrx_word' id='word_1_1026' title='bbox 1411 1919 1419 1931; x_wconf 92' lang='lat'><strong>,</strong></span> <span class='ocrx_word' id='word_1_1027' title='bbox 1434 1899 1504 1934; x_wconf 89' lang='lat' dir='ltr'><strong>quod</strong></span> <span class='ocrx_word' id='word_1_1028' title='bbox 1528 1899 1553 1925; x_wconf 92' lang='lat' dir='ltr'><strong>in</strong></span> <span class='ocrx_word' id='word_1_1029' title='bbox 1566 1899 1651 1926; x_wconf 82' lang='lat' dir='ltr'><strong>danda</strong></span> <span class='ocrx_word' id='word_1_1030' title='bbox 1664 1901 1748 1934; x_wconf 82' lang='lat' dir='ltr'><strong>gratia</strong></span> <span class='ocrx_word' id='word_1_1031' title='bbox 1762 1908 1814 1927; x_wconf 65' lang='lat' dir='ltr'><strong>non</strong></span> 
     </span>
    </p>
   </div>
   <div class='ocr_carea' id='block_1_128' title="bbox 1027 1934 1817 1969">
    <p class='ocr_par' dir='ltr' id='par_1_128' title="bbox 1027 1934 1817 1969">
     <span class='ocr_line' id='line_1_128' title="bbox 1027 1934 1817 1969; baseline -0.003 -7"><span class='ocrx_word' id='word_1_1032' title='bbox 1027 1942 1155 1969; x_wconf 83' lang='lat' dir='ltr'><strong>personas</strong></span> <span class='ocrx_word' id='word_1_1033' title='bbox 1169 1935 1285 1969; x_wconf 87' lang='lat' dir='ltr'><strong>aspexit,</strong></span> <span class='ocrx_word' id='word_1_1034' title='bbox 1301 1935 1347 1962; x_wconf 89' lang='lat' dir='ltr'><strong>scd</strong></span> <span class='ocrx_word' id='word_1_1035' title='bbox 1365 1935 1489 1961; x_wconf 81' lang='lat' dir='ltr'><strong>virtutem</strong></span> <span class='ocrx_word' id='word_1_1036' title='bbox 1510 1934 1715 1969; x_wconf 80' lang='lat' dir='ltr'><strong>uniuscujusque</strong></span> <span class='ocrx_word' id='word_1_1037' title='bbox 1729 1936 1817 1961; x_wconf 79' lang='lat' dir='ltr'><strong>consi-</strong></span> 
     </span>
    </p>
   </div>
   <div class='ocr_carea' id='block_1_129' title="bbox 1027 1970 1815 2004">
    <p class='ocr_par' dir='ltr' id='par_1_129' title="bbox 1027 1970 1815 2004">
     <span class='ocr_line' id='line_1_129' title="bbox 1027 1970 1815 2004; baseline 0 -7"><span class='ocrx_word' id='word_1_1038' title='bbox 1027 1971 1128 1997; x_wconf 79' lang='lat' dir='ltr'><strong>deravit</strong></span> <span class='ocrx_word' id='word_1_1039' title='bbox 1142 1977 1148 1995; x_wconf 68' lang='grc' dir='ltr'><strong>ι</strong></span> <span class='ocrx_word' id='word_1_1040' title='bbox 1165 1978 1197 1996; x_wconf 89' lang='lat' dir='ltr'><strong>ne</strong></span> <span class='ocrx_word' id='word_1_1041' title='bbox 1210 1977 1288 2003; x_wconf 85' lang='lat' dir='ltr'><strong>supra</strong></span> <span class='ocrx_word' id='word_1_1042' title='bbox 1304 1971 1426 1996; x_wconf 86' lang='lat' dir='ltr'><strong>virtutem</strong></span> <span class='ocrx_word' id='word_1_1043' title='bbox 1443 1977 1509 2004; x_wconf 86' lang='lat' dir='ltr'><strong>opus</strong></span> <span class='ocrx_word' id='word_1_1044' title='bbox 1529 1970 1682 2003; x_wconf 70' lang='lat' dir='ltr'><strong>injungciis,</strong></span> <span class='ocrx_word' id='word_1_1045' title='bbox 1699 1970 1755 2004; x_wconf 81' lang='lat' dir='ltr'><strong>ipse</strong></span> <span class='ocrx_word' id='word_1_1046' title='bbox 1769 1978 1815 1997; x_wconf 76' lang='lat' dir='ltr'><strong>tc-</strong></span> 
     </span>
    </p>
   </div>
   <div class='ocr_carea' id='block_1_130' title="bbox 1027 2004 1814 2043">
    <p class='ocr_par' dir='ltr' id='par_1_130' title="bbox 1027 2004 1814 2043">
     <span class='ocr_line' id='line_1_130' title="bbox 1027 2004 1814 2043; baseline 0 -11"><span class='ocrx_word' id='word_1_1047' title='bbox 1027 2005 1098 2043; x_wconf 74' lang='lat' dir='ltr'><strong>casio</strong></span> <span class='ocrx_word' id='word_1_1048' title='bbox 1114 2004 1427 2043; x_wconf 33' lang='lat' dir='ltr'><strong>offensimiis-exsiSIei-ei,</strong></span> <span class='ocrx_word' id='word_1_1049' title='bbox 1439 2012 1609 2043; x_wconf 67' lang='lat' dir='ltr'><strong>ei_iion_esset</strong></span> <span class='ocrx_word' id='word_1_1050' title='bbox 1621 2011 1681 2043; x_wconf 81' lang='lat' dir='ltr'><strong>rcus</strong></span> <span class='ocrx_word' id='word_1_1051' title='bbox 1695 2006 1737 2043; x_wconf 78' lang='lat' dir='ltr'><strong>qui</strong></span> <span class='ocrx_word' id='word_1_1052' title='bbox 1753 2013 1814 2039; x_wconf 88' lang='lat' dir='ltr'><strong>pec-</strong></span> 
     </span>
    </p>
   </div>
   <div class='ocr_carea' id='block_1_131' title="bbox 1028 2039 1816 2074">
    <p class='ocr_par' dir='ltr' id='par_1_131' title="bbox 1028 2039 1816 2074">
     <span class='ocr_line' id='line_1_131' title="bbox 1028 2039 1816 2074; baseline 0.001 -9"><span class='ocrx_word' id='word_1_1053' title='bbox 1028 2041 1110 2071; x_wconf 79' lang='lat' dir='ltr'><strong>cavit,</strong></span> <span class='ocrx_word' id='word_1_1054' title='bbox 1123 2040 1143 2066; x_wconf 85' lang='lat' dir='ltr'><strong>si</strong></span> <span class='ocrx_word' id='word_1_1055' title='bbox 1159 2047 1240 2074; x_wconf 69' lang='lat' dir='ltr'><strong>supra</strong></span> <span class='ocrx_word' id='word_1_1056' title='bbox 1252 2040 1375 2066; x_wconf 84' lang='lat' dir='ltr'><strong>virtutem</strong></span> <span class='ocrx_word' id='word_1_1057' title='bbox 1401 2040 1503 2074; x_wconf 85' lang='lat' dir='ltr'><strong>pendus</strong></span> <span class='ocrx_word' id='word_1_1058' title='bbox 1526 2039 1704 2073; x_wconf 65' lang='lat' dir='ltr'><strong>imposuisset.</strong></span> <span class='ocrx_word' id='word_1_1059' title='bbox 1718 2039 1816 2067; x_wconf 81' lang='lat' dir='ltr'><strong>Veiens</strong></span> 
     </span>
    </p>
   </div>
   <div class='ocr_carea' id='block_1_132' title="bbox 1028 2075 1815 2110">
    <p class='ocr_par' dir='ltr' id='par_1_132' title="bbox 1028 2075 1815 2110">
     <span class='ocr_line' id='line_1_132' title="bbox 1028 2075 1815 2110; baseline 0 -8"><span class='ocrx_word' id='word_1_1060' title='bbox 1028 2083 1092 2110; x_wconf 76' lang='lat' dir='ltr'><strong>ergo</strong></span> <span class='ocrx_word' id='word_1_1061' title='bbox 1113 2075 1238 2102; x_wconf 75' lang='lat' dir='ltr'><strong>Dulltittlls</strong></span> <span class='ocrx_word' id='word_1_1062' title='bbox 1260 2075 1347 2101; x_wconf 63' lang='lat' dir='ltr'><strong>socios</strong></span> <span class='ocrx_word' id='word_1_1063' title='bbox 1370 2083 1418 2102; x_wconf 90' lang='lat' dir='ltr'><strong>nos</strong></span> <span class='ocrx_word' id='word_1_1064' title='bbox 1433 2075 1530 2101; x_wconf 84' lang='lat' dir='ltr'><strong>habere</strong></span> <span class='ocrx_word' id='word_1_1065' title='bbox 1552 2075 1577 2101; x_wconf 93' lang='lat' dir='ltr'><strong>in</strong></span> <span class='ocrx_word' id='word_1_1066' title='bbox 1601 2082 1682 2109; x_wconf 79' lang='lat' dir='ltr'><strong>regno</strong></span> <span class='ocrx_word' id='word_1_1067' title='bbox 1697 2075 1815 2106; x_wconf 82' lang='lat' dir='ltr'><strong>eielesti.</strong></span> 
     </span>
    </p>
   </div>
   <div class='ocr_carea' id='block_1_133' title="bbox 1028 2110 1816 2146">
    <p class='ocr_par' dir='ltr' id='par_1_133' title="bbox 1028 2110 1816 2146">
     <span class='ocr_line' id='line_1_133' title="bbox 1028 2110 1816 2146; baseline -0.001 -9"><span class='ocrx_word' id='word_1_1068' title='bbox 1028 2118 1108 2146; x_wconf 86' lang='lat' dir='ltr'><strong>opera</strong></span> <span class='ocrx_word' id='word_1_1069' title='bbox 1134 2110 1211 2146; x_wconf 79' lang='lat' dir='ltr'><strong>nobis</strong></span> <span class='ocrx_word' id='word_1_1070' title='bbox 1227 2110 1390 2137; x_wconf 83' lang='lat' dir='ltr'><strong>diversarum</strong></span> <span class='ocrx_word' id='word_1_1071' title='bbox 1408 2110 1570 2144; x_wconf 82' lang='lat' dir='ltr'><strong>justitiarum</strong></span> <span class='ocrx_word' id='word_1_1072' title='bbox 1593 2110 1726 2137; x_wconf 87' lang='lat' dir='ltr'><strong>commisit</strong></span> <span class='ocrx_word' id='word_1_1073' title='bbox 1741 2118 1747 2135; x_wconf 91' lang='lat'>:</span> <span class='ocrx_word' id='word_1_1074' title='bbox 1764 2118 1816 2136; x_wconf 94' lang='lat' dir='ltr'><strong>non</strong></span> 
     </span>
    </p>
   </div>
   <div class='ocr_carea' id='block_1_134' title="bbox 1028 2145 1817 2180">
    <p class='ocr_par' dir='ltr' id='par_1_134' title="bbox 1028 2145 1817 2180">
     <span class='ocr_line' id='line_1_134' title="bbox 1028 2145 1817 2180; baseline -0.003 -8"><span class='ocrx_word' id='word_1_1075' title='bbox 1028 2145 1088 2180; x_wconf 81' lang='lat' dir='ltr'><strong>quia</strong></span> <span class='ocrx_word' id='word_1_1076' title='bbox 1104 2153 1156 2172; x_wconf 91' lang='lat' dir='ltr'><strong>non</strong></span> <span class='ocrx_word' id='word_1_1077' title='bbox 1171 2145 1266 2172; x_wconf 88' lang='lat' dir='ltr'><strong>habeat</strong></span> <span class='ocrx_word' id='word_1_1078' title='bbox 1280 2149 1438 2179; x_wconf 85' lang='lat' dir='ltr'><strong>potestatein</strong></span> <span class='ocrx_word' id='word_1_1079' title='bbox 1452 2150 1479 2172; x_wconf 90' lang='lat' dir='ltr'><strong>et</strong></span> <span class='ocrx_word' id='word_1_1080' title='bbox 1494 2146 1551 2171; x_wconf 88' lang='lat' dir='ltr'><strong>sine</strong></span> <span class='ocrx_word' id='word_1_1081' title='bbox 1562 2145 1686 2179; x_wconf 78' lang='lat' dir='ltr'><strong>operibus</strong></span> <span class='ocrx_word' id='word_1_1082' title='bbox 1701 2152 1748 2172; x_wconf 88' lang='lat' dir='ltr'><strong>nos</strong></span> <span class='ocrx_word' id='word_1_1083' title='bbox 1761 2146 1817 2178; x_wconf 68' lang='lat' dir='ltr'><strong>glo-</strong></span> 
     </span>
    </p>
   </div>
   <div class='ocr_carea' id='block_1_135' title="bbox 1029 2180 1816 2215">
    <p class='ocr_par' dir='ltr' id='par_1_135' title="bbox 1029 2180 1816 2215">
     <span class='ocr_line' id='line_1_135' title="bbox 1029 2180 1816 2215; baseline -0.001 -8"><span class='ocrx_word' id='word_1_1084' title='bbox 1029 2181 1148 2213; x_wconf 87' lang='lat' dir='ltr'><strong>rificare,</strong></span> <span class='ocrx_word' id='word_1_1085' title='bbox 1171 2181 1217 2207; x_wconf 83' lang='lat' dir='ltr'><strong>sed</strong></span> <span class='ocrx_word' id='word_1_1086' title='bbox 1243 2180 1302 2207; x_wconf 88' lang='lat' dir='ltr'><strong>ideo</strong></span> <span class='ocrx_word' id='word_1_1087' title='bbox 1323 2188 1390 2215; x_wconf 91' lang='lat' dir='ltr'><strong>opus</strong></span> <span class='ocrx_word' id='word_1_1088' title='bbox 1405 2181 1551 2214; x_wconf 62' lang='lat' dir='ltr'><strong>pra&#39;misit.</strong></span> <span class='ocrx_word' id='word_1_1089' title='bbox 1575 2181 1634 2214; x_wconf 89' lang='lat' dir='ltr'><strong>quia</strong></span> <span class='ocrx_word' id='word_1_1090' title='bbox 1653 2180 1722 2207; x_wconf 84' lang='lat' dir='ltr'><strong>sicut</strong></span> <span class='ocrx_word' id='word_1_1091' title='bbox 1736 2188 1816 2213; x_wconf 88' lang='lat' dir='ltr'><strong>opera</strong></span> 
     </span>
    </p>
   </div>
   <div class='ocr_carea' id='block_1_136' title="bbox 1029 2215 1816 2249">
    <p class='ocr_par' dir='ltr' id='par_1_136' title="bbox 1029 2215 1816 2249">
     <span class='ocr_line' id='line_1_136' title="bbox 1029 2215 1816 2249; baseline 0 -7"><span class='ocrx_word' id='word_1_1092' title='bbox 1029 2217 1086 2243; x_wconf 86' lang='lat' dir='ltr'><strong>sine</strong></span> <span class='ocrx_word' id='word_1_1093' title='bbox 1102 2216 1217 2249; x_wconf 71' lang='lat' dir='ltr'><strong>prmmiis</strong></span> <span class='ocrx_word' id='word_1_1094' title='bbox 1239 2223 1319 2242; x_wconf 82' lang='lat' dir='ltr'><strong>vacua</strong></span> <span class='ocrx_word' id='word_1_1095' title='bbox 1345 2220 1422 2249; x_wconf 88' lang='lat' dir='ltr'><strong>sunt,</strong></span> <span class='ocrx_word' id='word_1_1096' title='bbox 1438 2216 1477 2242; x_wconf 88' lang='lat' dir='ltr'><strong>sic</strong></span> <span class='ocrx_word' id='word_1_1097' title='bbox 1497 2216 1602 2249; x_wconf 67' lang='lat' dir='ltr'><strong>priemia</strong></span> <span class='ocrx_word' id='word_1_1098' title='bbox 1620 2216 1676 2242; x_wconf 87' lang='lat' dir='ltr'><strong>sine</strong></span> <span class='ocrx_word' id='word_1_1099' title='bbox 1691 2215 1816 2249; x_wconf 81' lang='lat' dir='ltr'><strong>operibus</strong></span> 
     </span>
    </p>
   </div>
   <div class='ocr_carea' id='block_1_137' title="bbox 1029 2250 1818 2286">
    <p class='ocr_par' dir='ltr' id='par_1_137' title="bbox 1029 2250 1818 2286">
     <span class='ocr_line' id='line_1_137' title="bbox 1029 2250 1818 2286; baseline -0.005 -8"><span class='ocrx_word' id='word_1_1100' title='bbox 1029 2256 1091 2278; x_wconf 77' lang='lat' dir='ltr'><strong>sunt</strong></span> <span class='ocrx_word' id='word_1_1101' title='bbox 1105 2251 1216 2285; x_wconf 75' lang='lat' dir='ltr'><strong>ingrata.</strong></span> <span class='ocrx_word' id='word_1_1102' title='bbox 1232 2250 1275 2278; x_wconf 79' lang='grc'><strong>16.</strong></span> <span class='ocrx_word' id='word_1_1103' title='bbox 1301 2251 1393 2278; x_wconf 84' lang='lat' dir='ltr'><strong>Statim</strong></span> <span class='ocrx_word' id='word_1_1104' title='bbox 1415 2255 1498 2286; x_wconf 67' lang='lat' dir='ltr'><strong>autent</strong></span> <span class='ocrx_word' id='word_1_1105' title='bbox 1519 2251 1579 2277; x_wconf 82' lang='lat' dir='ltr'><strong>abiit</strong></span> <span class='ocrx_word' id='word_1_1106' title='bbox 1591 2259 1632 2284; x_wconf 85' lang='lat' dir='ltr'><strong>qui</strong></span> <span class='ocrx_word' id='word_1_1107' title='bbox 1656 2252 1763 2286; x_wconf 77' lang='lat' dir='ltr'><strong>quinque</strong></span> <span class='ocrx_word' id='word_1_1108' title='bbox 1777 2255 1818 2276; x_wconf 80' lang='lat' dir='ltr'><strong>tu-</strong></span> 
     </span>
    </p>
   </div>
   <div class='ocr_carea' id='block_1_138' title="bbox 1030 2280 1819 2321">
    <p class='ocr_par' dir='ltr' id='par_1_138' title="bbox 1030 2280 1819 2321">
     <span class='ocr_line' id='line_1_138' title="bbox 1030 2280 1819 2321; baseline 0 -9"><span class='ocrx_word' id='word_1_1109' title='bbox 1030 2286 1096 2313; x_wconf 82' lang='lat' dir='ltr'><strong>lenta</strong></span> <span class='ocrx_word' id='word_1_1110' title='bbox 1111 2280 1254 2321; x_wconf 49' lang='lat' dir='ltr'><strong>uiceperat,</strong></span> <span class='ocrx_word' id='word_1_1111' title='bbox 1270 2290 1291 2312; x_wconf 83' lang='lat' dir='ltr'><strong>et</strong></span> <span class='ocrx_word' id='word_1_1112' title='bbox 1311 2286 1441 2320; x_wconf 74' lang='lat' dir='ltr'><strong>acquisivit</strong></span> <span class='ocrx_word' id='word_1_1113' title='bbox 1461 2280 1513 2313; x_wconf 77' lang='lat' dir='ltr'><strong>alia</strong></span> <span class='ocrx_word' id='word_1_1114' title='bbox 1527 2280 1642 2321; x_wconf 68' lang='lat' dir='ltr'><strong>qiti&#39;mjue.</strong></span> <span class='ocrx_word' id='word_1_1115' title='bbox 1660 2280 1696 2313; x_wconf 79' lang='lat' dir='ltr'><strong>De</strong></span> <span class='ocrx_word' id='word_1_1116' title='bbox 1718 2280 1819 2312; x_wconf 60' lang='lat' dir='ltr'><strong>[atomo</strong></span> 
     </span>
    </p>
   </div>
   <div class='ocr_carea' id='block_1_139' title="bbox 1029 2321 1818 2356">
    <p class='ocr_par' dir='ltr' id='par_1_139' title="bbox 1029 2321 1818 2356">
     <span class='ocr_line' id='line_1_139' title="bbox 1029 2321 1818 2356; baseline -0.001 -8"><span class='ocrx_word' id='word_1_1117' title='bbox 1029 2322 1172 2356; x_wconf 83' lang='lat' dir='ltr'><strong>agnitionis</strong></span> <span class='ocrx_word' id='word_1_1118' title='bbox 1186 2321 1284 2348; x_wconf 86' lang='lat' dir='ltr'><strong>Christi</strong></span> <span class='ocrx_word' id='word_1_1119' title='bbox 1298 2321 1437 2355; x_wconf 88' lang='lat' dir='ltr'><strong>acquisivit</strong></span> <span class='ocrx_word' id='word_1_1120' title='bbox 1451 2329 1530 2347; x_wconf 89' lang='lat' dir='ltr'><strong>unam</strong></span> <span class='ocrx_word' id='word_1_1121' title='bbox 1540 2321 1669 2354; x_wconf 89' lang='lat' dir='ltr'><strong>justitiam</strong></span> <span class='ocrx_word' id='word_1_1122' title='bbox 1694 2321 1762 2356; x_wconf 85' lang='lat' dir='ltr'><strong>bene</strong></span> <span class='ocrx_word' id='word_1_1123' title='bbox 1777 2321 1818 2347; x_wconf 87' lang='lat' dir='ltr'><strong>vi-</strong></span> 
     </span>
    </p>
   </div>
   <div class='ocr_carea' id='block_1_140' title="bbox 1029 2355 1818 2391">
    <p class='ocr_par' dir='ltr' id='par_1_140' title="bbox 1029 2355 1818 2391">
     <span class='ocr_line' id='line_1_140' title="bbox 1029 2355 1818 2391; baseline -0.003 -7"><span class='ocrx_word' id='word_1_1124' title='bbox 1029 2355 1125 2384; x_wconf 80' lang='lat' dir='ltr'><strong>vendo.</strong></span> <span class='ocrx_word' id='word_1_1125' title='bbox 1141 2357 1177 2383; x_wconf 86' lang='lat' dir='ltr'><strong>De</strong></span> <span class='ocrx_word' id='word_1_1126' title='bbox 1189 2357 1352 2391; x_wconf 77' lang='lat' dir='ltr'><strong>picsbytcrto</strong></span> <span class='ocrx_word' id='word_1_1127' title='bbox 1365 2361 1452 2383; x_wconf 88' lang='lat' dir='ltr'><strong>autem</strong></span> <span class='ocrx_word' id='word_1_1128' title='bbox 1467 2357 1524 2390; x_wconf 84' lang='lat' dir='ltr'><strong>ipso</strong></span> <span class='ocrx_word' id='word_1_1129' title='bbox 1538 2357 1678 2391; x_wconf 83' lang='lat' dir='ltr'><strong>acquisivit</strong></span> <span class='ocrx_word' id='word_1_1130' title='bbox 1688 2355 1818 2390; x_wconf 85' lang='lat' dir='ltr'><strong>justitiam</strong></span> 
     </span>
    </p>
   </div>
   <div class='ocr_carea' id='block_1_141' title="bbox 1029 2391 1819 2426">
    <p class='ocr_par' dir='ltr' id='par_1_141' title="bbox 1029 2391 1819 2426">
     <span class='ocr_line' id='line_1_141' title="bbox 1029 2391 1819 2426; baseline -0.001 -7"><span class='ocrx_word' id='word_1_1131' title='bbox 1029 2392 1143 2419; x_wconf 85' lang='lat' dir='ltr'><strong>sollicite</strong></span> <span class='ocrx_word' id='word_1_1132' title='bbox 1167 2391 1333 2426; x_wconf 62' lang='lat' dir='ltr'><strong>praisidendo</strong></span> <span class='ocrx_word' id='word_1_1133' title='bbox 1358 2391 1492 2418; x_wconf 65' lang='lat' dir='ltr'><strong>licclesiie.</strong></span> <span class='ocrx_word' id='word_1_1134' title='bbox 1516 2391 1553 2418; x_wconf 77' lang='lat' dir='ltr'><strong>[te</strong></span> <span class='ocrx_word' id='word_1_1135' title='bbox 1575 2392 1657 2419; x_wconf 88' lang='lat' dir='ltr'><strong>verbo</strong></span> <span class='ocrx_word' id='word_1_1136' title='bbox 1677 2392 1819 2426; x_wconf 84' lang='lat' dir='ltr'><strong>acquisivit</strong></span> 
     </span>
    </p>
   </div>
   <div class='ocr_carea' id='block_1_142' title="bbox 1027 2427 1820 2461">
    <p class='ocr_par' dir='ltr' id='par_1_142' title="bbox 1027 2427 1820 2461">
     <span class='ocr_line' id='line_1_142' title="bbox 1027 2427 1820 2461; baseline -0.001 -7"><span class='ocrx_word' id='word_1_1137' title='bbox 1027 2427 1157 2461; x_wconf 82' lang='lat' dir='ltr'><strong>justitiam</strong></span> <span class='ocrx_word' id='word_1_1138' title='bbox 1169 2447 1176 2459; x_wconf 95' lang='lat'><strong>,</strong></span> <span class='ocrx_word' id='word_1_1139' title='bbox 1189 2428 1298 2453; x_wconf 83' lang='lat' dir='ltr'><strong>verbum</strong></span> <span class='ocrx_word' id='word_1_1140' title='bbox 1310 2427 1428 2454; x_wconf 81' lang='lat' dir='ltr'><strong>veritatis</strong></span> <span class='ocrx_word' id='word_1_1141' title='bbox 1441 2427 1580 2454; x_wconf 86' lang='lat' dir='ltr'><strong>sinceriter</strong></span> <span class='ocrx_word' id='word_1_1142' title='bbox 1591 2427 1770 2461; x_wconf 70' lang='lat' dir='ltr'><strong>pnedicando.</strong></span> <span class='ocrx_word' id='word_1_1143' title='bbox 1784 2428 1820 2453; x_wconf 78' lang='lat' dir='ltr'><strong>De</strong></span> 
     </span>
    </p>
   </div>
   <div class='ocr_carea' id='block_1_143' title="bbox 1031 2461 1820 2497">
    <p class='ocr_par' dir='ltr' id='par_1_143' title="bbox 1031 2461 1820 2497">
     <span class='ocr_line' id='line_1_143' title="bbox 1031 2461 1820 2497; baseline -0.003 -8"><span class='ocrx_word' id='word_1_1144' title='bbox 1031 2463 1162 2497; x_wconf 88' lang='lat' dir='ltr'><strong>baptismo</strong></span> <span class='ocrx_word' id='word_1_1145' title='bbox 1176 2463 1294 2489; x_wconf 85' lang='lat' dir='ltr'><strong>lucratus</strong></span> <span class='ocrx_word' id='word_1_1146' title='bbox 1309 2468 1350 2489; x_wconf 82' lang='lat' dir='ltr'><strong>est</strong></span> <span class='ocrx_word' id='word_1_1147' title='bbox 1364 2462 1511 2489; x_wconf 82' lang='lat' dir='ltr'><strong>secundum</strong></span> <span class='ocrx_word' id='word_1_1148' title='bbox 1526 2461 1626 2489; x_wconf 87' lang='lat' dir='ltr'><strong>Christi</strong></span> <span class='ocrx_word' id='word_1_1149' title='bbox 1642 2463 1759 2496; x_wconf 77' lang='lat' dir='ltr'><strong>regulam</strong></span> <span class='ocrx_word' id='word_1_1150' title='bbox 1773 2462 1820 2489; x_wconf 89' lang='lat' dir='ltr'><strong>ba-</strong></span> 
     </span>
    </p>
   </div>
   <div class='ocr_carea' id='block_1_144' title="bbox 1032 2497 1818 2532">
    <p class='ocr_par' dir='ltr' id='par_1_144' title="bbox 1032 2497 1818 2532">
     <span class='ocr_line' id='line_1_144' title="bbox 1032 2497 1818 2532; baseline 0.003 -10"><span class='ocrx_word' id='word_1_1151' title='bbox 1032 2497 1172 2532; x_wconf 82' lang='lat' dir='ltr'><strong>ptizando,</strong></span> <span class='ocrx_word' id='word_1_1152' title='bbox 1189 2502 1216 2524; x_wconf 88' lang='lat' dir='ltr'><strong>et</strong></span> <span class='ocrx_word' id='word_1_1153' title='bbox 1230 2498 1323 2532; x_wconf 77' lang='lat' dir='ltr'><strong>dignos</strong></span> <span class='ocrx_word' id='word_1_1154' title='bbox 1340 2497 1408 2524; x_wconf 86' lang='lat' dir='ltr'><strong>filios</strong></span> <span class='ocrx_word' id='word_1_1155' title='bbox 1429 2505 1489 2524; x_wconf 91' lang='lat' dir='ltr'><strong>cuni</strong></span> <span class='ocrx_word' id='word_1_1156' title='bbox 1509 2497 1610 2531; x_wconf 87' lang='lat' dir='ltr'><strong>judicio</strong></span> <span class='ocrx_word' id='word_1_1157' title='bbox 1633 2498 1759 2525; x_wconf 59' lang='lat' dir='ltr'><strong>Ecclesia</strong></span> <span class='ocrx_word' id='word_1_1158' title='bbox 1773 2504 1818 2524; x_wconf 89' lang='lat' dir='ltr'><strong>ac-</strong></span> 
     </span>
    </p>
   </div>
   <div class='ocr_carea' id='block_1_145' title="bbox 1031 2532 1820 2567">
    <p class='ocr_par' dir='ltr' id='par_1_145' title="bbox 1031 2532 1820 2567">
     <span class='ocr_line' id='line_1_145' title="bbox 1031 2532 1820 2567; baseline 0 -9"><span class='ocrx_word' id='word_1_1159' title='bbox 1031 2533 1170 2567; x_wconf 88' lang='lat' dir='ltr'><strong>quirendo.</strong></span> <span class='ocrx_word' id='word_1_1160' title='bbox 1200 2533 1237 2559; x_wconf 86' lang='lat' dir='ltr'><strong>De</strong></span> <span class='ocrx_word' id='word_1_1161' title='bbox 1271 2532 1402 2559; x_wconf 86' lang='lat' dir='ltr'><strong>sacrificio</strong></span> <span class='ocrx_word' id='word_1_1162' title='bbox 1432 2532 1572 2567; x_wconf 85' lang='lat' dir='ltr'><strong>acquisivit</strong></span> <span class='ocrx_word' id='word_1_1163' title='bbox 1592 2532 1738 2567; x_wconf 85' lang='lat' dir='ltr'><strong>justitiam,</strong></span> <span class='ocrx_word' id='word_1_1164' title='bbox 1767 2536 1820 2558; x_wconf 87' lang='lat' dir='ltr'><strong>tam</strong></span> 
     </span>
    </p>
   </div>
   <div class='ocr_carea' id='block_1_146' title="bbox 1031 2567 1823 2603">
    <p class='ocr_par' dir='ltr' id='par_1_146' title="bbox 1031 2567 1823 2603">
     <span class='ocr_line' id='line_1_146' title="bbox 1031 2567 1823 2603; baseline -0.003 -8"><span class='ocrx_word' id='word_1_1165' title='bbox 1031 2569 1161 2595; x_wconf 89' lang='lat' dir='ltr'><strong>mundum</strong></span> <span class='ocrx_word' id='word_1_1166' title='bbox 1175 2573 1201 2594; x_wconf 90' lang='lat' dir='ltr'><strong>ct</strong></span> <span class='ocrx_word' id='word_1_1167' title='bbox 1214 2567 1410 2595; x_wconf 88' lang='lat' dir='ltr'><strong>immaculatum</strong></span> <span class='ocrx_word' id='word_1_1168' title='bbox 1423 2567 1581 2595; x_wconf 84' lang='lat' dir='ltr'><strong>sacrificium</strong></span> <span class='ocrx_word' id='word_1_1169' title='bbox 1598 2568 1696 2603; x_wconf 89' lang='lat' dir='ltr'><strong>populo</strong></span> <span class='ocrx_word' id='word_1_1170' title='bbox 1709 2568 1823 2595; x_wconf 71' lang='lat' dir='ltr'><strong>offeren-</strong></span> 
     </span>
    </p>
   </div>
   <div class='ocr_carea' id='block_1_147' title="bbox 1031 2603 1822 2637">
    <p class='ocr_par' dir='ltr' id='par_1_147' title="bbox 1031 2603 1822 2637">
     <span class='ocr_line' id='line_1_147' title="bbox 1031 2603 1822 2637; baseline -0.004 -7"><span class='ocrx_word' id='word_1_1171' title='bbox 1031 2604 1076 2635; x_wconf 86' lang='lat' dir='ltr'><strong>do,</strong></span> <span class='ocrx_word' id='word_1_1172' title='bbox 1092 2609 1118 2630; x_wconf 90' lang='lat' dir='ltr'><strong>ct</strong></span> <span class='ocrx_word' id='word_1_1173' title='bbox 1134 2610 1180 2637; x_wconf 90' lang='lat' dir='ltr'><strong>pro</strong></span> <span class='ocrx_word' id='word_1_1174' title='bbox 1195 2603 1309 2637; x_wconf 88' lang='lat' dir='ltr'><strong>peccatis</strong></span> <span class='ocrx_word' id='word_1_1175' title='bbox 1323 2603 1411 2637; x_wconf 89' lang='lat' dir='ltr'><strong>populi</strong></span> <span class='ocrx_word' id='word_1_1176' title='bbox 1426 2603 1571 2630; x_wconf 79' lang='lat' dir='ltr'><strong>exorando.</strong></span> <span class='ocrx_word' id='word_1_1177' title='bbox 1595 2604 1639 2630; x_wconf 83' lang='grc'><strong>17.</strong></span> <span class='ocrx_word' id='word_1_1178' title='bbox 1663 2603 1785 2630; x_wconf 71' lang='lat' dir='ltr'><strong>Similiter</strong></span> <span class='ocrx_word' id='word_1_1179' title='bbox 1799 2606 1822 2628; x_wconf 85' lang='lat' dir='ltr'><strong>et</strong></span> 
     </span>
    </p>
   </div>
   <div class='ocr_carea' id='block_1_148' title="bbox 1031 2636 1822 2672">
    <p class='ocr_par' dir='ltr' id='par_1_148' title="bbox 1031 2636 1822 2672">
     <span class='ocr_line' id='line_1_148' title="bbox 1031 2636 1822 2672; baseline -0.003 -8"><span class='ocrx_word' id='word_1_1180' title='bbox 1031 2638 1074 2665; x_wconf 86' lang='lat' dir='ltr'><strong>ille</strong></span> <span class='ocrx_word' id='word_1_1181' title='bbox 1088 2636 1139 2672; x_wconf 74' lang='lat' dir='ltr'><strong>qui</strong></span> <span class='ocrx_word' id='word_1_1182' title='bbox 1150 2636 1201 2665; x_wconf 81' lang='lat' dir='ltr'><strong>duo</strong></span> <span class='ocrx_word' id='word_1_1183' title='bbox 1227 2636 1329 2664; x_wconf 70' lang='lat' dir='ltr'><strong>talenta</strong></span> <span class='ocrx_word' id='word_1_1184' title='bbox 1340 2636 1433 2672; x_wconf 62' lang='lat' dir='ltr'><strong>accepit</strong></span> <span class='ocrx_word' id='word_1_1185' title='bbox 1444 2658 1451 2670; x_wconf 94' lang='lat'><strong>,</strong></span> <span class='ocrx_word' id='word_1_1186' title='bbox 1474 2638 1585 2665; x_wconf 73' lang='lat' dir='ltr'><strong>lucratus</strong></span> <span class='ocrx_word' id='word_1_1187' title='bbox 1599 2643 1636 2666; x_wconf 74' lang='lat' dir='ltr'><strong>est</strong></span> <span class='ocrx_word' id='word_1_1188' title='bbox 1654 2638 1706 2665; x_wconf 86' lang='lat' dir='ltr'><strong>alia</strong></span> <span class='ocrx_word' id='word_1_1189' title='bbox 1719 2639 1778 2664; x_wconf 83' lang='lat' dir='ltr'><strong>duo.</strong></span> <span class='ocrx_word' id='word_1_1190' title='bbox 1795 2636 1822 2662; x_wconf 88' lang='lat' dir='ltr'><strong>ld</strong></span> 
     </span>
    </p>
   </div>
   <div class='ocr_carea' id='block_1_149' title="bbox 1032 2672 1822 2707">
    <p class='ocr_par' dir='ltr' id='par_1_149' title="bbox 1032 2672 1822 2707">
     <span class='ocr_line' id='line_1_149' title="bbox 1032 2672 1822 2707; baseline -0.005 -7"><span class='ocrx_word' id='word_1_1191' title='bbox 1032 2679 1088 2704; x_wconf 76' lang='lat' dir='ltr'><strong>est.</strong></span> <span class='ocrx_word' id='word_1_1192' title='bbox 1105 2674 1171 2700; x_wconf 87' lang='lat' dir='ltr'><strong>duas</strong></span> <span class='ocrx_word' id='word_1_1193' title='bbox 1191 2673 1315 2707; x_wconf 83' lang='lat' dir='ltr'><strong>justitias.</strong></span> <span class='ocrx_word' id='word_1_1194' title='bbox 1342 2672 1427 2700; x_wconf 81' lang='lat' dir='ltr'><strong>Unam</strong></span> <span class='ocrx_word' id='word_1_1195' title='bbox 1450 2673 1516 2700; x_wconf 85' lang='lat' dir='ltr'><strong>bene</strong></span> <span class='ocrx_word' id='word_1_1196' title='bbox 1537 2674 1665 2705; x_wconf 84' lang='lat' dir='ltr'><strong>vivendo,</strong></span> <span class='ocrx_word' id='word_1_1197' title='bbox 1682 2680 1760 2707; x_wconf 85' lang='lat' dir='ltr'><strong>quam</strong></span> <span class='ocrx_word' id='word_1_1198' title='bbox 1776 2681 1822 2697; x_wconf 85' lang='lat' dir='ltr'><strong>at:-</strong></span> 
     </span>
    </p>
   </div>
   <div class='ocr_carea' id='block_1_150' title="bbox 1032 2707 1823 2743">
    <p class='ocr_par' dir='ltr' id='par_1_150' title="bbox 1032 2707 1823 2743">
     <span class='ocr_line' id='line_1_150' title="bbox 1032 2707 1823 2743; baseline -0.003 -9"><span class='ocrx_word' id='word_1_1199' title='bbox 1032 2708 1139 2743; x_wconf 84' lang='lat' dir='ltr'><strong>quisivit</strong></span> <span class='ocrx_word' id='word_1_1200' title='bbox 1157 2716 1171 2735; x_wconf 85' lang='lat' dir='ltr'><strong>a</strong></span> <span class='ocrx_word' id='word_1_1201' title='bbox 1186 2709 1236 2735; x_wconf 89' lang='lat' dir='ltr'><strong>fide</strong></span> <span class='ocrx_word' id='word_1_1202' title='bbox 1252 2707 1350 2735; x_wconf 90' lang='lat' dir='ltr'><strong>Christi</strong></span> <span class='ocrx_word' id='word_1_1203' title='bbox 1365 2716 1371 2733; x_wconf 86' lang='lat'><strong>:</strong></span> <span class='ocrx_word' id='word_1_1204' title='bbox 1387 2709 1497 2735; x_wconf 80' lang='lat' dir='ltr'><strong>alteram</strong></span> <span class='ocrx_word' id='word_1_1205' title='bbox 1518 2710 1657 2736; x_wconf 87' lang='lat' dir='ltr'><strong>sinceriter</strong></span> <span class='ocrx_word' id='word_1_1206' title='bbox 1671 2707 1823 2743; x_wconf 46' lang='lat' dir='ltr'><strong>ministranf</strong></span> 
     </span>
    </p>
   </div>
   <div class='ocr_carea' id='block_1_151' title="bbox 1034 2741 1822 2779">
    <p class='ocr_par' dir='ltr' id='par_1_151' title="bbox 1034 2741 1822 2779">
     <span class='ocr_line' id='line_1_151' title="bbox 1034 2741 1822 2779; baseline -0.004 -9"><span class='ocrx_word' id='word_1_1207' title='bbox 1034 2741 1078 2776; x_wconf 82' lang='lat' dir='ltr'><strong>do,</strong></span> <span class='ocrx_word' id='word_1_1208' title='bbox 1093 2752 1171 2779; x_wconf 86' lang='lat' dir='ltr'><strong>quam</strong></span> <span class='ocrx_word' id='word_1_1209' title='bbox 1201 2744 1308 2770; x_wconf 76' lang='lat' dir='ltr'><strong>fecitcx</strong></span> <span class='ocrx_word' id='word_1_1210' title='bbox 1335 2743 1481 2770; x_wconf 72' lang='lat' dir='ltr'><strong>ministerio</strong></span> <span class='ocrx_word' id='word_1_1211' title='bbox 1509 2745 1673 2771; x_wconf 87' lang='lat' dir='ltr'><strong>diaconatus.</strong></span> <span class='ocrx_word' id='word_1_1212' title='bbox 1701 2743 1745 2768; x_wconf 75' lang='lat'><strong>18.</strong></span> 
     </span>
    </p>
   </div>
   <div class='ocr_carea' id='block_1_152' title="bbox 1033 2776 1824 2814">
    <p class='ocr_par' dir='ltr' id='par_1_152' title="bbox 1033 2776 1824 2814">
     <span class='ocr_line' id='line_1_152' title="bbox 1033 2776 1824 2814; baseline -0.004 -9"><span class='ocrx_word' id='word_1_1213' title='bbox 1033 2776 1115 2805; x_wconf 77' lang='lat' dir='ltr'><strong>autem</strong></span> <span class='ocrx_word' id='word_1_1214' title='bbox 1143 2787 1220 2806; x_wconf 85' lang='lat' dir='ltr'><strong>unum</strong></span> <span class='ocrx_word' id='word_1_1215' title='bbox 1243 2779 1355 2812; x_wconf 86' lang='lat' dir='ltr'><strong>accepit,</strong></span> <span class='ocrx_word' id='word_1_1216' title='bbox 1383 2779 1468 2806; x_wconf 74' lang='lat' dir='ltr'><strong>abiens</strong></span> <span class='ocrx_word' id='word_1_1217' title='bbox 1491 2779 1555 2814; x_wconf 76' lang='lat' dir='ltr'><strong>fodit</strong></span> <span class='ocrx_word' id='word_1_1218' title='bbox 1585 2779 1610 2804; x_wconf 85' lang='lat' dir='ltr'><strong>in</strong></span> <span class='ocrx_word' id='word_1_1219' title='bbox 1635 2776 1824 2814; x_wconf 20' lang='lat' dir='ltr'><strong>rlet‘rmltel’li-</strong></span> 
     </span>
    </p>
   </div>
   <div class='ocr_carea' id='block_1_153' title="bbox 1034 2812 1824 2849">
    <p class='ocr_par' dir='ltr' id='par_1_153' title="bbox 1034 2812 1824 2849">
     <span class='ocr_line' id='line_1_153' title="bbox 1034 2812 1824 2849; baseline -0.004 -9"><span class='ocrx_word' id='word_1_1220' title='bbox 1034 2822 1104 2841; x_wconf 89' lang='lat' dir='ltr'><strong>iiitiiii</strong></span> <span class='ocrx_word' id='word_1_1221' title='bbox 1121 2814 1269 2846; x_wconf 84' lang='lat' dir='ltr'><strong>videamus,</strong></span> <span class='ocrx_word' id='word_1_1222' title='bbox 1292 2819 1321 2841; x_wconf 90' lang='lat' dir='ltr'><strong>ut</strong></span> <span class='ocrx_word' id='word_1_1223' title='bbox 1335 2815 1397 2848; x_wconf 87' lang='lat' dir='ltr'><strong>quid</strong></span> <span class='ocrx_word' id='word_1_1224' title='bbox 1419 2812 1503 2849; x_wconf 85' lang='lat' dir='ltr'><strong>neque</strong></span> <span class='ocrx_word' id='word_1_1225' title='bbox 1519 2814 1580 2846; x_wconf 87' lang='lat' dir='ltr'><strong>ille,</strong></span> <span class='ocrx_word' id='word_1_1226' title='bbox 1596 2813 1640 2847; x_wconf 90' lang='lat' dir='ltr'><strong>qui</strong></span> <span class='ocrx_word' id='word_1_1227' title='bbox 1657 2813 1710 2849; x_wconf 84' lang='lat' dir='ltr'><strong>duo</strong></span> <span class='ocrx_word' id='word_1_1228' title='bbox 1725 2812 1824 2839; x_wconf 81' lang='lat' dir='ltr'><strong>talenta</strong></span> 
     </span>
    </p>
   </div>
   <div class='ocr_carea' id='block_1_154' title="bbox 1035 2848 1825 2885">
    <p class='ocr_par' dir='ltr' id='par_1_154' title="bbox 1035 2848 1825 2885">
     <span class='ocr_line' id='line_1_154' title="bbox 1035 2848 1825 2885; baseline -0.003 -10"><span class='ocrx_word' id='word_1_1229' title='bbox 1035 2849 1142 2881; x_wconf 83' lang='lat' dir='ltr'><strong>habuit.</strong></span> <span class='ocrx_word' id='word_1_1230' title='bbox 1169 2849 1342 2877; x_wconf 81' lang='lat' dir='ltr'><strong>abscondisse</strong></span> <span class='ocrx_word' id='word_1_1231' title='bbox 1371 2850 1466 2876; x_wconf 84' lang='lat' dir='ltr'><strong>talenta</strong></span> <span class='ocrx_word' id='word_1_1232' title='bbox 1495 2857 1541 2885; x_wconf 82' lang='lat' dir='ltr'><strong>sua</strong></span> <span class='ocrx_word' id='word_1_1233' title='bbox 1568 2848 1742 2885; x_wconf 74' lang='lat' dir='ltr'><strong>proponitur,</strong></span> <span class='ocrx_word' id='word_1_1234' title='bbox 1766 2854 1825 2885; x_wconf 74' lang='lat' dir='ltr'><strong>uini</strong></span> 
     </span>
    </p>
   </div>
   <div class='ocr_carea' id='block_1_155' title="bbox 1035 2884 1827 2918">
    <p class='ocr_par' dir='ltr' id='par_1_155' title="bbox 1035 2884 1827 2918">
     <span class='ocr_line' id='line_1_155' title="bbox 1035 2884 1827 2918; baseline 0 -7"><span class='ocrx_word' id='word_1_1235' title='bbox 1035 2885 1109 2912; x_wconf 93' lang='lat' dir='ltr'><strong>inulti</strong></span> <span class='ocrx_word' id='word_1_1236' title='bbox 1132 2885 1237 2913; x_wconf 78' lang='lat' dir='ltr'><strong>diaconi</strong></span> <span class='ocrx_word' id='word_1_1237' title='bbox 1262 2885 1430 2913; x_wconf 82' lang='lat' dir='ltr'><strong>inveniantur</strong></span> <span class='ocrx_word' id='word_1_1238' title='bbox 1455 2884 1686 2918; x_wconf 74' lang='lat' dir='ltr'><strong>inutiicsziieque</strong></span> <span class='ocrx_word' id='word_1_1239' title='bbox 1708 2884 1827 2917; x_wconf 79' lang='lat' dir='ltr'><strong>ille.qui</strong></span> 
     </span>
    </p>
   </div>
  </div>
