2065 3128
201 149 250 176 037

205 210 250 239 tio,
265 207 325 239 quia
347 212 373 233 ct
392 207 514 240 iniuriam
534 207 642 235 domino
657 207 726 235 facit.
744 208 887 242 Propterea
901 209 989 237 sciens

201 243 327 276 propheta
341 250 419 276 qttatn
434 243 500 269 mala
516 244 694 270 sitettcusatio
710 250 888 275 peccatorum,
905 244 968 271 dicit
980 253 987 259 ι

202 277 261 304 Non
275 278 383 304 declines
397 287 439 304 cor
452 287 532 305 meum
543 280 568 305 in
581 279 654 306 verba
666 279 780 310 malitim.
790 279 823 305 nd
831 279 988 306 ρπειιεηηιὶνιῑ

199 313 371 340 επτυειιιὶοηεε
386 314 414 349 iu
434 315 558 348 peccatis.
583 323 639 341 tum
667 314 809 341 hominibus
829 316 990 349 operantibus

198 348 352 382 iniquitatem
367 348 451 381 (Paul.
474 350 535 377 140.
551 349 589 384 ιι).
608 350 652 377 Dic
665 358 743 384 ergo.
761 348 968 377 servc'mcndal
978 371 986 382 ,

198 384 331 418 quomodo
343 385 418 412 metit
427 384 557 416 Christus,
568 385 609 412 ubi
623 393 675 411 non
684 386 834 412 seminavit?
843 385 906 418 Quis
916 387 985 413 enim

198 418 336 446 hominum
351 425 409 451 est,
431 421 471 447 vel
491 421 646 454 gentilium,
667 421 707 447 vel
723 420 889 453 Juda‘ornm,
908 428 985 455 quem

198 462 250 481 nou
265 455 428 483 sullicienler
442 456 621 489 spiritualibus
636 456 854 490 etcorporalibus
865 457 986 483 sensubus

197 489 350 520 adornavit.
364 491 406 517 cui
427 499 479 517 non
494 491 567 518 dedit
581 489 795 518 scientiam'honi
810 496 836 518 et
851 492 909 518 mali
922 513 929 522 ,
944 492 986 518 cui

198 532 250 551 non
267 525 340 552 dedit
355 533 431 561 posse
445 526 534 559 lugere
549 527 645 554 malum
656 547 664 559 ,
678 531 705 553 et
718 527 918 561 apprehendere
938 527 986 554 ho-

198 567 272 592 nnm,
285 561 306 586 si
322 561 397 587 vult?
408 560 481 588 Sicut
494 562 564 588 enim
579 562 665 588 nullus
675 567 714 588 est
730 560 820 593 homo.
835 563 876 589 ctti
887 562 985 597 aliquid

197 597 316 630 Corporis
331 597 509 623 membrorum
525 597 612 624 minus
626 597 659 623 sit
673 597 704 624 ad
719 605 794 624 usum
808 598 983 631 corporalem:

196 638 234 667 sic
251 639 301 657 non
317 637 367 661 est.
380 632 422 658 cui
435 633 521 658 ntintts
536 633 570 659 sit
583 632 680 667 aliquid
696 640 789 659 sensus
802 638 847 659 aut
861 633 985 666 potentize

196 666 228 692 ad
244 667 441 701 intelligentiam
456 667 517 694 boui
532 673 558 694 ct
574 666 634 694 mali
646 689 653 699 ,
676 672 702 694 et
718 668 749 694 ad
761 676 840 695 omne
855 675 921 702 opus
937 669 985 694 ho-

197 710 258 728 num
271 702 418 729 iaciendum
434 703 618 737 quodcumque
637 703 759 730 voluerit.
771 703 797 730 Si
815 703 894 735 igitur
904 703 983 731 ctiam

197 737 222 762 in
235 738 356 770 gentibus
368 738 507 764 seminavit
518 740 628 769 gratiam
642 746 727 770 suam,
744 746 775 765 ex
789 739 883 772 quibus
897 739 984 765 nullus

194 771 304 806 justititc
318 773 449 807 colligitur
461 773 559 800 fructus
572 782 579 800 :
594 774 728 806 quomodo
739 773 764 800 in
781 771 805 800 Ie
824 774 898 800 metit
913 774 983 808 quod

196 815 248 834 non
269 808 426 838 seminavit.
443 816 521 843 quem
545 809 619 843 quasi
639 813 728 835 aratro
742 809 870 842 spirituali
896 810 984 836 crucis

195 850 248 869 sua-
261 843 342 870 verbo
356 844 453 873 aravit,
470 852 548 875 qucm
562 844 680 870 doctrina
694 844 803 878 justitia:
818 844 958 871 seminavit
973 865 980 876 ,

195 885 273 912 quem
286 878 385 913 Spiritu
399 884 491 906 sancto
505 879 639 911 irrigat-it?
652 879 701 906 Tot
717 880 816 906 semina
833 880 981 913 suscipiens

194 914 337 946 gratiarum
350 935 357 946 ,
383 915 423 941 vel
444 923 523 941 unum
542 915 655 941 l'ruelutn
673 914 781 949 iustitia:
801 922 852 940 non
868 914 981 942 debuisti

195 948 309 976 nll'errc?
319 949 384 976 Nam
400 950 468 977 Deus
482 950 613 977 hominem
624 958 655 977 ex
664 948 762 982 duplici
776 958 869 977 crcaos
877 955 980 982 natura,

195 985 315 1018 rut-poris
327 985 458 1012 ctanima:
472 994 478 1011 :
495 986 519 1011 in
539 993 652 1019 corpore
671 986 777 1020 quidem
790 985 890 1012 creavit
903 986 980 1020 quin-

194 1028 245 1051 que
264 1027 373 1052 sensus,
389 1025 416 1047 ct
437 1026 523 1048 motus
543 1020 670 1055 quosdam
687 1021 959 1055 concupiscentiarum
971 1043 978 1051 ,

194 1056 358 1083 nasccntium
374 1063 405 1082 rx
423 1057 561 1083 occasione
580 1064 704 1083 sensuum
728 1057 912 1090 praulictorum
930 1065 936 1081 :
954 1057 979 1083 in

193 1091 280 1117 anima
293 1096 380 1117 autem
395 1092 494 1118 creavit
512 1091 609 1126 judicia
625 1095 652 1118 ct.
671 1092 796 1122 virtutes.
811 1097 839 1118 ut
852 1092 981 1126 intelligat

194 1126 322 1152 malarum
345 1135 434 1154 rertnn
447 1132 473 1153 et
486 1127 613 1153 honarmn
634 1127 820 1154 discretionem
834 1148 841 1159 ,
858 1132 886 1153 ιιι
898 1128 981 1161 possit

194 1162 318 1197 resistere
338 1163 452 1189 motibus
479 1166 534 1189 suis
560 1163 752 1196 corporalibus.
772 1163 821 1196 Qui
849 1170 913 1197 ergo
935 1171 979 1190 se-

192 1196 307 1223 cundum
324 1197 514 1225 delectationes
528 1198 648 1225 carnales
661 1198 750 1225 vivere
763 1199 914 1233 elegerunt,
931 1207 979 1224 nc-

191 1239 242 1264 que
265 1233 434 1259 considerant
461 1234 486 1259 in
513 1234 601 1260 anima
626 1241 674 1261 sua
695 1233 793 1268 judicia
818 1239 844 1260 et
867 1236 979 1260 virtutes

191 1275 251 1294 csse
274 1273 378 1295 creatas
392 1277 398 1294 :
411 1276 460 1296 ncc
475 1269 545 1296 enim
565 1270 738 1303 experiuntur
752 1277 781 1296 ea
798 1270 819 1296 si
834 1269 888 1295 sint
900 1290 906 1299 ,
931 1269 977 1295 St'tl

191 1307 292 1330 tantum
311 1311 406 1331 sensus
425 1305 544 1331 carnales
555 1324 564 1336 ,
579 1305 852 1338 concttpiseentiarnm
866 1312 976 1331 nascen-

192 1338 257 1364 tium
290 1347 322 1366 εχ
351 1339 491 1366 occasione
519 1347 646 1366 sensuum
674 1340 858 1373 przcdictorutn
898 1347 976 1367 exsc-

189 1377 315 1407 quuntnr,
332 1383 363 1401 ex
379 1382 431 1409 quo
446 1375 483 1406 lit,
499 1380 525 1401 ιιι
538 1375 575 1402 sic
587 1375 749 1402 arbitrentur
763 1379 789 1401 et
802 1375 900 1406 dicant,
916 1376 976 1409 quia

189 1410 277 1436 omnia
295 1410 361 1436 bona
377 1410 491 1436 carnalia
507 1415 536 1437 et
550 1410 691 1437 mtuulialia
709 1410 768 1437 ideo
782 1412 881 1437 creavit
898 1411 975 1440 licus.

189 1446 345 1471 utomnibu»:
355 1446 394 1472 eis
414 1451 529 1472 utamur.
542 1445 607 1472 Nam
626 1447 647 1472 si
664 1453 725 1473 vere
744 1454 795 1472 non
813 1451 875 1472 sunt
889 1453 976 1473 creata

188 1479 215 1505 in
239 1480 314 1507 nobis
332 1481 476 1508 secundum
491 1481 606 1508 animam
620 1481 717 1514 judicia
733 1487 757 1508 et
773 1481 885 1507 virtutrs
898 1502 904 1510 .
920 1481 977 1515 qni~

188 1514 237 1542 hns
257 1523 398 1550 possumus
422 1516 547 1543 resistere
569 1518 683 1544 molibus
703 1516 976 1551 concttpiscentiarum

188 1556 337 1577 nostrarum
351 1552 497 1578 carnalium
513 1561 520 1578 :
535 1557 636 1578 certum
657 1557 714 1584 est,
735 1552 795 1585 quia
813 1552 872 1579 ideo
888 1556 976 1579 creata

186 1591 248 1612 sunt
262 1587 329 1613 bona
344 1588 459 1614 carnalia
470 1608 477 1619 ,
491 1592 519 1613 ut
534 1593 639 1614 utamur
651 1587 711 1614 illis.
723 1587 751 1614 Si
761 1593 848 1614 autem
858 1592 976 1614 creatum

187 1621 264 1648 estin
280 1622 366 1654 nobis,
381 1627 407 1648 ct
418 1622 565 1657 intelligere
572 1630 628 1654 eos,
644 1627 671 1650 et
685 1630 762 1656 pr-sse
776 1622 902 1650 resistere
915 1622 954 1650 eis
967 1631 974 1649 ;

186 1657 245 1683 sine
265 1657 346 1684 dubio
365 1665 416 1684 non
438 1658 498 1684 ideo
516 1662 605 1685 creata
626 1662 687 1685 sunt
702 1658 850 1692 corporalia
865 1658 932 1685 bona
948 1663 976 1684 ct

186 1692 340 1724 mundialia,
353 1697 380 1719 ut
399 1695 438 1719 eis
451 1697 568 1725 utamur,
583 1693 628 1719 sed
641 1698 668 1720 ut
682 1694 837 1721 resistentes
855 1694 904 1725 eis,
920 1701 976 1720 tuc-

185 1727 244 1754 liori
265 1727 354 1755 studio
373 1728 541 1762 aequiramus
561 1729 637 1755 nobis
654 1728 815 1756 mercedem.
839 1728 903 1755 Nam
927 1736 976 1756 nec

185 1762 332 1797 intelligere
351 1763 448 1790 malum
464 1768 491 1790 et
504 1764 602 1790 bonum
617 1764 641 1790 iu
659 1764 736 1791 nobis
756 1768 827 1791 esset
840 1769 973 1794 creatum.

185 1798 234 1824 nisi
247 1799 318 1832 prius
329 1804 448 1826 creatum
463 1799 556 1825 fuisset
573 1804 598 1826 et
614 1806 691 1833 posse
706 1799 831 1826 resistere
845 1800 925 1826 malo.
942 1799 975 1826 Ut

183 1833 245 1867 quid
268 1834 339 1861 enim
359 1835 459 1861 homini
483 1834 573 1860 datum
590 1834 684 1861 fuisset
699 1834 864 1868 intelligere,
884 1835 904 1860 si
922 1843 973 1861 non

183 1868 276 1895 fuisset
286 1869 309 1896 ei
317 1869 406 1895 datttm
422 1874 449 1896 et
465 1876 541 1903 posse
554 1869 641 1896 facere
656 1870 725 1904 quod
742 1870 865 1902 intelligit
878 1870 974 1896 tnclins

183 1904 264 1931 esse?
285 1904 416 1938 Numquid
425 1905 583 1931 animalibus
597 1905 668 1931 Deus
683 1905 786 1932 creavit
802 1905 950 1939 intelligere
964 1926 971 1937 ,

183 1940 252 1972 quod
282 1939 417 1967 honestius
442 1945 468 1966 ct
487 1940 643 1967 laudabilius
665 1940 726 1967 est?
750 1941 827 1972 Non,
841 1941 901 1974 quia
926 1948 975 1967 uec

182 1975 283 2001 creavit
299 1975 324 2001 in
339 1977 379 2003 eis
400 1983 478 2010 posse
495 1975 580 2003 facere
594 1976 691 2009 aliquid
714 1976 783 2010 quod
807 1976 903 2002 melius
922 1981 972 2002 est.

183 2011 229 2036 Sic
240 2018 290 2037 nec
302 2011 400 2037 homini
415 2015 533 2037 crcaSsct
546 2011 704 2045 intelligi-re,
719 2012 767 2037 nisi
780 2016 897 2038 creasset
909 2012 932 2036 ci
947 2017 974 2037 et

182 2046 252 2079 quod
275 2046 395 2080 intelligit
419 2046 507 2073 facere
531 2054 619 2080 posse.
634 2047 678 2072 25.
705 2047 867 2080 Ιιελνοιιάεηδ
892 2051 974 2072 nutent

182 2081 298 2121 dominus
308 2082 373 2122 ejus,
390 2082 483 2108 dixitei
499 2089 508 2107 ε
523 2081 600 2122 Serve
612 2091 716 2116 nequam
731 2087 752 2107 et
773 2083 858 2122 piger,
880 2082 974 2122 srirbqs

183 2117 243 2150 quia
258 2122 321 2142 meto
335 2117 377 2143 ubi
390 2126 439 2144 non
453 2118 582 2145 seminari.
594 2122 617 2144 et
628 2125 751 2151 congrege
765 2117 805 2143 ubi
815 2125 865 2143 non
880 2117 971 2151 sparsi.

183 2152 228 2177 27.
241 2151 358 2185 Oportuit
368 2161 425 2186 ergo
441 2158 463 2178 te
476 2154 629 2178 committere
643 2154 773 2186 prcuniam
787 2160 868 2178 meum
883 2160 974 2178 utimu-

184 2187 269 2220 Iortis,
285 2192 308 2213 et
320 2187 419 2214 veniens
437 2195 481 2221 ego
503 2188 647 2221 reaepissem
667 2197 722 2214 eum
739 2196 795 2213 cum
814 2188 908 2214 usuris.
924 2187 975 2214 Ne-

184 2229 263 2256 quam
277 2222 383 2254 dicitur,
399 2223 459 2257 quia
475 2223 660 2249 contumeliam
672 2223 787 2250 rcdtlitlit
803 2223 912 2249 domino
927 2231 973 2256 pro

185 2257 285 2284 lmnore
302 2265 308 2282 :
324 2257 406 2290 piger,
423 2258 483 2291 quia
494 2258 620 2284 talentum
631 2266 682 2285 nun
695 2258 848 2289 duplicavit.
863 2258 896 2285 Et
912 2258 973 2286 idco

185 2300 233 2326 pm
245 2300 277 2318 eo
297 2293 404 2326 quidem
425 2293 499 2327 quasi
514 2294 654 2326 superbus,
671 2301 717 2326 pro
732 2293 782 2320 hoc
795 2298 883 2320 autem
898 2295 971 2327 quasi

185 2328 320 2362 negligens
328 2327 530 2354 condemnatur.
542 2328 608 2354 Vere
617 2336 740 2362 nequam.
752 2329 812 2362 quia
825 2329 972 2362 largitatem

182 2363 282 2389 domini
302 2363 376 2396 quasi
401 2363 552 2389 violentiam
573 2365 715 2390 accusavit.
732 2364 786 2390 Nec
808 2364 878 2390 enim
903 2364 973 2391 Dens

183 2399 243 2425 ideo
251 2399 362 2431 gratiam
378 2398 539 2430 intellectus,
555 2404 600 2425 attt
613 2399 732 2425 notitiam
754 2399 794 2425 sui
809 2399 908 2425 homini
923 2399 972 2425 tle-

182 2433 228 2464 dil,
242 2434 398 2460 desiderans
412 2433 524 2468 gloriam
538 2434 587 2460 sibi
599 2432 698 2468 acquiri
715 2441 762 2468 per
780 2442 840 2460 eum
854 2444 860 2460 :
881 2434 926 2460 sed
945 2439 973 2460 ut

182 2475 231 2503 per
252 2469 366 2504 gratiam
383 2469 428 2496 Dei
451 2469 507 2503 ipse
520 2469 569 2495 sibi
585 2470 664 2495 vitam
680 2475 809 2496 mtcrnam
821 2473 847 2496 ct
862 2469 971 2503 gloriam

184 2510 325 2536 mereatur.
339 2509 365 2532 ct
378 2505 534 2532 societatem
550 2505 664 2531 czelestis
677 2505 750 2539 regni
763 2512 822 2531 cum
840 2504 906 2531 Deo.
918 2504 973 2531 Hoc

182 2539 240 2566 sine
249 2541 329 2566 dubio
344 2541 498 2574 intelligitur
507 2547 539 2567 ex
556 2539 610 2574 ipsa
622 2540 829 2574 prmcedentinm
845 2547 972 2566 remune-

183 2575 437 2609 rationejustorum.
452 2575 479 2601 Si
492 2575 562 2602 ettitn
575 2580 682 2609 propter
694 2582 722 2601 se
733 2575 850 2602 dedisset
861 2575 971 2608 gratiam

182 2608 343 2639 hominibus.
363 2619 517 2645 numquam.
530 2617 544 2636 a
554 2608 640 2637 servis
649 2617 730 2644 pauca
742 2611 900 2644 suscipit-us,
913 2611 973 2636 rctl-

182 2645 256 2671 deret
279 2646 370 2672 multa.
386 2647 438 2672 Sed
454 2645 554 2673 malitia
573 2650 739 2676 exetccatus.
759 2646 820 2672 dum
834 2645 915 2671 voluit
930 2653 972 2670 sa-

182 2681 305 2714 pientiam
321 2681 365 2707 Dei
379 2681 477 2711 fallere,
492 2681 638 2715 majoribus
651 2689 680 2707 se
692 2682 774 2708 iratus
788 2681 899 2708 vinculis
913 2681 969 2706 alli-

180 2715 266 2748 gavit,
291 2716 383 2742 dicens
404 2725 410 2742 :
428 2715 500 2742 tllrtix
513 2717 554 2742 ubi
566 2725 616 2742 non
627 2716 765 2743 sentinam.
783 2717 809 2742 Si
824 2716 894 2742 enim
909 2723 972 2742 vere

182 2751 261 2777 talem
276 2751 355 2777 scivit
375 2751 510 2777 dmuinum
531 2760 608 2778 suum
620 2771 626 2780 .
641 2759 673 2777 co
687 2752 771 2786 magis
786 2751 874 2777 (lehnit
899 2751 971 2777 l’t-sti-

181 2794 246 2812 uarc
260 2807 267 2818 ,
289 2791 317 2812 ut
337 2793 385 2820 per
399 2786 560 2817 diligentiam
576 2794 650 2813 suam
666 2788 804 2813 avaritiam
818 2786 917 2812 domini
931 2787 972 2813 sui

180 2822 288 2853 taceret,
304 2829 338 2848 ne
352 2829 400 2855 per
421 2822 606 2856 negligentiam
626 2822 781 2856 injustitiam
804 2822 862 2855 ejus
889 2823 972 2854 iliacis

178 2857 210 2883 ad
225 2857 387 2884 iracundiam
403 2862 559 2889 promcarct
578 2866 584 2883 :
599 2857 659 2892 quia
681 2856 824 2885 austeritas
843 2865 895 2883 non
909 2865 930 2883 Ct
943 2865 972 2883 us

179 2893 314 2922 tetunitur.
326 2893 373 2920 sed
389 2893 506 2919 timetur.
519 2893 567 2925 Qui
579 2897 667 2920 autem
679 2893 764 2926 timet,
787 2899 839 2919 non
853 2897 973 2919 contem-

788 150 820 178 ΙΝ
840 151 1044 178 .‘lIATTlI/EITM
1067 152 1179 179 ll()\llL.
1200 153 1266 180 Llll.

1784 160 1836 187 95-3

1046 217 1119 250 nere,
1135 209 1182 236 sed
1202 210 1305 250 placare
1319 209 1434 250 festinat,
1449 212 1681 250 sciensquomodo
1695 216 1737 249 qui
1750 217 1831 250 metit,

1044 245 1087 280 ubi
1102 252 1153 270 non
1167 246 1280 272 seminat
1291 267 1299 276 .
1315 248 1398 280 magis
1416 247 1471 274 vult
1487 245 1599 279 metire.
1621 251 1664 276 ubi
1678 245 1831 279 seminavit:

1045 279 1162 313 Oportuit
1174 289 1231 315 ergo
1244 286 1266 308 te
1280 279 1433 318 committere
1446 284 1576 318 pecuniam
1587 287 1834 318 meammunulariis.

1042 319 1065 357 et
1080 318 1235 357 ueniensega
1247 317 1395 357 recepissent
1408 326 1462 344 eam
1478 327 1534 345 cum
1544 322 1638 357 muria.
1653 321 1766 354 Quidam
1782 331 1832 357 pn-

1043 353 1165 388 tanttres
1179 351 1243 388 istos
1253 359 1346 378 omnes
1360 353 1485 388 doctores
1498 361 1568 388 esse,
1579 351 1732 384 dill‘ercutes
1744 351 1833 386 autem

1042 386 1142 428 gratias
1158 386 1282 428 habuisse
1299 395 1305 413 :
1322 387 1436 428 et‘hunc
1452 386 1564 428 tertium
1584 391 1643 418 ideo
1661 393 1756 428 argui,
1771 396 1832 428 quia

1041 429 1094 447 non
1111 421 1200 459 docuit
1213 422 1406 459 aliosrgratiam
1421 424 1549 456 scientim,
1562 434 1640 459 qttam
1661 421 1786 455 habebat:
1800 428 1832 456 Et.

1040 457 1161 490 quamvis
1183 458 1269 484 omnis
1284 458 1363 485 homo
1376 460 1512 486 rationalis
1533 457 1693 489 constitutus
1708 465 1830 490 numula-

1041 492 1096 531 rius
1104 491 1156 532 dici
1173 494 1267 526 possit,
1286 498 1380 533 tamen
1389 495 1479 533 nescio
1526 495 1620 524 habeat
1635 498 1773 533 rationem,
1787 500 1831 533 qui

1040 528 1078 553 sic
1094 528 1218 568 minimus
1229 534 1279 560 est,
1294 533 1323 554 ut
1338 530 1515 568 uniustalenti
1533 533 1644 565 gratiam
1661 528 1829 568 habeat.Qni

1041 562 1208 601 numnlarius
1222 568 1280 601 est,
1300 571 1352 590 non
1366 565 1471 601 indiget
1487 562 1546 597 eius
1562 575 1567 592 :
1584 568 1606 594 si
1622 572 1709 595 autem
1731 575 1771 595 est
1785 562 1829 601 diti

1039 596 1109 634 illius
1123 598 1275 632 magisterio
1288 606 1354 634 opus
1366 596 1471 632 habeat,
1484 596 1526 627 ille
1544 602 1602 629 sine
1615 602 1695 630 dubio
1709 596 1830 631 numula—

1039 632 1094 659 ritts
1109 641 1161 659 non
1180 638 1230 671 esE
1249 632 1325 660 Cauti
1346 635 1415 661 enim
1437 637 1552 664 hominis
1571 643 1632 671 est,
1651 640 1829 666 numulariunt

1038 674 1107 708 esse,
1121 670 1164 702 qui
1180 668 1341 708 differentias
1357 676 1450 708 pensat
1461 672 1614 700 verborum.
1625 668 1700 708 'Ergo
1716 681 1828 702 necesse

1037 708 1078 729 est
1099 704 1167 741 hunc
1182 704 1286 730 tertittm
1301 705 1447 739 intelligere
1459 708 1622 741 popularem,
1637 704 1705 736 sicut
1716 710 1830 737 diximus

1037 745 1127 776 supra.
1141 739 1231 776 Mensa
1245 745 1284 766 est
1297 742 1384 768 OlllnlS
1398 739 1532 776 Scriptura
1548 739 1646 774 divina.
1659 745 1728 771 sicut
1741 749 1768 772 et
1778 745 1828 772 ali-

1037 773 1062 814 bi
1085 774 1254 814 exposuimus
1265 796 1278 814 ,‘
1294 776 1439 814 sicundum
1457 773 1542 814 quod
1556 778 1621 806 dicit
1642 773 1770 814 propheta
1793 780 1828 807 dc

1037 807 1174 842 Scriptura
1191 809 1294 836 Veteris
1309 807 1478 839 ’l‘ostamenti'
1495 813 1592 841 Jndmis
1615 807 1767 842 scandalum
1786 815 1826 842 fa-

1035 848 1077 869 cta
1090 851 1105 882 ’ς
1121 843 1180 882 Fiat
1192 853 1277 872 mensa
1291 854 1376 873 eorum
1386 855 1470 874 Curam
1483 848 1545 882 ipsis
1565 849 1590 875 t'n
1606 849 1722 882 iaqueum
1734 871 1741 881 ,
1757 855 1780 877 et
1801 851 1827 877 in

1035 879 1241 919 retributionem,
1264 886 1286 906 et
1300 882 1326 908 in
1345 879 1518 920 scandalum]
1537 883 1608 911 Psal.
1621 879 1665 912 68.
1686 879 1744 920 23).
1769 885 1825 913 Non

1034 915 1107 951 enim
1119 923 1209 942 mensa
1223 924 1313 943 eorum
1326 918 1472 951 corporalis
1488 915 1553 945 om
1569 920 1607 946 cis
1623 921 1647 946 in
1661 915 1824 951 scandalum,

1034 949 1232 988 sedScriptut-a
1255 952 1318 988 legis
1339 949 1440 979 eoi-nm.
1458 954 1585 981 l.e:cntcs
1607 958 1676 982 enim
1703 957 1727 982 in
1747 949 1824 988 lege;

1035 983 1186 1024 Illa/edictus
1200 983 1336 1024 οχηηὶέίμιὶ
1356 989 1443 1020 ριηηΙρι
1457 989 1481 1015 iu
1497 989 1564 1023 ligno
1581 991 1589 1024 (
1603 990 1679 1017 Deut.
1695 991 1740 1017 21.
1756 983 1802 1021 93)

1033 1024 1058 1046 cl
1074 1022 1295 1060 \‘ltlL‘lile‘_Jesll_lll
1308 1024 1462 1060 cruciﬁxum
1478 1044 1485 1056 ,
1503 1022 1593 1052 contra
1609 1027 1692 1060 legem
1707 1027 1824 1053 a-stima-

1032 1060 1129 1096 verunt
1143 1057 1255 1096 credere
1265 1058 1289 1096 in
1303 1057 1393 1084 .Iesum
1407 1061 1561 1096 crucilixum
1574 1080 1581 1092 ,
1597 1057 1677 1096 quem
1690 1062 1730 1088 lex
1743 1063 1824 1089 malc-

1033 1090 1131 1130 dictutn
1147 1093 1318 1130 annuntiabat
1334 1102 1340 1119 :
1358 1102 1410 1120 non
1426 1090 1614 1129 intelligentes:
1627 1097 1687 1130 quia
1702 1103 1819 1123 nostrain

1034 1127 1247 1163 maledictionem
1265 1128 1289 1154 in
1302 1128 1372 1162 ligno
1384 1127 1550 1163 susceperat.
1567 1135 1594 1157 ut
1609 1127 1658 1158 nos
1671 1132 1794 1159 liberaret
1808 1140 1823 1160 a

1035 1162 1231 1199 maledictiouc,
1247 1171 1323 1196 quam
1339 1172 1540 1197 sust-cperamus
1552 1174 1598 1199 per
1609 1167 1707 1198 lignum
1725 1176 1731 1193 :
1746 1173 1773 1194 et
1785 1168 1824 1193 sic

1033 1196 1100 1224 facta
1115 1202 1163 1236 est
1176 1199 1215 1224 eis
1229 1206 1319 1236 mensa
1341 1207 1432 1236 eorum
1446 1220 1453 1231 ,
1472 1200 1502 1236 id
1529 1196 1570 1228 est
1580 1222 1588 1233 ,
1609 1196 1744 1236 Scriptura
1758 1203 1823 1236 legis

1032 1239 1123 1258 eorum
1135 1252 1141 1262 .
1158 1233 1182 1259 in
1196 1234 1359 1260 scandalum.
1374 1233 1437 1261 ltent
1453 1235 1573 1262 videntes
1586 1244 1646 1262 etim
1663 1233 1688 1263 in
1704 1233 1822 1264 sabbatis

1032 1273 1185 1306 operantem
1198 1289 1205 1298 ,
1232 1269 1352 1306 leprosos
1379 1274 1528 1303 tangentem
1543 1291 1550 1303 ,
1566 1279 1580 1298 a
1596 1271 1689 1306 quibus
1700 1273 1822 1298 omnibus

1032 1303 1165 1339 abstini-rc
1181 1303 1220 1330 lex
1235 1304 1375 1338 ddigcntcr
1389 1305 1569 1339 przccipiebat,
1579 1303 1748 1334 scandalizali
1758 1313 1820 1334 sunt

1033 1337 1058 1377 in
1071 1345 1142 1369 cum,
1157 1337 1297 1377 dicentes}
1313 1339 1360 1377 llic
1375 1337 1450 1377 [fama
1465 1337 1514 1377 non
1527 1347 1563 1368 est
1577 1349 1608 1368 ea:
1622 1342 1674 1369 ΙΙιιο
1686 1363 1694 1374 ,
1708 1343 1752 1377 qui
1763 1343 1821 1370 nub-

1030 1372 1115 1412 lmtuni
1129 1382 1177 1399 non
1189 1375 1297 1412 custodit
1311 1374 1399 1412 (Joan.
1410 1374 1442 1412 ‘9.
1452 1376 1505 1412 716)
1523 1384 1530 1401 :
1559 1385 1610 1403 non
1623 1372 1800 1412 intclliéemes
1812 1401 1819 1409 ,

1030 1408 1091 1445 quia
1105 1410 1243 1445 conmorale
1256 1410 1361 1444 quidem
1377 1408 1504 1442 solvebat,
1519 1412 1656 1445 Spirituale
1670 1408 1757 1440 autvem
1769 1414 1818 1439 im-

1031 1444 1128 1476 plebat.
1145 1443 1177 1470 Et
1193 1445 1242 1471 hoc
1263 1443 1342 1471 modo
1360 1445 1426 1472 facta
1440 1451 1482 1472 est
1501 1443 1540 1473 eis
1557 1455 1646 1474 mensa
1661 1456 1752 1475 eorum
1765 1469 1773 1479 .
1794 1448 1819 1476 id

1029 1483 1071 1505 est
1085 1499 1092 1508 ,
1121 1479 1260 1516 Scriptura
1280 1480 1345 1515 legis
1367 1488 1459 1507 eorum
1475 1501 1482 1512 .
1507 1481 1533 1508 in
1561 1483 1727 1510 scandalutn.
1751 1484 1821 1516 Ergo

1030 1522 1121 1553 mensa
1135 1520 1176 1542 est
1190 1515 1277 1553 omnis
1289 1516 1426 1553 Scriptura
1440 1517 1538 1547 divina.
1556 1517 1581 1544 in
1593 1525 1643 1553 qua
1659 1519 1734 1552 panis
1746 1519 1818 1545 vcrhi

1030 1550 1151 1588 nutriens
1165 1550 1290 1588 animas
1302 1551 1402 1584 positus
1427 1556 1467 1578 est
1480 1573 1497 1588 ,γ
1514 1550 1698 1588 ςιιιπςίψιέιηι
1726 1561 1821 1580 omnes

1028 1583 1171 1622 Christiani
1191 1586 1367 1616 recumbunt.
1391 1590 1418 1613 et
1438 1583 1579 1621 epulantur
1595 1583 1746 1622 in'spiritu.
1763 1589 1818 1616 Nu-

1029 1620 1135 1656 Inularii
1144 1625 1231 1647 autem
1245 1622 1417 1656 pratsidentcs
1430 1630 1531 1649 mensa:
1543 1624 1578 1650 illi
1590 1620 1818 1652 suntsacerdotcs

1030 1655 1120 1691 tideles
1135 1661 1161 1682 et
1174 1656 1317 1691 prudentes
1333 1667 1339 1684 ε
1354 1658 1397 1690 qui
1413 1664 1473 1684 cum
1485 1657 1601 1686 viderint
1615 1659 1693 1686 tidem
1705 1664 1732 1686 et
1743 1665 1816 1687 actus

1028 1690 1260 1728 Christianorum,
1285 1692 1418 1725 accipiunt
1436 1692 1566 1726 judicium
1592 1694 1626 1721 de
1655 1695 1817 1728 Scripturis.

1028 1726 1105 1758 quasi
1125 1727 1159 1754 de
1175 1734 1283 1758 mensa,
1299 1732 1326 1754 et
1345 1728 1492 1761 ponderant
1505 1736 1561 1761 eos,
1578 1734 1606 1761 et
1619 1726 1752 1757 astimaut
1764 1751 1772 1761 .
1793 1736 1820 1758 ut

1029 1761 1180 1796 intelligunt
1195 1763 1216 1788 si
1236 1762 1308 1796 digni
1321 1758 1382 1790 sunt
1399 1763 1454 1790 Deo
1466 1784 1472 1795 ,
1494 1768 1540 1790 aut
1555 1758 1618 1791 nori.
1636 1765 1668 1792 Et
1682 1766 1703 1792 si
1721 1758 1817 1792 ltabrnt

1028 1797 1180 1833 charagma,
1197 1797 1223 1824 id
1236 1802 1287 1827 est,
1310 1799 1419 1832 liguram
1432 1803 1459 1825 et
1475 1799 1615 1833 imaginem
1630 1801 1731 1832 mundi,
1756 1806 1818 1828 sunt

1028 1831 1122 1870 ipsius;
1136 1836 1283 1870 etnoportct
1294 1831 1342 1860 eos
1354 1833 1479 1867 abjiccre.
1489 1831 1559 1870 llnic
1576 1843 1676 1862 mensae
1689 1837 1732 1870 qui
1744 1843 1818 1863 eam-

1028 1867 1130 1905 uliserit
1159 1868 1356 1905 lidetn_snam,
1381 1877 1459 1902 quam
1486 1869 1633 1904 baptizatus
1655 1867 1773 1905 suscepit
1800 1880 1816 1898 ει

1027 1901 1151 1934 Christo,
1168 1907 1195 1928 ut
1209 1903 1233 1929 iu
1248 1902 1367 1930 Ecclesia
1382 1901 1546 1937 permaneat,
1562 1905 1713 1939 Scripturas
1725 1901 1770 1934 aut
1781 1907 1819 1934 lc-

1027 1942 1080 1971 gat,
1094 1942 1140 1975 aut
1154 1938 1244 1965 audiat
1258 1939 1420 1975 incessanter
1432 1947 1462 1966 ex
1480 1941 1540 1972 title,
1555 1938 1816 1975 utalloquutionibus

1027 1973 1195 2010 sacerdotum
1220 1981 1362 2010 numquam
1388 1974 1534 2002 fraudetur.
1557 1973 1722 2010 ltnpossibile
1747 1978 1818 2004 enim

1027 2014 1133 2045 estptttr
1145 2016 1196 2036 non
1212 2009 1401 2045 multiplicetur
1417 2010 1481 2037 lides
1496 2011 1588 2045 ipsius.
1606 2011 1734 2038 Paulatim
1747 2013 1817 2039 cnim

1027 2044 1060 2082 tle
1075 2043 1117 2082 die
1128 2044 1154 2070 in
1170 2044 1335 2082 dicnrtitnor
1358 2044 1463 2082 Domini
1479 2043 1631 2082 gcucratur,
1649 2053 1745 2074 sensus
1759 2047 1818 2082 ejus

1027 2078 1200 2110 illnminatur,
1213 2080 1325 2106 scientia
1343 2080 1399 2112 ejus
1413 2078 1520 2111 crescit,
1532 2081 1704 2108 conﬁrmatur
1717 2082 1743 2109 in
1756 2078 1817 2112 lidr.

1026 2115 1156 2141 excitatur
1170 2114 1202 2141 ad
1217 2115 1376 2141 desiderium
1400 2115 1470 2149 regni
1485 2116 1598 2142 eadestis
1611 2137 1619 2149 ,
1642 2117 1818 2151 apprehendit

1026 2158 1085 2175 eunt
1098 2150 1168 2176 zelus
1176 2151 1344 2184 antiquorum
1355 2157 1508 2177 sanctorum
1521 2159 1587 2184 quos
1601 2150 1817 2186 lcgit.7excilatur

1026 2190 1053 2211 et
1067 2186 1120 2219 ipse
1136 2185 1290 2222 plerumque
1302 2185 1334 2212 ad
1344 2187 1581 2222 easdenrvirtttte~.
1596 2186 1677 2214 VltlL‘S
1691 2192 1817 2222 quantam

1027 2228 1133 2248 usuram
1161 2220 1222 2247 facit
1246 2226 1415 2255 attgntcntala
1446 2221 1529 2255 ﬁdes,
1553 2222 1614 2249 data
1639 2222 1670 2249 ad
1697 2220 1816 2250 incusant

1026 2256 1224 2291 Scripturarum
1248 2261 1408 2282 sanctarum.
1430 2256 1502 2283 Sicut
1528 2258 1598 2284 enim
1620 2258 1731 2290 pecunia
1759 2258 1817 2284 ha-c

1025 2292 1173 2326 corporalis
1184 2291 1301 2326 quidem,
1319 2291 1340 2317 si
1355 2292 1390 2318 sit.
1402 2292 1427 2317 in
1442 2293 1548 2318 saccqu
1560 2313 1566 2324 ,
1589 2293 1688 2320 inclusa
1709 2294 1763 2327 ipsa
1779 2298 1819 2320 est

1025 2334 1131 2359 semper
1147 2335 1153 2359 ;
1169 2328 1190 2353 si
1202 2333 1290 2353 autem
1307 2326 1385 2353 l'uerit
1403 2328 1498 2361 agitata
1512 2328 1545 2354 de
1557 2335 1634 2354 manu
1651 2329 1676 2355 in
1691 2326 1796 2355 manum
1810 2350 1817 2360 ,

1026 2370 1074 2388 usu
1092 2363 1148 2396 ipso
1168 2362 1367 2395 multiplicatur,
1384 2363 1453 2388 umle
1469 2370 1548 2389 usura
1573 2364 1668 2389 dicitur
1691 2364 1725 2390 ab
1744 2371 1792 2390 usu
1808 2372 1815 2390 :

1025 2398 1064 2424 sic
1088 2402 1114 2424 et
1146 2397 1212 2424 ﬁdes
1234 2397 1357 2428 Christi,
1379 2398 1508 2432 siquidem
1536 2398 1619 2424 otiosa
1641 2403 1762 2426 teneatur
1791 2399 1817 2426 in

1025 2433 1117 2465 corde,
1139 2440 1190 2459 non
1210 2432 1296 2458 solum
1313 2433 1367 2467 ipsa
1382 2438 1543 2466 manetth
1567 2433 1615 2459 fuit
1631 2452 1639 2465 ,
1662 2434 1708 2460 sed
1731 2433 1819 2462 adhuc

1027 2469 1175 2494 tninoratur
1190 2468 1215 2494 in
1239 2469 1292 2494 otio
1306 2487 1312 2497 ς
1336 2472 1364 2494 et
1385 2470 1509 2501 torpescit
1522 2488 1529 2500 ,
1544 2473 1570 2495 et
1580 2469 1669 2503 segnis
1682 2469 1814 2503 efficitur,

1025 2508 1052 2529 et
1081 2503 1207 2537 paulatim
1235 2511 1280 2536 per
1305 2509 1380 2529 actus
1406 2503 1528 2530 carnales
1547 2504 1681 2530 exinanita
1700 2504 1732 2531 ad
1752 2505 1820 2531 nihi-

1027 2537 1080 2564 lum
1105 2538 1176 2564 vadit
1200 2547 1205 2564 :
1229 2539 1250 2565 si
1271 2544 1359 2565 atttem
1388 2539 1531 2566 exercitata
1554 2539 1632 2566 fuerit
1652 2539 1818 2574 Scripturis,

1025 2578 1052 2599 et
1077 2573 1275 2608 loquntionihtts
1303 2574 1417 2600 assiduis
1452 2575 1594 2606 suscitata,
1622 2573 1748 2609 operibus
1770 2577 1819 2601 bo-

1024 2609 1066 2635 nis
1079 2609 1210 2635 vivilicata
1223 2629 1231 2639 ,
1252 2617 1304 2635 non
1315 2611 1400 2636 solum
1419 2609 1498 2642 dico,
1515 2610 1743 2644 multipliCabitur.
1771 2610 1817 2636 sed

1024 2651 1170 2677 numquam
1192 2644 1296 2671 desinet
1329 2651 1474 2675 crescere,
1508 2644 1593 2672 donec
1623 2646 1693 2672 vivet
1726 2645 1816 2671 homo.

1025 2679 1158 2713 Numquid
1181 2687 1228 2705 nos
1250 2687 1282 2706 ex
1298 2679 1374 2706 nobis
1398 2679 1448 2706 hoc
1468 2679 1602 2707 dicimus?
1624 2680 1681 2713 Ipse
1701 2680 1817 2714 denique

1026 2714 1152 2748 propheta
1166 2714 1191 2740 in
1213 2715 1340 2748 principio
1355 2714 1520 2741 Psalmorum
1546 2723 1653 2742 suorum
1678 2716 1747 2742 hunc
1768 2724 1817 2740 att-

1024 2750 1127 2776 nuntiat
1140 2757 1200 2776 esse
1213 2751 1328 2775 beatum.
1345 2750 1603 2781 Nautcutndixissct,
1615 2750 1707 2776 Beatus
1720 2750 1818 2783 υἷι-,συὶ

1025 2793 1074 2811 non
1087 2785 1148 2810 abiit
1158 2785 1183 2810 in
1196 2785 1300 2810 cnnsilio
1314 2785 1459 2818 impiorum.
1471 2791 1495 2811 et
1508 2786 1534 2811 in
1549 2786 1588 2811 via
1600 2784 1755 2818 prteritorum
1769 2793 1819 2811 non

1025 2822 1104 2847 stetit.
1121 2825 1144 2846 et
1159 2828 1184 2846 m
1200 2820 1319 2846 cutlmlra
1335 2821 1480 2854 pestilentia:
1494 2829 1543 2847 non
1557 2820 1619 2846 sedit
1632 2827 1641 2846 .'
1652 2821 1736 2849 addit.
1748 2819 1779 2846 Et
1791 2819 1817 2845 in

1027 2856 1081 2888 lege
1093 2855 1195 2882 Domini
1218 2856 1333 2881 rotantur
1353 2856 1406 2889 ejus
1419 2876 1426 2888 ,
1443 2862 1465 2882 ει
1478 2856 1504 2882 in
1525 2856 1577 2890 lege
1592 2856 1646 2890 ejus
1661 2855 1820 2882 meditabitur

1025 2892 1065 2918 die
1077 2899 1106 2917 ac
1121 2896 1191 2917 nocte
1201 2890 1284 2927 (Paul.
1296 2892 1353 2917 LL
1367 2891 1407 2924 '2).
1422 2891 1453 2918 Et
1466 2891 1536 2926 quod
1546 2891 1579 2918 sit
1591 2891 1692 2918 lucrum
1708 2891 1819 2918 medita-
