2065 3128
185 165 234 194 9ιῆ

188 222 377 255 debemusLet
394 227 498 255 magnae
519 218 690 247 beatitudinis
712 223 764 253 est,
786 226 845 254 qua:
866 220 978 249 omnino

190 262 247 292 post
265 254 404 292 modicum
423 254 485 283 sunt
505 255 635 292 moritura
649 263 656 282 :
672 259 758 292 putas,
771 258 877 292 quantae
891 255 975 282 beati-

190 289 287 319 iudiuis
310 294 362 323 est,
382 290 441 318 haec
462 290 550 318 omnia
562 289 735 324 spiritualiter
748 289 886 319 animabus
903 292 975 325 peri-

189 326 341 354 clitantibus
353 326 515 357 ministrare,
532 332 592 360 quae
606 324 746 352 viviﬁcatae
766 330 876 359 possunt
886 324 975 353 vivere

188 363 214 389 in
231 361 383 388 :eternum?
397 361 502 394 Quanto
517 361 610 387 melior
622 365 664 387 est
676 361 762 387 anima
775 367 855 394 quam
868 367 975 395 corpus,

189 401 261 424 tanto
280 396 389 424 meliora
405 400 467 423 sunt
480 403 539 430 qua:
553 395 585 422 ad
599 395 711 422 salutem
724 395 882 428 animarum,
897 403 976 430 quam

187 439 248 465 qtae
265 431 297 458 ad
313 432 532 458 sustentationem
547 437 689 464 corporum
711 430 904 465 ministrantur.
926 431 972 458 41.

188 464 260 494 Tum:
275 467 339 493 dicet
351 467 414 498 illis,
431 466 475 501 qui
486 465 519 491 ad
534 466 662 501 sinistram
672 470 730 492 sunt
741 473 750 491 :
764 464 976 501 Discediteqme,

190 501 365 532 ntaledicti,in
377 499 461 534 ignem
479 505 609 527 mentum.
632 500 713 534 Quasi
731 501 776 534 qui
798 507 850 527 non
869 499 978 527 sufferat

190 509 327 532 ntateatctt,
338 509 385 527 ιηι
405 509 461 528 nem
479 509 609 527 mentum.
632 509 713 534 quast
731 509 776 534 qut
798 509 850 527 ΙὶΟΠ
869 509 977 527 Sllﬂel'al

189 536 356 571 praesentiam
371 509 474 563 iliorum
489 536 530 571 vel
540 536 670 570 aspicere,
683 536 722 562 sic
734 535 808 571 dicit,
820 534 948 562 Discedite
961 543 977 562 α

189 570 240 598 ine.
261 571 335 597 Nam'
348 571 416 598 sicut
437 570 557 598 carnales
569 570 659 606 seculi
674 570 807 597 carnalem
821 570 976 606 speciosita-

191 612 244 633 tem
265 606 381 634 videndo
409 605 592 637 delectantur,
615 605 638 632 si
662 613 712 640 qua
737 605 977 640 autem’dissipata

192 641 234 668 vel
247 641 376 668 deformia
392 641 537 672 videamus,
552 642 626 674 quasi
638 643 789 668 vulneratus
802 644 843 667 est
853 645 978 674 aspectus

190 681 281 704 noster
297 685 305 704 :
319 676 358 704 sic
370 682 397 703 et
412 677 493 708 Deus,
507 675 552 710 qui
566 676 594 702 in
607 676 748 704 sanctitate
760 676 906 703 delectatur
918 676 977 702 aui-

190 719 305 743 marum,
322 711 483 746 peccatriccs
495 711 597 738 animas
611 711 755 746 aspiciens,
768 711 841 746 quasi
854 718 978 745 gravatus

190 754 243 774 non
258 745 360 773 suffert.
383 746 528 781 Tamquam
544 746 565 772 si
576 746 649 781 dicat
661 746 700 773 eis
715 755 720 772 :
735 746 814 779 Quasi
829 745 940 780 putredo
951 750 979 772 ct

191 782 317 816 spurcitia
340 782 415 813 estis.
439 789 488 808 nec
512 780 610 808 tamdiu
633 788 679 808 vos
698 782 827 813 sustineo,
852 781 978 816 quamdiu

191 815 267 844 statis
280 817 305 843 in
316 816 416 851 judicio
431 824 500 843 meo.
518 817 552 844 Ut
565 816 627 850 quid
640 816 762 850 superius
774 816 838 843 dicit
853 815 867 843 ί
882 815 976 848 Venite,

191 852 312 880 benedicti
324 851 408 878 Patri:
423 852 470 878 mei
485 861 491 878 :
506 857 533 879 et
546 851 588 879 hic
603 859 656 878 non
666 851 739 884 dicit,
751 851 882 879 Discedite
894 858 909 878 a
922 859 976 884 tne,

191 887 327 914 maledicti
340 887 425 914 Patris
437 887 504 914 mei?
518 887 583 920 Quia
594 886 744 914 benedictio
755 887 861 922 quidem
874 894 907 913 ex
924 886 978 914 Dco

191 927 244 955 est,
268 922 420 950 maledictio
434 927 524 949 autem
537 930 569 949 ex
583 922 691 949 diabolo
701 927 741 949 est
756 931 762 948 :
777 923 846 950 sicut
857 922 977 949 ostendi-

193 964 235 984 tur
248 958 274 985 iu
289 958 332 984 illa
349 958 472 992 parabola
490 956 696 992 patrisfamilias,
712 957 757 992 qui
776 957 916 984 seminavit
930 957 978 984 bo-

191 1001 256 1020 num
271 1000 362 1020 semen
376 993 402 1020 in
416 1000 480 1027 agro
500 1000 560 1025 suo,
586 992 665 1019 homo
681 999 770 1020 autem
794 992 880 1019 malus
899 992 979 1019 semi-

191 1028 264 1055 navit
276 1028 414 1055 zizaniam.
423 1028 466 1055 42.
482 1027 581 1055 Esurivi
591 1032 613 1054 et
626 1027 728 1054 dedistis
740 1027 801 1054 mihi
815 1027 976 1060 manducare,

190 1068 218 1090 et
233 1069 328 1090 cmtera
343 1071 402 1098 quae
416 1068 572 1097 sequttutur.
581 1063 619 1090 Ex
632 1063 683 1089 istu
695 1063 753 1090 loco
767 1063 903 1090 sciendum
919 1067 976 1095 est,

191 1098 263 1133 quod
276 1106 328 1125 nOu
349 1097 449 1125 (autum
471 1106 520 1133 pro
542 1105 593 1131 eo,
606 1097 675 1132 quod
691 1103 877 1132 peccaverunt.
894 1098 978 1124 homi-

193 1141 240 1160 nes
253 1133 446 1161 condemnandi
457 1138 532 1167 sunt,
552 1134 598 1161 sed
612 1134 690 1160 etiam
706 1140 754 1168 pro
766 1141 808 1166 eo,
825 1133 895 1168 quod
911 1133 979 1161 bene

193 1141 240 1160 nes
253 1141 446 1161 condemnandi
457 1141 532 1167 sunt,
552 1141 598 1161 seu
612 1141 690 1160 etiam
724 1141 754 1160 ro
766 1141 808 1166 eo,
825 1141 895 1168 quoa
911 1141 977 1161 neue

191 1176 246 1196 non
260 1169 368 1196 faciunt.
384 1168 411 1196 Si
426 1173 513 1196 autem
528 1176 575 1203 pro
590 1176 632 1201 eo,
642 1141 722 1203 quodP
722 1169 790 1196 bene
800 1176 854 1195 non
867 1168 977 1201 faciunt,

190 1204 231 1231 sic
252 1204 487 1232 condemnamur:
507 1209 583 1238 putas
608 1204 699 1238 quales
722 1211 815 1239 poenas
839 1204 979 1231 exsolvent

192 1246 241 1271 pro
262 1246 306 1271 eo,
332 1239 402 1272 quod
424 1239 551 1273 peccant?
578 1239 610 1266 Et
629 1239 708 1273 digne
724 1238 730 1264 ἐ
747 1240 816 1266 Deus
830 1240 900 1266 enim
916 1238 978 1266 ideo

191 1273 326 1301 hominem
342 1274 415 1307 fecit,
440 1280 467 1301 ut
481 1273 637 1306 benefacial,
650 1279 676 1301 et
690 1273 723 1301 ad
734 1275 844 1309 gloriam
859 1274 904 1301 Dei
918 1281 979 1307 per-

192 1310 276 1336 tineat
291 1318 298 1336 :
312 1317 364 1336 non
379 1309 440 1337 ideo
452 1313 563 1342 tantum,
580 1314 608 1336 ut
619 1317 671 1336 non
688 1314 789 1343 peccet.
809 1308 874 1336 Nam
890 1309 912 1336 si
925 1316 977 1335 nou

191 1343 271 1372 faciat
286 1344 394 1377 bomun,
407 1352 456 1372 nec
470 1348 512 1372 est
527 1352 605 1370 causa
621 1352 704 1378 quare
718 1348 822 1371 creatus
845 1349 896 1371 est.
911 1343 976 1371 Siue

189 1379 272 1406 dubio
294 1380 366 1407 enim
388 1385 416 1407 et
434 1380 455 1406 si
471 1384 575 1407 creatus
590 1386 641 1406 non
652 1379 755 1410 fuisset,
770 1382 907 1413 peccatum
925 1387 979 1406 non

189 1414 268 1442 tieret
288 1422 369 1448 super
391 1418 498 1442 terram.
522 1414 587 1441 Nam
608 1415 662 1449 qui
675 1414 799 1449 intelligit
821 1414 977 1449 mysterium

187 1449 287 1477 divina:
305 1449 520 1484 dispensationis,
545 1457 628 1484 quare
651 1448 737 1477 factus
759 1448 802 1477 est
823 1448 914 1482 ltdmo,
934 1457 980 1476 co-

188 1489 301 1520 gnoscet
315 1486 376 1520 quia
391 1485 578 1520 meritoiquasi
592 1492 704 1519 peccans
718 1485 921 1518 condemnetur,
934 1485 978 1519 qui

185 1519 329 1555 justitiam
341 1527 394 1547 non
409 1520 481 1547 facit.
493 1519 555 1547 Ideo
569 1520 639 1546 Deus
657 1520 758 1546 creavit
771 1519 906 1547 hominem
919 1527 980 1547 cor-

188 1555 342 1588 ruptibilem
363 1560 391 1582 et
412 1555 563 1586 infirmum,
582 1555 656 1588 quasi
677 1555 708 1581 ad
731 1559 866 1582 certamen
886 1560 980 1582 contra

187 1590 336 1623 diabolum,
360 1595 388 1617 ut
413 1590 457 1625 qui
480 1589 644 1624 gloriabatur
664 1597 724 1616 esse
739 1597 768 1616 se
783 1589 898 1617 similem
912 1589 977 1624 Deo,

188 1632 239 1659 per
265 1625 462 1660 corruptibilem
492 1629 613 1652 naturam
641 1629 784 1652 evacuatus
815 1629 843 1652 ct
873 1625 979 1659 victus,

187 1659 353 1695 ostendatur
367 1668 420 1687 non
446 1660 531 1687 solum
558 1667 611 1695 non
637 1667 696 1687 esse
722 1659 796 1695 quasi
821 1661 906 1692 Deus,
932 1660 980 1687 sed

186 1696 262 1723 omni
276 1694 420 1730 fragilitate
433 1695 561 1730 fragilior.
590 1694 666 1722 Unde
687 1694 748 1722 cum
771 1695 841 1723 istud
861 1696 981 1730 proposi-

187 1735 247 1758 tum
262 1729 339 1758 suum
352 1729 638 1765 Christus’impleverit
650 1738 701 1764 per
714 1729 867 1764 hominem,
882 1729 916 1757 id
928 1735 979 1762 est,

185 1773 250 1793 cum
272 1766 439 1794 evacuaverit
460 1773 565 1793 omnem
582 1766 758 1800 principatum
771 1770 799 1793 et
810 1770 979 1800 potestatein,

186 1805 253 1828 tunc
268 1801 353 1829 tradet
368 1808 478 1836 regnum
497 1801 553 1828 Deo
566 1800 646 1827 Patri.
666 1801 779 1836 Ideoque
802 1801 846 1836 qui
866 1808 915 1828 suo
938 1808 982 1828 ar-

187 1836 271 1864 bitrio
291 1841 319 1864 et
342 1835 501 1871 negligentia
523 1836 631 1864 diabolo
655 1836 741 1863 locum
766 1835 821 1869 dat,
843 1836 982 1863 confundit

186 1879 262 1903 eum,
288 1872 333 1906 qui
357 1878 464 1906 propter
485 1871 597 1906 gloriam
617 1878 691 1898 suam
713 1875 805 1898 contra
827 1871 979 1904 diabolum,

188 1914 253 1934 eum
271 1907 347 1941 quasi
368 1907 393 1934 in
422 1907 592 1941 expeditione
614 1906 730 1934 creando
753 1907 900 1934 transmisit
922 1915 929 1933 :
954 1911 982 1933 et

188 1942 286 1974 victus,
312 1942 429 1969 ostendit
452 1942 586 1970 diabolum
610 1946 745 1976 potentem
758 1949 828 1973 esse,
841 1948 900 1969 cum
917 1941 982 1968 nihil

188 1977 284 2011 possit.
311 1977 541 2010 Quemadmodum
565 1978 587 2004 si
610 1977 669 2011 quis
689 1984 705 2004 a
731 1985 794 2012 rege
817 1984 866 2004 suo
889 1981 981 2004 contra

188 2013 296 2039 hostem
326 2012 516 2044 transmissus,
544 2012 654 2040 colludit
679 2020 739 2040 cuin
756 2020 797 2045 eo,
823 2017 850 2039 et
870 2012 983 2039 factione

188 2047 291 2080 habita,
304 2046 391 2082 fugam
406 2048 472 2082 petit
486 2055 493 2074 :
509 2047 596 2082 prodit
614 2055 722 2075 causam
733 2048 803 2083 regis
815 2048 867 2081 sui,
882 2052 909 2075 ct
922 2054 985 2075 con—

189 2127 674 2152 εημῇψμη*

881 162 973 192 OBDO
1000 162 1129 191 REBUM.

748 2207 958 2270 ORDO
1006 2207 1284 2272 REBUM

1764 165 1819 193 ειη

1029 219 1116 257 fundit
1137 219 1261 257 virtutem
1285 219 1378 256 ipsius.
1392 220 1436 257 μ.
1452 219 1524 257 Iunt:
1534 222 1718 256 respondebunt
1729 228 1752 249 ιι
1767 225 1816 257 ipsi

1029 256 1140 291 dicentes
1154 255 1291 291 (Domine,
1318 255 1420 291 quando
1434 255 1538 283 vidimus
1552 261 1575 283 te
1588 258 1745 288 esurientem,
1771 255 1816 284 aut

1028 290 1151 317 sitientem
1161 290 1174 317 i
1183 288 1205 317 0
1215 288 1426 325 inconvertibilis
1434 291 1614 319 inobedicntia
1625 296 1792 325 peccatorum
1806 294 1813 321 Ξ

1029 325 1093 358 Quis
1114 332 1165 352 non
1181 325 1309 360 intelligat
1322 324 1384 356 hoc.
1400 326 1460 360 quia
1475 333 1553 352 omne
1569 324 1666 352 malum
1685 327 1796 355 facimus
1807 348 1813 360 ,

1030 368 1082 396 non
1095 361 1156 395 quia
1171 359 1291 396 homines
1303 359 1608 396 corruptibilesisumus,
1621 361 1667 388 sed
1681 362 1741 396 quia
1755 359 1815 389 ma;

1030 394 1085 422 lum
1100 394 1263 430 propositum
1277 394 1470 432 possidemus]
1484 395 1553 423 Ecce
1570 399 1640 432 enim
1654 394 1716 423 tunc
1729 396 1815 424 homio

1029 437 1100 466 num
1116 431 1285 466 peccatorum
1305 431 1514 466 corruptibililas
1527 431 1615 458 carnis
1629 436 1731 458 mortua
1747 433 1814 466 erit,

1028 469 1056 492 et
1070 465 1157 492 adhuc
1171 465 1270 492 malitia
1285 466 1364 493 vivet.
1380 465 1512 500 Numquid
1533 474 1586 493 non
1604 466 1743 494 audierant
1764 465 1816 495 Do-

1029 500 1130 527 miuum
1144 508 1222 535 supra
1236 500 1368 528 dicentem
1387 500 1419 527 ad
1437 500 1533 535 iustos,
1557 501 1666 533 Quando
1681 502 1726 528 uni
1739 503 1816 530 mini-

1030 543 1127 562 marum
1142 537 1247 562 istorum
1263 537 1364 570 fecistis,
1380 536 1442 571 mihi
1455 536 1547 571 fecistis
1559 536 1572 562 7
1586 537 1618 563 Ει
1633 537 1723 571 utique
1735 538 1814 565 intel-

1031 571 1113 604 ligcre
1126 570 1282 603 debuerant,
1298 570 1433 604 quotnodo
1446 570 1490 605 qui
1505 571 1656 599 hominibus
1671 570 1722 599 non
1738 573 1818 604 facit,

1030 613 1079 632 nec
1092 605 1198 632 Christo
1213 605 1284 633 facit.
1300 605 1351 634 Sed
1371 605 1509 633 audientes
1520 606 1607 633 adhuc
1619 607 1815 639 contradicunt,

1031 641 1209 677 intelligentes
1230 642 1330 675 lingunt
1349 648 1378 667 se
1396 649 1450 667 non
1464 640 1614 676 intelligere
1635 651 1642 669 :
1668 644 1695 669 in
1715 642 1820 677 judicio

1030 680 1111 706 stant,
1125 681 1153 702 et
1165 676 1252 703 adhuc
1273 683 1383 709 peccare
1403 684 1455 702 non
1470 681 1587 703 cessant.
1602 677 1635 703 Et
1655 677 1697 704 hic
1717 676 1814 706 consc-

1029 714 1185 748 q_ucutcr_et
1204 711 1238 748 de
1259 711 1411 748 ductoribus
1428 711 1507 748 malis
1526 711 1636 748 intelligi
1653 716 1751 746 potest,
1770 714 1815 748 qui

1030 746 1069 772 sic
1089 746 1269 772 esurientibus
1289 751 1316 772 et
1335 746 1486 773 sitientibus
1508 746 1596 773 cibum
1620 748 1746 781 iustitiae,
1771 746 1818 776 aut

1031 785 1121 817 potum
1135 781 1278 816 agnitionis
1299 782 1361 817 Dei,
1386 785 1431 807 aut
1444 781 1558 816 Spiritus
1573 783 1657 809 sancti
1680 791 1732 810 non
1748 791 1817 817 prte-

1029 815 1173 852 stiterunt';
1188 817 1232 850 qui
1247 817 1285 843 sic
1298 816 1383 852 nudos
1396 823 1448 843 non
1463 815 1619 850 vestierunt,
1635 823 1679 844 aut
1688 815 1816 852 justitiam

1030 850 1168 888 docentes,
1188 856 1234 878 ant
1255 852 1282 888 in
1305 851 1616 888 Christopbaptizantes;
1633 850 1726 887 quisic
1739 861 1817 888 perc-

1029 886 1120 922 griuos
1145 887 1170 913 in
1195 887 1294 914 mundo
1314 894 1367 914 non
1382 886 1546 922 collegerunt
1568 895 1614 922 per
1627 886 1747 920 verbum,
1767 896 1817 916 nec

1030 921 1056 959 in
1079 921 1205 959 Ecclesia:
1227 922 1334 949 domum
1356 929 1406 956 per
1424 921 1502 949 fidem
1522 921 1742 959 introduxerunt;
1772 926 1818 959 qui

1029 956 1069 984 sic
1083 956 1203 984 infirmos
1224 964 1278 984 non
1291 962 1452 993 curaverunt
1465 957 1653 991 sermonibus;
1669 959 1714 993 qui
1729 959 1756 986 in
1771 956 1817 987 tali

1029 998 1138 1029 carcere
1152 992 1295 1029 impietatis
1307 992 1431 1029 sedentes
1446 1000 1498 1029 non
1509 993 1657 1029 eduxerunt
1671 992 1717 1028 per
1732 995 1819 1029 poenio

1031 1027 1153 1054 tentiam.
1177 1027 1205 1055 Si
1220 1028 1291 1064 enim
1305 1027 1363 1064 hac
1376 1028 1497 1062 corporis
1510 1027 1740 1064 corporibus’non'
1749 1037 1818 1064 prae-

1030 1066 1102 1090 stare
1125 1067 1205 1090 tanta:
1228 1063 1371 1099 impietatis
1391 1067 1442 1095 est,
1458 1070 1527 1097 quae,
1544 1067 1571 1090 et
1585 1063 1606 1091 si
1626 1063 1760 1099 accipiunt
1772 1072 1816 1098 ea,

1030 1104 1084 1124 non
1100 1102 1211 1133 possunt
1224 1098 1313 1125 vivere
1328 1105 1434 1132 semper
1448 1106 1455 1124 :
1473 1103 1559 1132 putas,
1573 1103 1679 1132 quantae
1697 1100 1819 1133 impieta-

1031 1132 1065 1160 tis
1078 1138 1130 1165 est,
1147 1132 1204 1160 hanc
1218 1133 1306 1159 omttia
1323 1133 1496 1167 spiritualiler
1512 1133 1651 1161 auituabus
1665 1132 1817 1168 periclitan-

1032 1168 1101 1195 tibus
1125 1175 1181 1203 nou
1202 1169 1363 1201 ministrare,
1379 1175 1438 1203 qua:
1454 1172 1578 1202 poterant
1590 1169 1680 1197 vivere
1694 1169 1721 1196 in
1741 1174 1820 1197 teter-

1031 1210 1105 1235 uum,
1130 1204 1153 1230 si
1176 1202 1233 1230 bznc
1249 1203 1289 1230 eis
1312 1203 1460 1230 ministrata
1479 1202 1613 1230 fuissent?
1627 1204 1732 1237 Quanto
1746 1206 1818 1232 enim

1031 1238 1124 1265 melior
1137 1243 1178 1265 cst
1192 1237 1279 1274 anima
1293 1245 1372 1274 quam
1385 1245 1504 1274 corpus,
1517 1242 1590 1274 tanto
1602 1240 1707 1272 gravius
1725 1247 1820 1274 pecca-

1031 1277 1086 1299 tum
1109 1274 1247 1300 anituabus
1268 1272 1453 1310 laborantibus
1466 1272 1820 1310 spiritualesreleeimosynas

1031 1315 1084 1335 non
1099 1313 1235 1342 praestare,
1248 1316 1327 1343 quant
1342 1308 1496 1342 corporibus
1509 1309 1713 1343 corporalean
1727 1308 1820 1337 Eccle-

1030 1343 1070 1370 sia
1084 1350 1147 1378 ergo
1163 1351 1215 1370 non
1229 1345 1315 1370 solum
1330 1347 1392 1370 sunt
1404 1350 1533 1378 pauperes
1547 1345 1734 1378 c0rporaliter,
1754 1352 1817 1372 esu-

1031 1378 1140 1414 rientes,
1156 1383 1201 1406 aut
1213 1378 1315 1414 debiles
1325 1378 1511 1414 corporaliter,
1524 1383 1570 1405 aut
1581 1380 1715 1414 peregrini
1724 1387 1821 1408 secun-

1030 1413 1094 1440 dum
1113 1421 1211 1448 corpus
1227 1413 1296 1443 :scd
1310 1414 1390 1441 etiam
1404 1413 1576 1447 spiritualiter
1597 1413 1738 1449 pauperes,
1760 1417 1820 1443 sine

1030 1449 1091 1476 cibo
1110 1449 1230 1483 justitite,
1250 1449 1309 1476 sine
1326 1453 1390 1483 potu
1411 1448 1553 1483 agnitionis
1575 1449 1632 1482 Dei,
1651 1448 1715 1478 ’sine
1736 1451 1819 1478 vesti-

1032 1488 1123 1511 mento
1138 1484 1246 1511 Christi.
1273 1483 1391 1511 Maxime
1410 1484 1584 1519 spiritualiter
1597 1492 1728 1519 pauperes
1744 1491 1817 1518 sunt,

1030 1520 1075 1553 qui
1098 1519 1274 1556 corporaliter
1286 1518 1409 1556 videntur
1418 1518 1515 1556 divites
1531 1526 1590 1547 esse
1597 1518 1610 1556 ξς
1623 1518 1748 1556 quoniam
1762 1521 1820 1556 plc-

1031 1561 1144 1590 rumque
1161 1554 1188 1581 iu
1212 1554 1372 1590 abundantia
1387 1561 1476 1590 rerum
1494 1555 1582 1589 inopia
1592 1555 1701 1590 justitite
1715 1554 1820 1583 inveni-

1033 1593 1084 1616 tur.
1109 1589 1175 1617 Sunt
1189 1589 1322 1625 peregrini
1337 1589 1428 1621 corde,
1449 1594 1514 1617 sunt
1524 1590 1627 1617 debiles
1641 1590 1741 1624 animo,
1758 1597 1820 1618 sunt

1032 1629 1122 1660 mente
1136 1625 1211 1657 caeci,
1230 1624 1413 1660 inobedientia
1426 1625 1513 1657 surdi,
1531 1629 1559 1652 et
1571 1626 1680 1653 caeteris
1689 1626 1822 1660 passionis

1032 1659 1081 1687 bus
1095 1659 1278 1694 spiritualibus
1292 1664 1465 1694 aegrotantes,
1477 1667 1589 1695 quorum
1603 1659 1699 1688 anima}
1713 1669 1825 1689 omnem

1032 1702 1122 1722 escam
1134 1695 1297 1729 spiritualem
1309 1694 1505 1731 abominantur,
1517 1694 1551 1731 Et
1559 1696 1822 1731 appropinquavernnt

1032 1738 1109 1766 usque
1121 1730 1154 1756 ad
1167 1735 1252 1764 portas
1265 1731 1352 1757 mortis
1365 1729 1449 1765 (Paul.
1465 1730 1527 1758 106,
1541 1729 1598 1765 18)ζ
1613 1732 1662 1765 Qui
1681 1729 1746 1766 ergo
1768 1739 1821 1759 non

1033 1765 1112 1802 habet
1125 1766 1195 1793 unde
1209 1766 1287 1802 faciat
1302 1765 1487 1802 eleemosynas
1501 1766 1665 1800 Corporales.
1678 1765 1756 1794 faciat
1767 1767 1822 1802 spio

1033 1801 1142 1828 rituales
1155 1808 1188 1828 ex
1202 1801 1285 1835 gratia
1300 1801 1386 1832 verbi,
1408 1808 1486 1835 quam
1502 1801 1603 1835 accepit
1617 1809 1631 1827 a
1649 1802 1714 1835 Deo,
1734 1807 1762 1830 et
1783 1801 1823 1828 itt-

1033 1835 1121 1863 veniet
1146 1836 1349 1863 retributionem
1363 1835 1471 1871 dignam
1491 1843 1505 1861 a
1528 1835 1656 1863 Christo:
1674 1838 1719 1871 qui
1733 1837 1823 1864 omnia

1034 1875 1088 1898 tam
1109 1871 1260 1905 corporalia
1284 1878 1364 1906 quam
1388 1871 1535 1905 spiritualia
1559 1871 1621 1906 data
1647 1873 1723 1906 quasi
1743 1873 1769 1900 in
1793 1879 1824 1899 se

1033 1906 1101 1933 facta
1123 1905 1325 1937 commemorat,
1347 1913 1523 1940 quaecumque
1538 1906 1563 1932 in
1580 1905 1733 1935 hominibus
1756 1907 1826 1935 facta

1033 1941 1228 1977 fuerinttwﬂazc
1239 1941 1366 1977 diximus,
1383 1945 1412 1968 ut
1425 1941 1511 1977 sciant
1516 1940 1651 1977 doctores
1659 1947 1686 1969 ct
1695 1947 1824 1977 quantum

1034 1976 1209 2004 beatitudinis
1222 1976 1273 2004 sibi
1285 1977 1435 2010 acquiraut,
1452 1977 1472 2002 si
1488 1976 1629 2010 diligentes
1642 1976 1739 2005 fuerint
1752 1978 1823 2005 circa

1034 2011 1143 2039 verbum
1164 2012 1212 2039 Dei
1236 2020 1242 2038 :
1264 2016 1291 2039 et
1314 2016 1443 2047 quantum
1467 2010 1658 2045 damnationis,
1679 2013 1702 2040 si
1726 2012 1824 2040 fuerin!

1035 2047 1209 2082 negligentes.

591 2317 682 2354 QUIE
706 2318 746 2347 IN
771 2317 849 2349 HOC
872 2318 986 2349 TOMO
1007 2317 1142 2349 SEXTO
1163 2318 1459 2349 CONTINENTUR.

931 2400 1088 2425 εωθοιθκδυ

223 2471 373 2496 Ριιιιτπᾼτιο.
447 2499 450 2501 Α
483 2497 492 2501 _
640 2497 646 2501 _
778 2498 789 2501 _
854 2499 864 2501 _
894 2500 897 2501 ,
936 2469 992 2494 5-12

225 2501 435 2526 tarsumenno
446 2499 470 2522 in
483 2497 567 2522 lsatam
575 2497 732 2530 _pr0phetam.
742 2498 842 2523 —Laus
853 2499 921 2524 Isaia:
934 2506 989 2530 pro-

196 2532 290 2563 phgw;
309 2531 493 2563 sanctorum_et
514 2528 686 2563 prophetarum
705 2535 771 2563 amor
791 2535 851 2560 erga
873 2528 990 2563 populos;

195 2559 315 2616 hallus'ad
325 2559 505 2591 suscipiendam
517 2559 690 2590 rempublicam
702 2560 780 2591 aptior
791 2559 862 2591 quam
874 2559 990 2616 'pliilpspi

196 2599 211 2616 n
230 2599 267 2616 us.
947 2605 958 2610 _
975 2600 990 2616 ο

213 2593 267 2617 bus.
916 2593 991 2617 11-15

196 2599 313 2648 vni!er
330 2623 437 2645 PRIMUM.
450 2620 518 2652 Visio
537 2626 610 2651 quam
628 2620 687 2645 vidit
702 2621 784 2646 Isaias.
797 2635 827 2640 —
836 2599 991 2652 Aposttilii-sl:

196 2653 251 2678 Deo
263 2652 360 2680 missus,
371 2654 399 2675 ut
410 2657 498 2675 nomen
510 2651 588 2681 ipsum
599 2655 684 2681 sonat;
703 2652 818 2677 nobilitas
835 2651 882 2677 που
898 2660 930 2677 ex
941 2660 991 2678 ma-

196 2684 290 2716 ioribus
297 2682 341 2707 sed
352 2687 383 2706 ex
396 2682 601 2716 meritoyrolirio.
608 2682 729 2716 Sacriﬁcia
736 2684 830 2716 veteris
838 2684 991 2716 Testamenti

205 2692 290 2708 ortDus
297 2692 341 2707 seu
352 2692 383 2706 ex
396 2692 484 2706 luentu
497 2692 729 2712 proprio-nactum“
736 2692 830 2708 veteris
843 2692 991 2709 testameuu

194 2692 251 2739 beo
261 2718 347 2745 perae
359 2718 407 2736 non
418 2711 559 2745 placebant;
577 2719 621 2736 cur
634 2713 710 2745 fuere
724 2714 845 2745 instituta;
861 2712 991 2745 repudium

197 2746 222 2769 in
233 2742 311 2769 veleri
330 2742 390 2778 iege
405 2748 447 2766 cur
464 2743 618 2778 permissuri)2
630 2742 713 2778 Oratio
720 2744 814 2778 inutilis
826 2742 864 2770 est
874 2742 928 2778 cum
937 2746 992 2778 quis

200 2776 344 2807 perseverat
360 2772 517 2807 inferentis.
531 2772 620 2807 itineri
642 2775 735 2807 arbitrii
756 2779 875 2806 potestas;
894 2772 992 2801 virtutis

201 2802 347 2837 exercendae
358 2802 520 2828 dilﬁcultates.
531 2802 585 2837 Non
595 2802 770 2837 modormalun'i
782 2802 936 2837 perpetrare,
947 2808 992 2832 sed

202 2837 277 2868 etiam
289 2835 444 2868 bonum_non
457 2835 646 2868 ageret-ritum
662 2836 740 2868 datur.
762 2835 900 2862 .ltidze'orun
922 2838 991 2868 obje-

1075 2471 1134 2496 CAI’.
1147 2470 1179 2495 II.
1188 2470 1296 2496 Verbum
1304 2471 1369 2500 quod
1379 2470 1468 2496 factum
1477 2475 1515 2496 est
1525 2471 1557 2496 ad
1567 2472 1653 2497 Isaiam
1661 2473 1736 2498 tilium
1749 2473 1832 2500 Amos.

1043 2501 1160 2526 -——Multae
1171 2501 1305 2533 prophetiae
1312 2501 1348 2527 de
1356 2502 1502 2533 Patriarcbis
1514 2502 1595 2533 editae,
1607 2504 1700 2528 nonnisi
1713 2505 1737 2528 in
1747 2510 1835 2528 eorum

1044 2531 1177 2564 nepotibus
1185 2531 1292 2564 impletae
1303 2537 1368 2558 sunt.
1380 2532 1442 2564 Quid
1460 2531 1597 2564 signiﬁcant
1607 2535 1692 2564 verba,
1709 2538 1736 2559 m
1755 2540 1833 2560 natm-

1043 2562 1109 2588 simis
1120 2562 1294 2588 αἱεὺυσίΜοιιε
1305 2563 1402 2588 Domini
1419 2562 1529 2588 Ecclesia
1539 2568 1601 2594 Vest;
1618 2562 1728 2590 Ecclesia
1745 2569 1833 2590 vexata

1044 2594 1101 2618 vicit
1113 2597 1139 2618 et
1154 2596 1224 2618 aucta
1235 2597 1287 2624 ,est.
1299 2594 1411 2619 Validum
1431 2597 1514 2618 contra
1536 2593 1634 2619 Judaeos
1655 2596 1739 2620 telum.
1761 2594 1833 2619 Aliud

1045 2624 1142 2656 insigne
1153 2624 1346 2656 contrarlndteos
1365 2629 1544 2656 argumentum.
1563 2625 1661 2656 imperii
1681 2630 1758 2651 status
1778 2631 1833 2656 cum

1044 2654 1214 2686 besostomus
1236 2655 1377 2688 loqueretur
1387 2654 1404 2687 ξ
1417 2655 1450 2680 de
1472 2655 1538 2680 bello
1562 2654 1624 2687 apud
1648 2655 1747 2687 iupulos
1774 2655 1835 2679 anti-

1044 2687 1152 2710 quiores.
1762 2686 1835 2710 27.39

1061 2692 1152 2710 mores.

1043 2692 1152 2716 quiores.
1762 2692 1834 2710 zi-ou

1044 2746 1055 2753 ν
1074 2716 1147 2753 ΩΑΡπ.
1159 2715 1205 2753 Ιῌἶ
1216 2716 1329 2753 lii-restat.
1339 2716 1431 2753 liullum
1450 2723 1521 2753 quam
1533 2717 1621 2753 malum
1633 2717 1719 2753 ducem
1732 2716 1834 2741 habere.

1044 2746 1149 2780 improbi
1162 2747 1247 2780 virtuti
1256 2751 1313 2780 sunt
1324 2747 1412 2780 infensi
1421 2746 1546 2780 ipsiusque
1555 2747 1594 2780 vel
1602 2747 1759 2780 praesentiam
1768 2754 1835 2780 aegre

1046 2777 1142 2811 ferunt;
1155 2778 1307 2811 nequitiam
1316 2779 1397 2811 seipsa
1413 2777 1558 2811 suppiicium
1570 2778 1654 2811 habet.
1667 2777 1738 2803 Dens
1750 2777 1836 2809 jus‘di-

1044 2809 1153 2841 censab
1179 2807 1240 2841 Isaia
1268 2807 1403 2840 inducitur;
1422 2807 1525 2841 stifpidis
1548 2808 1656 2833 accusari
1680 2815 1727 2833 non
1746 2807 1836 2841 grave.

1044 2838 1118 2874 plecti
1138 2839 1266 2871 terribile;
1287 2838 1541 2874 peccaiaiprincipum
1561 2842 1587 2863 et
1596 2841 1728 2874 seniorum
1743 2838 1836 2874 majora

198 2866 273 2893 τιωυὶ
287 2864 458 2909 respmdetttr-
472 2863 614 2890 Idololatrix:
627 2867 750 2899 turpitudo
761 2872 786 2894 et
799 2869 897 2894 vanitati».
919 2863 989 2894 l5-'27
1008 2905 1019 2914 Ι
1046 2863 1332 2903 ὶτίγάιοπυιηίρέεὶεαῖἰέξ
1339 2863 1581 2897 ἨῖιιῑῖπῦὦἸυῐυε.
1596 2869 1724 2897 Mulierum
1743 2863 1837 2896 lastiivia
