4018 6212
357 390 421 446 15
1617 377 1685 433 ιΝ
1725 376 1932 433 [SAIAN

2044 376 2251 436 :AP.L
3334 365 3341 371 ’
3570 389 3645 445 is

353 504 459 560 dies
495 496 719 571 jejunus
766 494 982 562 mansit,
1032 491 1341 563 nullamque
1381 506 1486 547 non
1526 490 1936 545 sollicitudinem

355 573 587 650 adhibuit
614 590 668 645 in
696 586 1048 660 supplicando
1070 586 1181 641 Deo
1204 625 1221 652 ,
1251 594 1307 639 ut
1332 583 1451 639 illos
1476 579 1545 638 ab
1567 598 1747 637 amara
1769 584 1940 637 servi-

354 698 463 744 tute
490 684 802 741 redimeret.
839 679 1046 750 Singuli
1076 693 1287 749 quoque
1314 677 1483 732 sancti
1514 675 1616 731 hoc
1643 674 1943 745 splendoris

356 792 547 849 genere
589 774 808 844 fulgent.
854 770 945 826 Sic
982 778 1036 825 et
1078 769 1244 823 David
1284 768 1575 823 immissatn
1608 766 1659 821 in
1689 765 1939 836 populum

361 871 489 924 iram
520 867 605 920 Dei
631 879 880 928 cernens,
914 862 967 915 in
996 877 1055 915 se
1083 860 1369 914 vindictam
1398 859 1683 920 revocabat
1705 856 1892 912 dicens
1920 872 1933 908 :

372 961 471 1029 Ego
492 970 658 1028 pastor
684 955 906 1028 peccaui,
940 964 985 1010 et
1006 971 1098 1025 ego
1126 962 1297 1022 pastor
1321 951 1512 1005 malum
1540 951 1818 1021 ρει-μειναυὶ
1851 965 1869 1004 :
1893 960 1939 1003 et

368 1054 455 1119 isti,
476 1052 558 1121 qui
577 1066 704 1121 grex
726 1057 862 1110 sunt,
890 1047 1011 1116 quid
1037 1043 1303 1116 fecerunt?
1331 1041 1452 1095 Fiat
1474 1057 1653 1095 manus
1680 1051 1764 1093 tua
1787 1056 1940 1108 super

365 1160 459 1209 me,
482 1152 527 1196 et
553 1143 765 1195 domum
801 1138 958 1208 patris
988 1136 1086 1190 mei
1117 1135 1205 1207 (2.
1240 1134 1368 1206 Reg.
1394 1134 1483 1189 24.
1511 1132 1640 1204 17).
1671 1132 1936 1187 Abraham

363 1249 475 1289 vero
514 1230 844 1303 patriarcha,
871 1244 991 1283 eum
1034 1226 1219 1298 procul
1258 1234 1403 1281 esset
1437 1240 1468 1279 a
1508 1224 1681 1288 malis,
1713 1234 1767 1279 et
1805 1223 1937 1278 nihil

356 1339 631 1379 commune
670 1322 893 1376 haberet
924 1335 1045 1374 cum
1081 1318 1315 1388 pernicie
1346 1317 1430 1371 illa
1458 1315 1763 1372 Sodomitas
1787 1315 1937 1370 inva-

356 1432 490 1481 sura,
514 1415 669 1487 quasi
708 1416 823 1484 ipse
866 1414 919 1468 in
963 1411 1155 1467 mediis
1178 1409 1568 1465 calamitatibus
1595 1413 1934 1473 consisteret,

355 1508 424 1564 ita
448 1509 611 1563 Deum
641 1506 960 1577 precabatur
979 1513 1032 1559 et
1052 1503 1287 1575 rogabat,
1313 1517 1484 1572 neque
1514 1500 1672 1556 tinem
1702 1500 1938 1555 facturus

359 1610 465 1655 erat
502 1596 840 1669 supplicandi
880 1606 935 1651 ut
976 1595 1149 1650 dirum
1182 1592 1485 1649 incendium
1515 1601 1800 1655 averteret,
1833 1590 1935 1645 nisi

360 1694 492 1749 Deus
513 1694 604 1748 illo
626 1691 851 1747 dimisso
879 1689 1116 1745 abiisset.
1162 1687 1344 1744 Sancti
1387 1701 1547 1757 porro
1582 1685 1715 1740 Novi
1745 1685 1936 1740 Testa-

364 1788 515 1843 meuti
560 1786 821 1856 majorem
866 1784 1155 1839 exhibuere
1192 1782 1479 1848 virtutem,
1527 1787 1709 1850 utpote
1748 1776 1937 1848 majori

363 1880 515 1949 gratia
545 1879 748 1945 donati,
771 1887 827 1934 et
844 1877 908 1933 ad
928 1876 1257 1933 diuturniora
1279 1875 1569 1931 certamina
1588 1875 1778 1930 vocati.
1812 1872 1936 1928 ideo

368 1973 547 2029 Petrus
568 1973 836 2029 Christum
867 1970 1090 2026 audiens
1113 1970 1399 2033 dicentem,
1418 1967 1667 2023 divitibus
1687 1965 1937 2021 difficilli-

377 2079 514 2117 mum
533 2078 652 2119 esse
673 2052 910 2117 caelorum
936 2062 1256 2131 ingressum,
1275 2058 1568 2129 angebatur
1583 2067 1636 2113 et
1653 2055 1931 2122 tremebat,

385 2164 530 2224 atque
556 2155 625 2209 ita
652 2153 932 2209 sciscitatus
953 2160 1068 2208 est:
1093 2150 1217 2220 Quis
1240 2166 1358 2222 ergo
1386 2158 1545 2220 potest
1570 2148 1757 2202 salvari
1780 2145 1931 2218 (Luc.

377 2247 454 2302 18.
484 2247 612 2318 26)?
637 2247 838 2303 etiamsi
864 2247 1007 2301 circa
1037 2260 1125 2300 res
1152 2259 1275 2300 suas
1299 2241 1610 2299 confideret.
1644 2240 1759 2296 Non
1789 2239 1931 2295 enim

364 2339 428 2393 de
447 2339 599 2393 rebus
623 2337 753 2404 suis,
779 2337 874 2393 sed
899 2337 965 2393 de
988 2336 1118 2392 orbe
1141 2335 1352 2391 solliciti
1377 2341 1551 2389 erant.
1576 2332 1771 2387 Paulus
1788 2338 1935 2387 certe

356 2444 450 2499 per
465 2444 652 2484 omnes
679 2429 945 2500 Epistolas
970 2443 1093 2484 suas
1132 2427 1258 2481 illud
1297 2426 1523 2481 indicat:
1552 2424 1642 2495 qui
1671 2424 1816 2494 prius
1842 2422 1934 2477 ha-

356 2520 508 2576 bebat
542 2521 818 2577 hominum
862 2521 1110 2587 salutem,
1142 2535 1300 2591 quam
1333 2519 1602 2574 Christum
1623 2517 1834 2583 videre,
1863 2517 1933 2571 ita

351 2611 530 2668 dicens
554 2631 569 2668 :
592 2612 818 2680 Resolvi,
841 2621 889 2668 et
911 2629 1024 2666 cum
1044 2610 1244 2667 Cluisto
1265 2627 1388 2674 esse,
1413 2609 1590 2665 meiius
1610 2618 1704 2673 est,
1731 2624 1936 2662 manere

349 2715 511 2759 autem
535 2706 589 2759 in
615 2721 770 2759 carne
787 2705 951 2776 magis
976 2703 1311 2772 necessarium
1332 2712 1539 2773 prapter
1557 2718 1642 2756 vos
1672 2698 1929 2773 (Philipp.

350 2797 398 2853 1.
423 2796 519 2853 25.
545 2796 663 2867 24).
694 2796 881 2852 Talem
909 2796 1060 2851 nobis
1088 2805 1264 2851 servat
1289 2794 1513 2849 formam
1537 2793 1621 2848 hic
1645 2792 1930 2864 propheta;

352 2888 438 2946 Dei
479 2905 716 2963 namque
753 2890 1043 2945 sententias
1076 2904 1198 2945 cum
1243 2902 1433 2958 magna
1476 2886 1666 2942 fiducia
1708 2885 1929 2956 profert,

355 2990 657 3050 peceatores
684 2981 949 3050 increpat,
984 2981 1262 3051 ipsumque
1290 2987 1474 3034 contra
1501 2978 1619 3034 illos
1649 2992 1935 3048 exaspera-

347 3084 444 3127 tum
468 3074 650 3145 longis
670 3073 980 3144 frequenter
999 3072 1331 3129 sermonibus
1353 3073 1553 3143 placat;
1581 3071 1721 3142 quod
1750 3073 1801 3125 iu
1830 3071 1934 3125 line

340 3166 577 3219 maxime
606 3164 904 3235 prophetia:
926 3147 1104 3220 videre
1129 3173 1229 3219 est.
1260 3163 1498 3219 Tandem
1526 3163 1698 3234 ipsum
1727 3161 1931 3218 adeun-

335 3254 460 3310 dum
483 3263 578 3313 est
606 3256 901 3327 prophetiae
930 3255 1228 3311 exordium.

935 3369 1214 3427 CAPUTI
1257 3368 1355 3459 φλ

824 3483 959 3539 Visio
981 3500 1132 3555 quam
1157 3484 1279 3539 vidit
1303 3482 1491 3537 Isaias.

400 3624 454 3673 1.
500 3616 777 3673 Visionem
814 3627 969 3673 vocat
1018 3617 1389 3688 prophetiam,
1431 3617 1515 3672 vel
1562 3616 1639 3671 sic
1679 3615 1929 3687 loquitur,

324 3710 474 3779 quod
524 3709 692 3764 multa
725 3726 910 3765 eorum
951 3726 1069 3778 quae
1101 3718 1352 3764 eventura
1394 3717 1548 3765 erant
1590 3707 1688 3763 sub
1716 3701 1934 3778 aspectu

325 3798 600 3864 haberet;
629 3799 1076 3870 quemadmodum
1106 3800 1354 3855 Michmas
1378 3798 1511 3855 vidit
1537 3799 1790 3870 populum
1820 3798 1933 3853 dis-

330 3907 569 3960 persum
595 3891 667 3964 (ὅ.
702 3891 832 3961 Reg.
858 3891 945 3946 22.
981 3892 1104 3963 l7);
1136 3904 1188 3948 et
1218 3892 1460 3948 Ezechiel
1488 3891 1846 3963 captivitatem
1871 3904 1935 3945 ac

324 3984 842 4055 prmvaricationem
862 3999 1047 4041 eorum
1072 3984 1160 4054 qui
1184 3985 1351 4038 solem
1383 3994 1437 4039 et
1459 3983 1786 4039 Thamuzem
1813 3981 1935 4037 ado-

324 4078 540 4131 rabunt
578 4073 803 4147 (Ezech.
833 4076 884 4131 8.
919 4077 1019 4143 14)
1055 4093 1067 4128 :
1098 4076 1179 4130 vel
1210 4075 1332 4145 quia
1358 4075 1409 4129 id
1437 4075 1577 4145 quod
1604 4074 1875 4144 prophetae
1901 4088 1932 4128 a

318 4165 439 4223 Deo
464 4166 789 4233 audiebant,
814 4166 929 4235 ipso
954 4182 1133 4223 rerum
1164 4175 1453 4237 conspectu
1480 4165 1612 4220 nihil
1641 4166 1815 4219 minus
1842 4167 1935 4218 ha-

240 4312 245 4317 λ
321 4258 515 4323 heret.
543 4257 638 4312 sed
666 4257 883 4327 perinde
907 4258 1064 4313 tidem
1089 4257 1308 4324 faceret,
1331 4271 1486 4311 secus
1505 4272 1662 4327 quam
1694 4257 1744 4311 in
1774 4256 1934 4312 rebus

320 4349 497 4420 hujus
546 4350 750 4403 mundi.
792 4348 943 4417 Quod
979 4349 1122 4404 enim
1150 4349 1254 4403 alio
1278 4350 1523 4405 audirent
1551 4349 1710 4403 modo
1731 4389 1744 4413 ,
1773 4364 1932 4419 quam

316 4439 539 4511 reliqui
570 4438 834 4505 homines,
860 4439 910 4493 id
940 4439 1027 4493 ille
1055 4441 1167 4495 ait:
1192 4440 1402 4494 Addidit
1418 4440 1542 4493 mihi
1561 4456 1731 4494 aurem
1751 4440 1819 4494 ad
1842 4456 1935 4494 au-

318 4532 590 4586 diendum
623 4529 773 4601 (Isai.
807 4530 895 4587 50.
929 4530 1005 4601 4).
1038 4531 1350 4587 Sermonem
1384 4542 1559 4586 autem
1588 4531 1690 4586 fide
1714 4532 1931 4601 ilignum

315 4623 517 4678 reddit
533 4637 656 4676 cum
677 4622 770 4687 ait,
807 4620 959 4684 Visio,
983 4622 1385 4692 auditoremque
1404 4622 1625 4687 excitat,
1650 4633 1703 4676 et
1722 4623 1788 4676 ad
1810 4638 1931 4677 eum

319 4716 421 4786 qui
447 4730 549 4771 res
576 4714 819 4769 exhibuit
841 4715 1169 4769 transmittit.
1203 4715 1317 4770 Mos
1344 4716 1484 4770 enim
1508 4723 1622 4770 erat
1645 4715 1895 4769 omnibus
1913 4756 1929 4783 ,

317 4809 416 4877 qui
466 4807 569 4863 Dei
606 4807 746 4861 dicta
784 4808 835 4860 in
876 4808 1009 4862 alios
1051 4808 1500 4871 transmittebant,
1529 4806 1654 4861 illud
1681 4817 1805 4861 ante
1830 4806 1933 4860 alia

320 4899 698 4963 constituere,
727 4913 786 4953 se
809 4899 939 4953 nihil
969 4916 996 4951 a
1019 4900 1320 4969 semetipsis
1350 4899 1512 4969 loqui,
1544 4898 1636 4953 sed
1658 4898 1834 4952 divina
1865 4898 1932 4953 ab

315 5004 384 5045 se
417 4989 659 5059 proferri
687 4990 900 5043 oracula
927 4999 979 5045 et
1007 4991 1201 5059 scripta
1225 5005 1290 5045 ex
1313 4992 1456 5045 crelis
1480 4990 1674 5045 delata.
1711 4989 1800 5044 Sic
1829 4989 1933 5043 Da-

317 5083 419 5137 vid
455 5082 643 5137 aiebat
670 5100 681 5135 :
709 5080 908 5153 Lingua
947 5098 1057 5135 mea
1092 5082 1316 5135 calamus
1346 5081 1522 5136 scribta
1546 5082 1778 5136 velociter
1809 5081 1937 5136 scri«

320 5175 507 5228 beatis
532 5174 704 5243 (Psat.
732 5174 820 5228 ιι.
841 5173 934 5244 2).
969 5173 1045 5229 Ne
1074 5182 1224 5243 putes
1250 5175 1407 5245 igitur
1432 5174 1614 5229 literas
1639 5190 1706 5229 ex
1728 5174 1934 5228 calamo

320 5264 582 5335 prodire,
607 5264 701 5321 sed
729 5280 792 5321 ex
820 5266 1035 5320 dextera
1070 5265 1299 5320 tenentis
1325 5280 1480 5327 eum;
1511 5264 1563 5319 id
1589 5274 1703 5330 est,
1735 5281 1838 5321 non
1866 5280 1935 5320 ex

320 5357 531 5429 lingua
557 5356 792 5421 Davidis,
820 5355 914 5413 sed
959 5372 1024 5412 ex
1066 5356 1231 5428 gratia
1277 5356 1447 5426 ipsam
1486 5364 1753 5410 movente.
1785 5354 1937 5409 Alius

325 5462 482 5504 vero
529 5447 781 5518 propheta
810 5448 1036 5520 idipsum
1061 5448 1339 5503 declarans
1373 5447 1584 5503 dicebat
1615 5463 1631 5502 :
1659 5446 1937 5518 Caprarius

322 5557 489 5596 eram
523 5556 807 5610 sycomoros
844 5541 1058 5596 evellens
1084 5540 1275 5612 (Amos
1304 5539 1356 5594 7.
1389 5539 1455 5594 16
1476 5539 1529 5609 );
1564 5554 1631 5595 ne
1655 5540 1772 5601 quis
1794 5538 1936 5594 dicta

386 5694 479 5753 fa)
520 5691 647 5743 Rulla
669 5696 874 5757 capitum
896 5695 1140 5748 distinctio
1157 5694 1364 5745 trahetur
1381 5694 1429 5741 in
1451 5695 1597 5757 Regio
1619 5691 1813 5745 Codice.
1838 5692 1939 5745 luto

320 5760 375 5808 in
402 5757 674 5824 veteribus
692 5756 795 5824 uss.
821 5757 966 5824 longe
986 5761 1213 5824 diversus
1238 5764 1339 5824 erat
1378 5756 1585 5824 capitum
1616 5757 1753 5824 ordo,
1790 5764 1844 5806 ut
1868 5756 1937 5805 vi-

322 5825 469 5869 deas
499 5820 550 5867 in
569 5819 848 5874 Bibliotheca
874 5816 1031 5877 nostra
1057 5820 1363 5879 C-isliniana,
1389 5816 1451 5868 de
1477 5818 1611 5868 libris
1632 5817 1767 5869 Biblit
1794 5833 1836 5869 ε.

2050 498 2297 554 humanae
2324 500 2598 571 sapientiae
2626 500 2951 558 adscriberet
3003 502 3184 574 Neque
3216 503 3316 559 hoc
3345 502 3483 559 dictu
3508 520 3633 558 con-

2049 601 2225 647 tentus
2255 593 2370 660 fuit,
2400 593 2492 650 sed
2524 594 2665 649 aliud
2685 594 2887 650 addidit
2916 595 2999 651 his
3026 596 3197 652 verbis
3226 615 3239 651 :
3277 596 3384 652 Sed
3420 604 3513 668 ego
3550 614 3629 651 re-

2050 685 2209 753 pletus
2234 702 2344 738 sum
2380 686 2677 756 fortitudine
2701 688 2753 740 in
2780 687 2979 756 Spiritu
3007 687 3236 751 Domini,
3273 700 3316 743 et
3336 688 3556 760 judicio,
3589 700 3634 742 et

2048 778 2268 845 potentia
2308 777 2507 850 (Mich.
2537 779 2588 833 5.
2622 779 2714 851 8).
2761 780 2941 837 Gratia
2972 781 3165 853 quippe
3196 782 3313 836 illos
3338 797 3443 837 non
3476 781 3636 837 modo

2048 870 2337 939 sapientes,
2384 871 2478 926 sed
2520 871 2679 926 etiam
2726 872 2887 927 fortes
2925 874 3220 941 efficiebat,
3250 890 3355 928 non
3395 871 3647 942 Corporis

2047 964 2445 1030 constitutione,
2476 964 2570 1019 sed
2596 974 2795 1020 mente.
2821 966 2952 1034 Quia
2981 967 3124 1022 enim
3152 982 3271 1022 cum
3302 967 3495 1037 pepnlo
3519 982 3630 1022 rem

2048 1056 2314 1113 habebant
2337 1058 2536 1113 audace
2557 1067 2611 1114 et
2638 1058 2964 1129 impudente,
2993 1075 3053 1114 ac
3076 1060 3316 1130 sanguini
3347 1061 3630 1130 propheta-

2046 1165 2163 1209 rum
2196 1150 2431 1207 initiante
2453 1194 2467 1218 ,
2492 1162 2905 1223 sanctorumque
2929 1152 3128 1208 caedem
3161 1154 3433 1221 moliente,
3468 1154 3630 1208 multa

2046 1251 2191 1297 certe
2231 1242 2304 1297 illi
2348 1243 2573 1313 egebant
2616 1243 2956 1307 fortitudine,
2990 1255 3138 1300 utne
3159 1261 3345 1301 eorum
3375 1246 3631 1315 impetum

2046 1332 2412 1390 formidarent.
2442 1334 2564 1391 ideo
2591 1336 2836 1391 Jeremize
2861 1336 3071 1402 dicitur,
3101 1336 3262 1392 Posui
3282 1348 3327 1392 te
3353 1350 3409 1393 ut
3431 1339 3630 1393 colum-

2044 1442 2162 1480 nam
2178 1428 2394 1499 ferream
2413 1437 2459 1481 et
2479 1437 2533 1481 ut
2554 1444 2755 1482 murum
2774 1445 2957 1483 cereum
2981 1427 3111 1497 (Jer.
3140 1430 3188 1484 1.
3214 1429 3338 1501 18);
3367 1429 3629 1485 Ezechieli

2044 1527 2240 1580 autem,
2264 1516 2329 1572 In
2352 1519 2518 1573 medio
2537 1520 2850 1589 scorpiormu
2873 1529 2925 1572 tu
2946 1520 3160 1588 habitas,
3179 1537 3241 1574 ne
3256 1521 3430 1575 timeas
3450 1538 3481 1574 a
3501 1522 3633 1593 facie

2043 1627 2235 1674 eorum,
2271 1628 2427 1682 neque
2453 1613 2695 1683 formides
2729 1611 2948 1684 (Ezech.
2976 1612 3031 1666 2.
3064 1613 3152 1684 6).
3193 1612 3402 1686 Moyses
3420 1628 3631 1685 quoque

2044 1719 2165 1759 cum
2188 1704 2505 1771 mitteretur,
2530 1720 2634 1759 non
2659 1704 2989 1759 Pharaonem
3015 1715 3237 1766 tantum.
3261 1705 3354 1761 sed
3380 1714 3433 1761 et
3463 1721 3631 1776 popu-

2044 1795 2154 1850 lum
2181 1795 2457 1853 Judaicum
2481 1806 2742 1860 metuens,
2762 1811 3035 1852 recusasse
3057 1796 3183 1851 mihi
3201 1797 3409 1852 videtur
3433 1795 3628 1872 (Exod.

2042 1887 2096 1940 4.
2127 1886 2237 1957 10).
2270 1886 2434 1942 Deum
2464 1887 2624 1956 igitur
2648 1887 2950 1957 alloquens,
2980 1887 3207 1943 barbaro
3235 1888 3476 1956 dimisso,
3509 1888 3628 1944 edi-

2046 1992 2195 2031 scere
2222 1977 2420 2046 ingenti
2449 1978 2625 2032 studio
2657 1977 2970 2048 peroptabat
2990 2021 3005 2042 ,
3037 1979 3159 2049 quid
3192 1978 3472 2035 dicendum
3500 1978 3628 2048 ipsis

2041 2075 2185 2122 esset
2231 2082 2338 2122 non
2380 2067 2754 2129 credentibus,
2787 2084 2845 2122 se
2871 2083 2900 2121 a
2930 2068 3040 2123 Deo
3066 2070 3286 2123 missum
3327 2071 3623 2136 accedere;

2041 2159 2297 2229 signaque
2327 2159 2530 2228 accepit
2558 2158 2624 2213 ad
2656 2158 2867 2212 illorum
2897 2167 3129 2212 mentem
3158 2158 3505 2230 subigendam
3534 2176 3627 2230 0p-

2041 2261 2266 2320 portuna
2291 2268 2303 2302 :
2329 2259 2383 2305 et
2400 2251 2591 2306 merito
2607 2250 2840 2321 quidem.
2864 2244 2995 2305 Nam
3014 2250 3058 2304 si
3071 2266 3205 2306 unus
3227 2250 3435 2309 illorum
3456 2254 3625 2329 ipsum

2041 2343 2110 2397 ita
2139 2342 2418 2409 exterruit,
2446 2352 2500 2397 et
2535 2342 2748 2413 quidem
2773 2342 3030 2398 beneficio
3054 2342 3309 2411 atl'ectus,
3338 2345 3467 2419 quid
3504 2361 3627 2417 pas-

2039 2451 2159 2491 sum
2184 2451 2305 2492 esse
2328 2435 2618 2491 verisimile
2658 2445 2739 2491 est
2786 2436 3145 2491 turbulentum
3186 2436 3332 2491 illum
3374 2438 3624 2515 pupulum

2040 2537 2220 2584 mente
2264 2528 2668 2586 revolventcm?
2709 2528 2830 2583 Ideo
2865 2544 2968 2583 nou
3006 2529 3281 2598 sapientiae
3324 2530 3501 2596 modo,
3530 2530 3626 2585 sed

2038 2623 2200 2678 etiam
2245 2621 2570 2678 fortitudinis
2609 2622 2863 2693 Spiritum
2909 2621 3130 2689 accepit,
3162 2631 3216 2677 et
3256 2621 3374 2678 ideo
3416 2623 3628 2680 dicebat

2039 2714 2128 2770 ille
2159 2732 2171 2768 :
2204 2713 2444 2784 chletus
2485 2731 2599 2769 sum
2647 2713 2944 2785 fortitudine
2983 2715 3036 2769 in
3079 2714 3276 2785 Spiritu
3321 2714 3548 2784 Domini,
3579 2726 3627 2771 et

2029 2809 2249 2878 judicio,
2267 2819 2312 2863 et
2339 2810 2557 2879 potentia
2579 2807 2765 2880 (Misit.
2790 2809 2843 2865 5.
2861 2809 2937 2877 8).
2966 2809 3221 2882 Aliusque
3241 2811 3434 2870 iterum
3459 2829 3472 2865 :
3504 2810 3628 2866 Ver-

2040 2902 2157 2957 bum
2188 2902 2284 2959 Dei
2310 2905 2500 2975 factum
2523 2914 2595 2958 est
2620 2904 2688 2957 ad
2722 2902 2996 2957 Jeremiam
3022 2905 3183 2973 ﬁlium
3212 2904 3428 2959 Cltelcitc
3472 2904 3625 2978 (Jer.

2042 2995 2092 3048 1.
2126 2996 2149 3051 1
2179 2996 2220 3066 ).
2251 2996 2319 3051 Et
2345 2998 2483 3053 alius
2505 3012 2714 3051 rursutu
2746 3015 2761 3053 :
2792 2998 3076 3068 Assumptio
3107 2984 3334 3053 .‘Yiuit'es.
3376 2997 3523 3052 Liber
3547 2999 3626 3052 oi-

2039 3090 2195 3145 siouis
2222 3089 2430 3145 Naltttm
2452 3090 2666 3145 Εἰσεδωί
2695 3089 2949 3161 (Na/tum.
2976 3093 3023 3145 1.
3049 3092 3125 3162 1).
3156 3091 3249 3147 llic
3279 3090 3392 3161 ipse
3414 3107 3627 3163 quoque

2042 3182 2205 3239 ls:iias
2229 3183 2400 3238 altero
2425 3183 2583 3238 verbo
2610 3183 2837 3253 idipsuin
2863 3182 3003 3253 quod
3035 3185 3181 3253 prius
3203 3182 3441 3238 declarat
3460 3183 3627 3252 ,_Spi-
3711 3200 3717 3213 ·

2040 3273 2172 3328 ritus
2195 3273 2649 3344 participationem
2674 3290 2869 3330 vocans
2893 3276 3332 3345 assumptiouem.
3364 3275 3624 3342 Quoniam

2040 3365 2182 3419 enim
2203 3380 2231 3419 a
2257 3364 2455 3434 Spiritu
2477 3366 2735 3437 assumpti
2761 3367 2838 3422 sic
2860 3366 3234 3441 loquebantur,
3258 3365 3625 3438 operationem

2039 3458 2223 3527 gratia:
2250 3458 2321 3512 ita
2344 3459 2573 3519 vocavit,

2112 3573 2381 3643 Apostolus
2409 3591 2440 3627 a
2467 3573 2573 3628 Deo
2601 3575 2803 3641 missus,
2834 3587 2887 3628 ut
2912 3591 3094 3629 nomen
3114 3578 3279 3646 ipsum
3306 3585 3468 3631 sonat.
3512 3574 3628 3631 No-

2041 3666 2211 3720 bilitas
2263 3682 2363 3721 non
2415 3683 2478 3721 ea:
2522 3667 2798 3737 majoribus
2818 3709 2832 3733 ,
2854 3668 2943 3722 sed
2970 3684 3034 3722 ea:
3078 3668 3256 3723 nterito
3304 3670 3531 3741 proprio.
3554 3699 3625 3709 —

2043 3760 2244 3816 Idcirco
2274 3760 2468 3816 Paulus
2507 3761 2755 3815 omnibus
2783 3761 3034 3832 Epistolis
3070 3761 3400 3832 apostolatus
3429 3775 3624 3817 nomen

2041 3856 2314 3926 praemittit
2345 3871 2360 3901 ε
2389 3855 2530 3926 quod
2560 3857 2721 3912 etiam
2754 3855 3027 3927 propheta:
3069 3854 3366 3924 faciebant,
3392 3870 3513 3911 cum
3544 3855 3626 3910 di-

2039 3959 2257 4015 cereut,
2290 3948 2455 4014 visio,
2487 3958 2542 4004 et
2585 3949 2838 4011 verbum.
2870 3958 2925 4004 et
2964 3948 3257 4019 assumptio
3280 3991 3295 4016 ,
3322 3958 3379 4006 et
3407 3963 3620 4015 sermo;

2043 4041 2271 4111 idipsum
2314 4040 2405 4094 ille
2431 4055 2527 4110 per
2563 4040 2892 4110 apostolatus
2925 4055 3118 4095 nomen
3163 4039 3448 4096 efﬁciebat.
3475 4041 3625 4097 Sicut

2040 4135 2181 4188 enim
2213 4133 2278 4198 is,
2298 4132 2386 4203 qui
2407 4132 2537 4186 dicit
2556 4132 2815 4186 visionem
2843 4141 2897 4184 et
2922 4146 3224 4186 sermonem
3247 4131 3361 4196 Dei,
3377 4146 3482 4185 non
3505 4146 3625 4201 pro-

2040 4230 2151 4296 pria
2170 4225 2322 4282 ell‘crt
2341 4241 2354 4278 :
2374 4225 2450 4279 sic
2469 4233 2522 4279 et
2544 4224 2632 4293 qui
2646 4225 2878 4294 seipsum
2893 4223 3190 4293 apostolum
3212 4231 3385 4290 vocat,
3405 4238 3509 4279 non
3527 4239 3622 4279 sua

2039 4321 2195 4376 docet
2220 4361 2234 4382 ,
2271 4318 2363 4374 sed
2391 4333 2451 4373 ea
2478 4333 2598 4389 qua:
2621 4317 2781 4387 jussit
2807 4317 2852 4372 is
2875 4318 2965 4388 qui
2993 4317 3154 4372 misit.
3200 4317 3440 4388 Apostoli
3468 4333 3619 4373 nam-

2040 4427 2142 4479 que
2171 4410 2400 4481 dignitas
2440 4420 2523 4465 est
2551 4424 2648 4480 per
2671 4424 2732 4465 se
2770 4409 2901 4463 nihil
2932 4407 3145 4464 oﬂ‘erre.
3173 4408 3377 4465 Idciroo
3409 4409 3625 4466 diccbat

2038 4503 2285 4557 Christus
2321 4517 2334 4553 :
2365 4500 2450 4557 Ne
2487 4502 2669 4555 vocetis
2718 4501 3014 4572 magistrum
3056 4512 3430 4571 super-terram
3454 4518 3626 4577 :unus

2040 4597 2172 4647 enim
2198 4584 2271 4648 'est
2292 4595 2530 4665 magister
2551 4603 2729 4661 uester,
2751 4594 2838 4665 qui
2861 4604 2934 4649 est
2958 4595 3009 4648 in
3025 4594 3164 4648 cazlis
3178 4593 3255 4667 (Μ
3262 4594 3484 4652 atth.25.
3510 4596 3626 4664 i0);

2039 4688 2328 4743 ostendens
2364 4702 2525 4744 omne
2571 4686 2879 4758 dogmatum
2924 4684 3224 4742 nostrorth
3280 4687 3623 4757 principium,

2042 4782 2272 4837 radicem
2320 4780 2550 4851 desuper
2603 4795 2670 4835 ex
2716 4779 2968 4835 malorum
3036 4777 3261 4833 Domino
3315 4780 3622 4849 accepisse,

2041 4876 2250 4930 etiamsi
2282 4874 2526 4930 homines
2545 4874 2652 4928 sint
2678 4876 2767 4945 qui
2795 4873 2860 4928 ad
2890 4873 2977 4928 illa
3006 4872 3326 4927 ministrant.
3356 4870 3522 4939 Quam
3544 4872 3624 4925 vi-

2041 4973 2111 5024 dit
2134 4968 2318 5025 Isaias.
2349 4967 2630 5036 Quomodo
2658 4966 2774 5021 hate
2796 5006 2811 5033 ,
2842 4981 2960 5036 qua:
2999 4964 3180 5021 vident
3223 4964 3517 5036 prophetze,
3547 4964 3627 5018 vi-

2040 5064 2221 5129 iii-ant,
2239 5060 2417 5117 dicere
2435 5074 2540 5114 non
2559 5066 2799 5113 nostrum
2824 5068 2933 5122 est;
2958 5057 3177 5112 visionis
3195 5057 3392 5127 quippe
3409 5053 3626 5110 modum

2046 5173 2151 5211 non
2184 5170 2468 5225 possumus
2490 5152 2825 5223 interpretari
2849 5167 2863 5217 ;
2890 5150 2985 5206 sed
3015 5150 3104 5206 ille
3147 5150 3319 5205 solum
3358 5149 3501 5205 clare
3528 5162 3626 5202 no-

2047 5254 2140 5310 vit,
2167 5249 2253 5319 qui
2277 5247 2602 5318 experientia
2646 5244 2848 5300 didicit.
2897 5243 3103 5299 Etenim
3143 5242 3189 5297 si
3218 5250 3421 5297 natura:
3458 5254 3621 5309 opera

2044 5333 2111 5394 et’
2125 5338 2345 5394 allectus
2371 5352 2517 5408 saepe
2545 5350 2702 5391 nemo
2726 5334 2996 5404 explicare
3029 5341 3221 5402 potest,
3252 5331 3418 5386 multo
3448 5329 3623 5382 minus

2044 5431 2257 5486 modum
2286 5427 2610 5500 operationis
2636 5426 2885 5497 Spiritus.
2929 5424 3080 5493 Quod
3106 5423 3152 5479 si
3178 5421 3418 5479 obscuris
3441 5418 3626 5487 imagi-

2045 5524 2201 5578 nibus
2243 5520 2498 5577 audacter
2536 5519 2657 5590 quis
2682 5519 2733 5574 id
2762 5517 2974 5588 aggredi
3024 5516 3221 5587 possit,
3254 5527 3359 5565 non
3384 5518 3529 5567 certe
3556 5510 3626 5566 ita

2048 5614 2242 5684 poterit
2269 5623 2323 5667 ut
2353 5612 2555 5667 clarum
2584 5610 2635 5666 id
2663 5609 2882 5677 reddat,
2913 5607 3005 5663 sed
3034 5608 3086 5661 in
3114 5606 3398 5673 aenigmate
3424 5603 3476 5661 id
3503 5603 3630 5661 (επε-
3702 5599 3709 5608 ’

2047 5720 2144 5764 ret.
2173 5708 2295 5763 Mihi
2326 5706 2540 5779 quidem
2582 5704 2792 5761 videtur
2818 5702 2871 5757 id
2909 5702 2979 5756 ita
3012 5698 3207 5753 factum
3254 5709 3377 5756 esse
3420 5699 3472 5757 in
3501 5715 3628 5772 pro-

2049 5800 2253 5877 phetis,
2285 5810 2340 5856 ut
2365 5814 2486 5856 cum
2514 5812 2663 5869 aquae
2707 5791 2939 5863 limpida:
2975 5801 3163 5845 natura
3215 5788 3393 5849 radios
3433 5795 3630 5854 solare!
