4018 6212
265 304 336 362 η
1618 290 1684 348 IN
1723 284 1974 352 lSAlAil,
2015 287 2162 344 car.
2206 286 2247 341 l.
3488 287 3551 345 ,ε

270 421 444 476 Facite
480 416 638 487 igitur
658 418 860 485 fructus
897 410 1075 481 dignos
1109 407 1410 480 paenitentia:
1431 404 1591 476 (Ibid.
1622 421 1667 460 v.
1699 403 1778 475 8),
1809 402 1854 456 si

266 529 343 569 ex'
362 522 547 566 natura
588 518 644 562 et
685 507 755 560 ab
783 514 906 558 ortu
954 504 1087 556 tales
1130 501 1353 556 fuissent
1385 517 1398 553 :
1427 501 1503 554 sic
1530 509 1585 553 et
1614 498 1717 552 hoc
1742 499 1861 552 loco

267 619 394 659 cum
428 602 600 655 dicit:
635 596 839 652 Semini
879 610 1114 663 nequam,
1164 607 1267 647 non
1313 602 1491 646 ortum
1535 590 1732 661 probro
1772 590 1865 644 dat

271 694 404 750 illis.
454 690 604 745 Filtis
638 687 918 757 exlegibus.
961 684 1080 739 Non
1116 683 1282 750 dixit,
1330 681 1859 748 Praevaricaloribus,

274 787 401 851 sed,
440 783 725 855 Ealegibus,
756 780 850 851 qui
887 794 991 833 non
1017 776 1223 832 meliori
1249 783 1431 831 essent
1459 773 1669 837 aﬁ'ectu,
1701 788 1857 843 quam

278 878 325 932 si
359 877 528 946 legem
571 885 858 942 numquam
895 868 1250 936 excepissent.
1278 865 1383 920 Sed
1428 864 1682 943 propositi
1713 862 1864 917 diﬁ‘e-

283 968 506 1023 rentiam
530 964 790 1034 signiﬁcat
821 962 861 1015 ’.
888 959 1239 1028 Dereliquistis
1263 956 1560 1019 Dominum,
1585 964 1631 1009 et
1661 954 1729 1008 ad
1756 956 1865 1008 ira-

289 1058 513 1113 cundiam
552 1051 880 1125 prouocastis.
912 1051 1015 1104 Per
1053 1048 1331 1117 emphasin
1372 1046 1473 1101 hoc
1515 1046 1665 1101 dixit.
1701 1045 1863 1101 Sufﬁ-

289 1150 451 1205 ciebat
474 1148 619 1203 enim
659 1160 855 1200 nomen
897 1143 984 1196 Dei
1012 1141 1077 1196 ad
1105 1140 1497 1195 accusationem
1534 1157 1547 1193 :
1579 1154 1680 1209 qua
1709 1138 1776 1193 de
1808 1154 1863 1192 re

286 1240 534 1297 Jeremias
570 1236 876 1307 expostulat
916 1234 1099 1289 dicens
1128 1251 1141 1285 :
1176 1232 1309 1297 Quia
1345 1231 1407 1285 ab
1442 1230 1532 1285 illo
1554 1231 1861 1300 defecerunt,

279 1342 324 1386 et
349 1329 665 1384 daemonibus
695 1327 1037 1381 adiuuerunt.
1063 1324 1307 1377 Sanctum
1333 1320 1498 1376 Israel
1528 1320 1774 1391 (Baruelt.
1806 1322 1859 1376 4.

277 1423 330 1475 'l.
359 1420 441 1492 8).
476 1419 606 1475 Haec
639 1432 853 1488 quoque
897 1414 1280 1471 crituinationis
1325 1412 1564 1467 accessio
1608 1419 1708 1474 est,
1742 1412 1864 1481 quia

278 1527 398 1567 cum
428 1509 730 1566 communis
756 1508 993 1562 omnium
1019 1505 1273 1559 Dominus
1298 1503 1394 1568 sit,
1426 1503 1552 1572 ipsis
1577 1512 1699 1556 tunc
1722 1501 1866 1575 (pro-

283 1602 417 1671 prie)
457 1609 614 1655 notus
643 1606 781 1654 erat.
813 1596 1096 1650 Abalienati
1134 1605 1247 1647 sunt
1289 1603 1582 1647 retrorsum.
1629 1593 1682 1647 5.
1728 1592 1865 1660 Quid

282 1694 419 1748 uitro
455 1689 801 1761 percutiemini
838 1686 1078 1740 addentes
1124 1683 1599 1754 prwvaricationes?
1639 1682 1863 1736 Maxima

282 1783 573 1845 damnatio,
591 1796 713 1834 eum
737 1793 804 1833 ne
831 1793 897 1831 ex
918 1776 1187 1845 suppliciis
1202 1774 1416 1845 quidem
1444 1775 1689 1829 meliores
1712 1773 1863 1828 ﬁunt.

289 1871 527 1942 llludque
550 1871 755 1940 species
782 1866 1026 1922 beneﬁcii
1055 1876 1189 1931 erat,
1218 1864 1359 1934 quod
1396 1865 1727 1934 punirentur.
1759 1864 1866 1919 Ne-

292 1980 400 2034 que
414 1965 558 2018 enim
583 1962 756 2016 dicere
791 1968 1010 2029 possent
1049 1959 1212 2013 Deum
1254 1958 1547 2012 honorasse
1586 1966 1788 2012 tantum
1813 1967 1867 2011 et

303 2053 579 2109 beneﬁciis
605 2053 864 2115 aliecisse,
896 2062 1180 2121 peccantes
1224 2059 1401 2104 autem
1442 2048 1741 2114 dimisisse;
1772 2048 1865 2103 sed

304 2149 397 2203 ille
424 2145 710 2201 honoribus
741 2142 1029 2197 attrabehat
1048 2182 1063 2206 ,
1095 2148 1150 2196 et
1178 2139 1555 2211 suppliciorum
1586 2139 1774 2193 timore
1801 2138 1869 2193 ad

294 2237 572 2291 meliorem
605 2234 804 2305 frugem
831 2233 1138 2299 revocabat,
1164 2242 1219 2288 et
1256 2233 1395 2287 inter
1425 2241 1648 2300 utraque
1687 2230 1761 2285 illi
1789 2230 1869 2284 in.

288 2328 514 2383 curabili
544 2325 728 2380 morbo
756 2325 959 2381 detenti
986 2323 1290 2378 manebant.
1319 2322 1490 2378 Omne
1509 2337 1676 2394 genus
1696 2321 1869 2378 medi-

287 2419 425 2472 cina:
466 2415 735 2480 exhibuit,
767 2429 991 2479 secans,
1025 2427 1186 2469 urens
1227 2430 1240 2465 :
1284 2412 1501 2468 morbus
1542 2422 1719 2467 tamen
1763 2427 1868 2467 non

289 2511 484 2574 cessit,
515 2509 657 2578 quod
696 2508 928 2563 maxime
953 2507 1160 2576 signum
1199 2513 1278 2561 est
1319 2505 1628 2561 incurabilis
1654 2506 1870 2576 mgritu—

288 2601 448 2662 diuis,
472 2614 595 2654 cum
623 2615 728 2653 non
752 2606 928 2668 potest
952 2597 1069 2668 quis
1094 2595 1388 2652 remedium
1413 2595 1678 2665 accipere.
1713 2596 1877 2651 Omne

293 2702 445 2761 caput
474 2691 542 2743 ad
570 2691 813 2755 laborem,
843 2700 888 2742 et
906 2704 1052 2743 omne
1071 2704 1160 2742 cor
1183 2688 1252 2741 ad
1273 2687 1544 2741 tristitiam.
1573 2686 1633 2742 6.
1657 2686 1699 2739 Α
1726 2687 1843 2756 pedi
1852 2711 1873 2724 -

298 2785 387 2837 bus
408 2800 561 2852 usque
580 2784 647 2835 ad
684 2791 839 2852 caput
867 2797 967 2835 non
1006 2791 1076 2834 est
1103 2781 1154 2834 in
1179 2796 1238 2834 eo
1261 2779 1547 2849 integritas,
1581 2794 1739 2847 neque
1762 2778 1874 2832 vul-

306 2894 430 2939 nas,
457 2893 605 2943 neque
629 2877 802 2938 ribex,
839 2890 997 2944 neque
1023 2874 1173 2944 plaga
1216 2883 1432 2928 tumens.
1466 2872 1668 2927 Deinde
1697 2882 1877 2927 narrat

310 2968 561 3022 cruciatus
596 2977 651 3021 et
692 2966 949 3036 supplicia
982 2983 995 3020 :
1028 2980 1200 3035 neque
1236 2966 1379 3020 enim
1417 2965 1596 3020 minor
1634 2964 1746 3020 lucc
1794 2973 1878 3020 est

303 3059 507 3128 species
529 3059 772 3113 beneﬁcii
804 3068 858 3111 et
878 3057 1092 3111 honoris
1117 3056 1244 3126 ipsis
1271 3057 1468 3112 collati.
1490 3056 1687 3111 Omnes
1708 3057 1875 3122 enim,

301 3152 503 3223 inquit,
532 3152 730 3213 afﬂixi,
762 3165 961 3220 eosque
990 3150 1042 3204 iu
1081 3150 1321 3205 dolorem
1359 3148 1585 3219 cettjeei.
1622 3148 1677 3204 Si
1720 3164 1879 3205 omne

296 3245 459 3305 caput
496 3237 549 3289 in
591 3236 825 3290 laborem
847 3276 863 3299 ,
907 3234 1175 3304 quomodo
1204 3249 1308 3289 non
1345 3242 1426 3289 est
1451 3234 1678 3301 vulnus,
1708 3250 1880 3304 neque

297 3327 497 3382 vibex?
525 3326 747 3388 Vulnus.
789 3326 996 3396 reliquo
1035 3340 1261 3395 corpore
1299 3340 1466 3394 sano,
1500 3336 1626 3381 tunc
1659 3338 1881 3396 apparet

298 3422 494 3474 vulnus
520 3436 535 3471 :
563 3418 703 3489 quod
733 3420 777 3473 si
806 3427 974 3473 totum
996 3418 1357 3473 exulceratum
1394 3419 1577 3485 luerit,
1607 3434 1715 3473 non
1747 3419 1880 3473 ultra

298 3512 496 3565 vulnus
520 3509 816 3580 apparebit.
850 3509 959 3564 lloc
988 3510 1144 3580 igitur
1169 3510 1448 3580 signiﬁcat,
1482 3518 1649 3565 totum
1687 3526 1884 3582 corpus

299 3602 469 3657 fuisse
496 3603 766 3657 ulceribus
809 3601 1019 3671 plenum
1054 3619 1068 3655 :
1100 3616 1271 3672 neque
1309 3601 1451 3656 aliud
1495 3618 1705 3667 sanum,
1736 3602 1881 3657 aliud

303 3695 597 3748 ulceratum
623 3691 786 3747 fuisse
807 3708 822 3755 ;
845 3692 937 3747 sed
968 3700 1135 3747 totum
1162 3692 1506 3759 intumuisse,
1537 3702 1704 3748 totum
1733 3695 1885 3750 ulcus

303 3798 469 3838 Inqu
498 3782 682 3837 fuisse.
716 3780 836 3835 Non
875 3792 945 3836 est
985 3784 1241 3853 malagma
1276 3799 1545 3853 apponere.
1575 3784 1686 3840 Hoc
1709 3785 1887 3853 priore

302 3875 522 3944 gravius
543 3881 645 3928 est.
668 3872 853 3927 Morbo
887 3874 1029 3927 enim
1073 3873 1317 3927 laborare
1342 3889 1448 3927 non
1480 3874 1550 3928 ita
1582 3889 1742 3945 grave
1778 3884 1882 3943 est,

306 3976 363 4018 ut
387 3979 589 4034 agrum
616 3978 720 4018 non
746 3978 901 4032 posse
938 3963 1112 4017 sanari
1143 3979 1156 4017 :
1182 3963 1473 4031 praesertim
1512 3978 1632 4018 cum
1672 3966 1791 4021 talis
1820 3968 1889 4022 sit

304 4057 570 4112 medicus.
603 4055 779 4125 Neque
814 4055 1004 4120 oleum,
1033 4071 1193 4124 neque
1228 4054 1495 4125 ligamina.
1530 4055 1598 4111 Ut
1625 4071 1746 4112 cum
1778 4073 1890 4113 em-

306 4146 462 4218 phasi
492 4147 758 4216 loquatur,
797 4155 996 4214 perstat
1023 4147 1075 4199 in
1108 4146 1292 4200 eadem
1324 4146 1631 4216 metaphora
1665 4166 1677 4202 :
1707 4149 1759 4203 in
1788 4148 1891 4206 hoc

305 4238 451 4292 enim
477 4236 578 4290 sita
618 4245 702 4290 est
735 4234 1062 4304 metaphora:
1105 4236 1424 4303 praestantia.
1455 4236 1512 4292 7.
1540 4236 1696 4291 Terra
1730 4248 1891 4293 vestra

306 4331 528 4386 dacto.
571 4328 696 4383 [huc
716 4343 820 4382 non
842 4337 899 4382 ut
914 4328 1023 4397 jam
1044 4327 1177 4383 facta
1198 4329 1492 4395 annuntiat,
1516 4329 1609 4385 sed
1642 4339 1700 4385 ttt
1719 4329 1891 4387 futura

308 4421 553 4490 pradicit
568 4421 608 4472 ².
644 4419 755 4473 lloc
779 4427 997 4473 utuntur
1025 4434 1174 4473 more
1200 4420 1489 4488 prophetae,
1509 4420 1666 4475 simul
1685 4422 1893 4477 audito-

308 4528 425 4567 rem
459 4519 755 4577 terreutes,
782 4520 836 4566 et
875 4525 986 4565 sua:
1013 4511 1253 4566 veritatis
1290 4516 1395 4565 vim
1436 4513 1799 4570 ostendentes.
1824 4514 1897 4571 Ut

310 4604 457 4659 enim
486 4618 606 4673 qua:
636 4602 1038 4671 prtcterierunt,
1062 4618 1165 4655 non
1202 4612 1423 4672 possunt
1456 4619 1559 4657 nou
1589 4603 1720 4659 facta
1751 4621 1890 4673 esse,

309 4696 391 4749 sic
426 4709 550 4765 quae
592 4692 766 4746 futura
811 4707 841 4747 a
886 4693 1157 4762 pmphetis
1197 4693 1545 4762 praenuntiata
1588 4702 1731 4759 sunt,
1781 4695 1896 4751 ﬁeri

310 4786 501 4854 nequit
529 4794 589 4838 ut
619 4800 723 4837 non
749 4784 1077 4854 contingant,
1112 4784 1211 4839 nisi
1239 4786 1602 4852 ptenitentiam
1629 4797 1791 4857 agant
1815 4788 1894 4842 illi

309 4877 402 4945 qui
426 4875 691 4946 supplicio
709 4883 835 4929 sunt
869 4875 1155 4945 plectcudi.
1187 4875 1421 4931 Civitates
1445 4888 1622 4931 vestra:
1642 4893 1899 4934 succensa!

312 4966 442 5039 igni.
467 4965 585 5020 Non
614 4966 756 5020 enim
782 4967 899 5021 illas
928 4967 1148 5020 omnino
1177 4966 1403 5035 delevit,
1438 4967 1535 5022 sed
1574 4970 1815 5037 permisit
1842 4979 1900 5025 ut

313 5056 550 5135 incendii
599 5056 861 5110 barbarici
907 5056 1150 5126 reliquis:
1190 5066 1552 5127 superessent,
1592 5076 1710 5129 quae
1734 5062 1902 5131 magis

310 5146 381 5200 ad
412 5145 730 5201 intuentium
750 5156 1025 5215 aspectum
1046 5148 1342 5217 pertingere
1369 5159 1603 5218 possent.
1627 5150 1900 5221 Regionem

313 5249 536 5294 oestrum
559 5255 730 5291 coram
752 5238 886 5292 vobis
911 5238 1063 5293 alieni
1084 5239 1346 5305 devorant,
1372 5250 1419 5293 et
1434 5240 1662 5295 desolata
1686 5254 1759 5297 est
1784 5246 1904 5298 sub-

382 5396 399 5426 ⁸
435 5392 493 5444 In
514 5400 697 5467 meo,
722 5408 953 5467 W
986 5409 1053 5467 γὴν
1089 5403 1259 5463 δωρεάν
1292 5404 1408 5467 δρτοι
1447 5397 1723 5467 tegendum
1746 5400 1905 5467 suspi-

309 5466 504 5526 catur.
524 5463 719 5526 ιηεοηειν
739 5469 765 5526 ε,
775 5464 893 5526 tunc
918 5460 1047 5526 enim
1068 5459 1245 5526 sensus
1264 5459 1446 5526 Optime
1463 5459 1741 5522 quadraret,
1759 5459 1905 5525 siqui-

310 5516 435 5581 ἀφ
458 5516 616 5581 esset",
903 5519 1149 5581 roltmtatis
1171 5516 1541 5581 corruptionem.

384 5579 414 5644 ι,
437 5576 626 5644 Boisius
648 5576 701 5626 in
721 5576 1050 5644 notissavilii.
1078 5595 1126 5643 p.
1155 5581 1260 5639 137,
1286 5576 1550 5643 legendum
1581 5590 1753 5644 putat:
1788 5593 1907 5635 ch

318 5638 651 5711 qm‘lada
672 5641 935 5711 minutim,
958 5649 1006 5692 at
1023 5638 1120 5711 non
1145 5649 1194 5711 ut
1214 5638 1382 5711 [Μυῖα
1402 5638 1642 5707 pra-dicit.
1670 5644 1760 5695 Sed
1800 5648 1907 5698 exi-

314 5706 474 5755 ωωο
503 5698 682 5761 lautus,
721 5707 774 5751 ut
803 5712 894 5765 est,
925 5698 1115 5769 optime
1154 5698 1359 5758 habere.

1971 416 2110 455 versa
2138 419 2170 454 α
2194 402 2397 472 populis
2432 402 2630 458 alienis.
2657 401 2989 461 Calamitatis
3018 402 3257 461 accessio
3280 413 3391 470 est,
3429 420 3551 460 cum

1972 492 2198 561 propria:
2240 493 2472 548 miseri-.e
2513 484 2841 563 spectatores
2882 504 3027 562 sunt,
3075 510 3176 552 nec
3212 497 3330 551 solo
3370 496 3552 551 auditu

1969 583 2112 637 illam
2140 583 2371 639 discunt.
2410 585 2461 641 8.
2492 584 2878 657 Derelinquetur
2902 588 3012 656 ﬁlia
3039 587 3198 650 Sion,
3220 588 3368 653 quasi
3394 596 3555 641 tento-v

1968 679 2101 732 rium
2122 680 2174 733 in
2202 680 2366 747 vinea,
2389 690 2435 734 et
2461 681 2589 734 sicut
2615 682 2871 752 tugurium
2897 682 2949 735 in
2969 682 3337 736 cucunterario.

2039 770 2093 824 4.
2133 768 2372 839 Magnum
2395 771 2663 841 quidpiam
2693 772 2743 825 in
2766 786 2824 826 se
2849 773 3124 826 continent
3145 773 3248 825 illae
3271 773 3550 844 imagines,

1968 863 2303 932 maximeque
2332 864 2384 918 in
2414 863 2687 936 Scriptura
2707 906 2721 931 ,
2754 865 2819 919 ad
2847 865 3312 935 amplilicatiouem
3345 881 3561 920 sermo‘

1971 954 2070 1008 uis.
2099 953 2393 1010 Jerusalem
2419 965 2595 1010 autem
2617 964 2769 1010 vocat
2793 956 2949 1010 ﬁliam
2977 956 3125 1021 Sion,
3148 956 3287 1027 quod
3311 957 3359 1012 ei
3384 957 3551 1011 monti

1968 1046 2206 1115 subjecta
2236 1047 2325 1101 sit.
2355 1048 2503 1103 Sicut
2528 1051 2791 1103 tentorium
2815 1050 2868 1103 in
2892 1050 3053 1114 vinea,
3078 1059 3123 1103 et
3144 1050 3272 1102 sicut
3297 1050 3554 1120 tugurium

1968 1136 2021 1189 in
2047 1138 2406 1191 eucumerario.
2440 1138 2660 1193 Sublato
2690 1155 2914 1209 namque
2943 1138 3135 1204 fructu,
3165 1139 3555 1208 summotisque

1969 1229 2209 1296 colonis,
2256 1230 2522 1301 superﬂua
2572 1231 2822 1302 deinceps
2872 1231 3029 1286 fuerit
3072 1239 3337 1285 structura
3386 1230 3550 1283 urbis.

1970 1320 2118 1376 Sicut
2155 1321 2272 1375 urbs
2308 1338 2422 1390 qua:
2459 1323 2729 1377 obsidetur.
2777 1322 2885 1376 lloc
2912 1322 3243 1392 arnigmatice
3273 1321 3466 1375 dicitur
3487 1320 3553 1375 ad

1971 1411 2332 1468 inﬁrmitatem
2355 1421 2409 1467 et
2432 1414 2834 1468 derelictionem
2860 1412 2975 1482 ejus
3000 1411 3393 1468 declarandam.
3419 1410 3553 1465 Cum

1897 1553 1911 1567 ,
1970 1502 2110 1557 enim
2141 1503 2315 1559 nullus
2344 1513 2425 1558 est
2453 1504 2543 1574 qui
2570 1504 2876 1570 auxilietur,
2909 1514 3033 1558 tunc
3065 1517 3284 1558 necesse
3307 1512 3388 1557 cst
3412 1502 3556 1557 obsi-

1970 1595 2081 1650 deri
2111 1611 2225 1663 eos,
2253 1597 2443 1667 quibus
2479 1612 2578 1651 una
2609 1605 2851 1666 superest
2878 1612 3147 1651 murorum
3191 1596 3374 1651 tutela.
3404 1597 3460 1651 9.
3488 1594 3555 1650 Et

1971 1689 2067 1741 nisi
2099 1687 2343 1743 Dominus
2370 1688 2626 1743 Sabbaotlt
2652 1690 2990 1759 dereliquisset
3014 1689 3154 1743 nobis
3183 1704 3348 1742 semen
3369 1728 3382 1750 ,
3409 1687 3555 1749 quasi

1972 1777 2199 1831 Sodoma
2225 1781 2512 1849 fuissemus,
2545 1789 2589 1833 et
2618 1780 2762 1850 quasi
2791 1779 3074 1835 Gomorrlta
3100 1779 3288 1834 similes
3317 1793 3551 1833 essemus.

1970 1869 2082 1923 Mos
2109 1878 2191 1924 est
2234 1884 2447 1940 semper
2486 1870 2757 1939 prophetis
2798 1885 2900 1924 non
2943 1870 3027 1924 illa
3067 1871 3237 1925 solum
3270 1868 3556 1939 prmdicere

1972 1960 2130 2025 mala,
2160 1976 2280 2029 quce
2308 1960 2517 2030 passuri
2543 1970 2667 2015 sunt
2694 1962 3148 2030 prtevaricatores,
3181 1962 3274 2016 sed
3306 1962 3463 2015 etiam
3489 1976 3553 2016 ea

1971 2064 2090 2118 qua:
2123 2050 2266 2119 digni
2302 2059 2427 2103 sunt
2466 2054 2703 2120 perpeti,
2735 2058 2794 2104 ut
2821 2051 2872 2104 itt
2904 2051 3020 2119 ipso
3046 2051 3287 2120 supplicii
3317 2061 3555 2120 tempore

1974 2143 2167 2198 multas
2207 2142 2437 2196 habeant
2484 2143 2593 2197 Deo
2634 2143 2829 2213 gratias
2853 2183 2868 2209 ,
2912 2141 3053 2212 quod
3090 2158 3196 2196 non
3240 2157 3335 2211 pro
3366 2144 3556 2197 merito

1974 2234 2256 2300 scelerum,
2284 2233 2376 2287 sed
2402 2233 2567 2287 multo
2595 2234 2818 2288 leviores
2847 2235 2993 2287 luant
3021 2247 3222 2302 ptenas.
3257 2232 3367 2287 Hoc
3392 2232 3553 2287 etiam

1974 2325 2102 2381 dicit
2142 2324 2242 2379 hoc
2279 2325 2398 2379 loco
2421 2365 2434 2389 ,
2470 2331 2683 2394 peccata
2714 2338 2903 2393 nempe
2938 2338 3121 2378 eorum
3153 2337 3257 2378 non
3290 2337 3351 2378 ea
3381 2322 3554 2377 solum

1975 2434 2092 2490 quae
2121 2418 2258 2473 dicta
2289 2425 2447 2482 sunt,
2477 2416 2569 2471 sed
2594 2417 2755 2471 etiam
2785 2416 3200 2471 internecionem
3231 2416 3516 2484 expetiisse
3539 2456 3554 2478 ,

1978 2511 2343 2579 universarque
2366 2509 2539 2579 gentis
2565 2508 2781 2563 exitium
2812 2525 2825 2561 :
2851 2522 2967 2576 qua:
2997 2507 3153 2560 etiam
3184 2507 3233 2560 iu
3265 2505 3557 2561 Sodotnitis
3596 2517 3604 2527 '

1977 2600 2329 2671 contigerunt.
2365 2599 2456 2653 Dei
2481 2610 2657 2653 autem
2687 2596 2980 2668 benignitas
3002 2596 3116 2652 haec
3142 2597 3255 2652 ﬁeri
3283 2612 3387 2651 non
3411 2595 3555 2661 sivit,

1978 2690 2072 2747 sed
2097 2704 2305 2760 poenam
2337 2696 2557 2760 peccato
2587 2689 2741 2759 longe
2772 2688 3024 2744 leviorem
3054 2687 3263 2743 inﬂixit.
3305 2686 3437 2755 Quia
3468 2702 3560 2741 ve.

1979 2797 2040 2837 ro
2062 2781 2230 2847 multa,
2243 2790 2327 2836 est
2344 2780 2573 2835 afﬁnitas
2598 2781 2757 2836 Vetus
2778 2780 2916 2836 inter
2940 2790 2994 2836 et
3021 2780 3222 2835 Novum
3246 2780 3560 2835 Testamen-

1982 2880 2113 2936 tum,
2138 2872 2261 2941 jure
2284 2871 2375 2925 illo
2399 2871 2595 2927 Paulus
2614 2882 2697 2927 est
2717 2887 2845 2927 usus
2869 2890 2883 2925 :
2904 2880 2959 2926 et
2977 2870 3379 2926 couvenientius
3399 2888 3556 2942 quant

1982 2962 2236 3031 pmpheta
2278 2961 2429 3016 dixit.
2475 2962 2929 3030 Quemadmodum
2969 2963 3111 3017 enim
3148 2962 3239 3017 illo
3280 2972 3518 3031 tempore
3542 3006 3559 3029 ,

1984 3054 2085 3107 nisi
2123 3068 2310 3123 magna
2350 3053 2536 3108 luisset
2572 3054 2663 3109 Dei
2701 3052 3062 3108 misericordia
3089 3095 3104 3119 ,
3145 3068 3332 3109 omnes
3358 3054 3561 3125 abrepti

1984 3145 2207 3200 luisseut
2234 3144 2407 3216 (Rom.
2440 3144 2491 3199 9.
2520 3144 2611 3215 29)
2642 3163 2656 3199 :
2684 3146 2760 3199 sic
2785 3147 2836 3199 itt
2870 3153 3109 3215 tempore
3134 3144 3331 3212 Christi
3361 3145 3560 3201 adven-

1985 3247 2092 3305 tus,
2124 3238 2222 3292 nisi
2253 3237 2418 3308 gratia
2445 3238 2794 3307 apparuisset,
2824 3238 3063 3307 graviora
3092 3237 3180 3293 his
3209 3253 3396 3294 omnes
3423 3239 3564 3309 passi

1986 3338 2186 3385 essrnt.
2234 3327 2518 3398 Dereliquit
2554 3338 2729 3383 autent
2777 3328 2929 3383 nobis
2958 3344 3139 3383 semen
3172 3346 3190 3386 ξ
3228 3328 3294 3383 de
3324 3329 3388 3383 iis
3417 3331 3504 3400 qui
3536 3345 3566 3383 a

1986 3421 2290 3491 captivitate
2333 3421 2528 3475 servati
2565 3431 2692 3475 sunt
2728 3420 2976 3490 loquitur.
3024 3420 3110 3475 l0.
3151 3422 3335 3475 Audite
3367 3422 3566 3474 verbum

1987 3511 2213 3576 Domini,
2244 3511 2492 3581 principes
2521 3511 2879 3578 Sodomorum,
2908 3512 3144 3566 attendite
3167 3513 3324 3585 legem
3355 3512 3448 3567 Dei
3478 3530 3569 3566 no-

1988 3604 2100 3668 stri,
2127 3603 2344 3673 populus
2366 3601 2678 3656 Gontorrhw.
2707 3601 2931 3669 Quando
2951 3603 3081 3656 dixit
3106 3603 3222 3657 illos
3244 3619 3362 3659 esse
3384 3604 3570 3673 dignos

1990 3693 2078 3763 qui
2109 3693 2295 3748 eadem
2335 3701 2675 3761 paterentur,
2707 3708 2826 3763 quas
2854 3692 3145 3747 Sodomita:
3169 3735 3183 3756 ,
3216 3693 3449 3749 ostendit
3477 3707 3570 3747 cos

1991 3784 2176 3840 eadem
2216 3796 2376 3839 ausos
2404 3797 2522 3838 esse
2547 3800 2667 3854 qua:
2692 3783 3013 3840 Sodomitas.
3065 3784 3186 3839 Ideo
3215 3785 3332 3839 illos
3361 3800 3389 3838 a
3418 3799 3567 3838 eout-
3604 3830 3611 3837 .

1993 3874 2140 3928 muni
2171 3874 2524 3944 appellatione
2549 3872 2807 3930 nominat.
2838 3874 2948 3930 Nisi
2970 3877 3109 3931 enim
3142 3874 3245 3931 hoc
3270 3885 3428 3939 esset,
3463 3893 3567 3931 nott

1993 3973 2289 4034 opportuna
2320 3963 2509 4019 fuisset
2535 3964 2803 4033 loquutus.
2845 3965 2996 4032 Quod
3032 3965 3172 4019 enim
3198 3981 3337 4020 nunc
3378 3981 3483 4020 n0u
3517 3968 3567 4019 itt

1994 4053 2294 4109 Sodomitas
2310 4053 2611 4119 invehatur,
2631 4053 2724 4108 sed
2746 4054 2795 4107 in
2816 4053 3049 4118 Judasos,
3072 4054 3189 4109 illos
3204 4056 3279 4108 sic
3295 4055 3570 4123 appellans

1995 4144 2066 4199 ob
2094 4143 2324 4199 nominis
2351 4141 2775 4198 convenientiam
2799 4184 2815 4210 ,
2845 4158 2961 4213 qua:
2991 4152 3281 4213 sequuntur
3315 4144 3569 4199 iudicant.

1996 4235 2127 4292 Nam
2155 4234 2411 4291 sacriﬁcia
2437 4243 2849 4301 commemorat,
2878 4233 3171 4290 oblationes
3198 4235 3468 4305 aliumque
3494 4235 3574 4290 le-

1996 4328 2168 4399 galem
2195 4328 2395 4382 cultum
2419 4367 2434 4391 ,
2465 4326 2616 4396 cujus
2647 4341 2713 4381 ue
2744 4326 3022 4395 vestigium
3051 4326 3265 4397 quidem
3296 4337 3408 4381 erat
3435 4326 3573 4395 apud

1997 4417 2319 4483 Sodomitas.
2350 4415 2535 4489 Legem
2564 4416 2661 4472 Dei
2693 4418 2849 4472 nostri
2875 4418 2926 4471 itt
2953 4429 3322 4486 argumentum
3352 4400 3572 4489 profert.

2072 4510 2222 4566 Sacri
2224 4511 2340 4580 ﬁcia
2354 4511 2529 4566 veteris
2548 4509 2846 4566 Testamenti
2864 4510 2972 4565 Deo
2988 4528 3076 4583 per
3095 4528 3265 4566 senon
3283 4513 3577 4583 placebant;

2001 4621 2090 4659 cur
2116 4604 2259 4675 [uere
2276 4605 2518 4659 instituta.
2548 4603 2834 4674 Repudium
2864 4604 2917 4658 in
2944 4605 3096 4658 veteri
3118 4605 3226 4676 lege
3250 4622 3340 4659 cur
3366 4607 3579 4675 permis-

1999 4711 2133 4750 sum.
2174 4724 2242 4735 —
2270 4696 2355 4749 il.
2389 4694 2524 4762 Quid
2552 4696 2676 4748 mihi
2704 4695 2971 4749 multitudo
2999 4696 3361 4765 sacrificiorum
3395 4707 3580 4751 vestro-

2004 4786 2153 4840 rum!
2180 4785 2301 4840 dicit
2319 4785 2584 4840 Dominus.
2609 4784 2798 4840 Plenus
2817 4802 2928 4840 sum
2946 4786 3250 4840 holocaustis
3273 4787 3507 4850 arietant.
3532 4798 3579 4842 et

2005 4878 2206 4947 adipem
2242 4892 2516 4948 agnorum,
2542 4877 2933 4947 sanguinemque
2965 4886 3223 4932 taurorum
3251 4887 3296 4931 et
3326 4878 3581 4933 hircorum

2007 4971 2143 5024 nolo.
2194 4968 2434 5024 Psalmus
2461 4968 2897 5040 quadragesimus
2925 4985 3099 5025 nonus
3129 4980 3271 5026 totus
3307 4971 3434 5026 huic
3469 4973 3585 5027 loco

2008 5062 2197 5117 similis
2219 5072 2322 5125 est,
2344 5061 2463 5116 aliis
2483 5062 2696 5133 quidem
2723 5062 2920 5129 verbis,
2950 5061 3135 5120 eadem
3159 5080 3286 5120 vero
3307 5074 3587 5121 contextus

2009 5152 2287 5209 sententia.
2343 5153 2450 5207 Illis
2492 5150 2681 5217 enim,
2715 5153 2986 5209 Advocabit
3026 5156 3204 5210 calum
3236 5156 3500 5211 desursum
3544 5166 3589 5210 et

2011 5255 2194 5298 terram
2216 5244 2496 5298 discernere
2521 5244 2766 5312 populum
2791 5260 2940 5299 suum
2966 5243 2987 5318 (
3012 5244 3155 5300 Psal.
3182 5228 3390 5316 49.1),
3419 5245 3591 5300 simile

2012 5333 2215 5388 esthoc
2235 5334 2431 5388 dictttm
2457 5351 2469 5388 :
2491 5334 2645 5396 Audi.
2669 5336 2865 5400 calum,
2894 5346 2942 5389 et
2964 5337 3170 5391 auribus
3195 5337 3411 5408 percipe,
3436 5346 3588 5402 terra,

2012 5426 2129 5494 quia
2163 5424 2403 5481 Donunus
2428 5426 2662 5491 loquutus
2685 5437 2793 5492 est;
2822 5435 2876 5483 et
2899 5438 3088 5484 csetera
3118 5445 3237 5483 cum
3264 5430 3344 5481 his
3368 5442 3592 5483 consen-

2017 5516 2171 5571 tiuut.
2206 5517 2662 5585 Quemadmodum
2694 5518 2837 5575 enim
2868 5518 3032 5576 David
3062 5519 3187 5574 dicit
3216 5537 3232 5573 :
3263 5517 3379 5572 Non
3419 5518 3470 5571 in
3510 5537 3592 5574 sa-

2016 5608 2219 5678 criﬁciis
2249 5609 2345 5662 luis
2372 5626 2583 5680 arguam
2611 5621 2675 5675 te,
2708 5610 2999 5665 holocausta
3020 5619 3183 5662 autem
3207 5620 3291 5663 tua
3314 5609 3365 5660 iu
3389 5625 3595 5681 conspe-

2022 5710 2103 5755 ctu
2135 5718 2241 5757 meo
2267 5709 2380 5756 sunt
2408 5716 2602 5771 semper
2638 5702 2655 5768 (
2680 5699 2814 5755 Ibid.
2860 5715 2910 5753 ν.
2959 5701 3030 5771 8)
3059 5715 3071 5751 :
3099 5699 3176 5754 sic
3207 5707 3259 5756 ct
3293 5695 3449 5756 Isaias
3477 5702 3549 5758 ait
3579 5721 3597 5761 ε
