4010 6218
382 323 448 381 19
1221 320 1276 376 S.
1309 318 1584 376 JOANNIS
1608 314 2076 373 CllRYSOSTOMI
2104 316 2417 375 ARClllEP.
2459 321 2987 413 CONSTANTINQP.
3588 338 3660 394 30

385 439 524 509 Quid
549 437 669 493 milii
696 435 965 492 multitudo
988 435 1351 504 sacriﬁciorum
1377 433 1692 487 vestrorum?
1716 432 1837 485 dicit
1865 429 1966 484 Do-

381 535 568 588 minus.
598 535 675 587 Ac
701 546 886 586 rursus
917 529 1080 585 David
1107 529 1233 583 dicit
1261 547 1272 582 :
1305 526 1426 580 Non
1454 528 1700 595 accipiam
1729 526 1792 578 de
1817 524 1967 578 domo

385 635 474 678 tua
501 624 684 678 vitulos
704 663 718 688 ,
743 638 898 690 neque
927 623 990 676 de
1017 624 1254 692 gregibus
1272 620 1370 672 tuis
1406 619 1572 671 hircos
1601 615 1766 685 (Ibid.
1791 631 1837 670 υ.
1868 616 1925 682 9)
1949 631 1964 681 ;

382 714 544 772 Isaias
571 729 700 769 vero
725 729 739 768 :
767 712 1076 767 Holocausta
1095 710 1317 764 arietum
1342 751 1357 774 ,
1388 719 1434 763 et
1460 709 1662 779 adipem
1687 723 1964 778 agnorum,

379 817 427 861 et
468 806 765 876 sanguinem
804 815 1062 858 taurorum
1101 813 1146 857 et
1187 803 1440 858 hircorum
1483 801 1622 854 nolo.
1671 800 1803 854 Nam
1841 799 1964 870 quia

379 899 615 954 accusati
666 896 1000 968 frequenter,
1047 895 1188 964 quod
1231 899 1439 951 caeteris
1485 894 1768 950 virtutibus
1813 894 1965 950 vacui

378 998 583 1057 essent,
610 1005 703 1060 pro
720 990 950 1045 maxima
975 989 1284 1046 defensione
1305 987 1563 1044 sacriﬁcia
1585 988 1961 1054 obtendebant,

375 1093 432 1137 ut
461 1097 580 1153 quae
605 1081 911 1154 frequenter
939 1082 1334 1154 pet-solvebant,
1367 1083 1558 1137 merito
1586 1093 1810 1154 uterque
1834 1097 1963 1154 pro-

374 1172 536 1242 pheta
560 1213 577 1240 ,
622 1173 730 1228 imo
775 1175 948 1243 potius
989 1175 1168 1229 caeteri
1199 1189 1385 1231 omnes
1413 1174 1482 1232 ab
1513 1175 1613 1231 bac
1653 1174 1964 1232 defensione

373 1268 497 1323 illos
528 1268 832 1324 exturbant.
877 1269 1028 1325 Unde
1053 1270 1267 1340 planum
1299 1278 1382 1325 est
1410 1284 1472 1326 ea
1500 1283 1618 1325 non
1637 1285 1757 1325 esse
1783 1285 1876 1340 per
1903 1284 1963 1324 se

371 1359 647 1430 praecipue
671 1361 978 1425 constituta,
1002 1361 1096 1415 sed
1127 1370 1182 1416 ut
1206 1360 1273 1416 ad
1295 1370 1498 1416 rectum
1520 1361 1642 1416 vitae
1665 1361 1960 1416 institutum

374 1461 710 1524 czeterasque
744 1453 967 1510 virtutes
995 1453 1116 1509 illos
1143 1453 1485 1510 deducerent.
1527 1454 1660 1523 Quia
1685 1470 1814 1510 vero
1841 1454 1917 1509 illi
1943 1495 1958 1522 ,

375 1546 588 1600 caeteris
613 1561 731 1616 quae
761 1547 1062 1602 necessaria
1091 1555 1245 1602 erant
1271 1547 1546 1618 neglectis.
1577 1548 1660 1603 his
1687 1547 1963 1603 incumbe-

375 1637 524 1702 bant,
562 1653 622 1694 se
662 1638 751 1693 illa
792 1638 1006 1694 demum
1044 1655 1150 1693 non
1192 1639 1472 1696 admittere
1515 1641 1643 1695 dicit
1673 1641 1832 1696 Deus.
1870 1640 1957 1695 12.

378 1727 558 1800 Neque
580 1731 810 1784 veneritis
839 1740 892 1784 ut
918 1732 1210 1802 appareatis
1238 1732 1382 1785 milii.
1413 1731 1466 1787 Si
1494 1733 1848 1800 accesseritis,
1879 1732 1960 1787 in-

374 1821 509 1890 quit,
542 1821 608 1875 ad
642 1822 916 1892 templum.
947 1823 1074 1888 Quis
1101 1823 1233 1876 enim
1259 1825 1485 1894 qua'sivit
1513 1825 1620 1878 liazc
1645 1826 1708 1878 de
1731 1824 1960 1879 manibus

375 1903 589 1966 vestris?
616 1912 773 1968 Certe
802 1921 942 1968 totus
964 1914 1054 1968 ille
1081 1915 1221 1970 liber
1243 1915 1332 1984 qui
1359 1915 1626 1970 Leviticus
1652 1916 1864 1983 dicitur,
1891 1915 1960 1971 de

373 2002 762 2058 sacriﬁciorum
798 2005 1136 2060 accuratione
1165 2005 1308 2076 leges
1336 2005 1569 2061 exhibet.
1600 2006 1656 2060 ln
1696 2007 1960 2062 Deutero-

373 2094 553 2146 nomio
590 2108 800 2162 quoque
834 2102 887 2148 et
917 2093 968 2147 in
995 2094 1114 2148 aliis
1150 2095 1389 2162 plurimis
1416 2095 1545 2150 locis
1571 2096 1750 2152 multze
1778 2097 1846 2153 de
1869 2111 1960 2152 sa-

371 2181 587 2236 criﬁciis
619 2197 818 2251 sparsae
847 2191 972 2238 sunt
1010 2183 1172 2254 leges.
1223 2184 1398 2252 Quare
1426 2185 1584 2255 igitur
1606 2186 1735 2242 dicit
1775 2207 1789 2241 :
1834 2185 1960 2253 Quis

371 2271 624 2342 requisivit
654 2274 760 2326 lucc
783 2273 846 2328 de
872 2275 1101 2329 manibus
1129 2276 1340 2330 vestris?
1377 2275 1446 2332 Ut
1472 2275 1646 2331 discas
1672 2277 1817 2332 illam
1851 2279 1956 2332 non

372 2364 534 2418 fuisse
557 2365 874 2434 praecipuam
899 2366 992 2420 Dei
1009 2367 1353 2434 voluntatem,
1376 2376 1434 2421 ut
1455 2367 1579 2421 talia
1600 2370 1953 2434 sancirentur,

373 2456 466 2511 sed
495 2457 562 2510 ab
598 2472 782 2511 eorum
824 2456 1129 2514 inlirmitate
1167 2460 1373 2514 initium
1403 2460 1518 2514 illas
1547 2461 1691 2532 leges
1719 2461 1955 2517 duxisse.

372 2548 829 2614 Quemadmodum
871 2550 1015 2606 enim
1059 2551 1273 2605 nolebat
1311 2552 1586 2606 mulierem
1633 2552 1799 2608 semel
1845 2554 1958 2608 viro

372 2639 710 2709 conjunctam
727 2641 1018 2710 repudiari;
1037 2643 1279 2712 graviora
1303 2651 1478 2697 tamen
1501 2643 1635 2697 mala
1655 2643 1954 2710 succidens,

374 2745 442 2784 ne
470 2730 751 2800 repudiare
774 2731 954 2795 vetiti,
985 2733 1100 2788 illas
1126 2733 1319 2788 invisas
1351 2748 1542 2788 uxores
1571 2734 1712 2790 intus
1743 2733 1956 2805 jugula-

374 2829 492 2874 rent
516 2861 530 2884 ,
577 2821 753 2876 minus
792 2822 989 2876 malum
1018 2823 1257 2894 permisit
1288 2841 1302 2877 :
1331 2824 1407 2879 sic
1430 2835 1485 2880 et
1510 2825 1649 2880 circa
1680 2841 1792 2880 rem
1821 2824 1959 2881 hanc

375 2912 499 2967 fecit
523 2955 536 2975 ,
582 2922 640 2968 ut
675 2913 1008 2970 daemonibus
1051 2916 1328 2972 immolare
1365 2916 1688 2985 prohiberet,
1727 2917 1778 2972 id
1817 2916 1958 2988 quod

375 3004 592 3059 minime
613 3006 822 3061 volebat
839 3007 1072 3074 admisit,
1097 3017 1153 3062 ut
1171 3009 1310 3078 quod
1334 3011 1543 3065 Volebat
1563 3021 1954 3082 assequeretur.

375 3097 489 3154 lloc
513 3099 686 3170 ipsum
716 3116 898 3156 rursus
925 3102 1089 3156 Amos
1115 3101 1370 3172 propheta
1397 3103 1677 3159 declarans
1704 3103 1914 3161 dicebat
1941 3124 1956 3161 :

377 3188 430 3242 Ν
436 3207 518 3243 um
551 3191 773 3245 victimas
792 3202 841 3245 et
877 3193 1065 3246 hostias
1093 3195 1338 3248 obtulistis
1363 3195 1486 3249 milii
1508 3195 1844 3266 quadraginta
1868 3213 1961 3250 an-

375 3280 491 3334 nis?
531 3281 650 3334 dicit
678 3280 926 3336 Dominus
961 3283 1158 3352 (Amos
1192 3285 1244 3339 5.
1294 3285 1365 3341 25
1389 3287 1429 3355 ).
1465 3285 1725 3340 .Ieremias
1748 3301 1960 3356 quoque

375 3371 450 3424 ait
482 3389 496 3424 :
529 3370 649 3425 Non
675 3381 792 3425 sunt
819 3373 926 3427 hwc
950 3389 1060 3441 qua:
1087 3375 1320 3430 mandavi
1347 3376 1572 3446 patribus
1609 3377 1784 3431 vestris
1809 3375 1957 3449 (Jer.

376 3461 427 3514 7.
459 3460 574 3530 ea).

446 3553 501 3606 5.
541 3551 800 3620 Quoniam
837 3554 980 3608 enim
1017 3555 1289 3612 dremones
1329 3556 1432 3613 hoc
1466 3557 1591 3613 culti
1623 3567 1748 3613 sunt
1776 3558 1956 3625 modo,

379 3643 514 3712 ipse,
558 3659 626 3698 ne
651 3646 914 3715 quaapiam
946 3645 1070 3702 hinc
1109 3647 1489 3709 inﬁrmioribus
1519 3649 1772 3718 perniciei
1799 3664 1960 3706 oeca-

376 3735 457 3790 sio
481 3737 731 3802 oriretur,
767 3737 877 3790 haec
900 3737 1204 3807 frequenter
1224 3755 1320 3810 per
1341 3738 1629 3810 praphetas
1652 3755 1840 3796 omnes
1865 3741 1962 3797 de-

377 3828 604 3882 nuntiat.
639 3827 763 3882 llmc
789 3843 910 3882 cum
952 3844 1056 3882 nou
1084 3829 1357 3897 darentur,
1405 3831 1478 3885 illi
1529 3830 1955 3900 indignabantur,

375 3931 438 3970 ac
475 3916 780 3986 frequenter
818 3918 1106 3988 instabant,
1150 3919 1388 3976 nidorem
1432 3931 1486 3976 et
1511 3920 1712 3977 fumum
1738 3921 1960 3992 exigen-

379 4017 478 4073 tes,
507 4009 849 4080 dicentesque
875 4029 888 4064 :

683 4133 733 4172 τὸ
754 4133 821 4185 τδρ
841 4134 996 4186 λάχομεν
1017 4137 1119 4187 τινες
1141 4134 1241 4184 huic
1265 4123 1358 4186 (α)·

1298 4188 1534 4252 (Romen)

377 4285 494 4356 Ipse
519 4302 649 4343 vero
681 4288 731 4342 id
776 4305 948 4359 neque
977 4291 1045 4346 ab
1085 4291 1236 4345 initio
1265 4293 1436 4362 petiit,
1469 4305 1522 4349 et
1547 4294 1759 4365 quando
1777 4295 1959 4365 jussit,

378 4379 608 4434 ostendit
629 4395 687 4433 se
717 4395 820 4434 non
853 4381 1104 4435 libentem
1129 4382 1243 4438 bare
1274 4386 1621 4453 permittere;
1659 4403 1830 4458 neque
1857 4389 1959 4443 hoc

381 4477 586 4523 tantum
613 4469 735 4524 hinc
756 4480 918 4539 patet,
950 4472 1044 4526 sed
1075 4475 1232 4528 etiam
1260 4475 1381 4545 quia
1409 4477 1516 4532 cito
1545 4479 1726 4546 solvit,
1756 4491 1811 4536 et
1837 4483 1958 4551 quia

377 4576 497 4614 cum
525 4561 611 4614 illa
642 4563 1007 4629 persolverent
1037 4580 1140 4618 non
1183 4565 1436 4622 admisit:
1463 4579 1622 4640 atque
1659 4587 1764 4625 uno
1799 4572 1963 4627 verbo

382 4667 476 4720 per
513 4652 689 4706 omnia
735 4653 1071 4723 signiﬁcavit,
1105 4655 1406 4725 bujusmodi
1455 4660 1657 4715 cultum
1705 4672 1761 4726 et
1800 4663 1960 4717 ritum

381 4745 658 4813 majestate
683 4760 777 4799 sua
808 4746 964 4816 longe
1003 4747 1275 4817 indignum
1305 4764 1444 4804 esse.
1488 4749 1600 4806 lloc
1625 4752 1804 4821 itaque
1843 4755 1958 4810 ait:

379 4837 603 4906 Propter
632 4852 726 4893 vos
759 4838 874 4894 haec
897 4839 1135 4906 toleravi,
1170 4855 1344 4910 neque
1371 4841 1454 4896 bis
1478 4856 1612 4912 Opus
1634 4843 1814 4899 habui.
1843 4844 1962 4901 Cal-

378 4946 495 4984 care
531 4931 717 4984 atrium
755 4948 922 4986 meum
968 4949 1069 4987 non
1123 4935 1408 5004 apponetis.
1455 4935 1559 4991 Aut
1603 4938 1961 5007 captivitatem

381 5025 638 5092 praedicit,
680 5035 772 5080 aut
807 5026 966 5081 etiam
1001 5027 1101 5082 boc
1139 5036 1302 5091 vetat,
1343 5029 1463 5099 quia
1506 5045 1611 5084 non
1651 5046 1770 5086 cum
1816 5042 1964 5088 recto

379 5115 561 5169 animo
601 5116 1056 5186 ingrediebantur.
1101 5120 1187 5174 15.
1222 5121 1282 5176 Si
1309 5120 1533 5188 offeratis
1560 5123 1686 5178 milii
1720 5125 1960 5192 similam,

377 5219 583 5260 vanum.
615 5207 979 5264 Mandatorum
1024 5211 1165 5266 enim
1209 5212 1312 5267 alia
1345 5223 1563 5283 propter
1600 5229 1660 5270 se
1691 5215 1826 5286 ipsa,
1857 5218 1958 5273 alia

379 5299 539 5354 aliam
581 5298 652 5353 ob
681 5314 895 5354 causam
941 5304 1432 5371 constituebantur;
1479 5313 1537 5360 ut
1567 5307 1734 5362 Deum
1777 5323 1958 5375 nosse,

381 5408 487 5450 non
532 5390 800 5455 occidere,
853 5408 958 5447 non
1005 5393 1283 5464 mceehari,
1326 5405 1380 5452 et
1422 5411 1771 5469 quaecumque
1813 5401 1959 5466 talia,

438 5505 510 5567 (a)
539 5505 824 5578 Huncnenim
852 5506 1074 5578 honorem
1096 5521 1180 5558 nos
1197 5508 1354 5578 sortiti
1371 5523 1551 5562 sumus.
1576 5519 1672 5578 Hoc
1693 5515 1761 5564 ait
1779 5517 1966 5578 Jupiter

371 5565 1070 5637 Juno'nemnalloqnens,lliad.
1103 5571 1262 5637 5‘49,
1294 5575 1511 5637 itemque
1541 5577 1726 5637 Jupiter

376 5636 554 5694 emtum
578 5630 849 5694 alloquens,
881 5633 1014 5681 Iliad.
1039 5649 1084 5690 Ω,
1115 5634 1194 5690 70,
1215 5630 1322 5682 cum
1345 5635 1408 5683 de
1429 5630 1728 5686 restituendo
1747 5644 1965 5691 Hectoris

376 5691 616 5765 cadavere
660 5691 910 5765 ageretur.
936 5702 1033 5765 ttoc
1055 5695 1359 5765 Ineptisticluo
1382 5699 1531 5748 utitur
1553 5697 1666 5748 alibi
1691 5699 1964 5765 Chrysosto-
2025 5732 2036 5738 -

375 5767 500 5812 mus,
528 5760 581 5804 ut
599 5766 774 5818 supra,
805 5758 852 5804 iu
877 5756 1056 5807 t‘saltuo
1080 5756 1156 5806 49.

2077 443 2295 502 propter
2325 436 2602 492 utilitatem
2651 439 2772 496 inde
2811 443 3210 511 provenientem
3247 450 3654 516 saneiebantur;

2074 527 2380 583 sacriﬁcare
2421 539 2620 595 autem,
2653 531 2930 588 incensum
2959 535 3176 604 oll‘erre,
3223 539 3502 594 sabbatum
3542 555 3654 596 ser-

2073 632 2220 684 vare,
2253 628 2306 674 et
2349 619 2539 676 similia
2569 638 2802 690 rursum,
2832 641 2939 681 non
2965 637 3023 682 ut
3045 627 3160 684 hate
3187 630 3376 686 ﬁerent
3401 633 3655 702 simplici-

2072 717 2176 776 ter,
2223 712 2318 764 sed
2356 721 2414 765 ut
2455 728 2522 766 ex
2567 729 2755 769 eorum
2799 719 3054 774 exercitio
3099 734 3129 774 a
3166 719 3469 776 daemonum
3508 724 3654 778 cultu

2071 798 2486 857 abducerentur.
2521 803 2654 870 Quia
2683 806 2842 876 igitur
2871 809 2984 864 haec
3007 809 3220 880 quidem
3251 813 3651 882 persolvebant,

2069 890 2165 946 sed
2202 892 2402 948 nullam
2443 893 2565 950 inde
2609 897 2888 954 utilitatem
2916 900 3300 970 pereipiebant,
3337 903 3430 958 sed
3476 903 3654 960 adhuc

2068 983 2399 1040 diemouibus
2437 986 2633 1042 addicti
2673 999 2847 1058 erant,
2872 990 2995 1061 jure
3029 991 3144 1048 haec
3171 1009 3385 1065 quoque
3429 976 3710 1065 ejiciuu-E

2070 1087 2157 1134 tur
2185 1095 2199 1132 :
2229 1079 2658 1151 quandoquidem
2682 1083 2872 1140 merito
2899 1085 3018 1154 quis
3041 1085 3288 1142 arborem
3317 1087 3546 1151 excidat,
3573 1087 3655 1143 lo—

2067 1169 2152 1224 liis
2181 1178 2236 1226 et
2267 1173 2432 1228 ramis
2460 1184 2723 1239 ornatam,
2761 1175 2854 1230 sed
2880 1173 3054 1231 fructu
3081 1191 3323 1232 vacuam.
3350 1177 3484 1234 Nam
3506 1179 3655 1235 colo-

2067 1275 2168 1315 nus
2221 1277 2436 1318 omnem
2493 1279 2674 1319 curam
2725 1267 2864 1322 circa
2925 1269 3172 1324 arborem
3220 1268 3475 1335 adhibet,
3541 1285 3650 1326 non

2066 1356 2280 1411 corticis
2315 1365 2407 1410 aut
2447 1358 2620 1412 trunci
2662 1373 2841 1421 causa,
2881 1359 2975 1414 sed
3007 1368 3063 1414 ut
3103 1359 3332 1416 fructum
3371 1361 3648 1432 decerpat.

2066 1446 2338 1502 lncensum
2361 1449 2666 1504 abominatio
2687 1452 2809 1504 mihi
2839 1461 2929 1506 est.
2967 1452 3152 1507 V'iden'
3174 1468 3296 1508 eum
3323 1468 3428 1508 non
3456 1453 3524 1508 de
3553 1470 3650 1509 na-

2066 1547 2184 1592 tura
2222 1553 2406 1594 eorum
2435 1555 2552 1610 quae
2593 1540 2695 1594 sibi
2724 1541 3088 1597 otTerebautur
3111 1543 3350 1612 gavisum
3381 1559 3520 1609 esse,
3550 1545 3645 1600 sed

2065 1628 2400 1685 olTerentium
2449 1641 2681 1687 mentem
2737 1633 3133 1702 exploravisse?
3177 1634 3302 1690 Ideo
3351 1633 3551 1689 fumum
3594 1646 3650 1690 et

2065 1721 2305 1778 nidorem
2331 1737 2398 1778 ex
2440 1723 2701 1780 sacriﬁcio
2729 1724 2842 1779 Nec
2885 1735 3189 1796 surgentem
3217 1726 3436 1782 odorem
3465 1727 3668 1781 suavior

2063 1818 2189 1872 tatis
2217 1817 2445 1884 vocavit,
2471 1817 2745 1872 incensum
2774 1832 2904 1872 vero
2939 1818 3388 1873 abominationem
3417 1817 3568 1888 (Gen.
3586 1819 3642 1875 8.

2064 1907 2180 1978 21).
2228 1907 2383 1975 Nam,
2413 1916 2470 1963 ut
2508 1907 2772 1974 dicebam,
2807 1924 2912 1964 non
2953 1917 3195 1964 naturam
3222 1909 3506 1977 donorum,
3547 1911 3646 1967 sed

2062 1999 2308 2056 allectum
2335 1999 2668 2056 oll'erentium
2707 2001 2950 2070 requirit.
2996 2002 3082 2057 M.
3114 2000 3421 2057 Neomenias
3457 2014 3647 2058 vestras

2069 2101 2116 2144 et
2144 2091 2372 2145 sabbata.
2419 2090 2817 2146 Observandum
2848 2101 2931 2147 est
2965 2107 3087 2149 eum
3120 2094 3252 2148 nihil
3295 2109 3478 2150 eorum
3523 2111 3645 2166 quae

2063 2182 2362 2235 necessaria
2383 2189 2507 2235 sunt
2528 2180 2841 2250 excludere,
2868 2181 2962 2238 sed
2984 2183 3120 2248 luce,
3150 2199 3269 2254 quae
3297 2185 3458 2240 etiam
3485 2185 3644 2240 Cbri-

2059 2282 2177 2326 stus
2209 2272 2498 2328 adveniens
2538 2272 2830 2344 abrogavit.
2866 2274 3224 2342 Quamobrem
3255 2275 3448 2332 Paulus
3475 2277 3644 2332 vehe-

2063 2365 2324 2420 mentiore
2363 2379 2492 2420 usus
2517 2380 2789 2434 sermone,
2829 2381 2949 2422 cum
2989 2377 3175 2424 contra
3201 2369 3414 2425 Judazos
3435 2385 3644 2440 pugna-

2063 2466 2168 2524 ret,
2197 2472 2304 2511 non
2335 2456 2450 2512 lucc
2471 2457 2664 2524 solum,
2697 2458 2793 2513 sed
2816 2468 2870 2514 et
2893 2459 2996 2514 alia
3028 2459 3111 2516 his
3135 2460 3363 2530 plurima
3389 2459 3642 2526 atl‘erens,

2061 2564 2174 2613 eos,
2213 2549 2303 2620 qui
2344 2549 2475 2603 nihil
2514 2565 2578 2605 ex
2611 2565 2670 2606 se
2697 2549 2952 2622 (virtutis)
2977 2551 3316 2618 exbiberent,
3349 2551 3477 2606 nihil
3507 2551 3638 2606 inde

2063 2639 2198 2693 lucri
2243 2637 2447 2694 referre
2483 2640 2640 2705 dixit,
2671 2641 2754 2695 his
2777 2640 2954 2696 verbis
2983 2659 2998 2696 :
3027 2641 3090 2698 Si
3128 2651 3297 2695 autem
3337 2651 3391 2694 tu
3427 2640 3644 2696 Iudaeus

2060 2730 2453 2800 cognominaris,
2491 2739 2540 2784 et
2564 2731 2829 2801 requiescis
2856 2731 2908 2784 in
2945 2731 3076 2802 lege,
3099 2741 3148 2785 et
3175 2731 3411 2802 gloriaris
3431 2733 3484 2785 in
3511 2730 3640 2796 Deo,

2061 2833 2107 2876 et
2135 2823 2266 2876 nosti
2292 2823 2597 2877 voluntatem
2635 2824 2764 2893 ejus,
2798 2833 2845 2877 et
2875 2823 3058 2894 probas
3097 2824 3326 2890 utiliora,
3370 2824 3647 2878 instructus
3743 2885 3746 2888 _

2062 2931 2152 2981 per
2179 2915 2339 2985 legem
2365 2915 2540 2988 (Rom.
2583 2916 2640 2970 2.
2680 2917 2768 2971 17.
2811 2916 2922 2988 18).
2967 2917 3034 2972 Ει
3063 2931 3286 2973 rursus:
3317 2917 3646 2972 Circumcisio

2061 3006 2260 3076 quidem
2281 3005 2503 3078 prodest,
2535 3009 2581 3062 si
2609 3007 2766 3079 legem
2795 3007 3052 3073 observes;
3081 3009 3126 3063 si
3148 3019 3314 3062 autem
3343 3010 3646 3075 prevarica-

2063 3106 2141 3151 tor
2155 3097 2247 3166 sis,
2265 3099 2578 3152 circumcisio
2595 3108 2681 3152 tua
2693 3100 2995 3170 prazputium
3025 3103 3160 3170 facta
3183 3109 3257 3154 est
3279 3098 3439 3169 (Ibid.
3458 3116 3506 3154 v.
3524 3097 3640 3170 25).

2065 3187 2172 3244 Nec
2197 3188 2464 3259 quidpiam
2496 3188 2699 3244 fructus
2725 3205 2819 3245 eos
2850 3189 2975 3246 inde
3015 3191 3288 3260 percipere
3315 3191 3465 3258 dixit,
3498 3193 3644 3262 quod

2065 3279 2148 3334 lex
2178 3279 2256 3334 eis
2281 3279 2587 3337 concredita
2611 3279 2698 3346 sit,
2728 3281 2850 3350 quia
2880 3296 2986 3336 non
3021 3281 3399 3338 crediderunt:
3423 3283 3474 3338 id
3501 3284 3645 3356 quod

2062 3372 2168 3427 alio
2220 3372 2380 3428 modo
2440 3373 2603 3428 David
2657 3373 3002 3429 subindicans
3065 3373 3273 3430 dicebat
3323 3392 3336 3427 :
3381 3374 3646 3431 Peccatort

2063 3473 2231 3516 autem
2272 3463 2400 3518 dixit
2450 3463 2587 3520 Deus
2623 3480 2642 3518 :
2669 3465 2839 3532 Quare
2891 3475 2945 3520 lu
2986 3483 3194 3521 cnarras
3232 3468 3462 3538 justitias
3507 3485 3646 3522 meas

2064 3554 2238 3619 (Psal.
2269 3557 2361 3612 49.
2407 3555 2537 3628 16)?
2570 3557 2704 3624 Quia
2743 3558 2885 3614 enim
2921 3558 2990 3613 de
3030 3558 3208 3614 audita
3249 3559 3474 3614 lectione
3513 3558 3647 3629 legis

2063 3663 2223 3717 supra
2251 3648 2465 3703 modum
2495 3649 2602 3704 alte
2630 3649 2932 3705 sentiebant
2959 3665 3077 3704 cum
3103 3649 3354 3721 operibus
3380 3652 3527 3705 vacui
3555 3665 3646 3705 es-

2065 3750 2206 3804 sent,
2235 3754 2302 3794 ex
2336 3738 2437 3794 hac
2469 3739 2726 3810 jactantia
2765 3741 2926 3796 etiam
2953 3740 3150 3796 Paulus
3191 3741 3311 3796 illos
3339 3739 3646 3796 deturbavit

2064 3829 2249 3884 dicens
2279 3846 2292 3883 :
2324 3831 2423 3896 Qui
2447 3847 2566 3901 ergo
2587 3832 2746 3886 alium
2768 3831 2940 3899 doces,
2971 3833 3186 3903 teipsum
3211 3849 3311 3888 non
3341 3833 3528 3887 doces?
3553 3837 3642 3903 qui

2067 3923 2312 3991 pradicas
2354 3939 2454 3976 non
2494 3924 2805 3994 furandum,
2847 3925 3035 3993 {uraris
3081 3923 3258 3994 (Rom.
3304 3925 3360 3979 2.
3403 3923 3538 3992 21)?
3579 3926 3648 3980 Et

2067 4012 2229 4067 David
2273 4013 2518 4068 similiter
2563 4013 2790 4070 dicens:
2824 4013 2887 4070 Si
2934 4014 3136 4069 videbas
3183 4019 3368 4087 furem,
3412 4016 3648 4071 currebas

2065 4123 2180 4160 cum
2229 4121 2315 4170 eo,
2360 4115 2406 4160 et
2459 4122 2573 4159 cum
2614 4106 2860 4160 adulteris
2905 4107 3183 4175 portionem
3231 4117 3370 4160 tuam
3420 4106 3639 4175 ponebas

2066 4194 2242 4264 (Psal.
2267 4196 2356 4252 49.
2385 4193 2496 4268 18).
2534 4194 2603 4250 Et
2629 4196 2762 4250 diem
2790 4212 3028 4267 magnum
3060 4213 3159 4250 non
3185 4197 3414 4252 admitto.
3447 4197 3642 4252 Pente-

2065 4296 2248 4342 costeu
2279 4287 2428 4354 dicit,
2461 4287 2868 4358 Scenopegiam,
2902 4287 3124 4355 Pascha,
3156 4299 3210 4344 et
3241 4290 3472 4361 reliquas
3494 4289 3646 4345 cole-

2067 4379 2308 4435 britates.
2335 4378 2602 4450 Jejunium
2627 4389 2673 4434 et
2701 4381 3008 4435 vacationem
3033 4381 3096 4435 ab
3121 4397 3291 4453 opere,
3326 4392 3372 4436 et
3399 4382 3650 4453 festivita-

2069 4483 2139 4526 tes
2161 4482 2350 4526 vestras
2379 4473 2484 4526 odit
2513 4473 2684 4526 anima
2724 4489 2853 4527 mea.
2882 4473 3127 4528 Humano
3161 4489 3314 4530 more
3342 4475 3488 4544 ipsos
3512 4474 3650 4529 allo-

2067 4562 2269 4631 quitur.
2311 4561 2462 4616 Facti
2491 4563 2607 4617 estis
2649 4561 2774 4621 milii
2801 4563 2870 4616 ad
2903 4565 3180 4618 satietatem
3203 4580 3222 4619 :
3249 4563 3317 4620 ad
3357 4563 3650 4633 fastidium,

2068 4654 2134 4708 ad
2172 4653 2374 4708 odium.
2419 4653 2476 4709 ld
2517 4654 2633 4724 ejus
2675 4654 2995 4710 inell‘abilem
3038 4655 3350 4726 patientiam
3390 4654 3647 4722 ostendit,

2069 4747 2209 4819 quod
2257 4763 2402 4818 sarpe
2452 4757 2734 4818 peccantes
2781 4749 2983 4816 tulerit,
3027 4765 3126 4804 nec
3167 4751 3314 4821 prius
3358 4750 3652 4805 vindictam

2069 4841 2375 4910 sumpserit,
2410 4857 2568 4912 quam
2605 4842 2855 4912 nequitiae
2895 4843 3256 4912 magnitudine
3283 4843 3454 4913 ipsum
3480 4843 3655 4898 scele-

2069 4935 2135 4987 sti
2162 4933 2456 4988 evocariut.
2487 4933 2607 4986 Non
2635 4933 2772 4988 ultra
2807 4935 3057 4988 remittam
3083 4945 3288 5002 peccata
3316 4945 3497 4990 vestra.
3532 4935 3654 4991 Non

2071 5024 2206 5078 ultra
2236 5023 2425 5094 patiar.
2455 5023 2686 5094 ldipsum
2720 5035 2798 5080 est
2827 5029 2880 5081 id
2904 5025 3046 5097 quod
3075 5027 3151 5080 ait
3177 5026 3342 5081 David
3371 5045 3386 5081 :
3419 5025 3543 5082 Hcce
3570 5029 3652 5098 fe-

2069 5116 2201 5179 cisti,
2222 5123 2266 5168 et
2295 5115 2430 5168 tacui
2452 5114 2620 5186 (Psal.
2645 5117 2735 5171 49.
2759 5115 2877 5185 21).

2143 5205 2318 5259 Oratio
2339 5206 2529 5260 inutilis
2557 5216 2628 5260 est
2652 5223 2766 5260 cum
2787 5208 2899 5276 quis
2921 5217 3196 5277 perseverat
3218 5208 3271 5262 in
3297 5210 3534 5280 peccatis.
3565 5234 3640 5249 -—

2070 5296 2104 5351 5
2119 5295 2266 5352 .Cum
2291 5298 2608 5352 extenderitis
2628 5314 2808 5352 manus
2823 5310 3012 5354 vestras
3026 5299 3094 5352 ad
3117 5316 3214 5365 me,
3237 5310 3458 5354 avertam
3478 5309 3653 5357 oculos

2070 5405 2205 5441 meos
2231 5406 2262 5440 ιι
2297 5389 2431 5442 vobis
2456 5405 2474 5442 :
2503 5398 2549 5442 et
2576 5390 2619 5442 si
2635 5389 3080 5460 multiplicaveritis
3103 5391 3528 5460 deprecationem,
3553 5407 3663 5446 non

2071 5479 2360 5532 exaudiant.
2403 5479 2529 5534 lnde
2571 5480 2736 5549 liquet
2764 5481 2960 5534 nullam
2991 5493 3110 5533 esse
3149 5480 3406 5534 orationis
3455 5482 3656 5536 utilita-

2074 5580 2215 5637 tem,
2263 5573 2648 5642 quantumlibet
2671 5575 2821 5645 longa
2848 5573 2918 5628 sit
2962 5572 3173 5643 quando
3199 5573 3244 5628 is
3269 5574 3357 5644 qui
3384 5584 3658 5646 precatur,

2076 5665 2124 5718 in
2171 5667 2402 5736 peccatis
2432 5679 2752 5737 perseverat.
2783 5666 2921 5721 Nihil
2968 5665 3108 5720 enim
3167 5667 3344 5722 virtuti
3385 5684 3479 5738 par
3528 5679 3658 5740 est,

2073 5771 2279 5811 necnon
2329 5759 2443 5812 voci
2495 5774 2612 5828 quae
2665 5775 2758 5829 per
2804 5771 2961 5826 opera
3012 5757 3404 5826 comprobatur.
3449 5758 3656 5817 Manus
