4018 6212
180 262 244 314 i9
407 248 426 268 ’
1597 263 1663 317 IN
1702 263 1844 319 lSAl‘

1952 306 1956 326 .
1995 269 2146 325 CAP.
2182 269 2221 324 i.
3545 286 3616 342 20

171 375 336 445 όλλης
361 375 563 446 ἀρετῆς
595 370 738 430 εἶναι
770 376 986 448 ἔρημοι,
1007 375 1125 430 ἀντὶ
1155 378 1417 448 μεγίστης
1435 377 1726 447 ἀπολογίας
1753 380 1850 442 τὰς

172 463 363 526 θυσίας
405 463 830 532 προεϐάλλοντο,
875 463 948 528 ὠς
999 465 1236 534 συνεχῶς
1260 465 1429 528 αὑτὰς
1451 465 1843 530 ἐπιτελοῦντες,

170 551 390 614 εἰκότως
421 540 684 622 ἑκάτερος
713 553 742 604 6
776 552 1085 622 προφήτης,
1141 552 1339 622 μᾶλλον
1380 552 1435 605 δὲ
1483 555 1576 607 καὶ
1617 556 1664 606 οἱ
1696 554 1844 608 ἄλλοι

169 640 390 700 πάντες,
417 637 623 708 ταύτης
645 637 1006 692 ἐκϐάλλουσιν
1021 639 1215 702 αὐτοὺς
1231 641 1327 710 τῆς
1344 640 1656 708 ἀπολογίας.
1683 641 1846 696 Ὅθεν

169 726 350 794 δῆλον,
382 728 471 778 ὅτι
508 727 569 778 οὐ
591 725 1018 796 προηγουμένως
1044 726 1206 779 αὑταὶ
1241 726 1522 797 ἐδόθησαν,
1559 727 1673 781 ἀλλ’
1705 729 1845 782 ὥστε

173 813 557 880 παιδαγωγιαν
591 813 842 881 γενέσθαι
889 813 988 883 τῆς
1036 813 1204 884 ἀλλης
1235 813 1486 868 ἐντεῦθεν
1537 817 1720 880 αὐτοῖς
1751 835 1848 870 πο-

171 900 407 963 λιτείας.
449 900 596 954 Ἐπεὶ
628 899 686 952 δὲ
725 899 837 954 τῶν
877 900 1192 968 ἀναγκαίων
1240 904 1673 968 κατεπειγόντων
1711 905 1847 975 ἀμε-

173 985 422 1048 λοῦντες,
455 988 510 1038 ἐν
540 985 744 1048 τούτοις
763 985 1083 1056 ἠσχόληντο,
1110 987 1228 1040 ούδέ
1256 988 1456 1053 ταύτας
1475 990 1659 1044 λοιπὸν
1679 1008 1849 1063 προσ-

185 1072 359 1126 ίεσθαί
384 1085 408 1111 ι
433 1089 588 1142 φησιν
619 1073 648 1124 6
671 1071 825 1135 Θεός.
855 1073 1012 1127 Οὐδὲ
1051 1072 1128 1127 ἂν
1147 1074 1408 1144 ἕρχησθε
1445 1076 1705 1146 ὀφθῆναί
1719 1096 1842 1147 μοι.

200 1159 321 1212 Ἐάν
355 1159 758 1229 παραγένησθε,
795 1161 985 1230 φησὶν,
1020 1163 1100 1224 είς
1143 1163 1235 1215 τὸν
1271 1164 1416 1218 ναόν.
1473 1165 1566 1230 Τίς
1599 1166 1708 1234 γὰρ
1745 1165 1847 1229 ἐξ·

187 1245 420 1313 εῇᾒτησε
461 1247 652 1302 ταῦτα
681 1247 750 1301 ἐκ
785 1246 906 1300 τῶν
949 1247 1163 1316 χειρῶν
1199 1249 1398 1319 ὑμῶν;
1446 1253 1555 1304 Kal
1586 1255 1692 1322 μὴν
1729 1254 1846 1307 ὁλό-

187 1333 370 1402 κληρον
400 1334 687 1401 σύγκειται
742 1333 944 1404 βιϐλίον
969 1336 1030 1388 τὸ
1057 1337 1340 1390 Λευιτικὸν
1370 1339 1679 1409 λεγόμενον,
1719 1343 1846 1412 περὶ

185 1420 273 1489 τῆς
303 1421 412 1472 τῶν
445 1421 649 1473 θυσιῶν
679 1421 967 1492 ἀκριϐείας
1003 1423 1346 1493 νομοθετοῦν.
1378 1426 1489 1479 Καὶ
1525 1428 1582 1479 ἐν
1607 1427 1684 1497 τῷ
1715 1429 1847 1480 Δευ-

173 1490 468 1577 τερονομίῳ
498 1507 556 1560 δὲ
585 1507 681 1560 καὶ
701 1490 768 1561 ἐν
788 1508 999 1580 ἑτέροις
1024 1490 1231 1564 πλείοσι
1258 1511 1442 1566 πολλοὶ
1481 1514 1609 1582 περὶ
1643 1490 1844 1568 τούτων

175 1594 272 1646 είσὶ
295 1594 691 1664 διεσπαρμένοι
721 1595 898 1666 νόμοι.
918 1595 1040 1661 Πῶς
1073 1592 1166 1650 οὖν
1195 1616 1348 1669 φησι,
1388 1600 1482 1666 Τίς
1522 1600 1846 1670 ἐξεζήτησε

175 1681 351 1735 ταῦτα
377 1683 446 1735 ἐκ
473 1682 595 1736 τῶν
615 1683 836 1753 χειρῶν
863 1685 1069 1754 ὑμῶν;
1101 1686 1218 1740 Ἵνα
1244 1688 1442 1760 μάθῃς,
1472 1690 1553 1743 ὅτι
1601 1692 1663 1744 οὐ
1713 1708 1845 1761 προ-

174 1767 472 1838 ηγούμενον
499 1765 567 1840 ἦν
595 1770 732 1823 Θεοῦ
757 1771 994 1843 θέλημα,
1026 1773 1086 1826 τὸ
1117 1774 1186 1828 τά
1214 1775 1436 1828 τοιαῦτα
1487 1777 1796 1848 νομοθετεῖν
1826 1821 1840 1843 ,

175 1856 279 1908 ἀλλ’
315 1857 429 1910 ἀπὸ
461 1859 560 1928 τῆς
584 1858 765 1913 αὐτῶν
787 1859 1070 1924 ἀσθενείας
1103 1860 1200 1931 τὴν
1231 1861 1403 1933 ἀρχὴν
1427 1863 1618 1919 ἐλαϐεν
1651 1867 1684 1936 ή
1715 1869 1845 1939 περὶ

173 1941 374 1996 τούτων
422 1944 736 2014 νομοθεσία.
773 1946 986 2016 Ὠσπερ
1037 1946 1144 2016 γὰρ
1190 1949 1289 2001 οὐκ
1321 1949 1569 2003 ἐϐούλετο
1612 1956 1844 2019 γυναῖκα

179 2029 510 2082 ἐπιϐαλέσθαι
549 2031 648 2100 τὴν
693 2031 832 2098 ἅπαξ
863 2032 1016 2105 ἀνδρὶ
1054 2035 1446 2103 συναφθεῖσαν,
1502 2038 1759 2108 μειζόνων
1789 2041 1845 2094 δὲ

187 2115 473 2168 ἐκκόπτων
527 2117 711 2170 κακῶν
747 2117 775 2154 δ
801 2157 815 2180 ,
866 2119 925 2172 τὸ
992 2119 1067 2190 μὴ
1131 2120 1504 2192 κωλυομένους
1556 2125 1802 2178 ἐκϐαλεῖν
1827 2166 1842 2188 ,

181 2196 597 2269 ἀναγκάζεσθαι
623 2204 868 2272 σφάττειν
897 2206 1048 2266 ἔνδον
1079 2205 1243 2271 οὔσας
1273 2209 1366 2262 καὶ
1403 2210 1756 2281 μισουμένας,
1786 2216 1846 2266 τὸ

174 2287 396 2341 ἔλαττον
428 2290 801 2362 συνεχώρησεν
826 2307 840 2320 ·
876 2291 1022 2346 οὕτω
1037 2294 1100 2366 δὴ
1125 2295 1217 2348 καὶ
1246 2295 1501 2358 ἐνταῦθα,
1537 2297 1761 2352 κωλύων
1784 2299 1846 2353 τὸ

173 2373 383 2446 δαίμοσι
412 2377 585 2442 θύειν,
616 2379 934 2446 κατεδέξατο
971 2382 1107 2454 ὅπερ
1146 2382 1245 2436 οὐκ
1270 2383 1541 2450 ἐϐούλετο,
1583 2386 1651 2439 ἵν’
1702 2387 1845 2460 ὅπερ

176 2462 418 2518 ἐϐούλετο
463 2465 806 2540 κατορθώσῃ.
851 2463 1025 2522 Τοῦτο
1059 2470 1190 2538 γοῦν
1223 2471 1355 2525 αὐτὸ
1389 2472 1550 2527 πάλιν
1589 2473 1770 2544 Ἀμὼς
1816 2477 1846 2529 6

179 2553 454 2621 προφήτης
469 2553 880 2623 ἐνδεικνύμενος
897 2555 1052 2625 ἔλεγε
1071 2574 1084 2588 ·
1119 2557 1214 2625 Μὴ
1244 2557 1471 2629 σφάγια
1499 2559 1600 2613 καί
1627 2562 1846 2628 θυσίας

178 2639 625 2708 προσηνέγκατέ
647 2658 749 2710 μοι
769 2644 874 2710 ἐτη
903 2642 1386 2712 τεσσαράκοντα;
1419 2645 1581 2715 λέγει
1605 2647 1842 2716 Κύριος.

179 2723 278 2777 Καὶ
301 2728 330 2778 6
377 2726 651 2797 Ἱερεμίας
693 2729 752 2782 δέ
783 2747 978 2799 φησιν·
1023 2732 1106 2784 Οὐ
1136 2729 1320 2786 ταῦτά
1345 2732 1537 2799 ἐστιν,
1567 2732 1607 2788 d
1631 2734 1846 2788 ἐνετει-

181 2812 374 2881 λάμην
403 2814 528 2881 τοῖς
553 2816 858 2885 πατράσιν
887 2817 1071 2884 ὑμῶν.

257 2955 315 2999 ε’.
355 2948 563 3021 Ἐπειδὴ
602 2951 711 3023 γὰρ
751 2952 845 3005 καὶ
891 2952 1140 3024 δαίμονες
1177 2955 1363 3009 τοῦτον
1405 2947 1845 3030 ἐθεραπεύθησαν

188 3034 273 3089 τὸν
294 3036 503 3106 τρόπον,
527 3040 618 3092 καὶ
643 3039 806 3103 αὐτὸς
821 3035 993 3104 οὗτος,
1019 3041 1103 3094 ἵνα
1127 3043 1364 3114 μηδεμία
1395 3047 1506 3108 τοῖς
1530 3045 1846 3100 ἀσθενεστέ-

180 3138 293 3192 p02;
322 3125 567 3178 ἐντεῦθεν
600 3127 878 3190 ἀπωλείας
913 3129 1134 3199 γένηται
1168 3131 1454 3200 πρόφασις,
1497 3132 1731 3202 συνεχῶς
1758 3134 1845 3189 διὰ

175 3209 390 3263 πάντων
431 3211 603 3266 ταῦτά
642 3230 776 3283 φησι
824 3212 934 3266 τῶν
987 3217 1302 3286 προφητῶν.
1343 3218 1568 3272 Ἐκεῖνοι
1607 3221 1704 3289 μὲν
1736 3221 1844 3293 γάρ

170 3297 261 3350 καὶ
312 3301 389 3370 μή
429 3299 723 3370 διδομένων
756 3302 1120 3371 ἠγανάκτουν,
1166 3305 1261 3357 καὶ
1293 3305 1530 3376 συνεχῶς
1587 3305 1699 3380 [10]
1747 3312 1846 3362 ἐπ-

168 3382 378 3438 έκειντο
393 3385 497 3457 τήν
547 3387 773 3442 κνίσσαν
823 3389 916 3442 καὶ
959 3388 1051 3443 τὸν
1084 3391 1290 3444 καπνὸν
1337 3392 1698 3458 ἀπαιτοῦντες
1750 3397 1844 3450 καὶ

168 3469 425 3538 λέγοντες
441 3490 455 3504 ·

553 3596 622 3652 Τὸ
654 3597 759 3666 γὰρ
786 3597 1052 3668 λάχομεν
1080 3599 1254 3669 τέρας
1287 3601 1477 3670 ἡμεῖς.

228 3739 410 3799 Αὐτὸς
439 3737 497 3790 δὲ
530 3735 654 3790 οὔτε
693 3736 752 3801 ἐξ
776 3735 950 3808 ἀρχῆς
971 3737 1163 3808 ᾔτησε,
1206 3739 1299 3792 καὶ
1325 3738 1488 3810 ἡνίκα
1533 3739 1839 3808 ἐκέλευσεν,

163 3825 388 3892 ἔδειξεν,
415 3825 502 3878 ὅτι
529 3824 652 3894 οὐχὶ
681 3823 997 3894 βουλόμενος
1032 3824 1191 3878 τοῦτο
1219 3825 1518 3898 ἐπέτρεψεν
1537 3843 1552 3860 ο
1580 3829 1642 3880 ού
1671 3828 1843 3904 ταύτῃ

160 3906 212 3960 δέ
248 3908 422 3978 μόνον
451 3946 466 3970 ,
511 3906 650 3959 ἀλλά
688 3907 781 3959 καὶ
820 3907 896 3978 τῷ
931 3907 1232 3962 καταλῦσαι
1277 3909 1483 3979 ταχέως
1521 3911 1711 3979 αύτάς,
1747 3914 1842 3966 καὶ

160 3998 322 4065 ἡνίκα
365 3995 762 4061 ἐπετελοῦντο,
805 3995 926 4066 μὴο
967 3995 1315 4067 προσίεσθαιο
1366 3998 1460 4050 καὶ
1495 3998 1585 4052 διά
1626 4000 1843 4055 πάντων

159 4084 512 4152 ἁπαξαπλῶς
539 4083 726 4154 ἐδήλου
740 4085 819 4138 ὅτι
843 4083 1020 4156 πολλῷ
1036 4085 1136 4154 τῆς
1156 4084 1542 4156 μεγαλωσύνης
1559 4087 1724 4141 αὐτοῦ
1742 4089 1842 4158 τῆς

159 4172 425 4245 λατρείας
459 4167 614 4236 οὗτος
645 4174 673 4226 6
703 4171 900 4244 τρόπος
939 4172 1175 4237 ἀνάξιος.
1205 4171 1375 4226 Τοῦτο
1418 4168 1510 4226 οῦν
1543 4191 1674 4244 φησι
1724 4175 1839 4242 νῦν,

156 4259 232 4313 ὅτι
253 4267 336 4318 Δι’
360 4261 521 4331 ὑμᾶς
549 4259 706 4313 τοῦτο
727 4261 1039 4332 ἠνειχόμην,
1063 4261 1163 4314 ούκ
1186 4261 1344 4325 αὐτὸς
1365 4261 1570 4315 τούτων
1596 4262 1838 4334 ἐδεόμην.

152 4351 380 4403 Πατεῖν
408 4365 538 4418 μου
570 4348 682 4416 τὴν
699 4347 900 4416 αὐλὴν
925 4351 994 4403 οὐ
1017 4349 1412 4418 προσθήσετε.
1465 4351 1536 4403 Ἦ
1565 4351 1663 4422 τήν
1680 4354 1841 4423 αίχμ-

153 4439 405 4491 ιλωσίαν
437 4434 1116 4508 προλέγει,ἢάπαγορεύει
1141 4435 1297 4490 τοῦτο
1327 4438 1527 4501 αὐτοῖς,
1567 4439 1752 4512 ἐπειδὴ
1779 4440 1840 4493 ού

151 4528 273 4592 μετ’
315 4525 503 4598 ὀρθῆς
536 4523 789 4594 εἰσῄεσαν
815 4523 1059 4596 γνώμης.
1105 4525 1239 4580 Ἐὰν
1275 4526 1492 4595 φέρητέ
1535 4545 1635 4596 μοι
1682 4529 1845 4598 σεμί-

148 4611 377 4676 δαλιν,
425 4610 708 4679 μάταιον.
751 4610 871 4664 Τῶν
909 4611 1018 4681 γὰρ
1066 4612 1452 4682 ἐπιταγμάτων
1503 4613 1570 4665 τὰ
1627 4615 1725 4684 μὲν
1774 4615 1841 4668 δι’

147 4698 352 4766 ἑαυτὰ,
385 4697 464 4751 τά
489 4696 546 4749 δέ
581 4695 648 4750 δι’
677 4697 841 4766 ἕτερα
894 4697 1137 4766 γίνεσθαι
1191 4698 1499 4751 ἐκελεύετο’
1529 4694 1640 4753 οἷον
1665 4700 1724 4754 τὸ
1751 4703 1842 4755 τὸν

144 4783 286 4837 θεὸν
330 4784 568 4850 εἰδέναι,
630 4782 691 4836 τὸ
729 4783 804 4854 μὴ
839 4783 1108 4852 φονεύειν,
1159 4784 1233 4856 μὴ
1281 4786 1572 4856 μοιχεύειν,
1617 4788 1711 4840 καὶ
1741 4789 1841 4841 ὅσα

143 4872 428 4939 τοιαῦτα,
469 4871 558 4925 διά
592 4871 690 4942 τὴν
725 4870 783 4936 ἐξ
815 4871 985 4942 αὐτῆς
1025 4872 1291 4941 ὠφέλειαν
1330 4875 1736 4944 ἐνομοθετεῖτο·
1781 4875 1842 4928 τὸ

147 4963 346 5030 μέντοι
385 4958 574 5022 θῦσαι,
620 4960 713 5012 καὶ
747 4960 998 5030 θυμίαμα
1027 4963 1433 5030 προσενεγκεῖν,
1477 4963 1572 5015 καὶ
1606 4963 1840 5032 τηρῆσαι

146 5049 470 5112 σάϐϐατον,
503 5047 598 5100 καὶ
629 5047 731 5100 ὅσα
769 5047 996 5100 τοιαῦτα
1025 5047 1208 5114 πάλιν,
1249 5049 1348 5119 οὐχ
1395 5049 1480 5102 ἵνα
1508 5050 1647 5103 αύτά
1671 5049 1842 5104 ταῦτα

143 5136 383 5206 γίνηται
417 5133 627 5197 ἁπλῶς.
646 5134 758 5187 ἀλλ’
791 5136 879 5188 ἵνα
902 5135 965 5188 ἐκ
993 5135 1092 5205 τῆς
1119 5135 1324 5188 τούτων
1362 5135 1590 5207 μελέτης
1613 5137 1711 5208 τῆς
1733 5138 1840 5190 τῶν

146 5223 445 5294 δαιμόνων
467 5221 788 5288 ἀπάγωνται
805 5220 1122 5293 θεραπείας.
1177 5223 1330 5277 Ἐπεὶ
1355 5220 1448 5278 οὖν
1487 5220 1632 5280 οὗτοι
1660 5224 1838 5280 ταῦτα

203 5365 234 5393 ⁸
263 5363 388 5423 Reg
408 5360 678 5423 προίεσθαι.

203 5425 236 5464 δ
265 5422 374 5473 ﬂié
400 5423 610 5487 oqnnipo
640 5422 820 5484 aliquid
842 5424 1113 5487 degiderari
1142 5424 1352 5487 \_'idetur,
1378 5426 1514 5474 verbi
1540 5431 1712 5486 gratia.
1741 5443 1842 5487 μει-

145 5489 317 5550 {ﬁliuni
336 5487 400 5533 ἃ
439 5483 688 5550 ἐκκόπτων
713 5483 891 5550 κακῶν
908 5483 1192 5550 [ὑπόθεσιν],
1234 5493 1319 5535 aut
1347 5483 1624 5550 aiiquaiox
1649 5483 1837 5538 similis.

145 5550 272 5597 Mn
305 5549 470 5596 locus
490 5545 575 5611 gui
598 5549 738 5611 quasi
763 5560 842 5611 Δ(ξι
879 5545 1075 5611 Hicine;
1107 5545 1381 5611 as'sumptus
1414 5545 1753 5611 ﬁmferebatur
1793 5552 1841 5598 in

147 5611 329 5666 mm,
357 5613 455 5656 est
476 5607 664 5668 Athesi,
689 5616 743 5657 et
762 5608 1020 5660 Bavaricus
1054 5609 1211 5674 Ἀμώς
1237 5607 1401 5670 hibet,
1418 5607 1486 5659 'ut
1509 5624 1596 5660 nos
1617 5612 1837 5660 restitui-

149 5685 272 5720 .03.

205 5738 226 5764 ε
253 5733 501 5783 ςειτὶὶὶιιε
519 5733 600 5779 καὶ
620 5729 760 5795 ἡνίκα
783 5731 1023 5795 ἐπετέλουν
1043 5733 1099 5783 τὸ
1135 5734 1218 5795 μή,
1249 5732 1393 5780 male.
1441 5731 1614 5795 Morel.
1634 5732 1722 5790 τῷ,
1753 5737 1841 5782 sed

151 5807 258 5844 ver:
285 5795 560 5864 Iec_ti0_est
588 5791 905 5864 ἐπετελοῦντο,
947 5791 1177 5864 utAhgbét
1211 5792 1711 5864 Bavaricus.__ibidgm
1735 5806 1844 5864 qtiae

153 5871 170 5901 ι
191 5869 330 5904 voce
357 5855 579 5913 ἀνάξιος,
610 5867 765 5916 usque
787 5857 844 5904 ad
885 5860 1048 5909 πατεῖν
1076 5858 1337 5918 habentur,
1380 5870 1442 5905 ex
1485 5856 1713 5905 Bavarico
1757 5856 1844 5904 de-

379 5925 522 5964 sunt.

1959 383 2059 452 μὲν
2083 386 2385 453 ἐπετέλουν,
2426 389 2486 442 τὺ
2512 391 2567 444 δὲ
2601 392 2661 457 ἐξ
2689 392 2866 447 αὐτῶν
2905 395 3004 450 οὐκ
3035 395 3368 468 ἐκαρποῦντο
3395 401 3613 474 κέρδος,

1955 471 2069 523 ἀλλ’
2097 473 2177 526 ἔτι
2210 478 2322 538 τοῖς
2353 477 2602 548 δαίμοσιν
2627 477 2767 552 ἧσαι
2791 485 3222 556 προσηλωμένοι,
3247 489 3473 553 εἰκότως
3520 493 3616 546 καὶ

1957 559 2131 613 ταῦτα
2173 563 2521 618 ἐκϐάλλεται·
2576 569 2696 621 ἐπεὶ
2743 571 2834 623 καὶ
2878 571 3092 643 δένδρον
3133 575 3357 639 εἰκότως
3391 594 3474 641 τις
3521 579 3616 632 ἐκ-

1953 647 2158 737 τέμνοι,
2183 652 2352 719 φύλλα
2381 653 2477 724 μὲν
2504 655 2625 725 ἕχον
2657 657 2748 711 καὶ
2781 658 3026 727 κλάδους,
3063 662 3289 731 καρπῶν
3319 664 3376 717 δὲ
3410 664 3615 737 ἔρημον

1953 735 2032 789 6v.
2053 738 2160 790 Kal
2177 739 2281 812 γὰρ
2302 740 2377 810 τῷ
2404 744 2626 814 γηπόνῳ
2658 747 2804 798 πᾶσα
2830 748 2958 818 περὶ
2986 749 3046 802 τὸ
3070 750 3282 822 φυτὸνή
3305 735 3614 823 ἐπιμέλεια,

1952 825 2013 876 ού
2047 825 2132 878 διὰ
2169 827 2258 880 τὸν
2287 829 2464 896 φλοιὸν
2487 832 2580 885 καὶ
2609 833 2669 885 τὸ
2692 834 2960 905 στέλεχος,
2984 837 3097 890 ἀλλ’
3122 839 3208 892 ἵνα
3239 839 3350 892 τῶν
3387 840 3618 911 καρπῶν

1954 912 2221 986 ἀπολαύῃ.
2253 918 2523 986 Θυμίαμα
2550 920 2868 991 βδέλυγμά
2883 925 2988 992 μοί
3014 925 3202 981 ἐστιν.
3251 927 3419 998 Ὁρᾷς
3443 929 3524 981 ὃτι
3551 930 3615 982 οὐ

1953 1001 2018 1069 τῇ
2050 999 2208 1066 φύσει
2228 1002 2334 1056 τῶν
2358 1008 2813 1076 προσφερομένων
2834 1009 3070 1082 ἔχαιρεν,
3097 1012 3233 1066 ἀλλά
3260 1013 3360 1084 τὴν
3390 1014 3618 1086 γνώμην

1951 1087 2061 1140 τῶν
2093 1093 2470 1158 προσαγόντων
2497 1094 2724 1164 ἐξήταζε
2743 1115 2756 1160 ;
2774 1098 2872 1151 Διὰ
2891 1099 2954 1170 δὴ
2977 1099 3136 1153 τοῦτο
3161 1101 3253 1154 τὸν
3276 1101 3376 1171 μὲν
3407 1103 3618 1157 καπνὸν

1954 1174 2048 1226 καὶ
2073 1175 2171 1246 τὴν
2195 1178 2417 1232 κνίσσαν
2455 1182 2553 1251 τὴν
2586 1184 2694 1236 ἀπὸ
2744 1186 2842 1254 τῆς
2887 1186 3077 1252 θυσίας
3128 1188 3222 1242 τοῦ
3268 1191 3393 1243 Νῶε
3441 1191 3616 1263 ὀσμὴν

1953 1263 2175 1350 εὐωδίας
2213 1267 2458 1331 ἐκάλεσε,
2504 1271 2566 1322 τὸ
2602 1271 2658 1324 δὲ
2692 1271 2940 1344 θυμίαμα
2979 1275 3272 1347 βδέλυγμα,
3305 1279 3478 1350 Ὅπερ
3507 1279 3616 1350 γὰρ

1953 1349 2108 1421 ἔφην,
2134 1353 2193 1404 ού
2228 1355 2325 1424 τὴν
2348 1355 2568 1409 ούσίανά
2596 1358 2702 1411 τῶν
2726 1359 2929 1432 δώρων,
2957 1363 3090 1416 ἀλλά
3123 1364 3221 1434 τὴν
3254 1349 3490 1419 διάθεσιν
3507 1349 3617 1420 τῶν

1953 1441 2367 1510 προσφερόντων
2396 1444 2662 1516 ἐπιζητεῖ.
2699 1447 2813 1514 Τὰς
2837 1453 3162 1518 νεομηνίας
3201 1452 3389 1522 ὑμῶν,
3419 1454 3517 1508 καί
3542 1453 3616 1508 τὰ

1952 1524 2233 1584 σάϐϐατα.
2269 1531 2690 1603 Παρατηρητέον
2721 1535 2796 1599 ὡς
2826 1537 2974 1590 οὐδὲν
3028 1540 3136 1591 τῶν
3176 1541 3492 1610 ἀναγκαίων
3519 1543 3612 1594 ἐκ·

1953 1613 2156 1675 ϐάλλει,
2206 1616 2342 1671 ἀλλὰ
2387 1619 2561 1673 ταῦτα
2595 1620 2630 1674 ἃ
2671 1623 2765 1675 καὶ
2815 1626 3260 1696 παραγενόμενος
3308 1629 3336 1680 6
3381 1629 3614 1696 Χριστὸς

1953 1700 2228 1757 κατέλυσε.
2251 1705 2342 1758 Διὸ
2367 1706 2458 1758 ml
2487 1707 2515 1757 6
2538 1708 2746 1772 Παῦλος
2767 1710 3122 1782 εὐτονώτερον
3141 1714 3221 1784 τῷ
3240 1714 3384 1783 λόγῳ
3412 1732 3618 1786 κεχρη-

1955 1789 2134 1859 μένος,
2177 1792 2337 1862 ἡνίκα
2369 1795 2503 1864 πρὸς
2536 1797 2818 1862 Ἰουδαίους
2857 1801 3110 1870 ἐμάχετο,
3137 1802 3196 1854 ού
3233 1803 3403 1855 ταῦτα
3432 1803 3612 1872 μόνον,

1951 1876 2084 1930 ἀλλὰ
2114 1881 2206 1932 καὶ
2240 1880 2400 1952 ἐτερα
2425 1883 2645 1937 πλείονα
2673 1885 2876 1939 τούτων
2898 1887 3030 1950 θεὶς,
3060 1890 3188 1952 τοὺς
3219 1890 3371 1942 οὐδὲν
3401 1890 3614 1944 οἴκοθεν

1951 1966 2422 2038 ἐπιδεικνυμένους
2441 1973 2592 2025 οὐδὲν
2625 1975 2830 2028 ἐκεῖθεν
2854 1977 3152 2046 κερδαίνειν
3181 1979 3379 2050 ἔφησεν
3409 2020 3424 2045 ,
3471 1981 3619 2037 οὕτω

1950 2053 2122 2123 λέγων
2136 2073 2150 2087 ⁸
2169 2059 2238 2110 Ei
2265 2057 2332 2109 δὲ
2347 2059 2428 2112 σὺ
2463 2060 2750 2127 Ἰουδαῖος
2766 2062 3116 2132 ἐπονομάζῃ,
3142 2065 3240 2119 καί
3257 2066 3615 2139 ἐπαναπαύῃ

1950 2144 2032 2210 τῷ
2067 2145 2249 2214 νόμῳ,
2286 2147 2383 2200 καί
2413 2147 2716 2216 καυχᾶσαι
2757 2151 2826 2202 ὲν
2865 2150 3005 2216 Θεῷ,
3051 2151 3148 2205 καὶ
3193 2152 3502 2221 γινώσκεις
3545 2156 3616 2209 τὸ

1951 2231 2202 2302 θέλημα,
2239 2234 2336 2286 καί
2368 2235 2704 2302 δοκιμάζεις
2739 2236 2809 2291 τὰ
2832 2236 3212 2307 διαφέροντα,
3251 2242 3618 2310 κατηχούμε-

1950 2337 2056 2388 νος
2100 2321 2169 2374 ἐκ
2204 2321 2309 2376 τοῦ
2353 2323 2563 2391 νόμου.
2614 2325 2725 2378 Kal
2773 2325 2968 2380 πάλινο
3009 2327 3301 2396 Περιτομὴ
3347 2328 3464 2397 μὲν
3503 2328 3614 2398 γὰρ

1949 2411 2186 2481 ὠφελεῖ,
2217 2414 2326 2466 ἐὰν
2347 2415 2536 2482 νόμον
2567 2414 2871 2483 πράσσῃς·
2897 2416 3005 2470 ἐὰν
3026 2415 3094 2468 δὲ
3119 2417 3464 2485 παραϐάτης
3513 2415 3613 2494 ᾗς,

1951 2498 1990 2566 ὴ
2031 2500 2313 2569 περιτομή
2353 2516 2470 2554 σου
2508 2501 2874 2568 ἀκροϐυστία
2917 2502 3146 2572 γέγονε.
3197 2505 3306 2557 Καὶ
3353 2505 3472 2557 οὐδὲ
3507 2505 3617 2558 ἀπὸ

1949 2588 2042 2642 τοῦ
2084 2589 2436 2660 πιστευθῆναι
2477 2591 2674 2655 αὐτοὺς
2704 2603 2728 2630 θ
2761 2592 2850 2646 τὸν
2880 2593 3042 2663 νόμον
3069 2593 3238 2663 ἔφησέ
3277 2612 3330 2648 τι
3358 2597 3484 2659 τοὺς
3523 2613 3617 2648 πι-

1954 2679 2271 2742 στευθέντας
2297 2679 2712 2751 καρπώσασθαι,
2759 2682 2947 2754 ἐπειδὴ
2977 2684 3286 2754 ἠπίστησαν
3306 2701 3320 2716 ο
3352 2685 3491 2755 ὅπερ
3523 2680 3614 2738 οὖν

1951 2765 2046 2818 καὶ
2087 2769 2115 2820 6
2160 2766 2322 2820 Δαυῒδ
2369 2768 2571 2838 ἐτέρως
2598 2769 2964 2838 αἰνιττόμενος
2989 2769 3179 2838 ἐλεγε-
3219 2769 3304 2835 Τῷ
3340 2770 3408 2824 δὲ
3431 2773 3614 2841 ἁμαρ·

1853 2906 1865 2914 ,
1950 2851 2118 2917 τωλῷ
2135 2849 2305 2906 εἶπεν
2319 2857 2352 2908 ὁ
2373 2856 2544 2919 Θεός·
2570 2854 2702 2910 Ἵνα
2723 2857 2779 2908 τί
2797 2856 2878 2910 σὺ
2896 2857 3147 2926 ἐκδιηγῇ
3168 2857 3238 2911 τὰ
3256 2857 3616 2926 δικαιώματά

1945 2955 2099 3007 μου;
2143 2940 2356 3010 Ἐπειδὴ
2391 2942 2498 3013 γὰρ
2527 2943 2637 2995 ἀνω
2671 2943 2763 2995 καὶ
2790 2944 2940 2996 κάτω
2973 2943 2991 2982 ί
3027 2947 3091 3016 τῇ
3121 2947 3374 3016 ἀκροάσει
3406 2945 3500 2998 τοῦ
3530 2946 3618 2998 νό-

1955 3043 2054 3094 μου
2091 3027 2230 3097 μέγα
2260 3029 2534 3100 ἐφρόνουν,
2555 3031 2656 3100 τῆς
2677 3031 2924 3102 πράξεως
2955 3031 3105 3091 ὄντες
3135 3031 3350 3102 ἔρημοι,
3379 3033 3472 3086 καὶ
3497 3032 3611 3104 [Η]

1950 3117 1977 3166 6
2008 3115 2215 3179 Παῦλος
2247 3117 2439 3181 αὐτοὺς
2483 3118 2734 3184 ἐξέϐαλλε
2774 3119 2866 3173 τοῦ
2911 3120 3268 3189 καυχήματος
3315 3120 3504 3172 εἰπών·
3557 3122 3612 3173 '0

1949 3199 2065 3258 οὖν
2098 3205 2398 3258 διδάσκων
2431 3205 2656 3272 ἕτερον,
2690 3209 2952 3260 σεαυτὸν
2977 3209 3049 3260 οὐ
3075 3207 3416 3272 διδάσκεις;
3447 3208 3546 3261 καί
3579 3211 3615 3263 d

1949 3294 2278 3360 κηρύσσων
2337 3293 2422 3362 μὴ
2469 3293 2770 3359 κλέπτειν,
2824 3295 3141 3360 κλέπτεις;
3201 3298 3308 3350 Kal
3367 3299 3395 3350 6
3451 3297 3614 3350 Δαυῖδ

1948 3381 2146 3451 ὁμοίως
2207 3379 2397 3448 λέγων·
2460 3383 2529 3436 El
2583 3382 2848 3450 ἐθεώρεις
2910 3384 3194 3450 κλέπτην,
3254 3384 3613 3453 συνέτρεχες

1948 3469 2128 3536 αὐτῷ,
2158 3468 2255 3523 καί
2278 3470 2426 3538 μετὰ
2455 3470 2680 3540 μοιχῶν
2709 3470 2820 3538 τὴν
2839 3471 3050 3540 μερίδα
3086 3487 3202 3526 σου
3245 3473 3464 3540 ἐτίθης.
3501 3474 3612 3528 Καὶ

1949 3558 2175 3628 ἡμέραν
2216 3557 2490 3627 μεγάλην
2523 3560 2632 3611 οὐκ
2668 3557 3088 3628 ἀνέχομαι.’ῐ“ὴν
3125 3559 3493 3632 πεντηκοστὴν
3527 3560 3615 3614 λέ-

1948 3663 2054 3714 γει,
2084 3644 2180 3717 τὴν
2206 3644 2594 3716 σκηνοπηγίαν,
2619 3645 2678 3698 τὸ
2707 3647 2916 3716 Πάσχα,
2939 3647 3031 3698 καὶ
3057 3645 3156 3710 τὰς
3176 3646 3367 3711 λοιπὰς
3395 3647 3608 3718 ἐορτάς.

1947 3734 2266 3802 Νηστείαν,
2293 3734 2389 3786 καί
2417 3733 2648 3804 ἀργίαν,
2679 3733 2776 3788 καί
2812 3734 2916 3799 τὰς
2934 3732 3140 3802 ἑορτὰς
3177 3733 3347 3803 ὑμῶν
3377 3735 3544 3802 μισεῖ
3570 3736 3608 3805 ἡ

1947 3823 2118 3892 ψυχή
2144 3841 2284 3890 μου.
2333 3821 2835 3894 Ἀνθρωπινώτερον
2876 3823 3010 3894 πρὸς
3048 3825 3246 3888 αὐτοὺς
3281 3824 3607 3893 διαλέγεται.

1961 3909 2309 3977 Ἑγενήθητέ
2335 3927 2436 3978 μοι
2459 3912 2546 3976 είς
2583 3910 2963 3979 πλησμονήν·
2999 3913 3077 3976 είς
3106 3911 3286 3983 κόρον,
3317 3913 3399 3977 είς
3434 3915 3610 3984 μῖσος.

1949 3997 2118 4050 Τοῦτο
2139 3996 2246 4066 γὰρ
2271 3995 2434 4050 αὐτοῦ
2465 3996 2700 4050 δείκνυσι
2723 3997 2819 4068 τὴν
2847 3999 3052 4067 άφατον
3078 3999 3478 4071 μακροθυμίαν,
3517 4001 3613 4056 καὶ

1947 4085 2008 4139 τὸ
2043 4085 2300 4147 πολλάκις
2323 4084 2667 4155 ἁμαρτόντας
2693 4087 2954 4152 ἐνεγκεῖν,
2981 4086 3077 4140 καὶ
3113 4086 3188 4157 μὴ
3216 4087 3480 4158 πρότερον
3510 4090 3613 4140 ἐπ-

1949 4171 2203 4236 εξελθεῖν,
2229 4170 2334 4234 ἕως
2366 4172 2526 4225 αὐτὸν
2555 4171 2708 4225 αὐτοὶ
2740 4171 2789 4224 οἱ
2814 4172 3334 4242 πεπλημμεληκότες
3357 4175 3422 4244 τῇ
3453 4174 3614 4246 ὑπερ-

1949 4260 2076 4332 ϐολῇ
2114 4259 2213 4330 τῆς
2257 4259 2518 4330 πονηρίας
2560 4258 2963 4324 ἐξεκαλέσαντο.
3019 4259 3227 4314 Οὐκέτι
3262 4259 3469 4327 ἀνήσω
3505 4261 3612 4331 τὰς

1947 4347 2233 4416 άμαρτίας
2256 4345 2439 4414 ὑμῶν.
2466 4346 2662 4399 Οὐκέτι
2696 4344 3120 4416 μακροθυμήσω.
3165 4347 3370 4401 Ταύτόν
3400 4349 3515 4400 ἐστι
3551 4348 3611 4402 τὸ

1949 4437 2054 4488 ὑπὸ
2111 4435 2204 4488 τοῦ
2268 4434 2429 4488 Δαυῖδ
2489 4434 2796 4506 εἰρημένονο
2876 4433 3071 4490 Ταῦτα
3132 4435 3445 4504 ἐποίησας,
3511 4436 3608 4493 καί

1947 4525 2223 4594 ὲσίγησα.

2019 4665 2195 4717 Ὅταν
2259 4662 2364 4729 τὰς
2437 4661 2636 4732 χεῖρας
2698 4663 2866 4733 ὑμῶν
2927 4663 3230 4732 ἐκτείνητε
3296 4666 3444 4734 πρός
3497 4681 3608 4735 με,

1947 4754 2304 4822 ἀποστρέψαι
2336 4751 2478 4818 τοὺς
2505 4753 2847 4822 ὀφθαλμούς
2870 4769 2989 4821 μου
3018 4753 3118 4822 ἀφ’
3146 4751 3331 4823 ὑμῶν·
3375 4754 3471 4807 καί
3503 4754 3613 4808 ἐὰν

1947 4843 2296 4910 πληθύνητε
2346 4839 2460 4910 τὴν
2513 4839 2746 4908 δέησιν,
2798 4842 2908 4894 οὐκ
2951 4843 3398 4911 είσαιιούσομαι.
3452 4843 3611 4898 Ὅθεν

1947 4929 2121 5000 δῆλον,
2161 4931 2243 4983 ὅτι
2275 4929 2439 4998 εύχῆς
2481 4928 2670 4997 ὄφελος
2705 4928 2879 4991 οὐδὲν,
2920 4929 3012 4981 καὶ
3047 4931 3266 5000 μακρᾶς
3296 4932 3609 5004 γινομένης,

1947 5017 2072 5070 ὅταν
2098 5017 2348 5087 ἐπιμείνῃ
2372 5019 2482 5080 τοῖς
2511 5017 2900 5087 ἁμαρτήμασιν
2930 5017 2959 5069 6
2984 5016 3287 5087 εὐχόμενος.
3312 5019 3474 5073 Οὐδὲν
3503 5019 3610 5093 γάρ

1946 5104 2148 5173 ἀρετῆς
2191 5103 2324 5166 ἴσον,
2378 5104 2472 5156 καὶ
2515 5103 2612 5173 τῆς
2662 5103 2770 5156 ἀπὸ
2813 5103 2920 5156 τῶν
2953 5103 3128 5175 ἔργων
3161 5106 3362 5176 φωνῆς.
3405 5109 3473 5161 Al
3501 5108 3611 5175 γὰρ

1948 5191 2139 5262 χεῖρες
2194 5190 2358 5260 ὑμῶν
2405 5191 2651 5260 αἵματος
2701 5190 2979 5257 πλήρειςο
3047 5194 3312 5259 τουτέστι,
3373 5197 3605 5264 φονικαί·

1946 5280 2060 5336 ἀλλ’
2082 5281 2182 5335 οὐκ
2200 5277 2320 5334 εἷπε
2343 5280 2580 5351 φονικαὶ,
2603 5279 2762 5345 ἀλλά,
2782 5279 3038 5349 Πλήρεις
3060 5282 3306 5352 αἵματος
3327 5285 3375 5348 ⁸,
3397 5283 3610 5345 δεικνὺς

2009 5424 2036 5466 d
2059 5425 2139 5475 Sic
2177 5425 2438 5474 Bavaricus
2478 5428 2634 5474 recte.
2678 5422 2809 5474 Editi
2849 5425 3010 5473 θυσίαν
3042 5431 3096 5476 et
3135 5438 3246 5475 mox
3285 5424 3609 5488 προσφερομέο

1945 5489 2462 5625 νωέἒξῖῗίίἱηηιοξειι
2489 5547 2654 5625 αύτρξ,
2674 5549 2818 5617 τηειρ.
2849 5547 3096 5623 Μοιςθικίη
3129 5554 3269 5598 textu
3298 5553 3352 5596 et
3376 5544 3526 5595 Savil.
3555 5547 3609 5597 in

1948 5610 3108 5734 “'3:63.353:‘-..§‘:&s°ima':“mm.
3165 5668 3295 5719 Ἀνω
3336 5667 3416 5715 καὶ
3440 5667 3609 5734 κάτω,

1949 5729 2387 5798 ιιιτδιιηιίίεοτδιιιη
2415 5732 2474 5780 ad
2515 5733 2724 5798 litteram
2765 5729 3166 5798 inteIpI-elamur,
3187 5738 3292 5798 Δειυι.
3314 5742 3401 5798 ειιδν
3415 5729 3610 5798 tuque;

1950 5803 2037 5846 sed
2061 5797 2185 5858 apud
2204 5796 2596 5858 tlhrysoswynum
2620 5795 2835 5851 aliosque
2865 5791 3051 5858 Pati-gs.
3088 5798 3143 5858 ιιι
3185 5790 3507 5855 frequentiam
3526 5790 3612 5843 aut

1954 5853 2311 5911 vehementiam
2335 5853 2595 5916 exprimat,
2623 5859 2988 5916 uisurpatprtpt
3001 5854 3089 5898 hoc
3118 5853 3238 5903 loco.

2020 5920 2043 5959 ε
2068 5923 2147 5970 Sic
2177 5920 2342 5970 Bavar.
2368 5937 2380 5966 -.
2405 5913 2603 5977 αἳματος
2631 5915 2800 5964 deerat
2824 5914 2873 5960 iu
2901 5913 3074 5963 Editis.
