4018 6212
331 253 393 308 ει
1641 252 1703 306 IN
1746 252 1897 308 lSAll

2035 257 2185 312 CAP.
2228 259 2270 315 I.
3549 297 3620 353 ε,

331 370 467 421 enim
487 378 668 422 vestrm
683 365 932 439 sanguine
955 363 1118 437 plena:
1141 377 1257 421 sunt
1282 384 1297 422 :
1330 368 1428 422 hoc
1459 379 1537 424 est
1557 413 1570 434 ,
1602 369 1879 422 homicida:
1909 367 1939 425 ξ’

330 470 386 512 at
419 475 521 512 non
554 457 727 520 dixit,
763 459 1075 523 Homicidia,
1108 458 1232 526 sed,
1268 459 1443 513 Plena:
1479 461 1757 530 sanguine,
1790 459 1929 513 indi-

329 565 458 602 ratis
489 548 611 601 illos
639 547 894 602 meditate
922 550 1152 617 peccatis
1174 550 1416 606 addictos
1446 551 1626 614 fuisse,
1657 561 1710 605 et
1737 552 1929 621 ubique

324 658 454 694 cum
484 640 840 696 vehementia.

403 726 469 787 ἶὶ.
497 733 690 802 Estque
711 731 841 785 illud
873 733 1294 787 mansuetudinis
1338 734 1450 802 ejus
1482 734 1752 800 indicium,
1786 740 1926 808 quod

331 839 466 875 nun
498 823 859 888 comminatur,
891 824 1150 876 rationem
1186 823 1390 879 aﬂ‘erat.
1437 826 1635 881 Causas
1673 829 1812 882 enim
1835 831 1929 885 ad-

336 915 444 979 dit,
479 929 569 967 cur
589 929 686 967 non
716 914 962 967 admittat
989 914 1302 969 orationem.
1328 917 1410 971 16.
1442 917 1724 986 Lavamini,
1752 923 1928 974 mundi

340 1017 511 1059 estote.
543 1006 664 1069 Cur,
692 1021 814 1060 cum
839 1007 1058 1072 dixerit,
1093 1005 1213 1060 Non
1262 1006 1396 1061 ultra
1432 1012 1679 1064 remittam
1725 1024 1926 1082 peccata

346 1108 519 1162 vestra,
540 1097 819 1152 consilium
842 1098 954 1162 dat,
978 1107 1032 1152 et
1056 1113 1175 1152 cum
1194 1100 1487 1154 ostenderit
1528 1103 1670 1170 ipsos
1712 1104 1922 1157 incura-

343 1189 425 1241 hili
455 1189 644 1243 morbo
674 1190 940 1254 laborare,
974 1190 1400 1246 emendationem
1432 1192 1676 1247 inducit?
1707 1195 1820 1249 Mos
1841 1205 1923 1250 est

339 1281 469 1346 Deo,
501 1283 665 1335 etiam
696 1298 816 1336 cmn
849 1283 1207 1337 comminatur
1227 1324 1240 1347 ,
1288 1285 1354 1339 de
1397 1286 1566 1340 salute
1595 1287 1922 1356 desperatio-
1966 1293 1968 1296 ’

327 1387 446 1424 nem
473 1372 692 1439 efferre,
747 1382 801 1427 ut
851 1383 1041 1443 augeat
1094 1384 1316 1440 metum,
1355 1393 1524 1446 neque
1555 1378 1641 1433 hic
1669 1381 1920 1450 loquendi

325 1461 484 1517 tinem
513 1463 712 1528 facere,
757 1475 814 1518 ut
841 1464 1032 1518 bonam
1062 1481 1211 1535 spem
1239 1466 1502 1535 subjiciat,
1534 1478 1587 1522 et
1606 1473 1682 1524 sic
1708 1486 1916 1526 rursum

323 1557 389 1611 ad
412 1559 784 1628 pmnitentiam
803 1568 1042 1612 revocet.
1069 1558 1228 1628 quue
1251 1560 1444 1630 ubique
1463 1561 1574 1616 ﬁeri
1601 1563 1780 1618 videre
1809 1574 1913 1619 est.

323 1648 461 1718 Erga
488 1647 750 1703 Ninivitas
774 1659 919 1704 certe
943 1648 994 1702 id
1025 1665 1128 1703 non
1158 1651 1352 1718 verbis,
1380 1652 1471 1706 sed
1493 1653 1740 1721 operibus
1771 1654 1912 1709 fecit.

324 1739 516 1796 Verbis
544 1741 685 1796 enim
715 1740 847 1794 nihil
877 1741 1000 1795 boni
1028 1743 1314 1812 pollicitus,
1349 1744 1441 1799 sed
1488 1746 1657 1800 solum
1708 1750 1912 1817 suppli-

320 1830 465 1884 cium
519 1841 638 1899 post
686 1832 1154 1887 comminationcm
1203 1834 1390 1890 adesse
1436 1847 1758 1904 monstrans,
1789 1840 1911 1910 quia

317 1921 538 1976 barbari
563 1940 769 1989 omnes,
793 1939 910 1994 qua:
950 1939 1162 1979 suarum
1186 1926 1412 1995 partium
1443 1937 1612 2007 erant,
1644 1932 1910 1999 praestite-

323 2021 481 2076 runt,
498 2014 634 2066 iram
655 2015 758 2067 cito
781 2013 996 2069 sedavit.
1023 2014 1109 2070 Sic
1135 2025 1187 2071 et
1206 2033 1389 2072 rursus
1416 2018 1466 2073 in
1485 2019 1695 2076 Psalmo
1714 2023 1906 2079 David:

337 2101 449 2168 jam
477 2102 618 2155 enim
650 2103 754 2156 dixi
782 2106 940 2174 ipsum
969 2107 1031 2159 iis
1061 2122 1276 2176 prorsus
1299 2110 1490 2165 similia
1520 2113 1686 2182 loqui,
1713 2130 1831 2184 qua:
1854 2115 1906 2170 in

334 2194 442 2244 hoc
470 2195 730 2260 protentio
758 2195 1010 2251 habentur
1039 2198 1052 2228 ¹
1086 2215 1098 2250 :
1131 2214 1195 2253 ac
1218 2201 1354 2255 sicut
1384 2200 1468 2255 hic
1491 2202 1564 2256 ait
1588 2222 1600 2256 :
1620 2202 1902 2272 Lavamini,

325 2283 513 2334 mundi
558 2293 726 2348 estote,
774 2296 888 2353 post
934 2289 1376 2345 comminationes
1408 2310 1421 2345 :
1450 2295 1527 2347 sic
1555 2303 1605 2348 et
1645 2295 1732 2349 ille
1760 2306 1905 2363 post-

315 2389 477 2442 quam
511 2375 736 2442 dixerat,
776 2380 1000 2448 Arguam
1044 2391 1091 2434 te
1143 2391 1190 2435 et
1239 2393 1454 2437 statuam
1498 2397 1671 2440 contra
1724 2389 1906 2457 faciem

315 2472 456 2516 tuam
486 2465 773 2534 iniquitates
794 2477 929 2530 tuas,
958 2469 1160 2525 addidit
1199 2490 1211 2525 :
1246 2472 1570 2542 Sacriﬁcium
1614 2479 1780 2533 laudis
1809 2483 1904 2533 lio-

313 2557 599 2623 noriﬁcabit
627 2575 724 2625 me,
773 2569 819 2614 et
846 2562 950 2614 illic
994 2564 1108 2628 iter,
1154 2581 1252 2632 quo
1299 2567 1557 2620 ostendam
1581 2570 1650 2623 eis
1683 2571 1905 2626 salutare

316 2645 408 2699 Dei
452 2646 640 2720 (l’sal.
696 2649 787 2705 49.
839 2651 931 2706 21.
982 2652 1118 2723 25);
1151 2655 1359 2711 laudem
1394 2673 1587 2713 vocans
1621 2675 1773 2728 eam,
1801 2679 1901 2732 qua

312 2751 409 2805 per
431 2753 593 2807 opera
622 2741 792 2810 gloria
819 2742 930 2799 Deo
951 2743 1177 2800 refertur
1197 2786 1213 2815 ,
1250 2755 1315 2802 ‘ct
1360 2749 1712 2818 cognitionem
1764 2752 1901 2807 divi-

314 2844 502 2883 uorum
510 2872 522 2882 .

394 2919 550 2974 Liberi
577 2924 776 2977 arbitrii
813 2935 1049 2992 potestas.
1088 2927 1298 2983 Virtutis
1323 2933 1612 2986 exercendae
1635 2934 1900 3004 difﬁculta-

322 3021 410 3064 tes.
432 3042 498 3052 —
518 3013 582 3069 Ut
609 3031 741 3069 vero
767 3032 887 3071 cum
917 3019 1178 3079 audirent.
1212 3020 1494 3089 Lavamini,
1519 3025 1692 3078 mundi
1721 3037 1893 3094 estote,

314 3119 419 3158 non
444 3105 629 3160 solitas
667 3107 787 3162 illas
830 3110 1224 3178 purilicationes
1251 3115 1580 3183 cegitarent,
1632 3119 1893 3187 subjecit:

307 3196 515 3263 Auferte
530 3197 752 3252 malitias
767 3199 828 3252 ab
841 3201 1103 3256 animabus
1118 3203 1288 3261 vestris
1307 3220 1339 3256 a
1357 3218 1620 3276 conspectu
1638 3212 1897 3266 oculorum

301 3306 533 3343 nieorum
553 3331 567 3355 ,
591 3303 782 3346 cessate
810 3310 842 3346 a
867 3297 1100 3364 nequitiis
1122 3300 1314 3351 vestris.
1343 3298 1562 3355 Virtutis
1586 3302 1893 3362 facilitatem

301 3381 561 3445 ostendit,
603 3391 658 3437 et
697 3386 973 3452 potestatis
1021 3387 1330 3456 arbitrium,
1377 3394 1498 3463 quia
1546 3411 1709 3465 penes
1748 3398 1892 3466 ipsos
1935 3401 1942 3408 ’

297 3482 418 3526 erat
441 3483 497 3526 ut
523 3484 873 3530 mutarentur.
924 3478 1011 3531 17.
1060 3478 1248 3535 Discite
1282 3483 1463 3537 bonum
1505 3490 1687 3556 ['acere.
1713 3489 1892 3560 Usque

296 3564 515 3619 adeoex
536 3568 730 3634 ingenti
753 3563 952 3622 malitia
963 3571 1175 3626 virtutis
1197 3576 1549 3644 cognitionem
1563 3579 1885 3647 abjecerant.

291 3653 386 3708 Sic
408 3665 463 3708 et
500 3655 759 3725 propheta
791 3658 953 3714 David
994 3660 1121 3715 dicit
1150 3680 1164 3716 :
1207 3663 1394 3731 Venite,
1426 3668 1542 3734 ﬁlii,
1582 3671 1753 3723 audite
1774 3689 1888 3726 me:

307 3745 534 3797 timerent
587 3745 791 3802 Domini
843 3750 1025 3804 docebo
1067 3768 1151 3805 vos
1200 3749 1393 3825 (Psal.
1438 3759 1526 3814 55.
1579 3759 1700 3834 12).
1731 3763 1886 3818 Omni

301 3834 511 3903 quippe
536 3837 748 3892 scientia
779 3841 892 3894 luce
919 3844 1160 3911 superior
1194 3856 1294 3912 est,
1323 3863 1438 3917 quae
1464 3864 1530 3903 eo
1558 3852 1743 3922 majori
1766 3863 1888 3924 eget

296 3925 508 3988 studio,
535 3929 665 3996 quod
690 3931 837 4000 plura
855 3932 1046 3997 habeat
1068 3936 1462 4005 impedimenta,
1479 3951 1676 3997 naturzu
1694 3961 1886 4015 nempe

291 4020 657 4089 tyrannidem,
689 4023 840 4078 liberi
861 4025 1062 4080 arbitrii
1094 4028 1378 4098 ignaviam,
1424 4032 1722 4089 dmmonum
1757 4038 1885 4092 insi-

289 4109 434 4173 dias,
483 4112 811 4180 negotiorum
861 4115 1088 4170 turbam.
1129 4117 1215 4172 Sic
1245 4127 1298 4172 et
1328 4119 1531 4175 Barueh
1565 4140 1578 4177 :
1611 4122 1708 4176 llic
1745 4123 1884 4180 Deus

289 4213 499 4266 noster;
545 4221 645 4257 non
687 4207 1000 4277 reputabitur
1024 4209 1155 4263 alius
1193 4211 1262 4264 ad
1286 4214 1642 4267 eum:invenit
1686 4223 1882 4271 omneni

284 4298 424 4347 tiam
454 4297 694 4349 scientiae.
723 4295 986 4368 Exquirite
1009 4301 1252 4366 iudicium
1283 4302 1303 4375 (
1320 4302 1540 4358 Barueh.
1572 4307 1624 4360 5.
1645 4307 1729 4362 56.
1756 4310 1877 4380 57).

284 4386 404 4442 Hoc
441 4399 544 4454 est,
578 4389 784 4460 injuriis
828 4391 1045 4448 allectos
1073 4395 1272 4460 ulcisci,
1304 4399 1480 4467 quain
1513 4415 1569 4454 re
1597 4401 1761 4455 multo
1799 4405 1878 4455 la-

281 4481 424 4535 bore
455 4491 508 4535 et
537 4483 676 4551 vigili
714 4484 892 4538 animo
934 4495 1015 4540 est
1039 4502 1190 4555 opus.
1226 4487 1346 4543 Ideo
1393 4489 1546 4554 dixit,
1592 4491 1874 4559 Exquirite.

279 4573 453 4628 Nulla
501 4577 643 4630 enim
689 4585 829 4642 sunt,
881 4593 1000 4647 qua:
1039 4578 1293 4647 justitiam
1339 4583 1642 4650 obscurent,
1688 4601 1877 4655 nempe

277 4668 463 4732 dona,
501 4669 793 4738 ignorantia
815 4711 830 4734 ,
870 4673 1124 4740 potentia,
1157 4672 1362 4742 pudor,
1397 4677 1586 4742 timor,
1623 4694 1874 4747 persona-

279 4775 406 4813 rum
457 4760 663 4823 cultus;
713 4776 775 4816 ac
817 4762 983 4816 multa
1030 4777 1164 4832 Opus
1207 4776 1288 4820 cst
1331 4767 1617 4837 vigilantia.
1650 4769 1875 4826 Liberale

276 4868 401 4904 cum
430 4851 520 4919 qui
548 4852 735 4919 injuria
786 4853 1017 4922 afﬁcitur.
1049 4854 1158 4910 Hoc
1186 4857 1356 4926 majus
1397 4870 1479 4913 est
1520 4861 1694 4930 priore
1729 4879 1872 4918 :non

272 4945 429 4998 enim
455 4945 616 5013 exigit
640 4955 698 4999 ut
718 4945 860 5015 justa
903 4945 1276 5014 decernuntur,
1321 4952 1414 5006 sed
1461 4962 1519 5007 ut
1563 4954 1628 5008 ad
1673 4957 1870 5011 exitum

270 5038 448 5090 etiam
483 5037 854 5105 perducantur.
906 5039 1140 5094 Judicate
1185 5043 1452 5110 pupillum,
1504 5054 1552 5098 et
1592 5047 1873 5116 justiﬁcate

271 5131 507 5181 uiduam.
540 5128 754 5183 Multam
789 5129 949 5185 habet
973 5133 1230 5186 rationem
1278 5135 1436 5202 Deus,
1489 5152 1555 5191 ne
1607 5139 1866 5208 qniSpiam

271 5222 424 5276 male
451 5224 710 5292 patiatur;
736 5224 989 5293 majorem
1016 5240 1158 5292 vero,
1189 5241 1305 5282 cum
1327 5227 1359 5282 ii
1386 5229 1473 5298 qui
1505 5231 1639 5285 male
1663 5231 1869 5299 patiun-

343 5385 360 5414 ¹
399 5382 456 5432 In
477 5390 655 5443 Gem,
688 5395 798 5451 μιν
1079 5394 1136 5451 «in
1175 5393 1269 5451 ὅλας
1287 5392 1336 5434 δι’
1359 5395 1443 5434 ὅλου
1466 5403 1517 5446 τῷ
1550 5402 1722 5451 προοιμίῳ
1753 5404 1864 5439 τοῦτο

263 5460 478 5504 ...σωκ
501 5453 664 5505 Porro,
683 5447 820 5507 juxta
845 5445 1064 5511 Boisium,
1093 5446 1354 5511 legendum
1379 5454 1470 5511 est,
1495 5445 1596 5506 ελοςζ
1616 5445 1719 5511 pro,
1757 5462 1862 5508 at“,

263 5514 355 5574 at,
375 5520 521 5570 3'31",
548 5521 658 5570 pro,
682 5524 815 5574 τιτι-ευ,
842 5515 892 5574 et
913 5510 982 5574 sic
1003 5520 1178 5574 sensus
1213 5509 1373 5574 evadit
1392 5509 1578 5567 clarior,
1616 5509 1862 5574 siquidem

258 5567 386 5642 t_alis
410 5567 488 5617 est
513 5584 525 5616 :
552 5567 666 5642 llam
836 5569 944 5642 dixi
965 5571 1091 5642 quod
1114 5576 1236 5620 totus
1263 5569 1496 5642 Psalmus,
1531 5567 1710 5642 nempe
1737 5581 1860 5624 XLIX

257 5630 335 5677 dc
356 5642 624 5698 quosupra
651 5631 836 5681 locutus
857 5641 952 5691 est,
976 5630 1086 5683 huic
1104 5630 1334 5696 prme
1544 5634 1604 5686 sit
1633 5630 1661 5684 τ’
1677 5648 1858 5698 nempe

257 5696 510 5750 [nunc
533 5694 692 5742 (snite.

2041 379 2146 436 tur,
2177 374 2276 430 alia
2307 378 2616 438 circumdati
2645 397 2764 444 sunt
2785 393 3107 454 calamitate.
3145 401 3380 464 Viduitas
3397 411 3542 478 enim
3564 428 3622 473 et

2038 467 2306 535 pupillaris
2343 481 2471 528 actas
2499 491 2595 544 per
2621 492 2678 534 se
2706 494 2829 538 sunt
2851 486 3210 549 intolerabiles
3239 514 3252 552 :
3285 513 3405 555 eum
3435 467 3620 556 autem

2036 561 2102 612 ab
2129 561 2245 616 aliis
2273 564 2466 622 damno
2491 571 2827 641 afﬁciuntur,
2880 589 3002 636 tunc
3047 585 3242 655 duplex
3280 601 3363 646 est
3405 599 3622 651 naufra-

2035 651 2198 720 gium.
2234 657 2318 711 18.
2352 659 2418 712 Et
2459 665 2646 729 venite,
2698 679 2746 721 et
2785 671 3133 744 disceptemus,
3185 682 3305 734 dicit
3353 683 3616 741 Dominus.
3691 707 3712 717 ί

2034 745 2431 804 Observandum
2463 765 2542 807 est
2573 757 2764 827 ubique
2790 765 2925 832 apud
2961 770 3248 836 pr0phetas
3278 774 3406 829 nihil
3455 779 3618 833 Deum

2035 840 2103 894 ita
2126 845 2418 910 requirere,
2451 863 2605 918 quam
2632 861 2686 905 ut
2721 855 2908 924 injuria
2947 860 3115 915 aﬂ'ecti
3146 866 3496 926 vindicentur.
3531 872 3618 927 Sic

2032 941 2085 984 et
2137 933 2294 997 alibi,
2346 946 2404 990 ut
2451 941 2588 1008 apud
2642 943 2915 1001 Michream
2941 950 3240 1008 dicentibus
3281 957 3478 1014 Judaeis
3511 959 3526 1015 ἐ
3557 964 3616 1019 Si

2032 1022 2160 1076 dabo
2185 1026 2513 1096 primogenita
2545 1048 2652 1086 mea
2679 1052 2770 1102 pro
2812 1038 3062 1106 impietate
3086 1062 3216 1111 mea,
3245 1052 3461 1118 fructum
3489 1059 3614 1109 uteri

2031 1115 2126 1166 mei
2151 1132 2242 1184 pro
2265 1129 2465 1184 peccato
2491 1124 2671 1176 anima:
2701 1143 2823 1179 mea:
2843 1128 3021 1198 (Mich.
3048 1134 3099 1188 6.
3126 1138 3175 1190 7.
3203 1115 3281 1209 8),
3306 1143 3573 1211 subjunxit
3596 1165 3608 1198 :

2028 1206 2482 1286 Annuntiaboltibi,
2512 1216 2679 1280 homo,
2705 1220 2824 1283 quid
2844 1223 2909 1275 sit
2932 1225 3130 1290 bonum,
3155 1241 3201 1283 el
3224 1206 3345 1302 quid
3369 1206 3612 1292 Dominus

2027 1303 2247 1370 requirat
2281 1321 2312 1355 a
2342 1315 2405 1366 te,
2436 1308 2534 1379 nisi
2562 1319 2613 1360 ut
2640 1313 2800 1380 facias
2814 1315 3088 1383 judicium,
3120 1332 3168 1374 et
3203 1325 3384 1395 diligas
3411 1330 3607 1383 miseri-

2027 1391 2271 1458 cordiam,
2299 1406 2346 1447 et
2372 1407 2579 1465 paratus
2605 1405 2674 1452 sis
2699 1403 2767 1454 ad
2788 1404 3150 1462 ambulandum
3179 1426 3290 1480 post
3333 1415 3606 1474 Demittunt

2025 1482 2187 1536 Deum
2209 1495 2368 1540 tuum.
2396 1489 2473 1543 Ac
2501 1507 2683 1547 rursus
2735 1497 2988 1566 propheta
3023 1501 3182 1557 David
3228 1505 3436 1562 dicebat
3465 1528 3477 1562 :
3504 1510 3606 1564 Mi-

2023 1577 2345 1632 sericordiam
2380 1590 2426 1634 et
2460 1584 2712 1652 judicium
2755 1589 2964 1645 cantabo
3018 1595 3124 1659 tibi,
3182 1595 3396 1652 Domine
3423 1600 3601 1672 (Psal.
3666 1671 3670 1676 1

2024 1670 2145 1726 100.
2185 1672 2270 1744 1).
2305 1672 2372 1727 Et
2403 1677 2578 1730 venite.
2610 1679 2892 1750 Postquam
2937 1683 3405 1753 justificationibus
3432 1670 3605 1750 ieom-
3661 1681 3666 1688 ί

2021 1765 2264 1830 munivit,
2291 1775 2413 1822 tunc
2458 1768 2524 1822 ad
2555 1771 2780 1826 tribunal
2811 1774 2969 1830 trahit
2997 1794 3012 1832 :
3042 1787 3093 1832 et
3119 1789 3394 1851 postquam
3423 1787 3602 1842 docuit

2019 1858 2284 1925 quomodo
2312 1860 2532 1916 crimina
2557 1874 2772 1932 exuant,
2807 1872 2929 1922 tunc
2974 1870 3207 1926 rationes
3240 1879 3502 1944 exposuit,
3533 1895 3600 1935 ne

2019 1948 2136 2002 illos
2166 1949 2472 2008 defensione
2515 1955 2794 2011 deSIitutos
2834 1962 3230 2028 reprehendens
3259 1968 3596 2026 condemnet.

2020 2039 2083 2093 Et
2111 2041 2460 2111 disceptemus.
2501 2047 2705 2103 Judicio
2729 2053 3128 2121 contendamus,
3168 2059 3241 2111 ait
3267 2060 3304 2112 ¹.
3329 2061 3429 2127 Qui
3449 2063 3596 2133 judi-

2014 2131 2097 2186 cio
2117 2136 2387 2189 contendit
2428 2137 2486 2190 tit
2517 2148 2767 2206 patronus
2811 2151 2864 2197 et
2910 2144 3165 2201 medicus.
3222 2149 3423 2206 Deinde
3452 2131 3595 2211 ﬁcum

2013 2224 2340 2282 declarasset
2369 2243 2466 2282 nos
2493 2231 2697 2286 etiamsi
2741 2248 2926 2304 magna
2957 2250 3118 2306 opera
3165 2239 3466 2309 fecerimus,
3495 2247 3588 2301 ad-

2014 2317 2114 2370 huc.
2141 2318 2255 2387 ejus
2284 2319 2562 2375 clementia
2589 2337 2723 2390 opus
2745 2323 2959 2391 habere,
2995 2338 3052 2381 ut
3101 2344 3130 2382 a
3180 2334 3410 2398 peccatis
3460 2335 3592 2389 libe-

2012 2422 2210 2471 remur,
2243 2410 2315 2462 ait
2346 2427 2358 2461 :
2391 2411 2451 2464 Si
2479 2413 2664 2481 fuerint
2704 2426 2907 2484 peccata
2933 2429 3092 2472 vestra
3120 2420 3246 2475 sicut
3272 2425 3588 2493 vermiculus,

2009 2500 2153 2569 quasi
2174 2501 2331 2553 nivem
2367 2502 2608 2557 dealbabo
2636 2519 2654 2557 :
2679 2520 2741 2558 ex
2773 2507 3034 2563 diametro
3060 2513 3330 2580 oppositas
3362 2517 3588 2584 qualita-

2010 2601 2090 2646 tes
2115 2585 2430 2658 assumens,
2455 2597 2820 2668 pollicitusque
2854 2615 2913 2655 se
2941 2601 2991 2654 in
3019 2606 3348 2659 contrarium
3393 2607 3442 2660 id
3475 2625 3590 2663 inu-

2009 2691 2254 2740 laturum.
2287 2686 2349 2740 Si
2380 2667 2543 2740 autem
2570 2700 2621 2742 ut
2662 2667 2937 2759 coccinum,
2960 2696 3103 2764 quasi
3129 2695 3298 2749 lanam
3323 2698 3584 2754 dealbabo.

2006 2775 2191 2844 Magna
2237 2777 2316 2830 vis
2371 2779 2598 2846 praesidii
2653 2795 2776 2850 erga
2824 2783 3007 2838 viduas
3035 2783 3274 2856 exhibiti,
3325 2788 3584 2858 siquidem

2004 2869 2234 2923 animam
2263 2870 2328 2924 ita
2355 2871 2644 2934 sordidam,
2689 2883 2745 2928 ut
2783 2876 3031 2946 nequitiae
3061 2878 3339 2934 tincturam
3368 2897 3586 2952 περικε-

2002 2963 2093 3029 rit,
2126 2979 2230 3018 non
2259 2965 2418 3019 modo
2449 2967 2634 3021 liberat
2662 2983 2691 3020 a
2717 2968 2936 3034 malitia,
2978 2971 3071 3025 sed
3109 2973 3266 3026 etiam
3313 2975 3379 3028 ita
3406 2977 3586 3045 splen-

2003 3056 2178 3111 didam
2217 3059 2393 3114 cflicit.
2427 3061 2511 3115 19.
2546 3060 2610 3114 Et
2651 3062 2695 3116 si
2738 3063 3019 3128 volueritis,
3049 3075 3097 3118 et
3122 3066 3445 3120 exaudicritis
3481 3086 3580 3134 me,

2003 3150 2131 3204 bona
2183 3163 2331 3206 terra:
2373 3154 2656 3207 comedetis.
2693 3154 2781 3208 ‘20.
2840 3154 2902 3210 Si
2947 3165 3115 3209 autem
3170 3158 3448 3224 nolueritis,
3494 3177 3583 3214 nec

2001 3244 2322 3298 exaudieritis
2342 3261 2438 3310 me,
2468 3247 2669 3316 gladius
2690 3246 2943 3300 devorabit
2971 3263 3075 3302 vos.
3111 3248 3181 3304 0s
3205 3251 3338 3303 enim
3375 3249 3584 3306 Domini

2000 3336 2264 3404 loquutum
2313 3347 2386 3391 est
2415 3339 2539 3392 haec.
2585 3339 2719 3406 Quia
2771 3341 2912 3394 enim
2961 3339 3312 3402 crassioribus
3355 3359 3458 3399 non
3511 3345 3579 3400 ita

1999 3428 2230 3497 Optabile
2254 3437 2306 3484 et
2327 3429 2618 3498 jucundum
2647 3431 2852 3486 videtur
2871 3431 3082 3487 liberari
3104 3449 3132 3488 a
3162 3435 3578 3503 peccatis.quam

1997 3518 2062 3573 iis
2083 3518 2182 3573 frui
2228 3520 2400 3586 bonis,
2433 3537 2550 3591 quae
2587 3522 2638 3576 in
2683 3524 2930 3593 prmsenti
2961 3524 3062 3579 vita
3092 3525 3213 3578 talia
3241 3540 3359 3580 esse
3389 3526 3576 3581 viden-

1996 3618 2114 3676 tur,
2146 3626 2265 3666 cum
2297 3611 2401 3666 illis
2430 3611 2544 3668 hare
2574 3613 2736 3668 etiam
2777 3614 3034 3684 promittit
3061 3634 3074 3670 :
3104 3631 3224 3682 nam
3253 3616 3354 3670 hoc
3395 3630 3459 3671 ex
3487 3616 3577 3670 illo

1993 3702 2208 3772 pendet.

2064 3796 2114 3850 7.
2160 3796 2357 3851 Deinde
2385 3797 2671 3853 ostendens
2699 3813 2854 3869 quam
2883 3799 3048 3855 facilis
3074 3800 3142 3854 sit
3169 3800 3334 3854 virtus
3357 3842 3373 3867 ,
3397 3800 3446 3855 in
3480 3815 3576 3854 vo-

1993 3885 2194 3940 luntate
2219 3895 2421 3941 tantum
2455 3889 2594 3942 illam
2627 3890 2793 3958 ponit.
2829 3889 2894 3945 Ut
2919 3906 2988 3945 ne
3011 3901 3187 3946 autem
3218 3907 3284 3946 ex
3311 3892 3572 3946 bonorum

1991 3981 2496 4034 commemoratione
2523 3982 2729 4036 animos
2764 3982 3018 4046 solveret,
3047 3998 3230 4038 rursus
3269 3983 3321 4038 lu
3355 3984 3570 4040 terribi-

1991 4069 2127 4124 libus
2149 4086 2448 4126 sermonem
2477 4073 2802 4126 concludens
2820 4113 2834 4134 ,
2862 4073 3023 4128 ﬁdem
3055 4073 3181 4128 facit
3209 4074 3322 4144 ejus
3347 4076 3524 4129 virtuti
3550 4117 3567 4143 ,

1989 4163 2077 4232 qui
2119 4162 2234 4216 lucc
2277 4163 2651 4231 pronuntiavit.
2701 4163 2790 4216 21.
2838 4163 3101 4230 Quomodo
3138 4169 3272 4234 facta
3304 4175 3377 4219 est
3411 4182 3571 4219 mere-

1988 4258 2089 4310 trix
2117 4257 2290 4310 civitas
2315 4255 2480 4325 ﬁdelis
2509 4255 2676 4310 Sion?
2703 4256 3012 4325 Hujusmodi
3055 4258 3276 4327 quazstio
3303 4266 3359 4312 et
3383 4257 3567 4313 dicen-

1988 4349 2053 4403 tis
2082 4347 2345 4413 dolorem,
2370 4357 2424 4402 et
2459 4336 2725 4418 ingentem
2753 4347 3058 4403 Judzeorum
3085 4349 3446 4419 stupiditatem
3469 4349 3564 4405 de~

1983 4441 2166 4505 clarat,
2185 4443 2401 4512 remque
2427 4453 2619 4511 praeter
2642 4457 2789 4512 spem
2819 4442 3075 4497 accidisse
3103 4442 3291 4496 innuit.
3312 4443 3568 4498 Similiter

1983 4533 2178 4588 Paulus
2200 4533 2339 4587 circa
2367 4531 2583 4588 Galatas
2608 4533 2801 4588 dubius
2828 4534 3087 4604 exquirit:
3117 4533 3278 4587 Miror
3303 4535 3439 4602 quod
3463 4545 3565 4589 tam

1981 4624 2079 4677 cito
2103 4625 2460 4693 transferimini
2491 4623 2697 4696 (Galat.
2733 4624 2782 4678 1.
2812 4623 2879 4694 6)
2908 4642 2921 4678 :
2954 4624 3004 4678 id
3031 4625 3169 4696 quod
3199 4609 3479 4681 accusandi
3511 4638 3566 4680 et

1982 4714 2226 4770 hortandi
2267 4716 2470 4785 species
2499 4725 2580 4770 est
2619 4725 2676 4770 ut
2701 4716 2767 4770 ad
2795 4716 3043 4771 virtutem
3072 4725 3311 4772 revocet.
3342 4717 3560 4773 Etiamsi

1980 4808 2120 4862 enim
2151 4809 2344 4862 mirum
2365 4817 2448 4864 est
2468 4808 2517 4862 id
2539 4809 2678 4878 quod
2705 4809 2918 4875 dicitur,
2949 4809 3102 4865 laude
3126 4820 3302 4865 tamen
3336 4811 3557 4866 mixtum

1979 4908 2079 4964 est,
2113 4900 2189 4954 sic
2217 4901 2610 4955 accusationem
2639 4901 2978 4956 accusatione
3011 4901 3308 4972 graviorem
3337 4903 3555 4984 iaciens.

1977 4989 2091 5044 Non
2120 4991 2259 5045 enim
2290 4991 2360 5044 ita
2387 4992 2712 5062 exagitamus
2741 5007 2835 5047 eos
2863 4993 2951 5064 qui
2979 4993 3175 5048 nullius
3208 5003 3334 5050 sunt
3378 4996 3556 5066 pretii,

1977 5081 2241 5152 vitamque
2268 5083 2454 5152 ignave
2482 5093 2664 5155 agunt,
2699 5094 2756 5140 ut
2794 5100 2888 5141 eos
2910 5086 2998 5157 qui
3026 5087 3171 5157 prius
3199 5089 3410 5144 virtutis
3433 5099 3549 5145 stu-

1976 5174 2109 5230 diosi
2157 5174 2490 5241 videbantur,
2539 5187 2594 5232 et
2645 5179 3006 5248 improborum
3051 5179 3303 5253 deinceps
3344 5199 3548 5239 morem

1973 5268 2180 5338 sequuti
2206 5278 2347 5324 sunt.
2381 5270 2708 5328 Meretricem
2735 5282 2913 5330 autem
2935 5273 3020 5330 hic
3041 5286 3213 5344 vocat,
3238 5292 3343 5332 non
3364 5293 3554 5348 corpo-

2022 5511 2037 5540 ι
2066 5507 2123 5574 In
2161 5506 2282 5574 Reg.
2308 5510 2418 5574 post
2435 5505 2783 5574 _grae_ca_verba_
2809 5507 3129 5574 δικᾳσώμεθα,
3156 5507 3312 5574 φρασίνΡ
3346 5503 3479 5574 addit
3507 5519 3518 5551 :

1954 5571 2049 5618 Καὶ
2083 5571 2162 5617 ἐὰν
2205 5568 2322 5636 dictv
2359 5569 2491 5627 ὑμῶν
2521 5569 2568 5634 ai.
2610 5569 2854 5636 ᾁμαρτίαι,
2891 5570 2954 5636 ᾡς
2988 5568 3258 5636 immiscuit,
3285 5572 3347 5621 ὠς
3386 5568 3523 5628 χιόνα

1954 5631 2184 5678 λευκανῶ.
2218 5625 2400 5676 Verum
2421 5640 2513 5675 nec
2540 5625 2588 5675 in
2613 5625 2764 5691 savii.
2795 5627 2957 5691 uecin
2988 5625 3159 5678 Morel.
3187 5625 3446 5687 habentur,
3471 5636 3521 5680 et

1953 5702 2317 5753 supervacanea
2343 5691 2421 5739 hic
2445 5699 2556 5738 esse
2577 5700 2638 5737 ex
2661 5688 2794 5738 serie
2820 5687 3066 5737 videntur.
