4010 6218
473 248 543 302 '25
1237 241 1293 298 S.
1335 238 1616 296 JOANNIS
1653 227 2130 294 CHRYSOSTOMI
2166 228 2487 284 AltClllEP.
2527 229 3061 288 CONSTANTINOP.
3675 223 3742 279 2i

477 383 621 424 ream
644 363 989 422 subindicans
1015 359 1420 426 lasciviam,sed
1454 359 1716 429 ingratum
1745 371 1866 426 erga
1900 348 2061 408 Deum

425 493 428 497 -
479 459 735 524 animum,
768 472 888 527 qua:
923 454 1206 510 fornicatlo
1234 453 1448 524 gravior
1486 463 1568 508 est
1609 452 1718 507 illa.
1771 450 1881 505 lllic
1923 449 2064 503 enim

480 550 642 603 homo
679 547 1001 602 contumelia
1031 545 1283 612 afficitur,
1317 545 1404 600 hic
1432 545 1576 600 Deus
1603 541 1975 600 contemnitur.
2010 538 2063 593 ld

479 650 656 696 autem
702 648 756 694 et
804 639 892 694 hic
940 649 994 694 et
1025 638 1115 693 alii
1145 651 1334 693 omnes
1374 636 1648 708 prophetae
1683 629 2064 701 faciuntzquia

487 731 627 786 Deus
657 731 832 784 mariti
865 731 983 785 loco
1022 728 1148 785 huic
1191 728 1391 783 civitati
1444 726 1690 797 dignatus
1731 732 1814 780 est
1858 721 2062 784 haberi,

482 823 804 878 inetiabilem
859 837 1008 878 suam
1062 836 1186 892 erga
1243 821 1363 875 illos
1409 817 1746 895 dilectionem
1791 829 2066 871 common-

482 925 695 970 strans:
730 914 915 984 illique
943 923 999 968 ut
1023 913 1089 968 de
1115 913 1229 967 viro
1257 920 1310 966 et
1338 925 1505 964 uxore
1525 923 1667 978 saepe
1688 906 2062 977 loquebantur,

482 1024 589 1063 non
619 1015 674 1061 ut
700 1006 752 1060 in
797 1005 1082 1059 humanam
1116 1002 1411 1058 crassitiem
1450 1014 1754 1055 sermonem
1792 997 2063 1068 deprime-

481 1106 624 1164 rent,
655 1096 749 1152 sed
780 1104 836 1150 ut
872 1095 988 1149 illos
1029 1109 1124 1162 per
1151 1108 1237 1147 res
1267 1091 1367 1146 sibi
1396 1090 1686 1145 familiares
1710 1087 1776 1144 ad
1805 1087 2066 1158 cognitio-

483 1205 604 1246 nem
633 1189 832 1242 amoris
878 1187 969 1242 Dei
1000 1185 1323 1240 deducerent
1349 1199 1365 1249 ;
1395 1183 1550 1238 simul
1572 1196 1698 1237 vero
1725 1179 2064 1252 turpitudinis

477 1281 834 1351 appellatione
864 1279 982 1332 illos
1005 1277 1272 1332 incessere
1295 1274 1558 1330 volebant.
1587 1274 1820 1341 Fidelis;
1852 1273 1953 1329 hoc
1981 1282 2064 1329 est

479 1372 585 1440 pia,
613 1380 664 1425 et
686 1371 830 1425 omni
856 1370 1047 1424 virtute
1073 1368 1251 1439 plena,
1281 1367 1421 1424 unde
1451 1369 1611 1423 etiam
1641 1368 1815 1438 palam
1837 1377 1918 1423 est
1939 1382 2063 1422 eum

479 1479 585 1535 non
627 1464 693 1518 de
725 1463 1071 1518 fornicatione
1116 1477 1372 1532 corporea
1408 1461 1593 1532 loqui;
1625 1463 1755 1516 alias
1801 1461 1942 1516 enim
1982 1461 2067 1516 di-

477 1559 665 1623 xisset,
693 1555 892 1612 Civitas
919 1563 1098 1620 casta;
1130 1555 1182 1609 id
1210 1555 1353 1610 enim
1384 1555 1568 1610 fuisset
1589 1557 1856 1611 meretrici
1894 1571 2064 1626 oppo-

481 1651 687 1703 situm:
717 1665 860 1705 nunc
902 1661 1079 1704 autem
1123 1649 1411 1704 ostendens
1451 1664 1509 1704 se
1536 1664 1630 1718 per
1658 1649 2063 1705 fornicationem

476 1741 816 1796 subindicare
861 1741 1207 1810 impietatem,
1243 1740 1398 1796 fidem
1435 1740 1534 1810 ipsi
1577 1739 1936 1796 adversariam
1964 1756 2063 1811 po-

477 1833 600 1886 suit.
652 1831 818 1886 Plena
855 1832 1079 1903 judicii;
1121 1833 1172 1888 id
1221 1841 1323 1898 est,
1377 1833 1531 1901 plena
1575 1833 1814 1903 justitiae.
1859 1834 2065 1889 Rursus

478 1923 769 1976 maximum
796 1923 1021 1992 crimen,
1052 1940 1157 1978 non
1180 1924 1320 1994 quod
1349 1923 1416 1979 ad
1445 1925 1748 1981 universam
1775 1925 2064 1996 nequitiam

480 2011 840 2078 defecissent,
889 2013 982 2069 sed
1019 2015 1159 2084 quod
1194 2015 1492 2070 universam
1518 2016 1769 2070 virtutem
1799 2016 2064 2086 prodidis-

479 2114 620 2170 sent,
643 2114 698 2160 et
721 2120 908 2160 omnes
932 2106 1194 2162 bonorum
1225 2107 1434 2162 divitias
1454 2105 1736 2162 confertim
1759 2123 1790 2162 e
1820 2108 2067 2164 manibus

480 2197 820 2267 abjecissent,
861 2198 926 2252 ad
967 2209 1260 2255 extremam
1288 2201 1547 2255 malorum
1579 2209 1944 2270 paupertatem
1974 2201 2068 2257 de-

479 2290 626 2358 jecti.
653 2290 720 2345 In
753 2308 856 2361 qua
887 2292 1092 2362 justitia
1129 2293 1365 2363 requievit
1409 2295 1460 2347 in
1505 2309 1585 2347 ea.
1623 2292 1831 2357 Mansit,
1873 2294 2062 2364 inquit,

482 2380 758 2448 habitavit,
799 2383 852 2438 id
899 2391 1003 2450 est,
1052 2383 1286 2453 plantata
1329 2392 1431 2451 est,
1471 2384 1677 2440 radices
1714 2386 1916 2456 posuit,
1945 2401 2066 2442 cum

482 2473 756 2529 alacritate
799 2475 866 2530 ab
900 2474 1147 2530 omnibus
1185 2475 1391 2531 civibus
1433 2477 1799 2532 exercebatur.
1832 2478 1888 2534 ln
1921 2479 2067 2549 prio-
2106 2475 2125 2482 â€œ

482 2568 628 2623 ribus
651 2567 892 2623 laudibus
913 2569 1245 2634 immoratur,
1260 2568 1418 2624 simul
1449 2584 1648 2639 augens
1673 2572 2068 2628 accusationem

480 2660 552 2715 de
574 2661 882 2726 mutatione,
903 2669 956 2716 et
971 2660 1162 2716 bonam
1181 2675 1328 2731 spem
1349 2661 1658 2732 subjiciens,
1672 2664 2069 2736 ostendensque

487 2751 644 2807 facile
671 2753 814 2820 ipsos
840 2766 996 2821 posse
1025 2752 1077 2806 in
1109 2752 1392 2822 pristinum
1425 2762 1620 2808 statum
1655 2755 1881 2811 restitui.
1917 2746 2071 2813 Nune

480 2854 654 2901 autem
679 2845 1038 2913 interfectores.
1071 2844 1360 2899 Homicida:
1383 2887 1399 2911 ,
1430 2845 1521 2901 ait.
1550 2845 1640 2900 22.
1675 2847 1951 2919 Argentum
1985 2867 2070 2904 ve-

487 2945 649 2989 strum
685 2935 970 3005 reprobum.
1001 2935 1054 2990 ld
1085 2945 1186 3001 est,
1215 2935 1353 2989 male
1377 2935 1640 3006 signatum
1662 2979 1676 3002 ,
1700 2937 2030 3008 illegitimum
2051 2982 2067 3008 ,

490 3029 702 3084 falsum.
733 3029 997 3100 Caupones
1033 3031 1104 3082 tui
1127 3029 1332 3083 miscent
1357 3029 1526 3083 vinum
1553 3045 1704 3101 aqua.
1737 3029 1870 3098 Quia
1900 3031 1952 3087 iu
1978 3048 2072 3088 ex-

489 3121 642 3178 ordio
666 3136 852 3176 eorum
883 3121 1172 3190 nequitiam
1206 3135 1312 3176 non
1343 3121 1616 3191 speciatim
1640 3124 1943 3190 recensuit;
1975 3124 2071 3179 sed

486 3213 565 3267 ait
590 3212 709 3268 illos
734 3211 1121 3282 contempsisse
1141 3253 1156 3280 ,
1189 3227 1371 3269 semen
1413 3212 1712 3282 improbum
1739 3228 1860 3270 esse
1881 3256 1896 3278 ,
1929 3223 1984 3269 et
2010 3215 2073 3270 ti-

489 3307 590 3361 lios
627 3305 868 3375 iniquos,
904 3304 1042 3374 quod
1069 3305 1365 3361 convicium
1391 3305 1667 3361 videbatur
1705 3321 1824 3362 esse
1861 3307 2035 3377 potius

489 3414 648 3470 quam
687 3398 1003 3454 accusatio:
1045 3397 1132 3454 hic
1173 3399 1541 3454 accusationes
1586 3399 1862 3470 speciatim
1906 3416 2074 3456 enun-

492 3491 615 3558 tiat,
643 3501 698 3546 et
734 3490 908 3560 primo
927 3531 942 3556 ,
974 3489 1114 3561 quod
1147 3499 1230 3546 est
1256 3499 1311 3544 et
1338 3490 1564 3560 primum
1587 3491 1850 3546 malorum
1875 3501 1930 3547 et
1958 3508 2074 3548 me-

491 3583 638 3639 dium
666 3592 720 3639 et
741 3592 1037 3639 extremum
1059 3625 1074 3650 ,
1106 3584 1380 3638 avaritiam
1401 3625 1416 3648 ,
1445 3592 1503 3639 et
1530 3584 1670 3639 circa
1702 3594 1853 3654 pacta
1879 3599 2076 3655 caupo-

492 3678 696 3731 nariam
722 3685 912 3730 artem.
942 3675 1011 3730 At
1033 3675 1246 3744 quidam
1277 3674 1597 3730 inellâ€˜abilcm
1624 3674 1716 3730 Dei
1759 3675 2072 3746 sapientiam

493 3783 599 3823 non
637 3767 1010 3837 intelligentes,
1054 3767 1157 3823 hoc
1179 3781 1275 3840 per
1303 3780 1577 3837 anagogen
1613 3765 1813 3822 dictum
1853 3781 2076 3838 accepe-

493 3870 637 3917 runt.
687 3860 870 3932 Neque
913 3861 1081 3921 enim.
1132 3860 1300 3926 aiunt,
1345 3874 1567 3932 magnus
1603 3860 1692 3916 ille
1739 3869 1794 3916 et
1833 3860 2075 3917 sublimis

495 3952 575 4008 lsa
584 3954 658 4008 ias
671 3952 739 4008 de
760 3951 1233 4007 nummulariorum
1249 3949 1477 4018 vafritie,
1492 3963 1544 4007 et
1560 3954 1626 4007 de
1645 3966 1942 4022 cauponum
1959 3968 2079 4008 cor-

494 4043 701 4114 ruptela
726 4043 972 4114 loquutus
999 4043 1184 4097 fuisset
1213 4060 1227 4096 :
1269 4040 1362 4096 sed
1389 4050 1670 4112 argentum
1703 4042 1787 4098 hic
1807 4043 1938 4100 dicit
1965 4044 2078 4099 elo-

495 4136 619 4205 quia
650 4135 742 4190 Dei
767 4175 782 4198 ,
812 4144 865 4190 et
893 4134 1074 4189 vinum
1104 4133 1400 4189 doctrinam
1425 4174 1442 4200 ,
1481 4148 1640 4203 quam
1685 4135 2079 4205 permiscebant

494 4242 621 4283 suas
659 4227 916 4283 addentes
942 4227 1266 4298 disciplinas.
1303 4227 1418 4298 Ego
1445 4243 1576 4284 vero
1603 4228 1741 4284 hanc
1761 4231 2076 4300 explicatio-

496 4333 618 4372 nem
666 4333 771 4373 non
822 4319 1098 4387 improbo,
1130 4319 1225 4374 sed
1266 4321 1422 4374 aliam
1467 4320 1732 4376 veriorem
1774 4337 1892 4377 esse
1933 4321 2076 4378 dico.

495 4408 611 4466 Non
642 4408 802 4463 modo
828 4409 968 4463 enim
996 4425 1101 4463 non
1133 4409 1404 4480 indignum
1429 4411 1692 4480 prepheta
1713 4420 1768 4466 et
1794 4413 1861 4467 de
1887 4413 2080 4469 talibus

499 4501 666 4572 loqui,
698 4500 789 4554 sed
818 4500 971 4556 valde
993 4500 1208 4571 dignum
1237 4510 1292 4556 et
1320 4501 1410 4556 illo
1435 4512 1495 4556 et
1526 4501 1621 4556 Dei
1649 4503 1994 4574 benignitate.
2016 4506 2081 4560 Et

496 4593 624 4664 quid
670 4607 802 4663 opus
844 4601 928 4647 est
971 4592 1134 4647 multa
1171 4591 1402 4648 dicere?
1429 4591 1564 4648 Cum
1606 4593 1749 4649 enim
1776 4595 2082 4665 unigenitus

500 4687 593 4742 Dei
619 4685 782 4740 Filius
809 4684 1088 4741 sublimem
1111 4685 1339 4740 atlâ€˜erens
1357 4684 1651 4741 doctrinam
1675 4686 1908 4756 advenit,
1931 4703 2082 4744 cum-

497 4794 602 4848 que
627 4777 923 4848 angelicum
948 4777 1072 4831 vita:
1110 4777 1407 4831 institutum
1447 4775 1891 4834 disseminaturus
1911 4789 2078 4846 esset,

499 4885 606 4924 non
652 4883 818 4938 pauca
866 4877 919 4924 et
947 4869 1059 4939 ipse
1101 4867 1169 4923 de
1214 4867 1482 4924 mensuris
1517 4868 1786 4934 disseruit,
1819 4869 1992 4942 deque
2019 4873 2083 4928 iis

499 4977 619 5029 quae
662 4960 850 5015 viliora
902 4960 1222 5016 videbantur
1256 4975 1397 5027 esse,
1443 4961 1511 5016 de
1557 4962 1984 5029 salutationibus,
2013 4966 2082 5021 de

500 5055 677 5111 medio
728 5055 846 5109 loco
882 5054 980 5125 (Î±),
1027 5053 1094 5111 de
1143 5055 1316 5124 primo
1359 5055 1622 5110 accubitu.
1663 5055 1794 5111 Nam
1823 5056 1936 5114 hare
1964 5075 2083 5129 qua:

501 5150 689 5220 exigua
724 5148 975 5204 videntur
996 5164 1134 5213 esse,
1170 5151 1213 5204 si
1256 5150 1605 5221 negligantur,
1635 5151 1808 5222 magni
1839 5164 2085 5224 peccato-

501 5258 620 5298 rum
654 5241 864 5296 fomites
900 5251 1042 5296 sunt.
1073 5240 1224 5309 Quod
1254 5241 1298 5296 si
1341 5241 1393 5296 in
1424 5241 1572 5298 Novo
1601 5241 1942 5298 Testamento
1970 5245 2085 5301 haec

565 5379 638 5441 ((1)
670 5378 728 5427 In
746 5385 924 5441 (succo,
948 5395 1148 5441 Î¼Î¹ÏÏ€ÏƒÎ¹Ï‰Î½.
1173 5383 1282 5441 Î—ÎµÎ¹Î¾Ï‚
1305 5383 1440 5441 recte
1464 5384 1598 5427 notat
1619 5378 1818 5441 savilius
1835 5378 1927 5429 hoc
1943 5379 2046 5430 loco
2069 5395 2081 5431 :

511 5461 532 5487 Î±
779 5437 962 5504 medios
985 5437 1194 5504 accessus
1230 5438 1510 5504 significat;
1535 5441 1622 5504 qui
1665 5439 1799 5490 locus
1843 5450 1920 5491 est
1958 5444 2085 5504 inter

503 5500 844 5553 ambulandum
867 5500 1296 5564 honoratissimusi
1322 5500 1434 5550 inde
1463 5500 1581 5564 illud
1605 5501 1915 5564 Imperatoris
1935 5503 1994 5553 ad
2027 5503 2086 5553 b-

505 5566 698 5615 bertnm
721 5578 861 5614 suum
885 5565 1013 5612 inter
1036 5563 1159 5613 duos
1180 5569 1435 5612 senatores
1472 5562 1691 5612 medium
1717 5564 2045 5616 ambulantem
2070 5580 2084 5615 :

506 5640 668 5735 .emnon
689 5635 734 5738 á¼´Îµ
752 5625 904 5736 pange:
924 5625 1048 5677 inter
1069 5639 1150 5678 eos
1179 5624 1389 5676 medium
1419 5624 1662 5685 incedere,
1686 5637 1890 5690 quorum
1925 5641 2089 5680 servus

537 5702 610 5737 sse
626 5702 686 5738 no
703 5703 755 5738 er
819 5724 830 5736 .
865 5703 888 5734 Î¹

537 5702 610 5737 sse
625 5702 798 5751 poteris
819 5702 842 5736 ,Î½
865 5703 888 5734 Î¹

2173 343 2448 416 dirigenda
2476 357 2649 413 erant,
2681 349 2850 402 multo
2881 351 3049 420 magis
3077 349 3128 405 in
3153 349 3352 420 Veteri,
3377 356 3590 427 quando
3609 372 3754 414 cras-

2170 439 2342 494 siores
2371 441 2643 495 auditores
2673 451 2850 508 erant,
2879 451 2933 497 et
2965 450 3069 498 tota
3093 443 3305 500 illorum
3329 448 3447 503 vita:
3468 453 3603 507 ratio
3626 453 3756 510 hinc

2173 530 2473 601 regebatur,
2497 545 2618 585 cum
2642 533 2868 602 p0pulus
2899 533 2980 588 his
3007 537 3176 606 magis
3199 537 3522 608 erudiretur,
3543 552 3601 598 ut
3630 560 3760 612 pro-

2169 622 2255 675 cul
2275 623 2424 677 omni
2455 623 2688 692 nequitia
2719 634 2882 692 esset,
2910 635 2964 680 et
2993 627 3045 682 in
3091 629 3240 683 nullo
3279 633 3577 700 proximum
3610 631 3756 686 frau-

2170 711 2342 777 daret,
2379 729 2552 784 neque
2589 731 2684 784 per
2721 716 2912 770 malam
2945 717 3086 772 illam
3134 725 3513 791 cauponariam
3555 739 3758 796 paupe-

2171 805 2341 859 riores
2362 807 2706 876 opprimeret.

2241 895 2294 950 8.
2325 895 2418 950 His
2456 912 2683 968 namque
2727 899 2981 970 neglectis
3024 915 3166 972 smpe
3194 903 3434 962 civitates
3462 912 3762 975 subversm,

2171 996 2224 1041 et
2254 987 2518 1057 principes
2546 988 2613 1044 de
2639 990 2773 1044 solio
2798 991 3060 1048 deturbati
3082 1004 3224 1062 sunt,
3249 996 3492 1066 bellaque
3521 1001 3769 1071 inexpia-

2174 1077 2297 1133 bilia
2347 1081 2598 1135 suscitata
2642 1099 2656 1136 :
2692 1083 3139 1152 quemadmodum
3183 1086 3265 1140 his
3307 1088 3602 1146 observatis
3651 1111 3760 1163 pax

2171 1172 2337 1228 multa
2363 1181 2417 1229 et
2445 1175 2798 1245 tranquillitas
2828 1176 2943 1242 fuit,
2972 1193 3176 1234 necnon
3207 1181 3464 1237 securitas
3491 1185 3557 1238 ad
3589 1187 3764 1241 virtu-

2170 1272 2278 1320 tem
2324 1266 2612 1323 deducens.
2655 1267 2746 1324 25.
2782 1268 3045 1340 Principes
3091 1273 3164 1324 tui
3205 1272 3576 1344 inobsequentes
3613 1291 3758 1336 sunt.

2169 1358 2412 1415 Maxima:
2477 1361 2804 1432 mgritudinis
2849 1374 2904 1417 et
2955 1365 3313 1434 perversitalis
3373 1367 3580 1436 signum
3631 1384 3753 1438 est,

2170 1453 2381 1525 quando
2403 1453 2595 1510 medici
2624 1457 2839 1511 morbos
2864 1455 3125 1526 adaugent
3149 1456 3248 1530 (Î±).
3277 1459 3581 1531 Principum
3613 1465 3760 1518 enim

2170 1557 2252 1604 est
2280 1549 2456 1619 populi
2486 1549 2772 1606 dissolutos
2812 1565 2990 1605 mores
3018 1566 3378 1623 compescere,
3424 1563 3569 1610 recte
3616 1557 3768 1611 ordi-

2171 1657 2319 1708 nare,
2345 1643 2622 1714 ipsumque
2643 1643 2846 1713 legibus
2869 1644 3321 1714 obtemperantem
3351 1647 3612 1704 reddere:
3637 1665 3766 1706 cum

2171 1742 2347 1788 autem
2378 1735 2474 1804 ipsi
2495 1735 2652 1805 primi
2680 1736 2824 1806 leges
2851 1738 3328 1808 transgrediuntur,
3351 1740 3620 1810 quomodo
3639 1742 3769 1798 aliis

2169 1823 2416 1880 doctores
2458 1825 2690 1882 fuerint?
2735 1827 2864 1882 lllud
2901 1829 3066 1897 enim,
3110 1829 3498 1902 lnobsequentes
3537 1844 3675 1904 sunt,
3708 1835 3767 1890 id

2171 1927 2271 1986 est,
2302 1919 2417 1974 Non
2446 1920 2810 1991 obsequuntur
2839 1922 2962 1992 legi,
2995 1935 3258 1994 prrccepta
3281 1941 3388 1981 non
3417 1936 3670 1983 servant:
3706 1928 3764 1984 id

2169 2010 2312 2081 quod
2335 2011 2494 2066 etiam
2526 2012 2721 2068 Paulus
2746 2012 2874 2083 ipsis
2902 2014 3108 2068 crimini
3136 2016 3226 2070 dat
3250 2016 3434 2072 dicens
3464 2035 3476 2071 :
3513 2017 3612 2086 Qui
3636 2036 3764 2091 ergo

2171 2101 2330 2156 alium
2352 2101 2519 2168 doces,
2548 2105 2762 2170 teipsum
2795 2120 2896 2158 non
2921 2105 3068 2159 doces
3095 2105 3265 2178 (Rom.
3290 2108 3345 2161 2.
3370 2107 3507 2177 ÎµÎ¹Î½
3533 2091 3761 2177 Quando

2171 2207 2300 2262 ergo
2330 2192 2482 2248 radix
2509 2203 2758 2264 corrupta
2790 2194 2966 2260 fuerit,
2997 2196 3064 2252 de
3103 2199 3265 2254 ramis
3290 2199 3413 2269 quid
3445 2201 3563 2255 boni
3585 2203 3757 2271 conji-

2172 2283 2322 2338 cias?
2348 2283 2490 2339 Socii
2517 2288 2710 2354 furum.
2743 2286 2995 2341 Accessio
3019 2288 3272 2354 criminis,
3299 2291 3437 2360 quod
3455 2307 3556 2346 non
3578 2294 3757 2348 solum

2173 2376 2312 2430 mala
2343 2390 2447 2431 non
2477 2386 2779 2443 coerceant,
2823 2379 2916 2433 sed
2955 2389 3177 2435 conatus
3204 2381 3256 2435 in
3284 2385 3604 2440 contrarium
3633 2402 3763 2442 ver-

2173 2475 2306 2536 tant,
2347 2484 2453 2524 non
2486 2469 2645 2524 modo
2681 2470 2824 2526 fures
2872 2487 2976 2527 non
3019 2485 3344 2546 oppugnent,
3395 2477 3489 2533 sed
3535 2489 3589 2534 et
3630 2481 3763 2550 ipsis

2169 2557 2481 2630 junganlur,
2513 2575 2578 2616 ex
2606 2561 2869 2618 diametro
2907 2565 3205 2634 oppositam
3245 2567 3422 2622 virtuti
3465 2569 3761 2639 principum

2177 2652 2461 2722 nequitiam
2492 2652 2771 2710 adeuntes.
2805 2653 3079 2726 Diligentes
3110 2673 3338 2712 munera.
3377 2659 3555 2715 Altera
3587 2663 3760 2732 gravis

2175 2743 2382 2812 species
2407 2741 2559 2798 famis
2581 2743 2718 2810 auri,
2749 2760 2866 2816 quae
2896 2745 3127 2801 fucatum
3158 2749 3370 2818 quidem
3413 2751 3582 2808 habet
3609 2769 3763 2824 argu-

2176 2842 2434 2901 mentum,
2469 2835 2565 2891 sed
2610 2836 2991 2893 benevolentia:
3019 2839 3236 2895 obtentu
3265 2851 3559 2899 extremam
3593 2848 3768 2901 avari-

2179 2927 2304 2981 tiam
2352 2927 2549 2999 prodit.
2603 2927 2964 3000 Persequentes
3009 2931 3406 2991 retributionem.
3455 2935 3766 2993 Memoriam

2178 3017 2489 3088 iujuriarum
2515 3031 2640 3091 erga
2690 3021 2934 3079 inimicos
2962 3035 3256 3092 servantes,
3289 3027 3426 3082 mala
3471 3030 3770 3088 retribuere

2177 3119 2437 3167 conantur
2464 3112 2530 3169 iis
2555 3113 2642 3184 qui
2669 3129 2728 3170 se
2757 3115 2946 3186 injuria
2972 3115 3280 3186 affecerunt,
3309 3135 3428 3190 quae
3474 3133 3557 3180 est
3581 3124 3772 3196 ingens

2178 3203 2392 3259 malitiae
2437 3205 2642 3273 species
2681 3225 2694 3261 :
2736 3207 3081 3276 quamobrem
3127 3224 3233 3266 non
3275 3211 3331 3267 in
3372 3212 3520 3269 Novo
3564 3225 3770 3275 tantum

2179 3296 2543 3361 Testamento,
2573 3298 2667 3354 sed
2691 3299 2849 3354 etiam
2881 3300 2933 3355 in
2963 3301 3164 3368 Veteri,
3197 3319 3388 3375 magno
3417 3308 3594 3364 studio
3618 3325 3773 3366 coer-

2179 3399 2349 3444 cetur.
2382 3389 2633 3443 Malitiam
2658 3391 2825 3457 enim,
2863 3392 3051 3462 inquit,
3099 3395 3319 3464 proximi
3349 3399 3429 3452 sui
3471 3416 3534 3454 ne
3578 3413 3776 3458 revocet

2179 3483 2389 3552 quisque
2415 3491 2629 3536 vestrum
2670 3483 2725 3537 in
2774 3485 2926 3539 corde
2958 3502 3050 3540 suo
3087 3486 3267 3557 (Zach.
3303 3489 3352 3542 7.
3389 3489 3501 3560 10).
3545 3493 3628 3548 Ab
3669 3495 3778 3552 hoc

2181 3572 2324 3626 enim
2352 3574 2600 3644 nequitia:
2629 3586 2824 3644 genere
2859 3591 3048 3645 purum
3089 3592 3208 3634 esse
3239 3589 3452 3648 oportet
3489 3585 3770 3655 populum,

2181 3665 2454 3736 multoque
2483 3667 2653 3738 magis
2698 3669 3013 3739 principem,
3060 3672 3148 3742 qui
3194 3672 3418 3728 subditis
3468 3675 3520 3730 in
3565 3677 3773 3746 judicio

2182 3756 2475 3826 prazcipere
2501 3757 2680 3822 debet,
2709 3769 2766 3814 ut
2791 3770 2990 3829 ponant
3021 3762 3342 3832 inimicitias,
3381 3781 3450 3822 ne
3495 3778 3684 3837 portus
3718 3772 3768 3826 in

2182 3848 2460 3917 scopulum
2487 3857 2740 3905 vertatur.
2777 3849 3000 3921 Pupillis
3027 3869 3127 3907 non
3149 3855 3459 3921 iudicantes.
3490 3859 3544 3913 ld
3575 3871 3676 3925 est,
3707 3863 3770 3916 iis

2183 3954 2290 3995 non
2315 3941 2730 4011 patrocinantes,
2762 3952 2817 3998 ut
2839 3943 2929 4014 jus
2963 3959 3117 4000 suum
3146 3947 3442 4006 obtineant.
3488 3950 3551 4004 Et
3567 3953 3770 4023 judicio

2183 4031 2448 4086 viduarum
2472 4049 2572 4088 non
2600 4034 2929 4098 attendentes.

2260 4124 2380 4180 Non
2404 4125 2554 4180 modo
2587 4127 2778 4181 malum
2805 4138 3113 4199 perpetrare,
3158 4130 3248 4185 sed
3271 4132 3421 4186 etiam
3455 4131 3637 4186 bonum
3665 4152 3770 4191 non

2186 4234 2334 4289 agere
2361 4219 2559 4272 crimini
2585 4220 2756 4273 datur.
2780 4248 2853 4260 â€”â€”
2875 4219 3300 4291 Observandum,
3340 4241 3448 4281 non
3477 4227 3632 4282 modo
3659 4244 3747 4284 ma

2187 4308 2298 4363 lum
2325 4317 2652 4378 perpetrare,
2685 4309 2777 4364 sed
2805 4311 2963 4366 etiam
2992 4311 3194 4369 bonum
3222 4332 3328 4373 non
3359 4333 3535 4389 agere,
3563 4320 3754 4378 crimin

2185 4399 2321 4467 dari,
2351 4400 2799 4470 quemadmodum
2819 4403 2978 4458 etiam
3007 4405 3058 4460 in
3089 4406 3238 4463 Novo
3259 4409 3618 4467 Testamento.
3643 4413 3772 4472 Nam

2185 4493 2276 4564 qui
2302 4493 2624 4550 esurientem
2656 4509 2760 4548 non
2783 4496 2951 4562 alunt,
2981 4512 3085 4552 non
3117 4500 3239 4570 quia
3263 4501 3435 4556 aliena
3463 4518 3772 4574 rapuerunt,

2187 4585 2280 4641 sed
2305 4586 2428 4656 quia
2457 4601 2551 4641 sua
2577 4587 2761 4657 egenis
2787 4603 2892 4642 non
2914 4601 3217 4660 erogarunt,
3243 4592 3295 4647 in
3314 4592 3574 4664 gehennae
3600 4597 3776 4666 ignem

2188 4678 2506 4733 mittuntur:
2544 4677 2621 4733 sic
2648 4677 2807 4749 igitur
2840 4677 2894 4733 hi
2934 4695 3076 4736 nunc
3119 4681 3447 4752 incusantur,
3493 4699 3598 4741 non
3634 4689 3775 4757 quod

2189 4771 2375 4826 alienis
2396 4771 2550 4825 bonis
2581 4771 2802 4838 inhient,
2835 4788 2940 4828 non
2969 4773 3107 4844 quod
3139 4775 3333 4846 injuste
3363 4780 3596 4847 potentia
3624 4789 3778 4837 utau-

2190 4870 2292 4928 tur,
2324 4861 2418 4916 sed
2444 4861 2586 4933 quod
2623 4864 2803 4933 egenis
2829 4863 3120 4920 ofliciosam
3152 4882 3366 4922 manum
3396 4885 3502 4924 non
3533 4871 3776 4929 tendant.

2189 4953 2278 5008 24.
2316 4951 2530 5024 PrOpter
2567 4954 2662 5008 hoc
2706 4955 2812 5010 lucc
2849 4957 2970 5010 dicit
3013 4955 3314 5012 Dominator
3342 4958 3594 5016 Dominus
3637 4961 3778 5018 Sab-

2189 5045 2360 5112 baoth,
2394 5055 2565 5115 potens
2592 5045 2758 5101 Israel
2789 5063 2807 5101 :
2837 5047 2886 5102 id
2925 5057 3026 5115 est,
3070 5050 3269 5119 populi.
3309 5049 3423 5106 Non
3463 5053 3580 5109 sine
3615 5070 3778 5112 causa

2192 5137 2341 5199 illud,
2375 5138 2585 5204 Potens,
2609 5141 2805 5210 posuit,
2836 5139 2928 5194 sed
2960 5141 3012 5196 in
3042 5141 3352 5196 memoriam
3384 5155 3645 5200 revocans
3674 5147 3782 5204 illis

2255 5319 2329 5388 (Î±)
2355 5319 2410 5370 In
2425 5326 2680 5388 cacantes,
2703 5319 3372 5388 nomtgugtsms.frilmannus
3383 5323 3549 5388 vertit,
3566 5324 3781 5388 inferunt

2191 5381 2396 5450 morbos.
2414 5383 2503 5430 sed
2530 5383 2706 5450 nielius
2727 5381 3033 5450 intelligitur,
3055 5383 3102 5431 ni
3134 5381 3491 5450 fallortmorbos
3511 5381 3776 5450 adament,

2193 5445 2320 5515 utnin
2337 5444 2620 5515 diuturnius
2643 5453 2835 5515 tempus
2860 5445 3144 5515 extrahant;
3172 5444 3403 5515 vel-forte
3429 5448 3500 5495 sic
3517 5444 3778 5515 _possi't._iu-'-

2193 5504 2368 5569 telligi.
2396 5504 2444 5553 in
2467 5504 2642 5569 morbis
2664 5504 2757 5569 ipsi
2774 5513 3052 5565 versantur;
3077 5518 3187 5569 quat
3218 5504 3561 5569 interpretatio
3600 5511 3781 5562 melius

2193 5567 2432 5630 quadrare
2455 5567 2648 5630 videtur
2670 5567 2727 5617 ad
2762 5581 2821 5630 ea
2843 5581 2953 5629 quae
2975 5567 3380 5630 sequbntupSul
3412 5570 3452 5618 si
3493 5571 3564 5618 sic
3593 5572 3780 5622 intelli-

2196 5627 2407 5695 gendum
2432 5636 2584 5695 esset,
2609 5627 2784 5691 aliquid
2809 5627 2957 5678 seriei
2996 5627 3171 5678 (Ï€á½¼Ïƒá½³
3191 5628 3465 5679 addendum
3504 5631 3779 5695 videretur.

2195 5690 2332 5740 verbi
2361 5690 2531 5754 gratia,
2558 5703 2604 5749 tt;
2627 5690 2838 5749 nam;
2859 5701 3094 5752 ÎµÏ€Î¹Ï„Ïá½·ÏƒÎ¹Î¹ÏƒÎ¹Î½.
