4018 6212
345 265 408 320 95
1623 263 1688 321 ΙΝ
1724 266 1886 324 lSAll

2019 272 2167 328 CAP.
2210 273 2250 327 Ι.
3511 285 3579 340 36

341 399 411 446 es,
437 395 547 450 qua:
573 385 768 448 praeter
791 391 941 449 spem
969 381 1282 449 consequuti
1312 387 1458 447 sunt,
1478 378 1754 447 beneﬁcia,
1785 398 1907 451 gra-

337 485 534 543 vesque.
559 485 693 542 quas
722 469 865 541 passi
882 479 1028 539 sunt,
1055 485 1263 542 pmnas.
1290 470 1424 538 Quia
1449 472 1594 528 enim
1619 487 1742 527 cum
1763 487 1907 541 sa-pe

335 574 385 622 et
407 565 560 619 multa
601 571 936 634 peccassent,
964 571 1020 619 et
1047 577 1292 634 magnam
1333 563 1429 619 Dei
1459 563 1766 634 patientiam
1805 579 1904 618 cx-

336 656 462 728 perti
499 662 688 730 essent,
743 654 801 709 in
847 653 1111 724 ignaviam
1161 654 1480 720 inciderunt,
1523 653 1578 709 id
1619 662 1765 710 certe
1793 653 1906 708 vult

337 748 608 813 declarare,
633 745 777 817 quod
802 745 1053 803 videlicet
1083 747 1274 817 possit,
1317 746 1530 817 quando
1561 746 1692 811 vult,
1723 747 1900 802 vindi-

337 850 469 896 ctam
493 853 714 905 sumere,
759 838 880 894 sine
918 838 1029 895 ulla
1056 848 1271 894 servata
1311 839 1564 910 temporis
1600 840 1682 894 vel
1707 854 1902 911 oppor-

344 931 555 988 tunitatis
575 929 880 997 occasione,
911 929 1006 985 sed
1033 930 1212 985 omnia
1257 930 1360 987 sibi
1398 943 1611 1001 semper
1640 940 1820 1002 parata
1845 940 1901 986 et

339 1023 397 1078 ad
421 1038 622 1078 manum
649 1037 789 1078 esse.
821 1020 913 1077 Vw
931 1023 1145 1094 fortibus
1168 1021 1338 1078 Israel
1361 1039 1382 1077 :
1405 1040 1507 1079 non
1531 1024 1664 1080 enim
1687 1023 1898 1078 cessabit

335 1115 463 1185 furor
481 1131 616 1169 meus
653 1125 830 1168 contra
854 1113 1090 1170 inimicos
1128 1130 1286 1169 meos.
1314 1114 1451 1181 Quid
1478 1115 1618 1170 enim
1648 1115 1912 1171 miserius.

331 1206 407 1271 iis,
429 1206 514 1277 qui
535 1205 703 1261 Deum
731 1205 931 1262 habent
952 1205 1264 1261 inimicum?
1289 1205 1412 1261 Non
1439 1206 1670 1274 cessabit,
1703 1207 1892 1278 inquit,

332 1315 424 1356 non
459 1306 516 1354 ut
549 1300 606 1356 in
647 1298 1075 1370 deSperationem
1113 1298 1394 1369 conjiciat,
1434 1299 1528 1355 sed
1556 1307 1614 1354 ut
1651 1299 1894 1356 timorem

328 1406 509 1463 augens
530 1391 596 1447 ad
627 1390 994 1462 paenitentiam
1014 1399 1189 1446 vocet.
1224 1390 1356 1446 Nam
1389 1391 1501 1456 illo,
1532 1390 1656 1446 Non
1686 1391 1896 1447 cessabit

328 1487 477 1554 furor,
505 1484 794 1540 terribilius
821 1492 903 1539 est
924 1482 1073 1551 illud,
1100 1481 1289 1538 Contra
1313 1482 1542 1538 inimicos
1567 1499 1723 1538 meos.
1747 1483 1896 1540 Nihil

326 1575 453 1630 enim
486 1577 553 1630 ita
584 1576 758 1631 Deum
799 1573 867 1630 ad
915 1573 1047 1629 iram
1092 1575 1362 1630 concitare
1407 1575 1563 1638 solet,
1594 1584 1652 1629 ut
1698 1574 1893 1646 injuria

326 1666 628 1736 pauperibus
671 1667 832 1721 facta.
893 1664 978 1720 Vae
1025 1673 1203 1721 autem
1247 1665 1463 1737 [artibus
1506 1664 1748 1732 dicebat,
1785 1680 1893 1722 non

324 1757 456 1829 quod
481 1757 789 1829 potentiam,
816 1757 910 1814 sed
939 1757 1081 1828 quod
1103 1757 1393 1828 potentiam
1421 1758 1490 1814 ad
1517 1757 1717 1816 malum
1741 1759 1896 1815 adhi-

328 1850 477 1904 bitam
502 1850 888 1906 criminaretur.
932 1849 1320 1907 Fortitudinem
1359 1865 1492 1907 vero
1518 1849 1741 1907 hicnon
1772 1867 1896 1908 cor—

327 1941 462 2011 poris
483 1941 622 2004 dicit,
652 1941 747 1997 sed
773 1955 894 1997 eam
924 1941 1211 2012 potentiam
1235 1957 1355 2013 qua:
1379 1957 1447 1998 ex
1480 1942 1640 1998 rebus
1665 1945 1896 2000 circum-

330 2032 580 2088 stantibus
607 2033 822 2102 paritur.
853 2032 920 2088 Et
935 2033 1190 2103 judicium
1215 2034 1404 2106 faciam
1425 2034 1490 2088 de
1511 2035 1724 2092 inimicis
1745 2037 1887 2092 meis.

332 2122 550 2180 Plectam
577 2124 808 2182 inimicos
835 2140 1008 2192 meos,
1054 2125 1300 2182 inimicos
1339 2141 1464 2183 suos
1485 2143 1685 2184 vocans
1711 2129 1888 2184 inimi-

324 2229 413 2270 cos
447 2230 753 2286 pauperum,
792 2218 883 2288 qui
931 2217 1036 2272 illis
1072 2217 1324 2273 damnum
1367 2217 1603 2275 inferunt
1636 2237 1650 2273 :
1680 2218 1732 2274 id
1763 2235 1891 2277 vero

319 2305 518 2362 dicebat
545 2318 602 2363 ut
625 2307 801 2364 discas
827 2307 1100 2379 iniustitiae
1129 2309 1568 2381 magnitudinem.
1592 2311 1681 2367 25.
1712 2311 1782 2367 Et
1808 2312 1892 2367 in-

315 2401 488 2454 ducam
521 2417 728 2456 manum
767 2417 932 2457 ruam
965 2419 1120 2473 super
1159 2412 1226 2471 te,
1255 2413 1302 2459 et
1326 2420 1601 2476 excoquam
1631 2415 1680 2460 te
1701 2407 1770 2460 ad
1794 2424 1892 2479 pu-

313 2508 438 2545 rum.
468 2491 536 2549 Ut
572 2494 772 2561 discas,
799 2494 1200 2566 qualiscumque
1224 2495 1295 2551 sit
1319 2495 1396 2550 ira
1435 2496 1529 2551 Dei
1553 2507 1608 2552 et
1631 2497 1884 2566 vindicta,

309 2597 420 2638 eam
447 2599 550 2640 non
578 2584 633 2640 in
661 2585 880 2647 malum.
909 2593 965 2641 et
1001 2593 1061 2641 ut
1087 2600 1260 2658 paenae
1290 2586 1585 2642 inferantur
1607 2588 1779 2644 solum
1806 2588 1892 2644 in-

311 2677 428 2747 ﬂigi,
456 2680 548 2736 sed
590 2688 654 2736 ut
697 2680 735 2736 ii
777 2680 866 2751 qui
912 2680 1200 2751 puniuntur
1245 2681 1312 2736 ad
1363 2681 1636 2738 meliorem
1681 2681 1885 2752 frugem

308 2783 636 2827 revocentur.
675 2772 745 2825 Et
773 2788 1046 2841 exc-aquam
1088 2781 1154 2838 te,
1185 2772 1376 2847 inquit,
1420 2772 1490 2826 ad
1523 2788 1724 2843 purum.
1768 2773 1885 2829 Non

305 2875 425 2930 ergo
447 2877 566 2916 eum
594 2863 942 2932 castigamur,
973 2861 1066 2916 sed
1098 2875 1220 2916 cum
1262 2875 1562 2929 peccamus,
1582 2875 1677 2918 nos
1703 2862 1888 2920 dolere

305 2967 392 3020 par
412 2963 491 3008 est
523 2971 538 3009 :
570 2953 704 3008 illud
741 2954 885 3008 enim
919 2952 1127 3020 sordes,
1174 2952 1277 3009 hoc
1314 2954 1677 3024 purgationem
1722 2956 1881 3024 parit.

301 3045 428 3112 Quid
457 3054 639 3100 autem
670 3053 772 3111 est,
800 3045 884 3098 Ad
911 3044 1132 3115 purum?
1165 3043 1231 3101 Ut
1258 3059 1327 3100 ne
1355 3045 1639 3116 vestigium
1668 3047 1881 3118 quidem

298 3135 463 3190 sordis
491 3137 543 3191 in
576 3145 632 3192 te
661 3144 901 3194 maneat.
935 3136 1088 3204 Quod
1130 3135 1273 3192 enim
1305 3150 1438 3191 auro
1480 3138 1616 3208 ignis
1645 3146 1751 3206 est,
1782 3137 1886 3195 hoc

301 3228 492 3298 ignavis
514 3230 865 3300 supplicium.
914 3228 1268 3285 Inobedientes
1308 3245 1424 3284 vero
1454 3231 1681 3300 perdam,
1711 3240 1759 3286 et
1783 3247 1882 3286 au-

294 3325 448 3390 feram
467 3337 648 3377 omnes
673 3321 901 3377 inimicos
921 3338 953 3376 a
978 3331 1045 3388 te,
1067 3331 1118 3376 et
1135 3338 1307 3376 omnes
1321 3321 1560 3392 superbos
1580 3323 1877 3379 humiliabo.

293 3409 386 3477 Qui
413 3413 586 3476 enim,
621 3412 812 3482 inquit,
854 3411 1220 3466 insanabiliter
1244 3420 1522 3482 :egrotant,
1557 3407 1884 3483 nec'suppli-

288 3503 378 3558 ciis
408 3503 640 3567 cedunt,
675 3503 728 3557 hi
758 3503 1023 3573 peribunt.
1050 3501 1181 3556 Nam
1217 3517 1336 3572 qua:
1379 3502 1577 3558 utilitas
1600 3517 1667 3558 ex
1693 3517 1879 3559 eorum

290 3594 406 3658 vita,
435 3595 685 3662 quando,
708 3593 833 3649 dum
865 3594 1069 3656 vivunt,
1099 3601 1155 3649 et
1181 3593 1280 3648 sibi
1306 3603 1361 3648 et
1387 3593 1506 3648 aliis
1530 3593 1880 3650 insidiantur?

290 3686 383 3752 Qui
407 3696 589 3743 autem
616 3702 690 3743 ex
711 3702 894 3742 eorum
921 3685 1181 3756 supplicio
1208 3684 1455 3741 meliores
1490 3685 1601 3742 ﬁeri
1632 3693 1877 3756 possunt,

291 3781 323 3833 ii
369 3781 694 3837 manebunt.
747 3779 846 3834 llic
891 3794 1054 3850 porro
1095 3777 1225 3833 mihi
1267 3777 1475 3832 videtur
1518 3777 1878 3848 captivitatem

287 3871 651 3927 subindicare.
683 3870 774 3924 26.
807 3869 872 3923 Et
895 3869 1172 3940 prwﬁciam
1187 3867 1390 3938 judices
1413 3877 1545 3932 tuos,
1569 3869 1696 3922 sicut
1715 3869 1876 3939 prius,

284 3974 330 4016 et
351 3963 683 4018 consiliarios
705 3969 838 4028 tuos,
867 3962 994 4015 sicut
1023 3960 1086 4013 ab
1109 3960 1276 4014 initio.

351 4054 404 4107 9.
432 4053 534 4110 llic
560 4051 800 4110 reditum
824 4051 1119 4107 annuntiat.
1148 4051 1217 4106 lis
1241 4049 1383 4106 enim
1403 4051 1493 4120 qui
1513 4049 1880 4107 insanabiliter

282 4145 622 4214 aegrotabant
640 4143 884 4210 sublatis,
909 4153 964 4199 et
983 4143 1050 4199 iis
1066 4142 1156 4214 qui
1177 4139 1598 4212 resipiscentiam
1627 4140 1879 4198 exhibere

282 4245 528 4306 poterant
571 4233 914 4301 emendatis,
957 4243 1257 4304 opportune
1292 4232 1552 4303 reliquam
1590 4231 1880 4288 curationis

280 4330 516 4397 speciem
559 4327 788 4383 adhibet
818 4344 832 4380 :
862 4341 926 4382 ea
964 4335 1048 4382 est
1083 4325 1423 4395 probatorum
1455 4323 1747 4397 principum
1777 4325 1876 4381 do-

279 4419 536 4487 minatus,
559 4428 618 4475 et
638 4418 1065 4474 consiliariorum
1086 4415 1347 4472 bonorum
1365 4415 1549 4486 copia;
1576 4424 1636 4472 ut
1652 4431 1880 4486 corpore

279 4512 539 4569 remediis
584 4511 844 4578 cedente,
881 4508 1208 4581 medicisque
1247 4507 1464 4578 optimis
1510 4507 1876 4576 adstantibus;

277 4604 426 4660 urbis
455 4613 648 4675 partes
673 4600 906 4672 undique
932 4599 1000 4655 ad
1027 4599 1310 4654 sanitatem
1335 4609 1730 4655 revocarentur.
1757 4598 1877 4655 Non

275 4699 418 4752 enim
447 4711 686 4768 parvqu
728 4692 974 4750 beneﬁcii
1010 4707 1178 4764 genus
1205 4703 1323 4761 est,
1352 4691 1618 4763 principes
1641 4692 1877 4748 nancisci

275 4790 467 4846 borios.
495 4789 571 4844 Et
596 4798 708 4860 post
729 4789 838 4843 hac
857 4786 1114 4842 vocaberis
1131 4787 1305 4841 ciuitas
1324 4785 1560 4856 justitite,
1585 4785 1878 4852 metropolis

273 4881 404 4935 Sion
447 4881 651 4951 ﬁdelis.
694 4879 856 4950 Atqui
900 4891 1162 4946 nusquam
1208 4876 1506 4945 reperimus
1548 4876 1649 4931 hoc
1680 4891 1875 4931 nomen

274 4973 391 5028 urbi
436 4972 908 5042 Jerosolymorum
939 4967 1183 5024 inditum.
1217 4967 1354 5034 Quid
1387 4975 1516 5037 ergo
1540 4966 1876 5024 dixerimus?

272 5064 427 5121 Hanc
457 5062 883 5135 appellationem
911 5075 980 5116 ex
1007 5058 1168 5115 rebus
1197 5058 1327 5128 ipsis
1355 5057 1427 5112 illi
1453 5056 1712 5114 attribuit.

337 5154 662 5209 Iudaeorum
682 5151 951 5224 objectioni
968 5149 1317 5220 respondetur.
1334 5179 1405 5189 —
1419 5147 1551 5204 Illud
1571 5162 1698 5204 vero
1723 5147 1876 5202 nobis

272 5259 378 5302 non
403 5260 609 5317 parum
637 5245 762 5300 utile
787 5244 910 5310 erit,
937 5256 1058 5298 cum
1087 5241 1256 5298 ιιιάωί
1281 5254 1312 5294 a
1342 5239 1496 5295 nobis
1521 5249 1702 5311 petent
1729 5239 1876 5294 vocis

275 5336 610 5396 Emmanuel
663 5335 1182 5406 interpretationem.
1245 5331 1408 5386 lsaias
1461 5345 1689 5402 namque
1743 5328 1876 5386 dixit

269 5429 558 5486 Christum
589 5428 665 5483 sic
690 5426 988 5483 vocandum
1015 5424 1164 5491 fore,
1195 5432 1249 5479 et
1281 5433 1458 5479 tamen
1488 5435 1773 5492 numquam
1797 5421 1876 5476 sic

268 5531 503 5578 vocatus
529 5527 640 5585 est,
669 5518 1085 5590 respondeamus
1110 5516 1261 5588 ipsis,
1291 5531 1414 5572 eum
1443 5514 1661 5579 dixisse,
1694 5528 1874 5569 rerum

270 5613 729 5682 signiﬁcationem
771 5611 936 5682 ipsius
981 5625 1173 5668 nomen
1218 5623 1339 5666 esse
1381 5605 1533 5673 (lsai.
1563 5608 1615 5662 7.
1660 5605 1740 5675 4).
1785 5605 1876 5661 Sic

264 5705 434 5758 etiam
465 5703 569 5759 hic
601 5701 908 5758 faciendum.
939 5703 1025 5759 97.
1058 5703 1184 5761 Cum
1211 5697 1416 5772 judicio
1441 5698 1571 5752 enim
1601 5692 1873 5753 saluabitur

2009 386 2278 453 captivitas
2302 389 2429 460 ejus,
2470 395 2517 441 et
2556 401 2672 439 cum
2718 386 3084 441 misericordia.
3121 386 3248 441 Cum
3271 385 3492 455 judicio,
3523 386 3578 444 id

2005 489 2088 532 εει
2107 519 2122 540 ,
2162 495 2286 536 cum
2310 480 2538 535 vindicta
2560 521 2574 546 ,
2601 479 2839 533 cruciatu
2867 489 2920 534 et
2943 477 3206 550 supplicio
3229 477 3594 540 inimicorum.

2004 564 2133 622 Cum
2156 571 2536 636 misericordia,
2585 569 2686 623 hoc
2723 578 2843 636 est,
2883 585 3003 625 cum
3046 570 3209 624 multa
3239 570 3593 642 benignitate.

2005 661 2121 716 Duo
2156 662 2243 718 hic
2272 663 2400 734 ipsis
2427 663 2655 718 maxima
2685 661 2825 718 dona
2853 662 3136 734 pollicetur
3155 704 3173 731 ,
3223 662 3426 718 scilicet
3462 671 3586 721 tunc

2002 766 2190 823 plenas
2224 753 2444 809 daturos
2486 769 2580 810 eos
2610 754 2699 825 qui
2738 769 2797 809 se
2840 753 3208 822 abduxerant,
3252 762 3483 827 tuncque
3526 768 3587 812 se

2003 844 2169 899 multa
2210 843 2467 902 fruituros
2515 859 2635 902 esse
2685 844 2973 911 felicitate,
3018 859 3247 916 quorum
3301 854 3584 918 utrumque

2001 935 2226 992 seorsim
2253 951 2497 1008 magnam
2529 945 2704 1008 potest
2729 935 2921 992 aﬂ'erre
2946 936 3274 1006 voluptatem
3299 949 3456 992 zeum
3485 951 3584 992 au-

2004 1037 2112 1085 tem
2137 1027 2296 1083 ambo
2320 1030 2722 1095 concurrerint,
2769 1026 3139 1084 inenarrabilis
3182 1027 3368 1084 iustitia
3401 1027 3583 1084 fuerit.

2001 1120 2230 1175 Aliunde
2254 1135 2382 1176 vero
2409 1121 2696 1177 ostendere
2725 1121 2941 1188 volens,
2972 1129 3092 1190 post
3119 1119 3329 1191 longam
3357 1121 3584 1191 captivi-

2003 1217 2164 1263 tatem
2195 1224 2309 1276 eos,
2334 1224 2439 1265 non
2466 1210 2606 1281 quod
2625 1209 2814 1280 dignas
2836 1224 3021 1280 ptenas
3039 1209 3304 1277 dederint,
3321 1224 3422 1265 nec
3439 1211 3582 1280 quod

2000 1307 2214 1369 peccata
2261 1315 2358 1356 sua
2399 1300 2744 1371 expiaverint,
2792 1299 2888 1355 sed
2934 1309 3157 1370 propter
3205 1299 3584 1371 benignitatem

1999 1395 2115 1461 Dei,
2143 1395 2196 1450 in
2225 1410 2373 1451 suam
2398 1395 2581 1453 reduci
2605 1404 2821 1458 terram,
2851 1409 2971 1465 quae
3000 1393 3146 1449 salus
3176 1394 3345 1464 magis
3371 1401 3456 1450 est
3483 1394 3587 1448 mi-

1998 1487 2324 1556 sericordite,
2355 1503 2515 1559 quam
2543 1485 2906 1543 retributionis
2933 1484 3015 1541 vel
3038 1485 3242 1556 praemii
3265 1525 3281 1552 ,
3311 1485 3433 1542 ideo
3459 1484 3586 1541 sub-

1991 1577 2186 1648 junxit,
2217 1576 2285 1631 Et
2316 1595 2430 1632 cum
2453 1576 2812 1633 misericordia.
2843 1575 2934 1632 28.
2978 1575 3046 1630 Et
3082 1586 3397 1631 conterentur
3424 1576 3586 1646 iniqui

1996 1681 2043 1726 et
2066 1680 2351 1742 peccatores
2391 1671 2565 1726 simul.
2593 1670 2772 1726 Tertia
2802 1669 2918 1724 haec
2947 1678 3030 1725 est
3055 1669 3261 1739 species
3290 1669 3536 1725 beneﬁcii
3561 1712 3577 1735 ,

1994 1764 2136 1836 quod
2163 1778 2322 1820 nemo
2347 1763 2418 1819 sit
2441 1763 2532 1835 qui
2559 1763 2788 1818 abducat
2814 1771 2870 1817 et
2895 1762 2948 1816 in
2984 1759 3225 1817 fraudem
3256 1762 3460 1828 trahat,
3489 1761 3582 1815 sed

1994 1855 2242 1926 nequitiae
2266 1855 2514 1911 doctores
2549 1853 2617 1910 de
2658 1853 2834 1910 medio
2861 1851 3053 1908 sublati
3081 1853 3208 1908 sint.
3237 1851 3305 1907 Et
3331 1853 3417 1922 qui
3445 1852 3585 1906 a'ere-

1994 1946 2247 2016 liquerunt
2269 1945 2585 2012 Dominum,
2633 1943 3138 2000 consummabuntur.
3178 1942 3330 2014 Impii
3368 1953 3579 2006 autem,

1993 2037 2186 2108 inquit,
2207 2036 2478 2108 peribunt.

2059 2129 2382 2186 Idololatriar
2424 2129 2685 2201 turpitudo
2718 2137 2765 2183 et
2801 2127 3017 2183 uanitas.
3044 2125 3228 2182 —29.
3273 2126 3406 2194 Quia
3448 2143 3584 2180 nunc

1991 2222 2364 2295 confundentur
2385 2222 2440 2277 in
2465 2221 2617 2276 idolis
2636 2221 2764 2287 suis,
2786 2236 2898 2291 qua:
2918 2219 3019 2290 ipsi
3041 2217 3325 2273 voluerunt.
3347 2217 3579 2293 Quidam

1993 2315 2108 2370 huic
2136 2313 2276 2369 dicta
2308 2313 2430 2368 huic
2460 2311 2684 2383 tempori
2724 2319 2908 2382 aptare
2935 2317 3201 2366 conantur
3227 2328 3241 2365 :
3268 2319 3322 2363 at
3348 2323 3446 2364 nos
3474 2323 3580 2364 non

1989 2403 2384 2462 confutabimus
2407 2404 2548 2469 illos,
2571 2401 2665 2460 sed
2686 2402 2881 2458 seriem
2907 2415 3215 2472 sequemur.
3243 2400 3366 2456 Haec
3386 2399 3585 2471 quippe

1989 2504 2147 2567 sunt,
2191 2511 2311 2568 qua!
2335 2505 2589 2553 eventura
2618 2494 2750 2551 dicit
2797 2494 2852 2550 in
2897 2493 3132 2549 hostium
3177 2491 3413 2548 incursu.
3442 2492 3578 2546 Cum

1989 2589 2129 2645 enim
2148 2629 2165 2654 ,
2192 2587 2422 2643 barbaro
2445 2595 2643 2643 terram
2670 2583 2980 2642 incursante
3005 2623 3020 2650 ,
3052 2583 3239 2639 urbem
3269 2582 3578 2647 obsidente,

1990 2689 2044 2736 et
2067 2693 2254 2736 omnes
2281 2679 2431 2750 quasi
2457 2678 2663 2734 retibus
2689 2676 2922 2733 inclusos
2947 2684 3161 2732 tenente
3180 2717 3196 2742 ,
3241 2688 3399 2730 nemo
3425 2673 3582 2728 fuerit

1987 2769 2078 2841 qui
2100 2769 2370 2834 defendat,
2393 2778 2447 2826 et
2473 2769 2670 2825 nubem
2697 2767 2840 2824 illam
2869 2767 3118 2836 depellat,
3152 2781 3217 2821 eo
3246 2765 3388 2837 quod
3413 2779 3443 2820 a
3468 2765 3581 2820 Deo

1987 2861 2226 2917 derelicti
2256 2859 2474 2926 fuerint,
2494 2859 2612 2930 jure
2631 2874 2696 2914 ex
2723 2859 2839 2929 ipsa
2864 2874 3048 2916 rerum
3074 2857 3426 2928 experientia,
3457 2866 3582 2910 tunc

1987 2968 2182 3026 magno
2223 2953 2426 3025 pudore
2471 2952 2844 3009 sulfuudentur
2890 2953 2925 3007 ii
2967 2951 3058 3023 qui
3104 2950 3386 3006 coluerunt
3413 2947 3574 3003 idola.

1991 3046 2119 3114 Qua:
2142 3045 2440 3112 voluerunt,
2468 3045 2672 3116 inquit,
2719 3043 2771 3098 in
2803 3042 2994 3113 quibus
3019 3039 3194 3096 studia
3219 3054 3312 3094 sua
3339 3038 3560 3093 colloca-

1985 3146 2128 3192 runt.
2155 3136 2226 3191 Et
2260 3137 2550 3191 erubescant
2588 3135 2640 3190 in
2679 3133 2996 3204 sculptilibus
3036 3134 3142 3187 suis
3169 3147 3285 3198 qua
3326 3131 3573 3201 fecerunt.

1985 3228 2264 3285 Narrantis
2311 3242 2461 3283 more
2513 3227 2908 3282 accusationem
2969 3224 3213 3279 instituit.
3271 3221 3575 3279 Sufﬁciebat

1983 3321 2126 3377 enim
2151 3320 2311 3375 etiam
2339 3327 2464 3374 ante
2487 3317 2744 3373 inﬂictutn
2776 3317 2990 3383 vulnus,
3020 3315 3105 3370 vel
3133 3315 3248 3384 ipse
3273 3312 3413 3368 idola
3442 3326 3572 3366 con-

1986 3412 2199 3469 ﬁciendi
2225 3411 2415 3467 modus
2442 3411 2509 3466 ad
2537 3424 2633 3467 eos
2667 3408 2872 3479 pudore
2910 3406 3241 3463 afﬁciendos.
3269 3403 3406 3473 Quid
3431 3402 3574 3458 enim

1985 3505 2211 3576 turpius,
2240 3519 2396 3576 quam
2423 3503 2523 3558 sibi
2547 3503 2648 3574 ipsi
2675 3502 2836 3557 deum
2860 3499 3075 3556 facere?
3107 3497 3175 3552 Et
3202 3495 3574 3568 confundantur

1982 3614 2136 3669 super
2162 3598 2320 3652 hortis
2347 3598 2473 3662 suis,
2503 3611 2618 3668 qua:
2643 3596 3051 3666 concupiverunt.
3082 3591 3197 3647 Non
3226 3591 3398 3644 solum
3429 3589 3571 3643 enim

1983 3689 2248 3760 sculptilia
2275 3689 2585 3752 adorabant,
2614 3686 2709 3743 sed
2730 3685 2890 3742 etiam
2914 3685 3133 3740 arbores
3153 3683 3207 3738 iu
3229 3680 3402 3736 hortis
3426 3681 3572 3734 cole-

1981 3781 2130 3837 bant.
2158 3779 2247 3838 30.
2287 3777 2456 3834 Erunt
2488 3778 2624 3833 enim
2651 3778 2798 3848 quasi
2827 3775 3152 3840 terebinthus,
3188 3788 3301 3843 qua:
3325 3771 3450 3842 folia
3478 3787 3572 3824 sua

1982 3874 2172 3928 amisit.
2200 3872 2416 3929 Scilicet
2445 3869 2584 3925 idola
2607 3912 2621 3936 ,
2658 3869 2744 3924 vel
2771 3868 2932 3924 etiam
2963 3881 3059 3922 eos
3083 3864 3173 3935 qui
3201 3863 3387 3918 urbem
3417 3861 3568 3915 inco-

1983 3965 2219 4021 lebant‘.
2251 3963 2537 4034 Imaginem
2567 3975 2728 4030 porro
2755 3959 2961 4014 arboris
2989 3956 3148 4025 hujus
3175 3953 3420 4019 induxit,
3447 3953 3568 4022 quin

1982 4058 2036 4112 in
2066 4056 2152 4111 illa
2194 4054 2412 4125 regione
2451 4051 2766 4106 nascebatur
2804 4059 2860 4105 et
2902 4049 3148 4118 frequens
3186 4052 3330 4106 erat,
3363 4053 3415 4098 et
3445 4043 3566 4112 q-iia

1981 4145 2266 4203 admodum
2307 4145 2462 4198 floret
2487 4151 2543 4198 et
2578 4141 2744 4196 densa
2789 4139 2928 4194 foliis
2968 4146 3084 4204 est,
3130 4136 3258 4190 dum
3306 4134 3475 4198 viret,
3517 4144 3572 4186 et

1983 4250 2280 4298 extremam
2308 4236 2696 4292 deformitatem
2725 4247 2838 4305 pra;
2866 4247 2926 4288 se
2955 4231 3108 4297 ferat,
3134 4242 3256 4284 cum
3287 4225 3412 4282 folia
3436 4225 3570 4280 ami-

1981 4333 2134 4391 serit.
2184 4331 2254 4386 Et
2299 4331 2427 4387 sicut
2471 4329 2644 4383 hortus
2687 4343 2789 4382 non
2845 4325 3032 4379 habens
3077 4337 3281 4393 aquam.
3322 4317 3568 4376 Secunda

1981 4425 2158 4495 imago
2184 4423 2363 4494 priore
2391 4421 2587 4476 clarior
2611 4426 2725 4481 est,
2773 4425 2829 4475 et
2870 4415 3030 4472 tidem
3075 4413 3200 4469 facit
3227 4413 3324 4479 iis,
3366 4426 3484 4483 qua:
3514 4411 3567 4465 in

1981 4515 2162 4586 priore
2191 4514 2332 4570 dicta
2364 4520 2508 4569 sunt.
2533 4509 2674 4567 Nihil
2703 4508 2844 4564 enim
2870 4515 2954 4562 est
2972 4505 3130 4561 horto
3154 4503 3363 4559 virente
3379 4501 3569 4567 jucun-

1981 4606 2121 4674 dius,
2147 4605 2281 4661 nihil
2304 4603 2461 4661 horto
2486 4603 2570 4659 his
2594 4601 2850 4657 destituto
2876 4595 3232 4669 injucundius,
3262 4608 3382 4665 qua
3405 4593 3568 4679 ambo

1981 4699 2057 4756 illi
2086 4698 2368 4769 metropoli
2402 4695 2756 4767 contigerunt.
2795 4690 3021 4762 Semper
3059 4689 3200 4744 enim
3227 4685 3426 4759 optima
3451 4691 3568 4740 erat

1980 4802 2037 4849 et
2077 4790 2506 4863 splendidissima
2531 4828 2547 4853 ,
2596 4785 2890 4842 innumeris
2927 4782 3176 4838 decorata
3207 4775 3566 4843 ornamentis,

1981 4895 2037 4941 et
2076 4884 2316 4940 omnium
2355 4880 2608 4938 vilissima
2653 4875 3062 4948 turpissimaque
3105 4872 3243 4928 facta
3287 4877 3392 4937 est,
3443 4881 3566 4923 cum

1982 4986 2157 5033 tantas
2211 4975 2502 5045 derepente
2551 4978 2984 5027 ornamentorum
3023 4963 3235 5020 divitias
3275 4958 3564 5016 amisisset.

1980 5071 2070 5127 51.
2094 5069 2161 5124 Et
2179 5068 2274 5123 erit
2292 5065 2537 5141 fortitudo
2560 5079 2732 5120 eorum
2753 5059 2900 5131 quasi
2917 5058 3103 5130 stipula
3123 5063 3336 5128 stuppa.
3353 5051 3569 5110 Priores

1979 5160 2194 5232 quidem
2222 5157 2478 5229 imagines
2524 5154 2590 5210 ad
2633 5151 2977 5223 iniucundum
3007 5145 3364 5220 spectaculum
3393 5151 3565 5214 capta:

1979 5259 2124 5318 sunt,
2155 5250 2272 5304 lucc
2298 5261 2427 5304 vero
2451 5245 2517 5301 ad
2551 5244 2911 5299 inﬁrmitatem
2938 5235 3310 5298 declarandam
3335 5249 3350 5288 :
3378 5244 3566 5289 omnes

1979 5351 2158 5398 autem
2201 5338 2487 5395 admodum
2527 5337 2821 5408 perspicuae
2846 5341 3002 5398 sunt,
3035 5330 3305 5400 multaque
3329 5323 3568 5395 gaudent

1979 5435 2222 5492 claritate
2263 5442 2319 5489 et
2359 5430 2621 5501 emphasi.
2657 5427 2814 5497 Quasi
2864 5425 3054 5495 stipula
3095 5431 3311 5492 stuppa,
3352 5414 3405 5470 id
3447 5422 3563 5472 est.

1981 5524 2297 5582 imbecilles.
2330 5521 2398 5576 Et
2437 5537 2591 5593 Opera
2617 5535 2792 5575 eorum
2832 5515 2977 5586 quasi
3017 5512 3237 5568 scintilla
3278 5505 3430 5577 ignis.
3471 5504 3568 5561 Hic

2043 5641 2060 5672 ⁸
2097 5638 2154 5689 In
2173 5635 2315 5689 Savil.
2341 5643 2393 5687 et
2427 5629 2877 5697 tteg.,_quibusdam
2898 5624 3109 5683 omissis,
3133 5623 3206 5673 sic
3228 5618 3444 5680 legitur:
3468 5608 3566 5663 sci-

1983 5699 2090 5753 licet
2111 5700 2149 5752 ii
2171 5698 2254 5761 qui
2275 5701 2442 5750 urbem
2462 5694 2746 5748 incolebant.
