4018 6212
523 335 590 389 97
1199 325 1249 381 5.
1288 324 1565 381 JOANNIS
1604 321 2075 382 CHRYSOSTOMI
2117 317 2434 377 ARCHIEP.
2465 316 3007 377 CONSTANTiNOP.
3707 319 3775 372 28

528 448 854 506 ostendit'ex
877 444 1074 514 s‘cipsis
1095 444 1240 496 mala
1272 441 1532 511 prodiisse
1557 479 1572 505 ,
1620 439 1868 508 ipsosque
1895 437 1995 493 sibi
2021 421 2128 492 ea:

531 541 831 612 ptivitatem
861 535 1149 606 peperisse,
1169 541 1226 588 et
1243 532 1512 586 fornacem
1541 528 1898 584 succendisse.
1923 527 2116 594 Quem-

534 628 821 698 admodum
875 627 1018 682 enim
1077 623 1318 679 scintilla:
1371 622 1571 691 illapsae
1616 620 1794 689 ignem
1843 618 2114 684 excitant,

534 723 607 776 ita
637 727 854 791 peccata
892 727 1079 772 eorum
1123 721 1374 783 congesta
1418 711 1512 766 Dei
1559 709 1692 764 iram
1737 707 2111 764 accenderunt.

538 809 605 865 Et
632 812 746 882 igne
770 815 1124 864 consumantur
1149 803 1308 874 iniqui
1337 813 1382 857 et
1413 811 1698 873 peccatores
1727 800 1914 866 simul,
1943 807 1990 851 et
2015 814 2120 851 non

533 904 625 956 erit
644 903 729 972 qui
751 899 1279 972 exstinguatJRursus
1299 897 1525 966 denegat
1543 895 1769 950 salutem
1786 892 1855 946 ob
1873 890 2116 949 eamdem

534 993 706 1060 ipsam
735 1007 948 1048 causam
971 1030 988 1058 ,
1014 1005 1140 1044 non
1169 999 1226 1044 ut
1251 986 1558 1058 desperent,
1589 985 1682 1041 sed
1707 994 1764 1039 ut
1789 983 1914 1039 hinc
1941 981 2118 1038 valido

533 1086 728 1141 timore
757 1082 1316 1155 perculsigingentem
1348 1077 1610 1150 ignaviam
1638 1077 1928 1133 excutiant.
1957 1072 2116 1129 Aliud

531 1191 745 1249 quoque
771 1175 859 1242 hic
884 1173 1214 1240 subindicat,
1247 1171 1413 1242 ipsius
1443 1183 1634 1239 nempe
1658 1165 2115 1237 inexpugnabilem

532 1268 862 1337 potentiam,
887 1265 1140 1337 quodque
1166 1265 1281 1334 ipso
1312 1262 1563 1333 puniente
1583 1303 1598 1327 ,
1631 1269 1685 1316 et
1708 1259 1992 1314 vindictam
2019 1273 2115 1314 su-

526 1368 736 1423 mente,
769 1373 927 1413 nemo
944 1357 1126 1427 possit
1155 1354 1404 1410 resistere
1432 1363 1484 1409 et
1515 1351 1654 1412 mala
1681 1351 1910 1408 solvere.

1166 1483 1392 1546 CAPUT
1446 1482 1509 1539 11.

603 1601 851 1670 Verbum,
873 1600 1009 1671 quod
1031 1599 1225 1670 factum
1253 1607 1322 1654 est
1348 1597 1416 1652 ad
1454 1595 1649 1652 Isaiam
1677 1595 1846 1666 ﬁlium
1871 1597 2042 1650 Amos.

609 1715 660 1768 l.
702 1713 838 1770 Hinc
879 1713 1045 1784 liquet
1078 1710 1376 1782 prophetas
1407 1727 1515 1766 non
1557 1725 1665 1766 uno
1708 1718 1950 1780 tempore
1993 1722 2117 1778 pro-

530 1804 744 1873 phetias
766 1803 986 1871 dixisse,
1003 1801 1106 1859 sed
1134 1802 1360 1858 diversis
1378 1801 1583 1858 amatos
1617 1800 1964 1872 temporibus,
1995 1814 2118 1869 par-

529 1904 617 1950 tes
643 1893 900 1966 quasdam
928 1893 1292 1960 annuntiasse,
1315 1908 1435 1964 qute
1451 1891 1666 1948 demum
1677 1892 1833 1949 simul
1853 1891 2114 1958 collectae,

533 1995 704 2043 totum
735 1984 930 2041 librum
955 1984 1264 2042 elfecerunt.
1293 1983 1418 2041 Ideo
1442 1985 1520 2042 sic
1555 1984 1756 2056 incipit.
1787 1983 1970 2055 Neque
1994 1983 2119 2039 hinc

533 2086 738 2133 tantum
779 2078 831 2133 id
860 2078 1034 2149 palam
1061 2078 1215 2133 nobis
1251 2087 1335 2133 est
1371 2085 1428 2132 et
1464 2076 1725 2148 liquidum
1747 2119 1763 2146 ,
1786 2075 1881 2132 sed
1915 2077 2038 2147 quia
2065 2077 2116 2132 in

531 2169 884 2238 sequentibus
910 2176 1150 2239 tempora
1179 2167 1442 2240 signiﬁcat
1460 2208 1478 2236 ,
1506 2183 1650 2224 nunc
1692 2167 1880 2224 dicens
1905 2182 1922 2223 :
1945 2167 2113 2234 Anno,

534 2275 633 2328 quo
651 2259 904 2330 ingressus
930 2269 1002 2315 est
1025 2257 1234 2314 Notium
1257 2260 1331 2330 (a)
1346 2259 1722 2330 Azotum(Isai.
1744 2259 1912 2330 20.1)
1938 2279 1952 2327 ;
1979 2276 2119 2315 nunc

535 2364 668 2405 vero
699 2367 714 2404 :
748 2349 819 2402 Et
845 2355 1034 2420 factum
1065 2359 1137 2404 est
1169 2351 1222 2404 in
1267 2366 1401 2403 anno
1436 2350 1490 2403 in
1529 2366 1627 2419 quo
1670 2359 1898 2404 mortuus
1935 2359 2006 2404 est
2029 2367 2120 2405 rex

539 2442 713 2508 Ozias,
743 2441 846 2496 vidi
873 2441 1150 2495 Dominum
1192 2441 1444 2497 sedentem
1468 2459 1618 2512 super
1658 2441 1842 2496 solium
1869 2441 2120 2496 excelsum

537 2543 584 2586 rt
629 2533 875 2587 eleuatum
923 2531 1072 2602 (Isai.
1105 2531 1158 2587 6.
1210 2531 1284 2601 1).
1333 2531 1450 2587 Non
1485 2533 1626 2588 enim
1676 2531 2118 2602 quemadmodum

542 2623 690 2680 Pauli
738 2623 990 2694 Epistola:
1017 2633 1068 2680 et
1102 2624 1388 2695 Evangelia
1425 2625 1477 2679 in
1514 2616 1676 2680 unum
1703 2625 1926 2681 collecta
1972 2635 2116 2692 sunt,

539 2715 611 2769 ita
642 2725 696 2771 et
721 2717 1034 2786 prophetiae,
1057 2716 1152 2772 sed
1183 2716 1322 2788 quod
1349 2716 1482 2783 dixi,
1509 2717 1734 2773 diversis
1766 2717 2117 2786 temporibus.
2153 2739 2156 2741 ·

539 2804 695 2861 Unde
719 2806 786 2862 ab
812 2807 916 2862 alio
941 2806 1163 2863 exordio
1199 2815 1518 2876 praesentem
1545 2808 1558 2838 ’
1593 2823 1893 2864 sermonem
1911 2807 2118 2879 incipit.

539 2895 722 2966 Neque
772 2896 892 2951 ideo
927 2905 1153 2964 tantum,
1184 2896 1280 2954 sed
1309 2897 1430 2970 quia
1472 2908 1864 2968 argumentum,
1900 2898 1968 2955 de
2016 2915 2142 2970 quo.

543 2988 857 3058 loquuturus
896 2996 998 3056 est,
1030 2989 1189 3059 longo
1215 2989 1386 3059 spatio
1413 2988 1576 3044 distat
1595 3003 1625 3043 a
1653 2988 2079 3060 praecedentibus
2102 3033 2118 3056 ,

540 3080 922 3151 sublimiusque
938 3089 1041 3136 est.
1071 3081 1196 3151 Agit
1215 3080 1357 3136 enim
1380 3080 1447 3136 de
1466 3081 1702 3151 gentium
1728 3083 2026 3149 vocatione,
2054 3082 2122 3138 de

543 3171 934 3239 prmdicationis
953 3172 1204 3242 adventu,
1235 3172 1303 3228 de
1322 3172 1622 3243 cognitione
1645 3187 1738 3242 per
1751 3181 1917 3228 totum
1938 3173 2120 3228 orbem

541 3270 799 3328 extensa,
821 3270 877 3318 et
915 3261 984 3318 de
1031 3277 1164 3334 pace
1200 3261 1384 3318 orbem
1422 3272 1759 3332 occupatura.
1805 3262 1957 3330 Quod
1982 3263 2026 3318 si
2053 3263 2122 3318 de

437 3357 441 3361 ‘
544 3352 736 3408 talibus
763 3361 1082 3409 tractaturus
1105 3353 1462 3424 dogmatibus,
1487 3352 1726 3408 Iudaeam
1751 3361 1804 3408 et
1823 3353 2119 3410 Jerusalem

541 3454 824 3513 memorat,
849 3445 981 3501 nihil
1007 3446 1221 3501 mirum;
1243 3445 1395 3512 Quod
1424 3444 1566 3500 enim
1584 3443 1862 3499 dicebatur
1891 3443 2123 3516 prophe-

545 3539 617 3591 tia
670 3535 916 3596 erat,his
971 3538 1246 3592 nominum
1294 3535 1742 3606 appellationibus
1789 3536 2118 3592 adumbrata.

542 3625 981 3698 Quandoquidem
1010 3628 1172 3683 David
1218 3629 1487 3683 Psalmum
1534 3627 1982 3698 septuagesimum
2012 3629 2125 3698 pri-

543 3733 688 3773 mum
714 3718 1122 3789 compositurus,
1154 3718 1304 3773 illum
1335 3717 1607 3774 Salomoni
1623 3717 1911 3789 inscripsit,
1926 3725 1981 3773 et
2001 3733 2128 3789 pro-

545 3826 761 3882 gressus
799 3812 958 3884 longe
987 3812 1186 3882 majora
1226 3811 1524 3866 Salomonis
1549 3809 1839 3881 dignitate,
1875 3811 1984 3866 imo
2023 3826 2129 3882 po-

548 3903 650 3957 tius
681 3911 791 3957 tota
826 3901 1097 3958 hominum
1131 3909 1314 3956 natura
1338 3900 1519 3956 vidit’.
1545 3899 1677 3955 Illud
1703 3901 1866 3969 enim,
1892 3901 2021 3956 Ante
2046 3917 2128 3956 so-

547 3996 646 4048 lem
681 4004 934 4068 permanet
959 4010 1139 4048 nomen
1165 3994 1274 4063 eius
1296 4035 1312 4060 ,
1331 4001 1386 4048 et
1403 4033 1417 4057 ,
1448 3992 1576 4047 Ante
1601 3992 1771 4047 lunam
1796 3993 2005 4048 thronus
2021 3995 2129 4066 ejus

547 4084 719 4153 (Psal.
743 4086 940 4140 71.17.
968 4086 1072 4155 5),
1104 4085 1437 4155 similiaque,
1473 4098 1633 4140 nemo
1677 4085 1836 4140 etiam
1878 4101 1944 4140 ex
1993 4085 2128 4140 insi-

547 4178 894 4248 pientiorihus
941 4177 1134 4232 dixerit
1171 4176 1240 4232 de
1279 4176 1506 4230 lmmana
1561 4184 1746 4230 natura
1792 4177 2129 4246 pronuntiata

550 4271 730 4326 fuisse.
785 4268 952 4324 Jacoh
991 4284 1231 4340 quoque,
1266 4282 1388 4324 cum
1416 4266 1551 4334 haec,
1581 4281 1700 4337 quae
1726 4282 1866 4322 nunc
1895 4267 2131 4324 dicturus

549 4370 634 4414 est
655 4360 836 4432 lsaias,
868 4360 972 4412 imo
994 4357 1076 4412 his
1103 4358 1252 4427 plura
1269 4353 1825 4427 praznuntiabatwen.
1847 4355 1978 4426 49);
2007 4371 2133 4412 nam

552 4465 675 4508 cum
703 4449 940 4519 gentium
964 4449 1240 4503 vocatione
1269 4455 1494 4502 mortem
1523 4445 1683 4500 etiam
1703 4453 1759 4500 et
1787 4446 2134 4502 resurrectio-

553 4555 675 4595 nem
701 4539 858 4604 dixit,
879 4548 1190 4607 tempusque
1211 4551 1315 4605 quo
1335 4533 1621 4607 [Christus]
1641 4533 1967 4598 adventuros
1981 4547 2128 4604 erat;

552 4645 660 4688 non
690 4640 867 4686 tamen
894 4627 982 4684 ille
1011 4628 1126 4682 haec
1151 4626 1290 4681 nude
1319 4624 1561 4695 protulit,
1590 4623 1682 4680 sed
1702 4640 1926 4696 persona
1952 4635 2006 4684 et
2035 4643 2137 4683 no-

556 4723 701 4780 mine
729 4720 846 4776 Filii
889 4718 968 4775 sui
1006 4718 1095 4772 illa
1143 4717 1396 4787 obtegens
1435 4732 1554 4787 qua:
1601 4716 1839 4773 dicturus
1891 4728 2024 4786 erat,
2057 4719 2136 4774 sic

554 4809 949 4883 praenuntiavit,
977 4807 1126 4879 quasi
1154 4823 1216 4863 ea
1241 4823 1356 4877 quae
1380 4801 1530 4861 Judae
1555 4817 1808 4863 eventura
1835 4817 1988 4863 erant
2019 4824 2135 4864 me-

557 4917 808 4968 morans;
839 4909 899 4956 ut
945 4909 1121 4972 autem
1170 4913 1348 4953 rerum
1384 4907 1606 4953 eventus
1656 4897 1990 4965 testiﬁcatur,
2014 4914 2135 4972 qua:

552 4993 797 5055 Christus
843 4992 1054 5063 egregie
1100 4991 1334 5047 facturus
1383 5000 1498 5044 erat
1547 4991 1884 5060 prmdicehat.
1955 4989 2138 5063 Neque

557 5086 698 5141 enim
720 5082 885 5140 Judas
911 5083 1007 5142 luit
1041 5083 1363 5151 exspectatio
1391 5081 1626 5152 gentium
1652 5122 1667 5146 ,
1692 5097 1861 5153 neque
1887 5091 2013 5138 tunc
2043 5083 2137 5138 tri-

558 5178 659 5234 bus
684 5173 1042 5246 resplenduit,
1071 5187 1192 5228 cum
1223 5187 1408 5228 eorum
1454 5173 1748 5244 respublica
1783 5173 2013 5242 defecit;
2046 5176 2140 5232 sed

562 5269 677 5327 huic
704 5267 884 5322 omnia
907 5276 1031 5320 tunc
1053 5271 1203 5334 gesta
1226 5270 1368 5330 sunt,
1397 5278 1517 5318 cum
1548 5263 1790 5320 Christus
1810 5264 2066 5321 advenit..

620 5408 647 5470 ί.
660 5401 784 5470 Vox,
805 5404 1090 5470 praesentem
1111 5399 1215 5460 (Gr.
1229 5397 1498 5462 παρόντος),
1512 5397 1659 5449 deest
1679 5399 1726 5446 in
1741 5397 1864 5458 Reg.
1887 5396 2125 5456 etSavnl.,

557 5463 650 5515 sed
668 5469 746 5514 est
769 5462 820 5512 iu
840 5462 1088 5521 Bavarico.

623 5521 818 5587 ’,5³⁸⁸ξῇ
837 5519 889 5572 in
909 5517 1066 5587 πεπε-
1108 5522 1242 5587 ῐιοωί
1264 5518 1388 5587 κῖηβ
1412 5517 1676 5585 legendum
1702 5530 1833 5581 esse:
1870 5521 2014 5584 dixit.
2037 5537 2145 5587 PFO.

561 5585 699 5637 vidit.
729 5584 925 5636 Allenus
946 5579 1215 5644 legendum
1236 5583 1390 5639 putat,
1415 5579 1607 5628 cecinit.

627 5667 702 5729 (a)
734 5666 838 5718 Vox
879 5665 1114 5717 Hebraica
1147 5673 1240 5717 est.
1259 5663 1415 5742 Fl'll'l,
1446 5661 1670 5722 Thartan,
1696 5664 1745 5712 in
1771 5664 1946 5723 Bibliis,
1973 5681 2148 5731 τινάσσων,

561 5759 694 5810 unde
717 5761 870 5823 prima
890 5760 1086 5823 dempta
1109 5759 1288 5823 syllaba
1313 5757 1506 5817 factum,
1533 5767 1669 5815 netu,
1694 5755 1895 5807 Nathan.

2293 438 2481 494 Multae
2500 439 2786 508 prophetia:
2807 439 2874 493 de
2901 435 3238 492 Patriarchis
3273 436 3446 500 edita,
3474 435 3683 490 nonnisi
3725 439 3778 491 in

2221 547 2403 586 eorum
2420 531 2696 601 nepotibus
2715 530 2942 597 implete
2963 539 3106 584 sunt.
3121 559 3192 570 —
3206 526 3362 595 Quod
3382 527 3424 581 si
3446 525 3782 596 impudenter

2220 621 3030 694 agantJudaeiJiancprophetia;
3041 622 3208 691 legem
3223 635 3506 692 perperam
3523 620 3786 688 explica-n-

2223 726 2329 778 tes;
2349 732 2416 771 ex
2434 716 2504 772 iis
2523 715 2754 770 maxime
2769 729 2895 784 quae
2911 713 3057 769 dicta
3073 720 3204 770 sunt
3218 711 3380 767 facile
3396 710 3782 774 confutaverii,

2216 809 2263 866 si
2286 808 2411 879 quis
2429 817 2684 863 accurate
2704 807 3018 876 prophetias
3038 806 3340 875 explicans,
3355 810 3410 858 et
3423 801 3605 858 omnia
3628 803 3786 855 verba

2215 917 2340 956 eum
2358 894 2859 957 debitaattentione
2877 899 3218 960 examinans,
3236 896 3378 951 dicta
3397 893 3558 949 factis
3576 905 3791 946 accom-

2218 994 2422 1049 modet.
2448 993 2526 1046 Ex
2550 993 2856 1048 abundanti
2882 992 3069 1061 itaque
3092 992 3341 1061 ipsorum
3383 1003 3477 1042 ora
3497 987 3786 1046 obturans.

2218 1099 2326 1139 non
2342 1098 2409 1140 ex
2440 1085 2507 1139 iis
2525 1099 2646 1154 quae
2666 1084 2734 1138 de
2753 1082 2976 1139 Christo
2997 1081 3146 1136 dicta
3177 1088 3328 1145 sunt,
3361 1079 3456 1134 sed
3488 1093 3556 1132 ex
3590 1078 3660 1131 iis
3675 1090 3792 1144 quae

2218 1185 2348 1230 sunt
2374 1175 2443 1230 de
2463 1175 2794 1244 patriarchis
2814 1176 3059 1244 ipsorum
3077 1173 3467 1244 praenuntiata,
3493 1171 3596 1225 hoc
3612 1170 3788 1239 ipsum

2219 1269 2366 1323 clare
2388 1269 2772 1324 demonstrare
2795 1267 3062 1334 conabor,
3089 1265 3386 1322 ostendens
3405 1280 3470 1319 ex
3492 1259 3794 1332 prophetiis

2221 1353 2416 1410 multas
2437 1353 2608 1416 dictas
2631 1355 2794 1410 fuisse
2817 1355 2886 1410 de
2915 1357 3146 1412 tribuum
3175 1346 3621 1428 progenitoribus,
3638 1355 3691 1410 in
3708 1368 3798 1409 eo-

2220 1461 2448 1516 rumque
2473 1449 2752 1513 uepotibus
2776 1450 3020 1519 impletas
3067 1464 3207 1505 esse.
3263 1450 3330 1504 Et
3371 1449 3602 1518 exempli
3640 1461 3796 1503 causa

2221 1549 2325 1592 una
2353 1538 2587 1594 alterave
2611 1539 2768 1593 allata
2797 1540 3034 1602 historia,
3053 1555 3164 1594 rem
3187 1540 3510 1610 propositam
3525 1523 3795 1610 attingam.

2221 1625 2432 1682 Etenim
2461 1643 2581 1683 cum
2601 1627 2921 1700 Symeonem
2946 1638 3001 1684 et
3025 1629 3155 1684 Levi
3181 1639 3420 1686 vocasset
3444 1629 3628 1694 Jacoh,
3661 1644 3798 1698 ρι’ω-

2222 1718 2473 1774 nuntians
2501 1735 2563 1774 ea
2589 1736 2748 1789 ,qua:
2773 1721 2902 1790 ipsis
2943 1729 3197 1775 eventura
3240 1728 3430 1782 erant.
3469 1722 3546 1776 sic
3592 1719 3802 1775 dicebat

2223 1807 2445 1880 Symeon
2465 1819 2513 1865 et
2536 1809 2655 1865 Leni
2680 1814 2862 1880 fratres
2883 1810 3130 1882 (GenA9.
3151 1812 3226 1880 5),
3247 1819 3301 1867 et
3322 1811 3556 1866 incusata
3583 1811 3798 1865 illorum

2223 1901 2517 1971 iniquitate,
2541 1903 2840 1974 injuste-que
2865 1903 3234 1959 Sicemitarum
3282 1905 3456 1969 caede,
3486 1904 3538 1958 in
3574 1919 3802 1972 sequen-

2225 1992 2364 2048 tibus
2387 1993 2460 2047 ait
2491 2011 2504 2046 :
2532 1992 2771 2048 Dividam
2794 2010 2878 2048 eos
2901 1996 2954 2048 in
2977 1994 3140 2048 Iacob
3161 2036 3174 2060 ,
3205 2004 3252 2048 et
3280 1995 3566 2064 dispergant
3591 1994 3706 2048 illos
3731 1997 3795 2047 in

2224 2083 2391 2138 Israel
2420 2083 2580 2155 (Ibid.
2601 2101 2648 2138 υ.
2677 2086 2754 2155 7).
2785 2085 2898 2140 [loc
2940 2095 3116 2140 autem
3167 2099 3328 2138 nemo
3351 2084 3544 2138 dixerit
3587 2085 3640 2137 in
3693 2083 3797 2136 Le-

2224 2177 2274 2230 vi
2301 2186 2356 2232 et
2382 2176 2649 2248 Symeone
2690 2176 2888 2233 factum
2915 2191 3070 2243 esse,
3107 2175 3200 2232 sed
3234 2177 3284 2229 in
3325 2173 3567 2228 tribubus
3611 2188 3680 2228 ex
3723 2174 3801 2227 eis

2224 2267 2535 2336 progenitis.
2561 2267 2697 2322 Nam
2727 2267 2901 2321 tribus.
2914 2266 3045 2322 Levi
3073 2265 3313 2335 diSpersa
3339 2273 3452 2329 est,
3477 2264 3548 2318 ita
3573 2272 3632 2318 ut
3654 2262 3798 2318 deci-

2223 2370 2366 2409 mam
2397 2365 2603 2423 partem
2633 2353 2748 2424 ejus
2778 2369 3107 2424 unaquaeque
3145 2354 3318 2409 tribus
3344 2354 3562 2409 haberet
3589 2353 3802 2411 :.-tribus

2222 2446 2350 2503 item
2397 2445 2679 2516 Symeonis
2715 2461 2836 2517 qua:
2881 2445 3113 2514 idipsum
3155 2444 3269 2500 fere
3308 2453 3527 2516 experta
3563 2454 3665 2509 est,
3714 2459 3802 2512 per

2225 2550 2411 2592 omnes
2437 2536 2555 2593 illas
2583 2545 2800 2592 extensa
2829 2551 2924 2606 per
2947 2545 3150 2592 sortem
3172 2578 3188 2602 ,
3217 2550 3322 2592 non
3352 2535 3800 2608 quemadmodum

2223 2629 2362 2693 aliae,
2394 2628 2734 2698 conjunctam
2758 2636 2814 2684 et
2837 2627 2996 2684 simul
3020 2627 3388 2698 conglobatam
3431 2627 3616 2682 habuit
3645 2625 3801 2680 here-

2223 2717 2465 2773 ditatem.
2492 2717 2654 2772 .Iacob
2683 2717 2844 2772 etiam
2871 2733 2937 2774 ex
2962 2717 3193 2787 acceptis
3233 2733 3263 2772 a
3297 2726 3448 2787 patre
3477 2717 3800 2774 benedictio-

2226 2807 2401 2872 nibus,
2434 2807 2633 2862 nullam
2663 2807 2776 2878 ipse
2795 2818 3154 2878 consequutus
3179 2817 3279 2862 est.
3304 2807 3460 2863 Pater
3480 2807 3625 2884 enim
3644 2807 3805 2877 ipsius

2226 2902 2440 2971 longam
2468 2903 2871 2970 prosperitatcm
2899 2901 2998 2970 ipsi
3030 2899 3366 2970 praedixerat,
3399 2910 3456 2955 et
3491 2910 3806 2970 perpetuum

2225 2994 2277 3049 in
2309 2993 2450 3049 Esau
2477 2994 2824 3059 dominatum,
2849 2997 2896 3048 is
2928 3009 3058 3048 vero
3094 2993 3146 3048 in
3172 3009 3351 3048 rerum
3388 2994 3804 3050 necessariarum

2225 3087 2448 3156 penuria
2491 3095 2642 3152 erat,
2679 3087 3146 3155 merccnariusque
3187 3085 3465 3150 alebatur,
3495 3092 3805 3154 tantumque

2225 3177 2412 3232 aberat
2451 3187 2510 3233 ut
2555 3179 2838 3250 imperium
2874 3178 3095 3234 haberet
3137 3179 3186 3232 in
3216 3177 3456 3244 fratrem,
3491 3186 3545 3230 ut
3581 3177 3654 3233 de
3703 3178 3806 3231 vita

2226 3270 2637 3341 periclitaretur,
2662 3278 2716 3325 et
2761 3270 2930 3325 semel
2958 3269 3033 3323 illi
3061 3269 3246 3324 obvius
3271 3283 3391 3331 cum
3421 3269 3593 3323 multo
3623 3269 3809 3324 timore

2229 3362 2418 3428 factus,
2442 3361 2579 3417 bene
2601 3375 2783 3416 secum
2799 3369 2975 3416 actum
3005 3361 3218 3430 putarit,
3252 3360 3392 3431 quod
3429 3362 3664 3428 potuerit
3697 3375 3805 3416 ma~

2228 3468 2329 3508 nus
2372 3453 2487 3524 ejus
2519 3453 2771 3524 eﬂugere.
2817 3451 2955 3520 Quid
2991 3452 3150 3523 igitur
3177 3451 3244 3506 ad
3270 3451 3387 3507 haec
3418 3451 3664 3508 dicamus
3683 3454 3706 3506 ?
3745 3467 3809 3505 an

2230 3547 2537 3604 mendacem
2557 3560 2676 3602 esse
2701 3528 3073 3616 prOphetiam?
3102 3545 3252 3603 Absit
3285 3561 3297 3598 :
3323 3543 3418 3599 sed
3463 3544 3584 3614 ejus
3609 3559 3810 3600 morem

2231 3638 2373 3693 hunc
2399 3651 2541 3707 saepe
2567 3651 2707 3704 esse,
2731 3646 2790 3692 ut
2813 3651 2875 3692 ea
2901 3651 3021 3707 quae
3054 3645 3179 3692 sunt
3217 3636 3338 3692 aliis
3379 3643 3667 3704 eventura,
3697 3637 3814 3692 aliis

2230 3729 2474 3801 personis
2501 3728 2801 3796 adscribet,
2833 3737 2888 3785 et
2915 3729 3017 3784 alia
3047 3743 3146 3799 pro
3169 3729 3287 3784 aliis
3313 3728 3627 3784 nominibus
3657 3743 3812 3782 usur-

2232 3831 2323 3892 pet
2353 3839 2369 3878 :
2402 3822 2456 3878 id
2483 3821 2626 3892 quod
2661 3822 2822 3876 etiam
2852 3821 2904 3876 in
2947 3819 3232 3877 Chanaano
3274 3823 3467 3876 tactum
3499 3831 3606 3874 est.
3637 3820 3814 3889 Neque

2231 3913 2376 3970 enim
2404 3913 2649 3969 videmus
2677 3912 2824 3968 illum
2858 3913 3142 3969 servivisse
3174 3911 3426 3968 fratribus
3459 3912 3592 3977 suis,
3645 3925 3816 3980 neque

2231 4005 2392 4060 etiam
2419 4002 2844 4058 maledictionem
2865 4003 3126 4060 excidisse
3144 4045 3158 4070 ,
3189 4004 3285 4059 sed
3313 4005 3363 4058 in
3392 4002 3708 4058 Gabaonitis
3753 4016 3816 4055 ex

2233 4096 2520 4150 Chanaano
2548 4094 2680 4150 ortis
2706 4095 2862 4151 tinem
2887 4095 3175 4164 accepisse.
3209 4094 3340 4150 Nam
3361 4094 3412 4149 id
3439 4093 3581 4165 quod
3604 4094 3817 4151 diceba-

2237 4197 2322 4242 tur
2349 4185 2626 4257 prophetia
2653 4192 2795 4251 erat,
2824 4184 3213 4241 maledictimiis
3251 4183 3420 4240 forma
3447 4185 3678 4253 prolata.

2305 4278 2362 4332 2.
2403 4279 2536 4334 Cum
2562 4287 2640 4334 tot
2658 4291 2784 4347 ergo
2811 4276 3038 4346 taliaque
3067 4275 3358 4336 habeamus
3382 4275 3634 4346 exempla
3654 4317 3671 4342 ,
3700 4274 3818 4344 qui-

2237 4371 2337 4426 bus
2365 4370 2634 4438 probatur,
2667 4367 2831 4424 multa
2858 4381 2977 4437 quae
2995 4365 3245 4424 dicuntur
3268 4365 3336 4425 de
3356 4366 3474 4423 aliis
3500 4365 3818 4436 proferri,et

2239 4464 2291 4516 in
2319 4462 2437 4516 aliis
2464 4459 2707 4515 accidere
2727 4499 2742 4524 ,
2769 4468 2824 4514 et
2847 4458 3150 4516 nominibus
3182 4458 3261 4512 sic
3289 4472 3413 4514 usos
3437 4472 3557 4513 esse
3589 4457 3818 4528 prophe-

2238 4563 2342 4621 tas,
2371 4551 2495 4623 quid
2517 4553 2710 4608 mirum
2752 4551 2796 4607 si
2831 4565 2972 4609 nunc
2991 4565 3186 4607 nomen
3213 4551 3411 4608 Judane
3437 4559 3491 4606 et
3521 4549 3818 4607 Jerusalem

2239 4647 2494 4717 prOpbeta
2520 4659 2802 4713 usurpans,
2833 4644 2899 4700 de
2921 4644 3159 4700 Ecclesia
3173 4644 3488 4700 vaticinetur
3506 4644 3530 4699 ?
3548 4643 3685 4699 Nam
3703 4643 3818 4711 quia

2243 4737 2464 4807 ingratis
2518 4735 2858 4805 loquebatur,
2909 4736 3197 4805 prophetas
3235 4734 3621 4802 occidentibus,
3658 4733 3818 4788 libros

2241 4827 2693 4892 comburentibus,
2710 4841 2832 4882 aras
2851 4826 3273 4890 sulfodieutibus,
3288 4827 3409 4895 jure
3430 4824 3675 4880 velamen
3697 4821 3818 4892 ipsis

2243 4918 2546 4989 impositum
2577 4925 2693 4973 erat
2731 4917 2782 4971 in
2829 4915 3058 4972 lectione
3098 4915 3306 4972 Veteris
3332 4913 3695 4977 Testamenti,
3731 4925 3818 4964 se-

2243 5009 2473 5066 cundum
2515 5009 2726 5064 beatum
2769 5007 2984 5062 Paulum
3017 5007 3104 5078 (2.
3134 5005 3253 5064 Cor.
3295 5007 3348 5062 5.
3394 5006 3522 5075 id).
3572 5001 3818 5071 Alioquin

2245 5102 2408 5158 libros
2424 5100 2780 5166 sustulissent,
2804 5099 2849 5154 si
2869 5097 3157 5168 prophetia;
3182 5095 3471 5152 deChristo
3486 5097 3593 5151 vim
3613 5094 3818 5149 intelle-

2246 5194 2604 5251 xissent.Cum
2618 5193 2760 5249 enim
2775 5199 3092 5262 praesentem
3105 5191 3276 5260 ipsum
3289 5188 3540 5245 miracula
3553 5187 3818 5250 edentem,

2213 5280 2220 5287 ’
2248 5285 2641 5357 perfectamque
2655 5282 2904 5353 potentiae
2923 5297 3035 5340 suae
3049 5290 3100 5339 et
3115 5295 3409 5340 consensus
3421 5279 3818 5345 concordiaeque

2248 5392 2369 5432 cum
2413 5377 2568 5431 Patre
2595 5373 3103 5434 demonstrationem
3133 5371 3502 5438 exhibentem,
3532 5385 3638 5430 non
3670 5381 3818 5423 reve-

2250 5469 2336 5523 riti
2371 5469 2505 5528 sint.
2539 5480 2715 5536 neque.
2733 5465 3038 5534 quieverint
3073 5464 3244 5520 donec
3267 5478 3389 5520 eum
3419 5461 3818 5520 cruciﬁxisseut,

2253 5562 2337 5618 vix
2368 5560 2727 5630 pepercissent
2750 5558 2836 5624 iis,
2873 5558 2962 5627 qui
2990 5557 3057 5614 de
3087 5557 3203 5627 ipso
3230 5555 3430 5627 loquuti
3457 5561 3669 5618 essent,
3695 5561 3818 5620 quos

2254 5650 2597 5709 nihilominus
2631 5649 2933 5718 lrequenter
2970 5646 3292 5717 lapidabant.
3331 5643 3458 5702 Ideo
3504 5641 3730 5714 propriis
3773 5645 3818 5690 et

2260 5745 2398 5812 uotis
2437 5742 2538 5798 sibi
2577 5739 2880 5799 nominibus
2926 5739 3153 5798 libenter
3184 5745 3416 5804 utentes,
3466 5735 3565 5792 hac
3605 5741 3818 5808 persona
