  <div class='ocr_page' id='page_1' title='image "/cluster/home/n/w/nwhite01/storage/ocr_20150623/56/hvd.32044048208490/034.png"; bbox 0 0 4018 6212; ppageno 0'>
   <div class='ocr_carea' id='block_1_1' title="bbox 329 238 3774 319">
    <p class='ocr_par' dir='ltr' id='par_1_1' title="bbox 329 238 3774 319">
     <span class='ocr_line' id='line_1_1' title="bbox 329 238 3774 319; baseline 0.006 -27"><span class='ocrx_word' id='word_1_1' title='bbox 329 238 393 292; x_wconf 76' lang='lat'>‘27</span> <span class='ocrx_word' id='word_1_2' title='bbox 897 286 902 290; x_wconf 84' lang='lat'>.</span> <span class='ocrx_word' id='word_1_3' title='bbox 1690 251 1752 306; x_wconf 69' lang='lat' dir='ltr'>IN</span> <span class='ocrx_word' id='word_1_4' title='bbox 1795 250 2053 319; x_wconf 69' lang='lat' dir='ltr'>ISAIAH,</span> <span class='ocrx_word' id='word_1_5' title='bbox 2083 251 2238 308; x_wconf 81' lang='lat' dir='ltr'>CAP.</span> <span class='ocrx_word' id='word_1_6' title='bbox 2278 251 2350 306; x_wconf 85' lang='lat' dir='ltr'>ll.</span> <span class='ocrx_word' id='word_1_7' title='bbox 2400 266 2404 271; x_wconf 87' lang='lat'><strong><em>&#39;</em></strong></span> <span class='ocrx_word' id='word_1_8' title='bbox 3698 259 3774 314; x_wconf 69' lang='lat'>28&#39;</span> 
     </span>
    </p>
   </div>
   <div class='ocr_carea' id='block_1_2' title="bbox 323 367 1984 440">
    <p class='ocr_par' dir='ltr' id='par_1_2' title="bbox 323 367 1984 440">
     <span class='ocr_line' id='line_1_2' title="bbox 323 367 1984 440; baseline -0.004 -14"><span class='ocrx_word' id='word_1_9' title='bbox 323 370 584 440; x_wconf 73' lang='grc' dir='ltr'>ἐργασίαι</span> <span class='ocrx_word' id='word_1_10' title='bbox 615 369 816 426; x_wconf 77' lang='grc' dir='ltr'>αὐτῶν</span> <span class='ocrx_word' id='word_1_11' title='bbox 853 367 934 436; x_wconf 82' lang='grc' dir='ltr'>ὡς</span> <span class='ocrx_word' id='word_1_12' title='bbox 957 367 1221 437; x_wconf 81' lang='grc' dir='ltr'>σπινθὴρ</span> <span class='ocrx_word' id='word_1_13' title='bbox 1251 367 1457 436; x_wconf 78' lang='grc' dir='ltr'>πυρός.</span> <span class='ocrx_word' id='word_1_14' title='bbox 1490 367 1754 421; x_wconf 81' lang='grc' dir='ltr'>Ἐνταῦθα</span> <span class='ocrx_word' id='word_1_15' title='bbox 1777 368 1984 420; x_wconf 68' lang='grc' dir='ltr'>δείκνυ.</span> 
     </span>
    </p>
   </div>
   <div class='ocr_carea' id='block_1_3' title="bbox 324 455 1984 528">
    <p class='ocr_par' dir='ltr' id='par_1_3' title="bbox 324 455 1984 528">
     <span class='ocr_line' id='line_1_3' title="bbox 324 455 1984 528; baseline -0.002 -14"><span class='ocrx_word' id='word_1_16' title='bbox 324 479 403 514; x_wconf 87' lang='grc' dir='ltr'>σιν</span> <span class='ocrx_word' id='word_1_17' title='bbox 430 462 510 513; x_wconf 84' lang='grc' dir='ltr'>ὅτι</span> <span class='ocrx_word' id='word_1_18' title='bbox 541 459 755 513; x_wconf 75' lang='grc' dir='ltr'>οἴκοθεν</span> <span class='ocrx_word' id='word_1_19' title='bbox 797 457 867 512; x_wconf 83' lang='grc' dir='ltr'>τά</span> <span class='ocrx_word' id='word_1_20' title='bbox 922 457 1091 522; x_wconf 84' lang='grc' dir='ltr'>κακὰ,</span> <span class='ocrx_word' id='word_1_21' title='bbox 1127 458 1221 510; x_wconf 71' lang='grc' dir='ltr'>καὶ</span> <span class='ocrx_word' id='word_1_22' title='bbox 1268 457 1422 511; x_wconf 79' lang='grc' dir='ltr'>αὐτοὶ</span> <span class='ocrx_word' id='word_1_23' title='bbox 1474 457 1572 528; x_wconf 78' lang='grc' dir='ltr'>τὴν</span> <span class='ocrx_word' id='word_1_24' title='bbox 1612 455 1984 527; x_wconf 76' lang='grc' dir='ltr'>αἰχμαλωσίαν</span> 
     </span>
    </p>
   </div>
   <div class='ocr_carea' id='block_1_4' title="bbox 319 544 1984 617">
    <p class='ocr_par' dir='ltr' id='par_1_4' title="bbox 319 544 1984 617">
     <span class='ocr_line' id='line_1_4' title="bbox 319 544 1984 617; baseline -0.002 -15"><span class='ocrx_word' id='word_1_25' title='bbox 319 551 520 612; x_wconf 74' lang='grc' dir='ltr'>ἔτεκον,</span> <span class='ocrx_word' id='word_1_26' title='bbox 552 548 643 601; x_wconf 73' lang='grc' dir='ltr'>καὶ</span> <span class='ocrx_word' id='word_1_27' title='bbox 674 546 773 617; x_wconf 75' lang='grc' dir='ltr'>τήν</span> <span class='ocrx_word' id='word_1_28' title='bbox 801 545 1032 616; x_wconf 81' lang='grc' dir='ltr'>κάμινον</span> <span class='ocrx_word' id='word_1_29' title='bbox 1061 547 1290 617; x_wconf 76' lang='grc' dir='ltr'>ἀνῆψαν.</span> <span class='ocrx_word' id='word_1_30' title='bbox 1312 546 1526 615; x_wconf 83' lang='grc' dir='ltr'>Ὥσπερ</span> <span class='ocrx_word' id='word_1_31' title='bbox 1553 544 1660 616; x_wconf 84' lang='grc' dir='ltr'>γὰρ</span> <span class='ocrx_word' id='word_1_32' title='bbox 1687 544 1984 614; x_wconf 78' lang='grc' dir='ltr'>σπινθῆρες</span> 
     </span>
    </p>
   </div>
   <div class='ocr_carea' id='block_1_5' title="bbox 318 630 1990 704">
    <p class='ocr_par' dir='ltr' id='par_1_5' title="bbox 318 630 1990 704">
     <span class='ocr_line' id='line_1_5' title="bbox 318 630 1990 704; baseline -0.002 -18"><span class='ocrx_word' id='word_1_33' title='bbox 318 635 676 704; x_wconf 69' lang='grc' dir='ltr'>ἐμπίπτοντες</span> <span class='ocrx_word' id='word_1_34' title='bbox 713 631 828 703; x_wconf 90' lang='grc' dir='ltr'>πῦρ</span> <span class='ocrx_word' id='word_1_35' title='bbox 873 631 1266 704; x_wconf 82' lang='grc' dir='ltr'>ἀνεγείρουσιν,</span> <span class='ocrx_word' id='word_1_36' title='bbox 1311 630 1454 684; x_wconf 80' lang='grc' dir='ltr'>οὕτω</span> <span class='ocrx_word' id='word_1_37' title='bbox 1505 631 1574 683; x_wconf 86' lang='grc' dir='ltr'>τά</span> <span class='ocrx_word' id='word_1_38' title='bbox 1617 631 1990 702; x_wconf 81' lang='grc' dir='ltr'>ἁμαρτήματα</span> 
     </span>
    </p>
   </div>
   <div class='ocr_carea' id='block_1_6' title="bbox 317 717 1987 790">
    <p class='ocr_par' dir='ltr' id='par_1_6' title="bbox 317 717 1987 790">
     <span class='ocr_line' id='line_1_6' title="bbox 317 717 1987 790; baseline -0.003 -16"><span class='ocrx_word' id='word_1_39' title='bbox 317 723 530 776; x_wconf 85' lang='grc' dir='ltr'>τούτων</span> <span class='ocrx_word' id='word_1_40' title='bbox 585 720 913 790; x_wconf 78' lang='grc' dir='ltr'>συναχθέντα</span> <span class='ocrx_word' id='word_1_41' title='bbox 953 719 1048 773; x_wconf 90' lang='grc' dir='ltr'>τοῦ</span> <span class='ocrx_word' id='word_1_42' title='bbox 1095 719 1229 773; x_wconf 82' lang='grc' dir='ltr'>Θεοῦ</span> <span class='ocrx_word' id='word_1_43' title='bbox 1281 719 1381 790; x_wconf 83' lang='grc' dir='ltr'>τὴν</span> <span class='ocrx_word' id='word_1_44' title='bbox 1432 719 1601 790; x_wconf 80' lang='grc' dir='ltr'>ὀργὴν</span> <span class='ocrx_word' id='word_1_45' title='bbox 1643 719 1836 789; x_wconf 73' lang='grc' dir='ltr'>ἀνῆψε.</span> <span class='ocrx_word' id='word_1_46' title='bbox 1873 717 1987 771; x_wconf 81' lang='grc' dir='ltr'>Καὶ</span> 
     </span>
    </p>
   </div>
   <div class='ocr_carea' id='block_1_7' title="bbox 331 804 1985 874">
    <p class='ocr_par' dir='ltr' id='par_1_7' title="bbox 331 804 1985 874">
     <span class='ocr_line' id='line_1_7' title="bbox 331 804 1985 874; baseline -0.001 -13"><span class='ocrx_word' id='word_1_47' title='bbox 331 808 885 873; x_wconf 77' lang='grc' dir='ltr'>κατακαυθήσονται</span> <span class='ocrx_word' id='word_1_48' title='bbox 922 809 976 860; x_wconf 88' lang='grc' dir='ltr'>σί</span> <span class='ocrx_word' id='word_1_49' title='bbox 1029 806 1240 874; x_wconf 78' lang='grc' dir='ltr'>ἄνομοι</span> <span class='ocrx_word' id='word_1_50' title='bbox 1275 804 1373 859; x_wconf 78' lang='grc' dir='ltr'>καί</span> <span class='ocrx_word' id='word_1_51' title='bbox 1410 809 1463 859; x_wconf 84' lang='grc' dir='ltr'>οἰ</span> <span class='ocrx_word' id='word_1_52' title='bbox 1484 805 1818 874; x_wconf 81' lang='grc' dir='ltr'>ἀμαρτωλοί</span> <span class='ocrx_word' id='word_1_53' title='bbox 1846 806 1985 874; x_wconf 83' lang='grc' dir='ltr'>ἅμα,</span> 
     </span>
    </p>
   </div>
   <div class='ocr_carea' id='block_1_8' title="bbox 325 893 1986 964">
    <p class='ocr_par' dir='ltr' id='par_1_8' title="bbox 325 893 1986 964">
     <span class='ocr_line' id='line_1_8' title="bbox 325 893 1986 964; baseline -0.003 -14"><span class='ocrx_word' id='word_1_54' title='bbox 325 896 425 950; x_wconf 71' lang='grc' dir='ltr'>καί</span> <span class='ocrx_word' id='word_1_55' title='bbox 442 899 547 950; x_wconf 82' lang='grc' dir='ltr'>οὐκ</span> <span class='ocrx_word' id='word_1_56' title='bbox 570 895 739 950; x_wconf 76' lang='grc' dir='ltr'>ἔσται</span> <span class='ocrx_word' id='word_1_57' title='bbox 757 898 792 950; x_wconf 82' lang='grc' dir='ltr'><strong><em>ὁ</em></strong></span> <span class='ocrx_word' id='word_1_58' title='bbox 813 893 1070 948; x_wconf 66' lang='grc' dir='ltr'>σϐἐσων.</span> <span class='ocrx_word' id='word_1_59' title='bbox 1100 895 1268 947; x_wconf 84' lang='grc' dir='ltr'>Πάλιν</span> <span class='ocrx_word' id='word_1_60' title='bbox 1309 894 1642 964; x_wconf 81' lang='grc' dir='ltr'>ἀπαγορεύει</span> <span class='ocrx_word' id='word_1_61' title='bbox 1667 894 1764 964; x_wconf 85' lang='grc' dir='ltr'>τὴν</span> <span class='ocrx_word' id='word_1_62' title='bbox 1810 909 1986 963; x_wconf 88' lang='grc' dir='ltr'>σωτη-</span> 
     </span>
    </p>
   </div>
   <div class='ocr_carea' id='block_1_9' title="bbox 330 982 1982 1054">
    <p class='ocr_par' dir='ltr' id='par_1_9' title="bbox 330 982 1982 1054">
     <span class='ocr_line' id='line_1_9' title="bbox 330 982 1982 1054; baseline -0.001 -16"><span class='ocrx_word' id='word_1_63' title='bbox 330 986 449 1054; x_wconf 81' lang='grc' dir='ltr'>ρίαν</span> <span class='ocrx_word' id='word_1_64' title='bbox 491 983 577 1038; x_wconf 89' lang='grc' dir='ltr'>διά</span> <span class='ocrx_word' id='word_1_65' title='bbox 620 983 720 1054; x_wconf 81' lang='grc' dir='ltr'>τὴν</span> <span class='ocrx_word' id='word_1_66' title='bbox 751 982 920 1054; x_wconf 82' lang='grc' dir='ltr'>αὐτὴν</span> <span class='ocrx_word' id='word_1_67' title='bbox 963 982 1125 1036; x_wconf 86' lang='grc' dir='ltr'>πάλιν</span> <span class='ocrx_word' id='word_1_68' title='bbox 1159 982 1367 1046; x_wconf 85' lang='grc' dir='ltr'>αἰτίαν,</span> <span class='ocrx_word' id='word_1_69' title='bbox 1407 983 1506 1052; x_wconf 80' lang='grc' dir='ltr'>οὐχ</span> <span class='ocrx_word' id='word_1_70' title='bbox 1541 983 1628 1035; x_wconf 77' lang='grc' dir='ltr'>ἵνα</span> <span class='ocrx_word' id='word_1_71' title='bbox 1653 982 1982 1050; x_wconf 83' lang='grc' dir='ltr'>ἀπογνώσιν,</span> 
     </span>
    </p>
   </div>
   <div class='ocr_carea' id='block_1_10' title="bbox 324 1070 1982 1142">
    <p class='ocr_par' dir='ltr' id='par_1_10' title="bbox 324 1070 1982 1142">
     <span class='ocr_line' id='line_1_10' title="bbox 324 1070 1982 1142; baseline 0 -18"><span class='ocrx_word' id='word_1_72' title='bbox 324 1071 437 1124; x_wconf 86' lang='grc' dir='ltr'>ἀλλ’</span> <span class='ocrx_word' id='word_1_73' title='bbox 465 1072 550 1124; x_wconf 76' lang='grc' dir='ltr'>ἵνα</span> <span class='ocrx_word' id='word_1_74' title='bbox 596 1071 770 1142; x_wconf 83' lang='grc' dir='ltr'>ταύτῃ</span> <span class='ocrx_word' id='word_1_75' title='bbox 811 1071 940 1139; x_wconf 90' lang='grc' dir='ltr'>γοῦν</span> <span class='ocrx_word' id='word_1_76' title='bbox 987 1070 1306 1141; x_wconf 80' lang='grc' dir='ltr'>ἀκμάζοντα</span> <span class='ocrx_word' id='word_1_77' title='bbox 1353 1071 1445 1123; x_wconf 82' lang='grc' dir='ltr'>τὸν</span> <span class='ocrx_word' id='word_1_78' title='bbox 1479 1070 1642 1138; x_wconf 89' lang='grc' dir='ltr'>φόϐον</span> <span class='ocrx_word' id='word_1_79' title='bbox 1680 1070 1982 1140; x_wconf 78' lang='grc' dir='ltr'>δεξάμενοι,</span> 
     </span>
    </p>
   </div>
   <div class='ocr_carea' id='block_1_11' title="bbox 322 1155 1982 1228">
    <p class='ocr_par' dir='ltr' id='par_1_11' title="bbox 322 1155 1982 1228">
     <span class='ocr_line' id='line_1_11' title="bbox 322 1155 1982 1228; baseline -0.001 -19"><span class='ocrx_word' id='word_1_80' title='bbox 322 1158 416 1226; x_wconf 84' lang='grc' dir='ltr'>τήν</span> <span class='ocrx_word' id='word_1_81' title='bbox 439 1157 642 1227; x_wconf 72' lang='grc' dir='ltr'>πολλὴν</span> <span class='ocrx_word' id='word_1_82' title='bbox 670 1157 1097 1221; x_wconf 81' lang='grc' dir='ltr'>ἀποτινάξωνται</span> <span class='ocrx_word' id='word_1_83' title='bbox 1130 1157 1419 1228; x_wconf 76' lang='grc' dir='ltr'>ρᾳθυμίαν.</span> <span class='ocrx_word' id='word_1_84' title='bbox 1476 1157 1584 1209; x_wconf 69' lang='grc' dir='ltr'>Καὶ</span> <span class='ocrx_word' id='word_1_85' title='bbox 1629 1157 1810 1227; x_wconf 75' lang='grc' dir='ltr'>ἕτερον</span> <span class='ocrx_word' id='word_1_86' title='bbox 1843 1155 1900 1208; x_wconf 92' lang='grc' dir='ltr'>δέ</span> <span class='ocrx_word' id='word_1_87' title='bbox 1930 1174 1982 1208; x_wconf 93' lang='grc' dir='ltr'>τι</span> 
     </span>
    </p>
   </div>
   <div class='ocr_carea' id='block_1_12' title="bbox 320 1241 1983 1314">
    <p class='ocr_par' dir='ltr' id='par_1_12' title="bbox 320 1241 1983 1314">
     <span class='ocr_line' id='line_1_12' title="bbox 320 1241 1983 1314; baseline -0.001 -19"><span class='ocrx_word' id='word_1_88' title='bbox 320 1244 548 1298; x_wconf 84' lang='grc' dir='ltr'>ἐνταῦθα</span> <span class='ocrx_word' id='word_1_89' title='bbox 581 1244 895 1306; x_wconf 87' lang='grc' dir='ltr'>αίνίττεται,</span> <span class='ocrx_word' id='word_1_90' title='bbox 921 1245 981 1296; x_wconf 89' lang='lat'>16</span> <span class='ocrx_word' id='word_1_91' title='bbox 998 1244 1208 1314; x_wconf 78' lang='grc' dir='ltr'>ἄμαχον</span> <span class='ocrx_word' id='word_1_92' title='bbox 1234 1243 1397 1295; x_wconf 82' lang='grc' dir='ltr'>αὑτοῦ</span> <span class='ocrx_word' id='word_1_93' title='bbox 1420 1243 1520 1311; x_wconf 87' lang='grc' dir='ltr'>τῆς</span> <span class='ocrx_word' id='word_1_94' title='bbox 1557 1241 1856 1312; x_wconf 83' lang='grc' dir='ltr'>δυνάμεως,</span> <span class='ocrx_word' id='word_1_95' title='bbox 1889 1241 1983 1294; x_wconf 74' lang='grc' dir='ltr'>καὶ</span> 
     </span>
    </p>
   </div>
   <div class='ocr_carea' id='block_1_13' title="bbox 317 1330 1980 1402">
    <p class='ocr_par' dir='ltr' id='par_1_13' title="bbox 317 1330 1980 1402">
     <span class='ocr_line' id='line_1_13' title="bbox 317 1330 1980 1402; baseline -0.001 -18"><span class='ocrx_word' id='word_1_96' title='bbox 317 1333 394 1385; x_wconf 80' lang='grc' dir='ltr'>ὅτι</span> <span class='ocrx_word' id='word_1_97' title='bbox 424 1331 748 1398; x_wconf 77' lang='grc' dir='ltr'>κολάζοντος</span> <span class='ocrx_word' id='word_1_98' title='bbox 780 1333 966 1397; x_wconf 76' lang='grc' dir='ltr'>αὑτοῦ,</span> <span class='ocrx_word' id='word_1_99' title='bbox 999 1333 1092 1386; x_wconf 64' lang='grc' dir='ltr'>καὶ⁸</span> <span class='ocrx_word' id='word_1_100' title='bbox 1146 1331 1578 1402; x_wconf 87' lang='grc' dir='ltr'>τιμωρουμένου,</span> <span class='ocrx_word' id='word_1_101' title='bbox 1625 1330 1797 1395; x_wconf 72' lang='grc' dir='ltr'>οὐδεὶς</span> <span class='ocrx_word' id='word_1_102' title='bbox 1832 1333 1980 1384; x_wconf 86' lang='grc' dir='ltr'>ἀντι-</span> 
     </span>
    </p>
   </div>
   <div class='ocr_carea' id='block_1_14' title="bbox 318 1417 1568 1489">
    <p class='ocr_par' dir='ltr' id='par_1_14' title="bbox 318 1417 1568 1489">
     <span class='ocr_line' id='line_1_14' title="bbox 318 1417 1568 1489; baseline -0.002 -18"><span class='ocrx_word' id='word_1_103' title='bbox 318 1421 504 1488; x_wconf 77' lang='grc' dir='ltr'>στῆναι</span> <span class='ocrx_word' id='word_1_104' title='bbox 541 1421 635 1472; x_wconf 66' lang='grc' dir='ltr'>καὶ</span> <span class='ocrx_word' id='word_1_105' title='bbox 661 1420 966 1473; x_wconf 89' lang='grc' dir='ltr'>καταλῦσαι</span> <span class='ocrx_word' id='word_1_106' title='bbox 993 1419 1278 1489; x_wconf 84' lang='grc' dir='ltr'>δυνήσεται</span> <span class='ocrx_word' id='word_1_107' title='bbox 1311 1418 1380 1472; x_wconf 87' lang='grc' dir='ltr'>τά</span> <span class='ocrx_word' id='word_1_108' title='bbox 1401 1417 1568 1470; x_wconf 75' lang='grc' dir='ltr'>δεινά.</span> 
     </span>
    </p>
   </div>
   <div class='ocr_carea' id='block_1_15' title="bbox 965 1521 1334 1576">
    <p class='ocr_par' dir='ltr' id='par_1_15' title="bbox 965 1521 1334 1576">
     <span class='ocr_line' id='line_1_15' title="bbox 965 1521 1334 1576; baseline -0.005 0"><span class='ocrx_word' id='word_1_109' title='bbox 965 1522 1216 1576; x_wconf 78' lang='grc' dir='ltr'>ΚΕΦΑΛ.</span> <span class='ocrx_word' id='word_1_110' title='bbox 1259 1521 1334 1574; x_wconf 87' lang='lat' dir='ltr'>B&#39;.</span> 
     </span>
    </p>
   </div>
   <div class='ocr_carea' id='block_1_16' title="bbox 325 1622 1980 1695">
    <p class='ocr_par' dir='ltr' id='par_1_16' title="bbox 325 1622 1980 1695">
     <span class='ocr_line' id='line_1_16' title="bbox 325 1622 1980 1695; baseline 0.001 -16"><span class='ocrx_word' id='word_1_111' title='bbox 325 1625 386 1679; x_wconf 88' lang='lat'>&#39;0</span> <span class='ocrx_word' id='word_1_112' title='bbox 409 1626 593 1694; x_wconf 74' lang='grc' dir='ltr'>λόγος</span> <span class='ocrx_word' id='word_1_113' title='bbox 619 1628 654 1680; x_wconf 87' lang='lat' dir='ltr'><strong><em>d</em></strong></span> <span class='ocrx_word' id='word_1_114' title='bbox 688 1627 1014 1695; x_wconf 70' lang='grc' dir='ltr'>γενόμενος</span> <span class='ocrx_word' id='word_1_115' title='bbox 1050 1624 1198 1694; x_wconf 73' lang='grc' dir='ltr'>πρὸς</span> <span class='ocrx_word' id='word_1_116' title='bbox 1235 1625 1485 1679; x_wconf 78' lang='grc' dir='ltr'>Ἡσαΐαν</span> <span class='ocrx_word' id='word_1_117' title='bbox 1521 1622 1655 1678; x_wconf 76' lang='grc' dir='ltr'>υἱὸν</span> <span class='ocrx_word' id='word_1_118' title='bbox 1692 1623 1910 1694; x_wconf 84' lang='grc' dir='ltr'>Ἀμμώς</span> <span class='ocrx_word' id='word_1_119' title='bbox 1931 1636 1980 1680; x_wconf 74' lang='grc' dir='ltr'>α.</span> 
     </span>
    </p>
   </div>
   <div class='ocr_carea' id='block_1_17' title="bbox 381 1729 1984 1801">
    <p class='ocr_par' dir='ltr' id='par_1_17' title="bbox 381 1729 1984 1801">
     <span class='ocr_line' id='line_1_17' title="bbox 381 1729 1984 1801; baseline 0 -18"><span class='ocrx_word' id='word_1_120' title='bbox 381 1734 453 1783; x_wconf 83' lang='grc' dir='ltr'>α’.</span> <span class='ocrx_word' id='word_1_121' title='bbox 479 1730 760 1783; x_wconf 83' lang='grc' dir='ltr'>Ἐντεῦθεν</span> <span class='ocrx_word' id='word_1_122' title='bbox 781 1731 940 1800; x_wconf 80' lang='grc' dir='ltr'>δῆλον</span> <span class='ocrx_word' id='word_1_123' title='bbox 961 1730 1036 1794; x_wconf 91' lang='grc' dir='ltr'>ώς</span> <span class='ocrx_word' id='word_1_124' title='bbox 1061 1731 1123 1783; x_wconf 86' lang='lat'>06</span> <span class='ocrx_word' id='word_1_125' title='bbox 1148 1731 1326 1794; x_wconf 86' lang='grc' dir='ltr'>πάσας</span> <span class='ocrx_word' id='word_1_126' title='bbox 1343 1729 1431 1798; x_wconf 79' lang='grc' dir='ltr'>ὑφ’</span> <span class='ocrx_word' id='word_1_127' title='bbox 1450 1730 1508 1783; x_wconf 86' lang='grc' dir='ltr'>ἓν</span> <span class='ocrx_word' id='word_1_128' title='bbox 1528 1729 1626 1794; x_wconf 81' lang='grc' dir='ltr'>τὰς</span> <span class='ocrx_word' id='word_1_129' title='bbox 1651 1731 1984 1801; x_wconf 77' lang='grc' dir='ltr'>προφητείας</span> 
     </span>
    </p>
   </div>
   <div class='ocr_carea' id='block_1_18' title="bbox 315 1817 1980 1891">
    <p class='ocr_par' dir='ltr' id='par_1_18' title="bbox 315 1817 1980 1891">
     <span class='ocr_line' id='line_1_18' title="bbox 315 1817 1980 1891; baseline 0.002 -23"><span class='ocrx_word' id='word_1_130' title='bbox 315 1818 622 1887; x_wconf 82' lang='grc' dir='ltr'>εἰρήκασιν,</span> <span class='ocrx_word' id='word_1_131' title='bbox 643 1817 780 1872; x_wconf 88' lang='grc' dir='ltr'>ἀλλά</span> <span class='ocrx_word' id='word_1_132' title='bbox 811 1819 954 1870; x_wconf 90' lang='grc' dir='ltr'>κατά</span> <span class='ocrx_word' id='word_1_133' title='bbox 995 1817 1284 1891; x_wconf 80' lang='grc' dir='ltr'>διαφόρους</span> <span class='ocrx_word' id='word_1_134' title='bbox 1320 1819 1682 1891; x_wconf 68' lang='grc' dir='ltr'>ἐμπνεόμενα</span> <span class='ocrx_word' id='word_1_135' title='bbox 1735 1819 1980 1889; x_wconf 82' lang='grc' dir='ltr'>καιροὺς,</span> 
     </span>
    </p>
   </div>
   <div class='ocr_carea' id='block_1_19' title="bbox 317 1905 1982 1976">
    <p class='ocr_par' dir='ltr' id='par_1_19' title="bbox 317 1905 1982 1976">
     <span class='ocr_line' id='line_1_19' title="bbox 317 1905 1982 1976; baseline 0.002 -20"><span class='ocrx_word' id='word_1_136' title='bbox 317 1906 620 1974; x_wconf 76' lang='grc' dir='ltr'>περικοπὰς</span> <span class='ocrx_word' id='word_1_137' title='bbox 667 1921 820 1968; x_wconf 86' lang='grc' dir='ltr'>τινας</span> <span class='ocrx_word' id='word_1_138' title='bbox 863 1905 1224 1976; x_wconf 87' lang='grc' dir='ltr'>ἀπήγγελλον,</span> <span class='ocrx_word' id='word_1_139' title='bbox 1254 1906 1312 1960; x_wconf 80' lang='grc' dir='ltr'>αῖ</span> <span class='ocrx_word' id='word_1_140' title='bbox 1366 1907 1702 1960; x_wconf 88' lang='grc' dir='ltr'>συντεθεῖσαι</span> <span class='ocrx_word' id='word_1_141' title='bbox 1755 1907 1982 1976; x_wconf 78' lang='grc' dir='ltr'>ὕστερον</span> 
     </span>
    </p>
   </div>
   <div class='ocr_carea' id='block_1_20' title="bbox 319 1993 1982 2066">
    <p class='ocr_par' dir='ltr' id='par_1_20' title="bbox 319 1993 1982 2066">
     <span class='ocr_line' id='line_1_20' title="bbox 319 1993 1982 2066; baseline 0.004 -24"><span class='ocrx_word' id='word_1_142' title='bbox 319 1993 410 2060; x_wconf 80' lang='grc' dir='ltr'>ὑφ’</span> <span class='ocrx_word' id='word_1_143' title='bbox 457 1993 540 2056; x_wconf 80' lang='grc' dir='ltr'>ἐν,</span> <span class='ocrx_word' id='word_1_144' title='bbox 587 1993 870 2065; x_wconf 82' lang='grc' dir='ltr'>ὁλόκληρον</span> <span class='ocrx_word' id='word_1_145' title='bbox 926 1993 1127 2063; x_wconf 87' lang='grc' dir='ltr'>βιϐλίον</span> <span class='ocrx_word' id='word_1_146' title='bbox 1181 1995 1464 2066; x_wconf 89' lang='grc' dir='ltr'>ἐποίησαν.</span> <span class='ocrx_word' id='word_1_147' title='bbox 1522 1995 1613 2048; x_wconf 73' lang='grc' dir='ltr'>Διὸ</span> <span class='ocrx_word' id='word_1_148' title='bbox 1661 1994 1755 2049; x_wconf 78' lang='grc' dir='ltr'>καὶ</span> <span class='ocrx_word' id='word_1_149' title='bbox 1809 1993 1982 2058; x_wconf 80' lang='grc' dir='ltr'>οὓτως</span> 
     </span>
    </p>
   </div>
   <div class='ocr_carea' id='block_1_21' title="bbox 322 2079 1984 2154">
    <p class='ocr_par' dir='ltr' id='par_1_21' title="bbox 322 2079 1984 2154">
     <span class='ocr_line' id='line_1_21' title="bbox 322 2079 1984 2154; baseline 0.004 -25"><span class='ocrx_word' id='word_1_150' title='bbox 322 2079 572 2148; x_wconf 86' lang='grc' dir='ltr'>ἀρχεται.</span> <span class='ocrx_word' id='word_1_151' title='bbox 605 2081 718 2132; x_wconf 82' lang='grc' dir='ltr'>Οὐκ</span> <span class='ocrx_word' id='word_1_152' title='bbox 753 2081 995 2135; x_wconf 88' lang='grc' dir='ltr'>ἐντεῦθεν</span> <span class='ocrx_word' id='word_1_153' title='bbox 1029 2082 1086 2135; x_wconf 89' lang='grc' dir='ltr'>δέ</span> <span class='ocrx_word' id='word_1_154' title='bbox 1129 2083 1288 2154; x_wconf 87' lang='grc' dir='ltr'>μόνον</span> <span class='ocrx_word' id='word_1_155' title='bbox 1313 2082 1472 2136; x_wconf 88' lang='grc' dir='ltr'>τοῦτο</span> <span class='ocrx_word' id='word_1_156' title='bbox 1513 2082 1670 2152; x_wconf 87' lang='grc' dir='ltr'>δῆλον</span> <span class='ocrx_word' id='word_1_157' title='bbox 1695 2082 1844 2134; x_wconf 81' lang='grc' dir='ltr'>ἔσται</span> <span class='ocrx_word' id='word_1_158' title='bbox 1891 2083 1984 2135; x_wconf 76' lang='grc' dir='ltr'>καὶ</span> 
     </span>
    </p>
   </div>
   <div class='ocr_carea' id='block_1_22' title="bbox 318 2164 1982 2243">
    <p class='ocr_par' dir='ltr' id='par_1_22' title="bbox 318 2164 1982 2243">
     <span class='ocr_line' id='line_1_22' title="bbox 318 2164 1982 2243; baseline 0.003 -24"><span class='ocrx_word' id='word_1_159' title='bbox 318 2167 487 2235; x_wconf 79' lang='grc' dir='ltr'>σαφὲς</span> <span class='ocrx_word' id='word_1_160' title='bbox 514 2170 665 2238; x_wconf 74' lang='grc' dir='ltr'>ἡμῖν.</span> <span class='ocrx_word' id='word_1_161' title='bbox 699 2170 811 2222; x_wconf 87' lang='grc' dir='ltr'>ἀλλ’</span> <span class='ocrx_word' id='word_1_162' title='bbox 835 2170 894 2238; x_wconf 79' lang='grc' dir='ltr'>ἐξ</span> <span class='ocrx_word' id='word_1_163' title='bbox 923 2164 998 2224; x_wconf 78' lang='grc' dir='ltr'>ὧν</span> <span class='ocrx_word' id='word_1_164' title='bbox 1028 2173 1233 2242; x_wconf 88' lang='grc' dir='ltr'>προϊών</span> <span class='ocrx_word' id='word_1_165' title='bbox 1257 2173 1352 2226; x_wconf 75' lang='grc' dir='ltr'>κιιί¹</span> <span class='ocrx_word' id='word_1_166' title='bbox 1378 2174 1503 2234; x_wconf 81' lang='grc' dir='ltr'>τοὺς</span> <span class='ocrx_word' id='word_1_167' title='bbox 1537 2173 1762 2243; x_wconf 76' lang='grc' dir='ltr'>καιροὺς</span> <span class='ocrx_word' id='word_1_168' title='bbox 1785 2173 1982 2242; x_wconf 84' lang='grc' dir='ltr'>ἐπιση-</span> 
     </span>
    </p>
   </div>
   <div class='ocr_carea' id='block_1_23' title="bbox 315 2253 1982 2326">
    <p class='ocr_par' dir='ltr' id='par_1_23' title="bbox 315 2253 1982 2326">
     <span class='ocr_line' id='line_1_23' title="bbox 315 2253 1982 2326; baseline 0.004 -22"><span class='ocrx_word' id='word_1_169' title='bbox 315 2253 591 2320; x_wconf 85' lang='grc' dir='ltr'>μαίνεται,</span> <span class='ocrx_word' id='word_1_170' title='bbox 638 2254 732 2308; x_wconf 87' lang='grc' dir='ltr'>νῦν</span> <span class='ocrx_word' id='word_1_171' title='bbox 775 2256 874 2325; x_wconf 83' lang='grc' dir='ltr'>μὲν</span> <span class='ocrx_word' id='word_1_172' title='bbox 911 2255 1105 2326; x_wconf 86' lang='grc' dir='ltr'>λέγων,</span> <span class='ocrx_word' id='word_1_173' title='bbox 1153 2257 1265 2311; x_wconf 88' lang='grc' dir='ltr'>Τοῦ</span> <span class='ocrx_word' id='word_1_174' title='bbox 1299 2257 1594 2322; x_wconf 81' lang='grc' dir='ltr'>ἐνιαυτοῦ,</span> <span class='ocrx_word' id='word_1_175' title='bbox 1629 2253 1702 2314; x_wconf 83' lang='grc' dir='ltr'>οὗ</span> <span class='ocrx_word' id='word_1_176' title='bbox 1735 2256 1982 2326; x_wconf 73' lang='grc' dir='ltr'>εἰσῆλθε</span> 
     </span>
    </p>
   </div>
   <div class='ocr_carea' id='block_1_24' title="bbox 308 2340 1982 2414">
    <p class='ocr_par' dir='ltr' id='par_1_24' title="bbox 308 2340 1982 2414">
     <span class='ocr_line' id='line_1_24' title="bbox 308 2340 1982 2414; baseline 0.004 -21"><span class='ocrx_word' id='word_1_177' title='bbox 308 2340 518 2396; x_wconf 80' lang='grc' dir='ltr'>Νάθαν</span> <span class='ocrx_word' id='word_1_178' title='bbox 545 2345 634 2408; x_wconf 80' lang='grc' dir='ltr'>εἰς</span> <span class='ocrx_word' id='word_1_179' title='bbox 678 2342 960 2404; x_wconf 75' lang='grc' dir='ltr'>Ἀζωτονο</span> <span class='ocrx_word' id='word_1_180' title='bbox 1004 2344 1098 2399; x_wconf 89' lang='grc' dir='ltr'>νῦν</span> <span class='ocrx_word' id='word_1_181' title='bbox 1125 2345 1184 2398; x_wconf 84' lang='grc' dir='ltr'>δὲ</span> <span class='ocrx_word' id='word_1_182' title='bbox 1225 2345 1429 2414; x_wconf 87' lang='grc' dir='ltr'>λέγων·</span> <span class='ocrx_word' id='word_1_183' title='bbox 1461 2345 1570 2399; x_wconf 74' lang='grc' dir='ltr'>Καὶ</span> <span class='ocrx_word' id='word_1_184' title='bbox 1609 2345 1844 2414; x_wconf 78' lang='grc' dir='ltr'>ἐγένετο</span> <span class='ocrx_word' id='word_1_185' title='bbox 1876 2345 1982 2400; x_wconf 83' lang='grc' dir='ltr'>τοῦ</span> 
     </span>
    </p>
   </div>
   <div class='ocr_carea' id='block_1_25' title="bbox 306 2426 1982 2498">
    <p class='ocr_par' dir='ltr' id='par_1_25' title="bbox 306 2426 1982 2498">
     <span class='ocr_line' id='line_1_25' title="bbox 306 2426 1982 2498; baseline 0.005 -20"><span class='ocrx_word' id='word_1_186' title='bbox 306 2428 609 2491; x_wconf 74' lang='grc' dir='ltr'>ἐνιαυτοῦ,</span> <span class='ocrx_word' id='word_1_187' title='bbox 641 2426 713 2486; x_wconf 85' lang='grc' dir='ltr'>οὗ</span> <span class='ocrx_word' id='word_1_188' title='bbox 744 2431 1044 2486; x_wconf 72' lang='grc' dir='ltr'>ἀπέθανεν</span> <span class='ocrx_word' id='word_1_189' title='bbox 1071 2432 1254 2498; x_wconf 82' lang='grc' dir='ltr'>Ὀζίας</span> <span class='ocrx_word' id='word_1_190' title='bbox 1283 2435 1315 2486; x_wconf 90' lang='grc' dir='ltr'>ό</span> <span class='ocrx_word' id='word_1_191' title='bbox 1341 2432 1662 2498; x_wconf 73' lang='grc' dir='ltr'>βασιλεὺς,</span> <span class='ocrx_word' id='word_1_192' title='bbox 1685 2432 1848 2486; x_wconf 77' lang='grc' dir='ltr'>εἶδον</span> <span class='ocrx_word' id='word_1_193' title='bbox 1875 2433 1982 2486; x_wconf 81' lang='grc' dir='ltr'>τὸν</span> 
     </span>
    </p>
   </div>
   <div class='ocr_carea' id='block_1_26' title="bbox 309 2516 1980 2588">
    <p class='ocr_par' dir='ltr' id='par_1_26' title="bbox 309 2516 1980 2588">
     <span class='ocr_line' id='line_1_26' title="bbox 309 2516 1980 2588; baseline 0.003 -21"><span class='ocrx_word' id='word_1_194' title='bbox 309 2516 531 2583; x_wconf 75' lang='grc' dir='ltr'>Κύριον</span> <span class='ocrx_word' id='word_1_195' title='bbox 563 2517 907 2586; x_wconf 79' lang='grc' dir='ltr'>καθήμενον</span> <span class='ocrx_word' id='word_1_196' title='bbox 940 2518 1038 2572; x_wconf 71' lang='grc' dir='ltr'>ἐπὶ</span> <span class='ocrx_word' id='word_1_197' title='bbox 1067 2520 1282 2587; x_wconf 81' lang='grc' dir='ltr'>θρόνου</span> <span class='ocrx_word' id='word_1_198' title='bbox 1316 2520 1562 2588; x_wconf 73' lang='grc' dir='ltr'>ὑψηλοῦ</span> <span class='ocrx_word' id='word_1_199' title='bbox 1594 2519 1693 2573; x_wconf 81' lang='grc' dir='ltr'>καὶ</span> <span class='ocrx_word' id='word_1_200' title='bbox 1723 2520 1980 2588; x_wconf 82' lang='grc' dir='ltr'>ἐπηρμέ-</span> 
     </span>
    </p>
   </div>
   <div class='ocr_carea' id='block_1_27' title="bbox 305 2605 1982 2678">
    <p class='ocr_par' dir='ltr' id='par_1_27' title="bbox 305 2605 1982 2678">
     <span class='ocr_line' id='line_1_27' title="bbox 305 2605 1982 2678; baseline 0.003 -23"><span class='ocrx_word' id='word_1_201' title='bbox 305 2619 433 2656; x_wconf 81' lang='grc' dir='ltr'>νου.</span> <span class='ocrx_word' id='word_1_202' title='bbox 471 2605 555 2657; x_wconf 88' lang='lat'><em>06</em></span> <span class='ocrx_word' id='word_1_203' title='bbox 611 2605 720 2676; x_wconf 90' lang='grc' dir='ltr'>γάρ</span> <span class='ocrx_word' id='word_1_204' title='bbox 752 2605 942 2678; x_wconf 83' lang='grc' dir='ltr'>ὥσπερ</span> <span class='ocrx_word' id='word_1_205' title='bbox 992 2608 1048 2659; x_wconf 86' lang='grc' dir='ltr'>αἰ</span> <span class='ocrx_word' id='word_1_206' title='bbox 1081 2607 1391 2660; x_wconf 70' lang='grc' dir='ltr'>Ἐπιστολαὶ</span> <span class='ocrx_word' id='word_1_207' title='bbox 1433 2608 1488 2660; x_wconf 84' lang='grc' dir='ltr'>αἰ</span> <span class='ocrx_word' id='word_1_208' title='bbox 1535 2607 1748 2660; x_wconf 80' lang='grc' dir='ltr'>Παύλου</span> <span class='ocrx_word' id='word_1_209' title='bbox 1783 2607 1878 2660; x_wconf 78' lang='grc' dir='ltr'>καὶ</span> <span class='ocrx_word' id='word_1_210' title='bbox 1913 2606 1982 2660; x_wconf 74' lang='grc' dir='ltr'>τὰ</span> 
     </span>
    </p>
   </div>
   <div class='ocr_carea' id='block_1_28' title="bbox 309 2692 1978 2769">
    <p class='ocr_par' dir='ltr' id='par_1_28' title="bbox 309 2692 1978 2769">
     <span class='ocr_line' id='line_1_28' title="bbox 309 2692 1978 2769; baseline 0.004 -25"><span class='ocrx_word' id='word_1_211' title='bbox 309 2692 622 2761; x_wconf 81' lang='grc' dir='ltr'>Εὐαγγέλια</span> <span class='ocrx_word' id='word_1_212' title='bbox 651 2695 743 2763; x_wconf 74' lang='grc' dir='ltr'>ὑφ’</span> <span class='ocrx_word' id='word_1_213' title='bbox 770 2695 830 2750; x_wconf 82' lang='grc' dir='ltr'>ἓν</span> <span class='ocrx_word' id='word_1_214' title='bbox 863 2696 1244 2767; x_wconf 82' lang='grc' dir='ltr'>συνετέοησαν,</span> <span class='ocrx_word' id='word_1_215' title='bbox 1266 2697 1408 2751; x_wconf 76' lang='grc' dir='ltr'>οὕτω</span> <span class='ocrx_word' id='word_1_216' title='bbox 1431 2697 1493 2769; x_wconf 82' lang='grc' dir='ltr'>δὴ</span> <span class='ocrx_word' id='word_1_217' title='bbox 1523 2698 1616 2751; x_wconf 74' lang='grc' dir='ltr'>καὶ</span> <span class='ocrx_word' id='word_1_218' title='bbox 1634 2701 1978 2769; x_wconf 79' lang='grc' dir='ltr'>προφητεῖαι,</span> 
     </span>
    </p>
   </div>
   <div class='ocr_carea' id='block_1_29' title="bbox 302 2779 1981 2856">
    <p class='ocr_par' dir='ltr' id='par_1_29' title="bbox 302 2779 1981 2856">
     <span class='ocr_line' id='line_1_29' title="bbox 302 2779 1981 2856; baseline 0.005 -27"><span class='ocrx_word' id='word_1_219' title='bbox 302 2779 414 2830; x_wconf 87' lang='grc' dir='ltr'>ἀλλ’</span> <span class='ocrx_word' id='word_1_220' title='bbox 441 2781 591 2850; x_wconf 81' lang='grc' dir='ltr'>ὅπερ</span> <span class='ocrx_word' id='word_1_221' title='bbox 625 2781 798 2852; x_wconf 83' lang='grc' dir='ltr'>ἔφθην</span> <span class='ocrx_word' id='word_1_222' title='bbox 834 2782 1022 2847; x_wconf 78' lang='grc' dir='ltr'>εἰπὼν,</span> <span class='ocrx_word' id='word_1_223' title='bbox 1059 2785 1114 2837; x_wconf 89' lang='grc' dir='ltr'>ἐν</span> <span class='ocrx_word' id='word_1_224' title='bbox 1135 2785 1412 2856; x_wconf 85' lang='grc' dir='ltr'>διαφόροις</span> <span class='ocrx_word' id='word_1_225' title='bbox 1441 2787 1668 2856; x_wconf 85' lang='grc' dir='ltr'>καιροῖς.</span> <span class='ocrx_word' id='word_1_226' title='bbox 1700 2785 1863 2838; x_wconf 83' lang='grc' dir='ltr'>Ὅθεν</span> <span class='ocrx_word' id='word_1_227' title='bbox 1887 2786 1981 2839; x_wconf 82' lang='grc' dir='ltr'>καὶ</span> 
     </span>
    </p>
   </div>
   <div class='ocr_carea' id='block_1_30' title="bbox 302 2869 1978 2942">
    <p class='ocr_par' dir='ltr' id='par_1_30' title="bbox 302 2869 1978 2942">
     <span class='ocr_line' id='line_1_30' title="bbox 302 2869 1978 2942; baseline 0.005 -25"><span class='ocrx_word' id='word_1_228' title='bbox 302 2869 394 2918; x_wconf 88' lang='grc' dir='ltr'>ἀπ’</span> <span class='ocrx_word' id='word_1_229' title='bbox 425 2870 614 2939; x_wconf 57' lang='grc' dir='ltr'>ἀρῂς</span> <span class='ocrx_word' id='word_1_230' title='bbox 653 2869 847 2940; x_wconf 88' lang='grc' dir='ltr'>ἐτέρας</span> <span class='ocrx_word' id='word_1_231' title='bbox 888 2871 1112 2941; x_wconf 81' lang='grc' dir='ltr'>ἄρχεται</span> <span class='ocrx_word' id='word_1_232' title='bbox 1144 2873 1238 2926; x_wconf 89' lang='grc' dir='ltr'>τοῦ</span> <span class='ocrx_word' id='word_1_233' title='bbox 1272 2873 1539 2942; x_wconf 85' lang='grc' dir='ltr'>παρόντος</span> <span class='ocrx_word' id='word_1_234' title='bbox 1562 2873 1738 2941; x_wconf 88' lang='grc' dir='ltr'>λόγου.</span> <span class='ocrx_word' id='word_1_235' title='bbox 1779 2873 1887 2926; x_wconf 74' lang='grc' dir='ltr'>Καὶ</span> <span class='ocrx_word' id='word_1_236' title='bbox 1918 2873 1978 2926; x_wconf 91' lang='lat'>06</span> 
     </span>
    </p>
   </div>
   <div class='ocr_carea' id='block_1_31' title="bbox 301 2954 1981 3033">
    <p class='ocr_par' dir='ltr' id='par_1_31' title="bbox 301 2954 1981 3033">
     <span class='ocr_line' id='line_1_31' title="bbox 301 2954 1981 3033; baseline 0.004 -27"><span class='ocrx_word' id='word_1_237' title='bbox 301 2954 385 3007; x_wconf 74' lang='grc' dir='ltr'>διὰ</span> <span class='ocrx_word' id='word_1_238' title='bbox 408 2955 578 3008; x_wconf 86' lang='grc' dir='ltr'>τοῦτο</span> <span class='ocrx_word' id='word_1_239' title='bbox 619 2956 779 3026; x_wconf 89' lang='grc' dir='ltr'>μόνον</span> <span class='ocrx_word' id='word_1_240' title='bbox 796 2998 812 3023; x_wconf 93' lang='grc'>,</span> <span class='ocrx_word' id='word_1_241' title='bbox 838 2957 973 3011; x_wconf 88' lang='grc' dir='ltr'>ἀλλά</span> <span class='ocrx_word' id='word_1_242' title='bbox 1006 2961 1100 3011; x_wconf 79' lang='grc' dir='ltr'>καὶ</span> <span class='ocrx_word' id='word_1_243' title='bbox 1129 2959 1219 3012; x_wconf 86' lang='grc' dir='ltr'>διά</span> <span class='ocrx_word' id='word_1_244' title='bbox 1247 2960 1308 3013; x_wconf 86' lang='lat'>16</span> <span class='ocrx_word' id='word_1_245' title='bbox 1335 2959 1434 3030; x_wconf 82' lang='grc' dir='ltr'>τήν</span> <span class='ocrx_word' id='word_1_246' title='bbox 1457 2959 1730 3024; x_wconf 83' lang='grc' dir='ltr'>ὑπόθεσιν,</span> <span class='ocrx_word' id='word_1_247' title='bbox 1764 2961 1892 3032; x_wconf 81' lang='grc' dir='ltr'>περὶ</span> <span class='ocrx_word' id='word_1_248' title='bbox 1911 2955 1981 3033; x_wconf 80' lang='grc' dir='ltr'>ἦς</span> 
     </span>
    </p>
   </div>
   <div class='ocr_carea' id='block_1_32' title="bbox 306 3041 1982 3118">
    <p class='ocr_par' dir='ltr' id='par_1_32' title="bbox 306 3041 1982 3118">
     <span class='ocr_line' id='line_1_32' title="bbox 306 3041 1982 3118; baseline 0.001 -22"><span class='ocrx_word' id='word_1_249' title='bbox 306 3041 488 3110; x_wconf 75' lang='grc' dir='ltr'>μέλλει</span> <span class='ocrx_word' id='word_1_250' title='bbox 525 3042 894 3112; x_wconf 86' lang='grc' dir='ltr'>διαλέγεσθαι,</span> <span class='ocrx_word' id='word_1_251' title='bbox 937 3045 1142 3117; x_wconf 88' lang='grc' dir='ltr'>σφόδρα</span> <span class='ocrx_word' id='word_1_252' title='bbox 1185 3046 1533 3116; x_wconf 84' lang='grc' dir='ltr'>ἀπηρτῆσθαι</span> <span class='ocrx_word' id='word_1_253' title='bbox 1581 3046 1688 3100; x_wconf 84' lang='grc' dir='ltr'>τῶν</span> <span class='ocrx_word' id='word_1_254' title='bbox 1723 3063 1982 3118; x_wconf 88' lang='grc' dir='ltr'>προειρη-</span> 
     </span>
    </p>
   </div>
   <div class='ocr_carea' id='block_1_33' title="bbox 305 3128 1978 3206">
    <p class='ocr_par' dir='ltr' id='par_1_33' title="bbox 305 3128 1978 3206">
     <span class='ocr_line' id='line_1_33' title="bbox 305 3128 1978 3206; baseline 0.002 -24"><span class='ocrx_word' id='word_1_255' title='bbox 305 3131 510 3198; x_wconf 69' lang='grc' dir='ltr'>μένων,</span> <span class='ocrx_word' id='word_1_256' title='bbox 542 3133 637 3184; x_wconf 77' lang='grc' dir='ltr'>καὶ</span> <span class='ocrx_word' id='word_1_257' title='bbox 669 3131 1005 3203; x_wconf 76' lang='grc' dir='ltr'>ὑψηλοτέραν</span> <span class='ocrx_word' id='word_1_258' title='bbox 1037 3128 1200 3187; x_wconf 81' lang='grc' dir='ltr'>εἶναι.</span> <span class='ocrx_word' id='word_1_259' title='bbox 1235 3134 1371 3206; x_wconf 78' lang='grc' dir='ltr'>Περὶ</span> <span class='ocrx_word' id='word_1_260' title='bbox 1397 3133 1505 3205; x_wconf 89' lang='grc' dir='ltr'>γάρ</span> <span class='ocrx_word' id='word_1_261' title='bbox 1530 3135 1628 3204; x_wconf 91' lang='grc' dir='ltr'>τῆς</span> <span class='ocrx_word' id='word_1_262' title='bbox 1670 3134 1777 3188; x_wconf 87' lang='grc' dir='ltr'>τῶν</span> <span class='ocrx_word' id='word_1_263' title='bbox 1812 3134 1978 3188; x_wconf 80' lang='grc' dir='ltr'>ἐθνῶν</span> 
     </span>
    </p>
   </div>
   <div class='ocr_carea' id='block_1_34' title="bbox 302 3218 1980 3293">
    <p class='ocr_par' dir='ltr' id='par_1_34' title="bbox 302 3218 1980 3293">
     <span class='ocr_line' id='line_1_34' title="bbox 302 3218 1980 3293; baseline 0.002 -23"><span class='ocrx_word' id='word_1_264' title='bbox 302 3218 574 3290; x_wconf 80' lang='grc' dir='ltr'>κλήσεως,</span> <span class='ocrx_word' id='word_1_265' title='bbox 602 3221 695 3274; x_wconf 69' lang='grc' dir='ltr'>καὶ</span> <span class='ocrx_word' id='word_1_266' title='bbox 720 3221 818 3291; x_wconf 87' lang='grc' dir='ltr'>τῆς</span> <span class='ocrx_word' id='word_1_267' title='bbox 843 3220 934 3274; x_wconf 89' lang='grc' dir='ltr'>τοῦ</span> <span class='ocrx_word' id='word_1_268' title='bbox 961 3221 1313 3292; x_wconf 83' lang='grc' dir='ltr'>κηρύγματος</span> <span class='ocrx_word' id='word_1_269' title='bbox 1341 3222 1722 3293; x_wconf 75' lang='grc' dir='ltr'>περιφανείας,</span> <span class='ocrx_word' id='word_1_270' title='bbox 1750 3223 1843 3275; x_wconf 74' lang='grc' dir='ltr'>καὶ</span> <span class='ocrx_word' id='word_1_271' title='bbox 1879 3222 1980 3292; x_wconf 90' lang='grc' dir='ltr'>τῆς</span> 
     </span>
    </p>
   </div>
   <div class='ocr_carea' id='block_1_35' title="bbox 300 3302 1978 3380">
    <p class='ocr_par' dir='ltr' id='par_1_35' title="bbox 300 3302 1978 3380">
     <span class='ocr_line' id='line_1_35' title="bbox 300 3302 1978 3380; baseline 0.002 -23"><span class='ocrx_word' id='word_1_272' title='bbox 300 3302 586 3378; x_wconf 78' lang='grc' dir='ltr'>πανταχοῦ</span> <span class='ocrx_word' id='word_1_273' title='bbox 616 3309 715 3377; x_wconf 86' lang='grc' dir='ltr'>τῆς</span> <span class='ocrx_word' id='word_1_274' title='bbox 739 3309 1064 3379; x_wconf 79' lang='grc' dir='ltr'>οἰκουμένης</span> <span class='ocrx_word' id='word_1_275' title='bbox 1099 3309 1419 3378; x_wconf 86' lang='grc' dir='ltr'>ἐκταθείσης</span> <span class='ocrx_word' id='word_1_276' title='bbox 1442 3309 1695 3377; x_wconf 89' lang='grc' dir='ltr'>γνώσεως</span> <span class='ocrx_word' id='word_1_277' title='bbox 1715 3348 1730 3373; x_wconf 91' lang='grc'>,</span> <span class='ocrx_word' id='word_1_278' title='bbox 1760 3309 1852 3362; x_wconf 75' lang='grc' dir='ltr'>καὶ</span> <span class='ocrx_word' id='word_1_279' title='bbox 1883 3310 1978 3380; x_wconf 85' lang='grc' dir='ltr'>τῆς</span> 
     </span>
    </p>
   </div>
   <div class='ocr_carea' id='block_1_36' title="bbox 301 3393 1978 3466">
    <p class='ocr_par' dir='ltr' id='par_1_36' title="bbox 301 3393 1978 3466">
     <span class='ocr_line' id='line_1_36' title="bbox 301 3393 1978 3466; baseline 0.004 -23"><span class='ocrx_word' id='word_1_280' title='bbox 301 3393 765 3465; x_wconf 67' lang='grc' dir='ltr'>καταληψομένης</span> <span class='ocrx_word' id='word_1_281' title='bbox 795 3394 892 3465; x_wconf 80' lang='grc' dir='ltr'>τὴν</span> <span class='ocrx_word' id='word_1_282' title='bbox 928 3394 1032 3466; x_wconf 86' lang='grc' dir='ltr'>γῆν</span> <span class='ocrx_word' id='word_1_283' title='bbox 1052 3397 1272 3466; x_wconf 85' lang='grc' dir='ltr'>εἰρήνης</span> <span class='ocrx_word' id='word_1_284' title='bbox 1304 3396 1434 3466; x_wconf 75' lang='grc' dir='ltr'>ἡμῖν</span> <span class='ocrx_word' id='word_1_285' title='bbox 1458 3395 1784 3464; x_wconf 88' lang='grc' dir='ltr'>διαλέγεται.</span> <span class='ocrx_word' id='word_1_286' title='bbox 1825 3395 1888 3449; x_wconf 79' lang='lat' dir='ltr'>El</span> <span class='ocrx_word' id='word_1_287' title='bbox 1921 3397 1978 3449; x_wconf 89' lang='lat'>66</span> 
     </span>
    </p>
   </div>
   <div class='ocr_carea' id='block_1_37' title="bbox 302 3481 1976 3555">
    <p class='ocr_par' dir='ltr' id='par_1_37' title="bbox 302 3481 1976 3555">
     <span class='ocr_line' id='line_1_37' title="bbox 302 3481 1976 3555; baseline 0.002 -24"><span class='ocrx_word' id='word_1_288' title='bbox 302 3482 521 3549; x_wconf 84' lang='grc' dir='ltr'>μέλλων</span> <span class='ocrx_word' id='word_1_289' title='bbox 555 3481 809 3534; x_wconf 88' lang='grc' dir='ltr'>τοιούτων</span> <span class='ocrx_word' id='word_1_290' title='bbox 836 3482 1103 3535; x_wconf 77' lang='grc' dir='ltr'>ἅπτεσθαι</span> <span class='ocrx_word' id='word_1_291' title='bbox 1135 3483 1438 3553; x_wconf 88' lang='grc' dir='ltr'>δογμάτων,</span> <span class='ocrx_word' id='word_1_292' title='bbox 1483 3483 1738 3545; x_wconf 89' lang='grc' dir='ltr'>Ἰουδαίας</span> <span class='ocrx_word' id='word_1_293' title='bbox 1768 3483 1976 3555; x_wconf 87' lang='grc' dir='ltr'>μέμνη-</span> 
     </span>
    </p>
   </div>
   <div class='ocr_carea' id='block_1_38' title="bbox 298 3566 1978 3642">
    <p class='ocr_par' dir='ltr' id='par_1_38' title="bbox 298 3566 1978 3642">
     <span class='ocr_line' id='line_1_38' title="bbox 298 3566 1978 3642; baseline 0.002 -22"><span class='ocrx_word' id='word_1_294' title='bbox 298 3587 384 3622; x_wconf 87' lang='grc' dir='ltr'>ται</span> <span class='ocrx_word' id='word_1_295' title='bbox 415 3571 528 3624; x_wconf 76' lang='grc' dir='ltr'>κα¹ι</span> <span class='ocrx_word' id='word_1_296' title='bbox 567 3570 955 3641; x_wconf 83' lang='grc' dir='ltr'>Ἰερουσαλὴμ,</span> <span class='ocrx_word' id='word_1_297' title='bbox 992 3569 1140 3636; x_wconf 81' lang='grc' dir='ltr'>ξένον</span> <span class='ocrx_word' id='word_1_298' title='bbox 1182 3571 1353 3625; x_wconf 82' lang='grc' dir='ltr'>οὐδέν.</span> <span class='ocrx_word' id='word_1_299' title='bbox 1392 3571 1704 3642; x_wconf 87' lang='grc' dir='ltr'>Προφητεία</span> <span class='ocrx_word' id='word_1_300' title='bbox 1753 3571 1860 3640; x_wconf 85' lang='grc' dir='ltr'>γὰρ</span> <span class='ocrx_word' id='word_1_301' title='bbox 1910 3566 1978 3642; x_wconf 79' lang='grc' dir='ltr'>ἧν</span> 
     </span>
    </p>
   </div>
   <div class='ocr_carea' id='block_1_39' title="bbox 304 3658 1978 3732">
    <p class='ocr_par' dir='ltr' id='par_1_39' title="bbox 304 3658 1978 3732">
     <span class='ocr_line' id='line_1_39' title="bbox 304 3658 1978 3732; baseline 0.001 -22"><span class='ocrx_word' id='word_1_302' title='bbox 304 3659 358 3711; x_wconf 79' lang='lat'><em>:6</em></span> <span class='ocrx_word' id='word_1_303' title='bbox 397 3658 724 3729; x_wconf 85' lang='grc' dir='ltr'>λεγόμενον,</span> <span class='ocrx_word' id='word_1_304' title='bbox 765 3659 1196 3732; x_wconf 87' lang='grc' dir='ltr'>συνεσκιασμένη</span> <span class='ocrx_word' id='word_1_305' title='bbox 1230 3659 1371 3723; x_wconf 90' lang='grc' dir='ltr'>τέως</span> <span class='ocrx_word' id='word_1_306' title='bbox 1417 3661 1534 3722; x_wconf 86' lang='grc' dir='ltr'>ταῖς</span> <span class='ocrx_word' id='word_1_307' title='bbox 1561 3659 1669 3712; x_wconf 86' lang='grc' dir='ltr'>τῶν</span> <span class='ocrx_word' id='word_1_308' title='bbox 1701 3658 1978 3729; x_wconf 86' lang='grc' dir='ltr'>ὀνομάτων</span> 
     </span>
    </p>
   </div>
   <div class='ocr_carea' id='block_1_40' title="bbox 300 3745 1980 3819">
    <p class='ocr_par' dir='ltr' id='par_1_40' title="bbox 300 3745 1980 3819">
     <span class='ocr_line' id='line_1_40' title="bbox 300 3745 1980 3819; baseline 0.007 -29"><span class='ocrx_word' id='word_1_309' title='bbox 300 3746 705 3816; x_wconf 62' lang='grc' dir='ltr'>προσηγορίαις</span> <span class='ocrx_word' id='word_1_310' title='bbox 737 3746 788 3802; x_wconf 69' lang='grc' dir='ltr'>δ.</span> <span class='ocrx_word' id='word_1_311' title='bbox 845 3747 997 3800; x_wconf 75' lang='grc' dir='ltr'>Ἐπεὶ</span> <span class='ocrx_word' id='word_1_312' title='bbox 1057 3747 1154 3800; x_wconf 75' lang='grc' dir='ltr'>καὶ</span> <span class='ocrx_word' id='word_1_313' title='bbox 1205 3746 1296 3800; x_wconf 83' lang='lat' dir='ltr'><em>16v</em></span> <span class='ocrx_word' id='word_1_314' title='bbox 1350 3745 1564 3818; x_wconf 77' lang='grc' dir='ltr'>ψαλμὸν</span> <span class='ocrx_word' id='word_1_315' title='bbox 1624 3745 1715 3800; x_wconf 80' lang='lat' dir='ltr'><em>16v</em></span> <span class='ocrx_word' id='word_1_316' title='bbox 1759 3747 1980 3819; x_wconf 78' lang='grc' dir='ltr'>ἑϐδομη-</span> 
     </span>
    </p>
   </div>
   <div class='ocr_carea' id='block_1_41' title="bbox 301 3833 1977 3906">
    <p class='ocr_par' dir='ltr' id='par_1_41' title="bbox 301 3833 1977 3906">
     <span class='ocr_line' id='line_1_41' title="bbox 301 3833 1977 3906; baseline 0.002 -21"><span class='ocrx_word' id='word_1_317' title='bbox 301 3835 497 3886; x_wconf 69' lang='grc' dir='ltr'>κοστὸν</span> <span class='ocrx_word' id='word_1_318' title='bbox 530 3833 744 3903; x_wconf 77' lang='grc' dir='ltr'>πρῶτον</span> <span class='ocrx_word' id='word_1_319' title='bbox 793 3836 822 3888; x_wconf 97' lang='lat'>6</span> <span class='ocrx_word' id='word_1_320' title='bbox 849 3833 1009 3888; x_wconf 77' lang='grc' dir='ltr'>Δαυῗδ</span> <span class='ocrx_word' id='word_1_321' title='bbox 1047 3833 1351 3888; x_wconf 82' lang='grc' dir='ltr'>συντιθέναι</span> <span class='ocrx_word' id='word_1_322' title='bbox 1389 3833 1616 3904; x_wconf 81' lang='grc' dir='ltr'>μέλλων,</span> <span class='ocrx_word' id='word_1_323' title='bbox 1671 3833 1977 3906; x_wconf 80' lang='grc' dir='ltr'>ἐπέγραψεν</span> 
     </span>
    </p>
   </div>
   <div class='ocr_carea' id='block_1_42' title="bbox 299 3920 1977 3993">
    <p class='ocr_par' dir='ltr' id='par_1_42' title="bbox 299 3920 1977 3993">
     <span class='ocr_line' id='line_1_42' title="bbox 299 3920 1977 3993; baseline 0.004 -22"><span class='ocrx_word' id='word_1_324' title='bbox 299 3921 459 3974; x_wconf 76' lang='grc' dir='ltr'>αὑτὸν</span> <span class='ocrx_word' id='word_1_325' title='bbox 531 3920 613 3991; x_wconf 83' lang='grc' dir='ltr'>τῷ</span> <span class='ocrx_word' id='word_1_326' title='bbox 669 3921 993 3992; x_wconf 82' lang='grc' dir='ltr'>Σολομῶντι,</span> <span class='ocrx_word' id='word_1_327' title='bbox 1040 3923 1134 3975; x_wconf 72' lang='grc' dir='ltr'>καὶ</span> <span class='ocrx_word' id='word_1_328' title='bbox 1186 3921 1392 3992; x_wconf 83' lang='grc' dir='ltr'>προῖὼν</span> <span class='ocrx_word' id='word_1_329' title='bbox 1431 3921 1608 3993; x_wconf 82' lang='grc' dir='ltr'>πολλῷ</span> <span class='ocrx_word' id='word_1_330' title='bbox 1629 3922 1847 3993; x_wconf 82' lang='grc' dir='ltr'>μείζονα</span> <span class='ocrx_word' id='word_1_331' title='bbox 1879 3922 1977 3993; x_wconf 89' lang='grc' dir='ltr'>τῆς</span> 
     </span>
    </p>
   </div>
   <div class='ocr_carea' id='block_1_43' title="bbox 300 4007 1970 4080">
    <p class='ocr_par' dir='ltr' id='par_1_43' title="bbox 300 4007 1970 4080">
     <span class='ocr_line' id='line_1_43' title="bbox 300 4007 1970 4080; baseline 0.001 -21"><span class='ocrx_word' id='word_1_332' title='bbox 300 4007 652 4080; x_wconf 76' lang='grc' dir='ltr'>Σολομῶντος</span> <span class='ocrx_word' id='word_1_333' title='bbox 684 4007 859 4072; x_wconf 80' lang='grc' dir='ltr'>ἀξίας,</span> <span class='ocrx_word' id='word_1_334' title='bbox 897 4008 1094 4078; x_wconf 80' lang='grc' dir='ltr'>μᾶλλον</span> <span class='ocrx_word' id='word_1_335' title='bbox 1122 4007 1178 4061; x_wconf 78' lang='lat'>66</span> <span class='ocrx_word' id='word_1_336' title='bbox 1208 4008 1301 4061; x_wconf 73' lang='grc' dir='ltr'>καί</span> <span class='ocrx_word' id='word_1_337' title='bbox 1342 4007 1441 4078; x_wconf 84' lang='grc' dir='ltr'>τῆς</span> <span class='ocrx_word' id='word_1_338' title='bbox 1484 4009 1735 4061; x_wconf 84' lang='grc' dir='ltr'>ἁπάντων</span> <span class='ocrx_word' id='word_1_339' title='bbox 1765 4007 1970 4080; x_wconf 85' lang='grc' dir='ltr'>ἀνθρώ-</span> 
     </span>
    </p>
   </div>
   <div class='ocr_carea' id='block_1_44' title="bbox 300 4094 1975 4168">
    <p class='ocr_par' dir='ltr' id='par_1_44' title="bbox 300 4094 1975 4168">
     <span class='ocr_line' id='line_1_44' title="bbox 300 4094 1975 4168; baseline 0.001 -20"><span class='ocrx_word' id='word_1_340' title='bbox 300 4111 413 4148; x_wconf 72' lang='grc' dir='ltr'>πων</span> <span class='ocrx_word' id='word_1_341' title='bbox 437 4094 663 4163; x_wconf 84' lang='grc' dir='ltr'>φύσεως</span> <span class='ocrx_word' id='word_1_342' title='bbox 704 4094 873 4150; x_wconf 73' lang='grc' dir='ltr'>ίδενε.</span> <span class='ocrx_word' id='word_1_343' title='bbox 923 4096 997 4149; x_wconf 84' lang='grc' dir='ltr'>Τὸ</span> <span class='ocrx_word' id='word_1_344' title='bbox 1027 4095 1155 4168; x_wconf 79' lang='grc' dir='ltr'>γὰρ,</span> <span class='ocrx_word' id='word_1_345' title='bbox 1188 4095 1306 4164; x_wconf 87' lang='grc' dir='ltr'>Πρὸ</span> <span class='ocrx_word' id='word_1_346' title='bbox 1351 4094 1452 4148; x_wconf 86' lang='grc' dir='ltr'>τοῦ</span> <span class='ocrx_word' id='word_1_347' title='bbox 1501 4094 1681 4163; x_wconf 74' lang='grc' dir='ltr'>ἡλίου</span> <span class='ocrx_word' id='word_1_348' title='bbox 1717 4095 1975 4165; x_wconf 82' lang='grc' dir='ltr'>διαμένει</span> 
     </span>
    </p>
   </div>
   <div class='ocr_carea' id='block_1_45' title="bbox 303 4180 1977 4254">
    <p class='ocr_par' dir='ltr' id='par_1_45' title="bbox 303 4180 1977 4254">
     <span class='ocr_line' id='line_1_45' title="bbox 303 4180 1977 4254; baseline 0.002 -20"><span class='ocrx_word' id='word_1_349' title='bbox 303 4182 364 4234; x_wconf 83' lang='grc' dir='ltr'>τὸ</span> <span class='ocrx_word' id='word_1_350' title='bbox 415 4182 616 4252; x_wconf 80' lang='grc' dir='ltr'>ὄνομα</span> <span class='ocrx_word' id='word_1_351' title='bbox 656 4181 865 4246; x_wconf 84' lang='grc' dir='ltr'>αὐτοῦ,</span> <span class='ocrx_word' id='word_1_352' title='bbox 924 4181 1037 4247; x_wconf 75' lang='grc' dir='ltr'>καὶ,</span> <span class='ocrx_word' id='word_1_353' title='bbox 1091 4183 1208 4251; x_wconf 88' lang='grc' dir='ltr'>11ρύ</span> <span class='ocrx_word' id='word_1_354' title='bbox 1245 4180 1356 4251; x_wconf 85' lang='grc' dir='ltr'>τῆς</span> <span class='ocrx_word' id='word_1_355' title='bbox 1402 4181 1669 4254; x_wconf 79' lang='grc' dir='ltr'>σελήνης</span> <span class='ocrx_word' id='word_1_356' title='bbox 1700 4185 1733 4237; x_wconf 86' lang='grc' dir='ltr'>ό</span> <span class='ocrx_word' id='word_1_357' title='bbox 1769 4185 1977 4252; x_wconf 83' lang='grc' dir='ltr'>θρόνος</span> 
     </span>
    </p>
   </div>
   <div class='ocr_carea' id='block_1_46' title="bbox 296 4269 1977 4342">
    <p class='ocr_par' dir='ltr' id='par_1_46' title="bbox 296 4269 1977 4342">
     <span class='ocr_line' id='line_1_46' title="bbox 296 4269 1977 4342; baseline 0.002 -20"><span class='ocrx_word' id='word_1_358' title='bbox 296 4269 516 4332; x_wconf 84' lang='grc' dir='ltr'>αὐτοῦ,</span> <span class='ocrx_word' id='word_1_359' title='bbox 576 4269 670 4322; x_wconf 79' lang='grc' dir='ltr'>καὶ</span> <span class='ocrx_word' id='word_1_360' title='bbox 709 4271 807 4322; x_wconf 81' lang='grc' dir='ltr'>ὅσα</span> <span class='ocrx_word' id='word_1_361' title='bbox 854 4269 1097 4335; x_wconf 86' lang='grc' dir='ltr'>τοιαῦτα,</span> <span class='ocrx_word' id='word_1_362' title='bbox 1149 4270 1323 4335; x_wconf 73' lang='grc' dir='ltr'>οὐδεὶς</span> <span class='ocrx_word' id='word_1_363' title='bbox 1370 4270 1436 4324; x_wconf 81' lang='grc' dir='ltr'>ἂν</span> <span class='ocrx_word' id='word_1_364' title='bbox 1475 4270 1596 4324; x_wconf 82' lang='lat'><em>0666</em></span> <span class='ocrx_word' id='word_1_365' title='bbox 1637 4270 1742 4324; x_wconf 84' lang='grc' dir='ltr'>τῶν</span> <span class='ocrx_word' id='word_1_366' title='bbox 1775 4272 1977 4342; x_wconf 87' lang='grc' dir='ltr'>σφόδρα</span> 
     </span>
    </p>
   </div>
   <div class='ocr_carea' id='block_1_47' title="bbox 298 4357 1977 4430">
    <p class='ocr_par' dir='ltr' id='par_1_47' title="bbox 298 4357 1977 4430">
     <span class='ocr_line' id='line_1_47' title="bbox 298 4357 1977 4430; baseline 0.002 -22"><span class='ocrx_word' id='word_1_367' title='bbox 298 4357 548 4428; x_wconf 80' lang='grc' dir='ltr'>ἀνοήτων</span> <span class='ocrx_word' id='word_1_368' title='bbox 592 4358 720 4428; x_wconf 77' lang='grc' dir='ltr'>περὶ</span> <span class='ocrx_word' id='word_1_369' title='bbox 762 4358 1106 4430; x_wconf 87' lang='grc' dir='ltr'>ἀνθρωπίνης</span> <span class='ocrx_word' id='word_1_370' title='bbox 1136 4359 1276 4412; x_wconf 82' lang='grc' dir='ltr'>εἴποι</span> <span class='ocrx_word' id='word_1_371' title='bbox 1305 4359 1554 4428; x_wconf 88' lang='grc' dir='ltr'>λέγεσθαι</span> <span class='ocrx_word' id='word_1_372' title='bbox 1593 4359 1825 4429; x_wconf 88' lang='grc' dir='ltr'>φύσεως.</span> <span class='ocrx_word' id='word_1_373' title='bbox 1867 4359 1977 4412; x_wconf 77' lang='grc' dir='ltr'>Καὶ</span> 
     </span>
    </p>
   </div>
   <div class='ocr_carea' id='block_1_48' title="bbox 299 4443 1976 4519">
    <p class='ocr_par' dir='ltr' id='par_1_48' title="bbox 299 4443 1976 4519">
     <span class='ocr_line' id='line_1_48' title="bbox 299 4443 1976 4519; baseline 0.004 -24"><span class='ocrx_word' id='word_1_374' title='bbox 299 4445 327 4495; x_wconf 91' lang='lat'>6</span> <span class='ocrx_word' id='word_1_375' title='bbox 360 4443 564 4498; x_wconf 82' lang='grc' dir='ltr'>Ἰακὼϐ</span> <span class='ocrx_word' id='word_1_376' title='bbox 597 4443 674 4508; x_wconf 86' lang='lat'><em>66,</em></span> <span class='ocrx_word' id='word_1_377' title='bbox 713 4445 873 4516; x_wconf 77' lang='grc' dir='ltr'>ἡνίκα</span> <span class='ocrx_word' id='word_1_378' title='bbox 900 4445 1093 4510; x_wconf 90' lang='grc' dir='ltr'>ταῦτα,</span> <span class='ocrx_word' id='word_1_379' title='bbox 1129 4446 1164 4500; x_wconf 79' lang='grc' dir='ltr'>ἀ</span> <span class='ocrx_word' id='word_1_380' title='bbox 1205 4447 1385 4518; x_wconf 82' lang='grc' dir='ltr'>μέλλει</span> <span class='ocrx_word' id='word_1_381' title='bbox 1413 4447 1508 4500; x_wconf 86' lang='grc' dir='ltr'>νῦν</span> <span class='ocrx_word' id='word_1_382' title='bbox 1532 4449 1560 4501; x_wconf 92' lang='lat'>6</span> <span class='ocrx_word' id='word_1_383' title='bbox 1597 4444 1711 4519; x_wconf 79' lang='grc'>[19]</span> <span class='ocrx_word' id='word_1_384' title='bbox 1751 4447 1976 4510; x_wconf 80' lang='grc' dir='ltr'>Ἡσαΐας</span> 
     </span>
    </p>
   </div>
   <div class='ocr_carea' id='block_1_49' title="bbox 300 4529 1976 4606">
    <p class='ocr_par' dir='ltr' id='par_1_49' title="bbox 300 4529 1976 4606">
     <span class='ocr_line' id='line_1_49' title="bbox 300 4529 1976 4606; baseline 0.003 -25"><span class='ocrx_word' id='word_1_385' title='bbox 300 4530 484 4599; x_wconf 82' lang='grc' dir='ltr'>λέγειν</span> <span class='ocrx_word' id='word_1_386' title='bbox 501 4529 554 4594; x_wconf 71' lang='grc' dir='ltr'>ἀ,</span> <span class='ocrx_word' id='word_1_387' title='bbox 594 4531 689 4584; x_wconf 78' lang='grc' dir='ltr'>καὶ</span> <span class='ocrx_word' id='word_1_388' title='bbox 739 4531 958 4586; x_wconf 83' lang='grc' dir='ltr'>πλείονα</span> <span class='ocrx_word' id='word_1_389' title='bbox 1003 4532 1206 4587; x_wconf 83' lang='grc' dir='ltr'>τούτων</span> <span class='ocrx_word' id='word_1_390' title='bbox 1258 4533 1645 4605; x_wconf 84' lang='grc' dir='ltr'>προανεφώνει·</span> <span class='ocrx_word' id='word_1_391' title='bbox 1691 4534 1828 4604; x_wconf 90' lang='grc' dir='ltr'>μετά</span> <span class='ocrx_word' id='word_1_392' title='bbox 1868 4533 1976 4606; x_wconf 75' lang='grc' dir='ltr'>γὰρ</span> 
     </span>
    </p>
   </div>
   <div class='ocr_carea' id='block_1_50' title="bbox 300 4616 1976 4691">
    <p class='ocr_par' dir='ltr' id='par_1_50' title="bbox 300 4616 1976 4691">
     <span class='ocr_line' id='line_1_50' title="bbox 300 4616 1976 4691; baseline 0.004 -24"><span class='ocrx_word' id='word_1_393' title='bbox 300 4617 399 4685; x_wconf 89' lang='grc' dir='ltr'>τῆς</span> <span class='ocrx_word' id='word_1_394' title='bbox 429 4617 542 4669; x_wconf 83' lang='grc' dir='ltr'>τῶν</span> <span class='ocrx_word' id='word_1_395' title='bbox 567 4616 737 4670; x_wconf 84' lang='grc' dir='ltr'>ἐθνῶν</span> <span class='ocrx_word' id='word_1_396' title='bbox 763 4617 1006 4689; x_wconf 77' lang='grc' dir='ltr'>κλήσεως</span> <span class='ocrx_word' id='word_1_397' title='bbox 1043 4619 1254 4673; x_wconf 73' lang='grc' dir='ltr'>καὶτὸν</span> <span class='ocrx_word' id='word_1_398' title='bbox 1305 4619 1532 4674; x_wconf 69' lang='grc' dir='ltr'>θάνατον</span> <span class='ocrx_word' id='word_1_399' title='bbox 1579 4616 1699 4672; x_wconf 75' lang='grc' dir='ltr'>εἷπε</span> <span class='ocrx_word' id='word_1_400' title='bbox 1739 4620 1834 4673; x_wconf 72' lang='grc' dir='ltr'>καὶ</span> <span class='ocrx_word' id='word_1_401' title='bbox 1878 4620 1976 4691; x_wconf 82' lang='grc' dir='ltr'>τὴν</span> 
     </span>
    </p>
   </div>
   <div class='ocr_carea' id='block_1_51' title="bbox 301 4705 1974 4779">
    <p class='ocr_par' dir='ltr' id='par_1_51' title="bbox 301 4705 1974 4779">
     <span class='ocr_line' id='line_1_51' title="bbox 301 4705 1974 4779; baseline 0.002 -21"><span class='ocrx_word' id='word_1_402' title='bbox 301 4705 625 4768; x_wconf 77' lang='grc' dir='ltr'>ἀνάστασιν,</span> <span class='ocrx_word' id='word_1_403' title='bbox 675 4705 769 4758; x_wconf 76' lang='grc' dir='ltr'>καὶ</span> <span class='ocrx_word' id='word_1_404' title='bbox 795 4707 883 4759; x_wconf 81' lang='lat' dir='ltr'><em>16v</em></span> <span class='ocrx_word' id='word_1_405' title='bbox 916 4707 1106 4779; x_wconf 86' lang='grc' dir='ltr'>καιρὸν</span> <span class='ocrx_word' id='word_1_406' title='bbox 1140 4707 1261 4761; x_wconf 82' lang='grc' dir='ltr'>καθ’</span> <span class='ocrx_word' id='word_1_407' title='bbox 1287 4707 1345 4761; x_wconf 82' lang='grc' dir='ltr'>ὃν</span> <span class='ocrx_word' id='word_1_408' title='bbox 1381 4707 1570 4778; x_wconf 77' lang='grc' dir='ltr'>ἔμελλε</span> <span class='ocrx_word' id='word_1_409' title='bbox 1600 4708 1934 4778; x_wconf 78' lang='grc' dir='ltr'>παρέσεσθαι</span> <span class='ocrx_word' id='word_1_410' title='bbox 1960 4724 1974 4738; x_wconf 91' lang='grc'><strong>·</strong></span> 
     </span>
    </p>
   </div>
   <div class='ocr_carea' id='block_1_52' title="bbox 301 4792 1976 4868">
    <p class='ocr_par' dir='ltr' id='par_1_52' title="bbox 301 4792 1976 4868">
     <span class='ocr_line' id='line_1_52' title="bbox 301 4792 1976 4868; baseline 0.004 -23"><span class='ocrx_word' id='word_1_411' title='bbox 301 4792 421 4846; x_wconf 70' lang='grc' dir='ltr'>οὐδὲ</span> <span class='ocrx_word' id='word_1_412' title='bbox 472 4795 679 4857; x_wconf 84' lang='grc' dir='ltr'>ἐκεῖνος</span> <span class='ocrx_word' id='word_1_413' title='bbox 730 4793 1136 4866; x_wconf 78' lang='grc' dir='ltr'>ἀπογυμνώσας</span> <span class='ocrx_word' id='word_1_414' title='bbox 1187 4796 1325 4850; x_wconf 74' lang='grc' dir='ltr'>αὐτὰ</span> <span class='ocrx_word' id='word_1_415' title='bbox 1379 4795 1653 4862; x_wconf 85' lang='grc' dir='ltr'>τέθεικεν,</span> <span class='ocrx_word' id='word_1_416' title='bbox 1706 4796 1843 4850; x_wconf 89' lang='grc' dir='ltr'>ἀλλά</span> <span class='ocrx_word' id='word_1_417' title='bbox 1896 4797 1976 4868; x_wconf 84' lang='grc' dir='ltr'>τῷ</span> 
     </span>
    </p>
   </div>
   <div class='ocr_carea' id='block_1_53' title="bbox 301 4880 1975 4956">
    <p class='ocr_par' dir='ltr' id='par_1_53' title="bbox 301 4880 1975 4956">
     <span class='ocr_line' id='line_1_53' title="bbox 301 4880 1975 4956; baseline 0.007 -26"><span class='ocrx_word' id='word_1_418' title='bbox 301 4880 636 4953; x_wconf 82' lang='grc' dir='ltr'>προσωπείῳ</span> <span class='ocrx_word' id='word_1_419' title='bbox 672 4892 696 4920; x_wconf 81' lang='grc' dir='ltr'><strong><em>ο</em></strong></span> <span class='ocrx_word' id='word_1_420' title='bbox 733 4882 833 4953; x_wconf 90' lang='grc' dir='ltr'>τῆς</span> <span class='ocrx_word' id='word_1_421' title='bbox 885 4884 1252 4956; x_wconf 83' lang='grc' dir='ltr'>προσηγορίας</span> <span class='ocrx_word' id='word_1_422' title='bbox 1318 4885 1414 4938; x_wconf 89' lang='grc' dir='ltr'>τοῦ</span> <span class='ocrx_word' id='word_1_423' title='bbox 1481 4884 1612 4938; x_wconf 87' lang='grc' dir='ltr'>Υίοῦ</span> <span class='ocrx_word' id='word_1_424' title='bbox 1667 4885 1878 4956; x_wconf 66' lang='grc' dir='ltr'>κρύψας</span> <span class='ocrx_word' id='word_1_425' title='bbox 1939 4886 1975 4942; x_wconf 80' lang='grc' dir='ltr'><strong>ἂ</strong></span> 
     </span>
    </p>
   </div>
   <div class='ocr_carea' id='block_1_54' title="bbox 303 4967 1974 5048">
    <p class='ocr_par' dir='ltr' id='par_1_54' title="bbox 303 4967 1974 5048">
     <span class='ocr_line' id='line_1_54' title="bbox 303 4967 1974 5048; baseline 0.007 -31"><span class='ocrx_word' id='word_1_426' title='bbox 303 4967 527 5038; x_wconf 79' lang='grc' dir='ltr'>ἒμιλλεν</span> <span class='ocrx_word' id='word_1_427' title='bbox 555 4967 719 5036; x_wconf 86' lang='grc' dir='ltr'>ἐρεῖν,</span> <span class='ocrx_word' id='word_1_428' title='bbox 749 4969 921 5033; x_wconf 80' lang='grc' dir='ltr'>οὕτως</span> <span class='ocrx_word' id='word_1_429' title='bbox 955 4972 1092 5026; x_wconf 82' lang='grc' dir='ltr'>αύτά</span> <span class='ocrx_word' id='word_1_430' title='bbox 1121 4972 1561 5045; x_wconf 87' lang='grc' dir='ltr'>προανεφώνησε,</span> <span class='ocrx_word' id='word_1_431' title='bbox 1583 4975 1658 5048; x_wconf 83' lang='grc' dir='ltr'>τῷ</span> <span class='ocrx_word' id='word_1_432' title='bbox 1682 4977 1780 5047; x_wconf 86' lang='grc' dir='ltr'>μὲν</span> <span class='ocrx_word' id='word_1_433' title='bbox 1801 4975 1974 5029; x_wconf 86' lang='grc' dir='ltr'>δοκεῖν</span> 
     </span>
    </p>
   </div>
   <div class='ocr_carea' id='block_1_55' title="bbox 303 5054 1972 5131">
    <p class='ocr_par' dir='ltr' id='par_1_55' title="bbox 303 5054 1972 5131">
     <span class='ocr_line' id='line_1_55' title="bbox 303 5054 1972 5131; baseline 0.006 -25"><span class='ocrx_word' id='word_1_434' title='bbox 303 5054 370 5107; x_wconf 80' lang='grc' dir='ltr'>τά</span> <span class='ocrx_word' id='word_1_435' title='bbox 432 5056 822 5128; x_wconf 86' lang='grc' dir='ltr'>συμϐησόμενα</span> <span class='ocrx_word' id='word_1_436' title='bbox 861 5058 940 5130; x_wconf 85' lang='grc' dir='ltr'>τῷ</span> <span class='ocrx_word' id='word_1_437' title='bbox 983 5059 1150 5131; x_wconf 73' lang='grc' dir='ltr'>Ἰούδα</span> <span class='ocrx_word' id='word_1_438' title='bbox 1191 5059 1395 5128; x_wconf 86' lang='grc' dir='ltr'>λέγων·</span> <span class='ocrx_word' id='word_1_439' title='bbox 1438 5061 1620 5127; x_wconf 88' lang='grc' dir='ltr'>καθὼς</span> <span class='ocrx_word' id='word_1_440' title='bbox 1663 5063 1720 5116; x_wconf 85' lang='grc' dir='ltr'>δὲ</span> <span class='ocrx_word' id='word_1_441' title='bbox 1757 5062 1816 5116; x_wconf 85' lang='grc' dir='ltr'>τὸ</span> <span class='ocrx_word' id='word_1_442' title='bbox 1867 5062 1972 5116; x_wconf 85' lang='grc' dir='ltr'>τῶν</span> 
     </span>
    </p>
   </div>
   <div class='ocr_carea' id='block_1_56' title="bbox 305 5148 1972 5226">
    <p class='ocr_par' dir='ltr' id='par_1_56' title="bbox 305 5148 1972 5226">
     <span class='ocr_line' id='line_1_56' title="bbox 305 5148 1972 5226; baseline 0.005 -29"><span class='ocrx_word' id='word_1_443' title='bbox 305 5148 650 5219; x_wconf 81' lang='grc' dir='ltr'>πραγμάτων</span> <span class='ocrx_word' id='word_1_444' title='bbox 695 5153 961 5223; x_wconf 87' lang='grc' dir='ltr'>μαρτυρεῖ</span> <span class='ocrx_word' id='word_1_445' title='bbox 1002 5151 1175 5215; x_wconf 82' lang='grc' dir='ltr'>τέλος,</span> <span class='ocrx_word' id='word_1_446' title='bbox 1214 5150 1355 5224; x_wconf 70' lang='grc' dir='ltr'>ἅπερ</span> <span class='ocrx_word' id='word_1_447' title='bbox 1397 5151 1590 5223; x_wconf 77' lang='grc' dir='ltr'>ἔμελλε</span> <span class='ocrx_word' id='word_1_448' title='bbox 1626 5155 1917 5226; x_wconf 84' lang='grc' dir='ltr'>κατορθοῦν</span> <span class='ocrx_word' id='word_1_449' title='bbox 1944 5156 1972 5206; x_wconf 92' lang='lat'>6</span> 
     </span>
    </p>
   </div>
   <div class='ocr_carea' id='block_1_57' title="bbox 368 5288 1516 5355">
    <p class='ocr_par' dir='ltr' id='par_1_57' title="bbox 368 5288 1516 5355">
     <span class='ocr_line' id='line_1_57' title="bbox 368 5288 1516 5355; baseline 0.004 -17"><span class='ocrx_word' id='word_1_450' title='bbox 368 5288 495 5355; x_wconf 74' lang='lat' dir='ltr'>_‘§ic</span> <span class='ocrx_word' id='word_1_451' title='bbox 516 5290 570 5338; x_wconf 83' lang='lat' dir='ltr'>In</span> <span class='ocrx_word' id='word_1_452' title='bbox 591 5289 817 5355; x_wconf 58' lang='lat' dir='ltr'>omnibus</span> <span class='ocrx_word' id='word_1_453' title='bbox 838 5293 1199 5355; x_wconf 74' lang='lat' dir='ltr'>exemplaribus</span> <span class='ocrx_word' id='word_1_454' title='bbox 1223 5305 1311 5354; x_wconf 82' lang='lat' dir='ltr'>pro</span> <span class='ocrx_word' id='word_1_455' title='bbox 1342 5292 1516 5355; x_wconf 83' lang='grc' dir='ltr'>Ἀμώς.</span> 
     </span>
    </p>
   </div>
   <div class='ocr_carea' id='block_1_58' title="bbox 369 5349 1970 5418">
    <p class='ocr_par' dir='ltr' id='par_1_58' title="bbox 369 5349 1970 5418">
     <span class='ocr_line' id='line_1_58' title="bbox 369 5349 1970 5418; baseline 0 -18"><span class='ocrx_word' id='word_1_456' title='bbox 369 5349 398 5388; x_wconf 68' lang='grc' dir='ltr'>δ</span> <span class='ocrx_word' id='word_1_457' title='bbox 423 5352 545 5418; x_wconf 43' lang='grc' dir='ltr'>πιθα,</span> <span class='ocrx_word' id='word_1_458' title='bbox 569 5356 771 5418; x_wconf 50' lang='lat'><em>11:16»,</em></span> <span class='ocrx_word' id='word_1_459' title='bbox 802 5349 1045 5418; x_wconf 72' lang='grc' dir='ltr'>ὀνομάτων</span> <span class='ocrx_word' id='word_1_460' title='bbox 1084 5349 1415 5418; x_wconf 64' lang='grc' dir='ltr'>προσηγορίαςξ</span> <span class='ocrx_word' id='word_1_461' title='bbox 1459 5358 1670 5405; x_wconf 80' lang='lat' dir='ltr'>Allenus</span> <span class='ocrx_word' id='word_1_462' title='bbox 1711 5355 1970 5415; x_wconf 74' lang='lat' dir='ltr'>legendum</span> 
     </span>
    </p>
   </div>
   <div class='ocr_carea' id='block_1_59' title="bbox 309 5414 1512 5479">
    <p class='ocr_par' dir='ltr' id='par_1_59' title="bbox 309 5414 1512 5479">
     <span class='ocr_line' id='line_1_59' title="bbox 309 5414 1512 5479; baseline 0.004 -21"><span class='ocrx_word' id='word_1_463' title='bbox 309 5414 883 5479; x_wconf 31' lang='lat' dir='ltr'>puyL‘raigtq&#39;Qtwv‘ﬁw</span> <span class='ocrx_word' id='word_1_464' title='bbox 904 5414 1147 5479; x_wconf 77' lang='grc' dir='ltr'>ὀνομάτων</span> <span class='ocrx_word' id='word_1_465' title='bbox 1165 5414 1512 5479; x_wconf 51' lang='grc' dir='ltr'>προάγορίαις.</span> 
     </span>
    </p>
   </div>
   <div class='ocr_carea' id='block_1_60' title="bbox 374 5473 1971 5541">
    <p class='ocr_par' dir='ltr' id='par_1_60' title="bbox 374 5473 1971 5541">
     <span class='ocr_line' id='line_1_60' title="bbox 374 5473 1971 5541; baseline 0.002 -19"><span class='ocrx_word' id='word_1_466' title='bbox 374 5475 396 5502; x_wconf 74' lang='grc' dir='ltr'><strong>ε</strong></span> <span class='ocrx_word' id='word_1_467' title='bbox 432 5473 605 5541; x_wconf 61' lang='grc' dir='ltr'>Ἀρι-εί.</span> <span class='ocrx_word' id='word_1_468' title='bbox 629 5473 997 5541; x_wconf 28' lang='grc' dir='ltr'>ῐδενλςαντεὶδέ</span> <span class='ocrx_word' id='word_1_469' title='bbox 1022 5498 1031 5524; x_wconf 90' lang='lat'><strong>:</strong></span> <span class='ocrx_word' id='word_1_470' title='bbox 1061 5479 1137 5541; x_wconf 53' lang='lat' dir='ltr'>hic</span> <span class='ocrx_word' id='word_1_471' title='bbox 1161 5473 1398 5541; x_wconf 58' lang='lat' dir='ltr'>adtem&#39;iri</span> <span class='ocrx_word' id='word_1_472' title='bbox 1424 5480 1642 5541; x_wconf 82' lang='lat' dir='ltr'>margine</span> <span class='ocrx_word' id='word_1_473' title='bbox 1675 5483 1807 5526; x_wconf 72' lang='lat' dir='ltr'>notat</span> <span class='ocrx_word' id='word_1_474' title='bbox 1833 5477 1971 5541; x_wconf 66' lang='lat' dir='ltr'>forte</span> 
     </span>
    </p>
   </div>
   <div class='ocr_carea' id='block_1_61' title="bbox 309 5535 1972 5640">
    <p class='ocr_par' dir='ltr' id='par_1_61' title="bbox 309 5535 1972 5640">
     <span class='ocr_line' id='line_1_61' title="bbox 309 5535 1972 5640; baseline 0.004 -58"><span class='ocrx_word' id='word_1_475' title='bbox 309 5535 575 5640; x_wconf 43' lang='lat' dir='ltr'>Ligdum</span> <span class='ocrx_word' id='word_1_476' title='bbox 593 5548 708 5585; x_wconf 77' lang='lat' dir='ltr'>esse</span> <span class='ocrx_word' id='word_1_477' title='bbox 732 5537 848 5585; x_wconf 80' lang='grc' dir='ltr'>εἷπε.</span> <span class='ocrx_word' id='word_1_478' title='bbox 871 5539 1079 5588; x_wconf 79' lang='lat' dir='ltr'>Alienus</span> <span class='ocrx_word' id='word_1_479' title='bbox 1115 5539 1380 5602; x_wconf 81' lang='lat' dir='ltr'>legendum</span> <span class='ocrx_word' id='word_1_480' title='bbox 1403 5535 1550 5602; x_wconf 73' lang='grc' dir='ltr'>ρυιιιῖ</span> <span class='ocrx_word' id='word_1_481' title='bbox 1563 5541 1669 5603; x_wconf 67' lang='grc' dir='ltr'>ἣδε,</span> <span class='ocrx_word' id='word_1_482' title='bbox 1691 5538 1878 5600; x_wconf 74' lang='lat' dir='ltr'>cecinit,</span> <span class='ocrx_word' id='word_1_483' title='bbox 1911 5541 1972 5590; x_wconf 83' lang='lat' dir='ltr'>ab</span> 
     </span>
    </p>
   </div>
   <div class='ocr_carea' id='block_1_62' title="bbox 245 5615 1971 5726">
    <p class='ocr_par' dir='ltr' id='par_1_62' title="bbox 245 5615 1971 5726">
     <span class='ocr_line' id='line_1_62' title="bbox 245 5615 1971 5726; baseline 0.004 -22"><span class='ocrx_word' id='word_1_484' title='bbox 245 5677 262 5694; x_wconf 60' lang='grc' dir='ltr'>ε</span> <span class='ocrx_word' id='word_1_485' title='bbox 309 5615 543 5726; x_wconf 50' lang='grc' dir='ltr'>ιῗιῗῗῑξᾳ.</span> <span class='ocrx_word' id='word_1_486' title='bbox 575 5656 900 5726; x_wconf 34' lang='grc' dir='ltr'>ςιβατίιζκαι</span> <span class='ocrx_word' id='word_1_487' title='bbox 923 5664 949 5710; x_wconf 90' lang='lat'>6</span> <span class='ocrx_word' id='word_1_488' title='bbox 979 5661 1148 5712; x_wconf 82' lang='grc' dir='ltr'>Ἰακὼϐ</span> <span class='ocrx_word' id='word_1_489' title='bbox 1183 5664 1252 5726; x_wconf 81' lang='grc' dir='ltr'>δὲ,</span> <span class='ocrx_word' id='word_1_490' title='bbox 1274 5662 1414 5726; x_wconf 72' lang='grc' dir='ltr'>ἡνίκα</span> <span class='ocrx_word' id='word_1_491' title='bbox 1435 5666 1491 5711; x_wconf 86' lang='grc' dir='ltr'>ἂν</span> <span class='ocrx_word' id='word_1_492' title='bbox 1525 5667 1552 5713; x_wconf 91' lang='lat'>6</span> <span class='ocrx_word' id='word_1_493' title='bbox 1581 5662 1781 5718; x_wconf 74' lang='grc' dir='ltr'>Ἠσαίας</span> <span class='ocrx_word' id='word_1_494' title='bbox 1816 5665 1971 5726; x_wconf 82' lang='grc' dir='ltr'>μέλλει</span> 
     </span>
    </p>
   </div>
   <div class='ocr_carea' id='block_1_63' title="bbox 315 5721 1973 5775">
    <p class='ocr_par' dir='ltr' id='par_1_63' title="bbox 315 5721 1973 5775">
     <span class='ocr_line' id='line_1_63' title="bbox 315 5721 1973 5775; baseline 0.007 -14"><span class='ocrx_word' id='word_1_495' title='bbox 315 5721 396 5761; x_wconf 68' lang='grc' dir='ltr'>νῦν</span> <span class='ocrx_word' id='word_1_496' title='bbox 417 5721 566 5766; x_wconf 75' lang='grc' dir='ltr'>ταῦτα</span> <span class='ocrx_word' id='word_1_497' title='bbox 593 5721 759 5775; x_wconf 81' lang='grc' dir='ltr'>λέγειν.</span> <span class='ocrx_word' id='word_1_498' title='bbox 795 5723 974 5772; x_wconf 61' lang='lat' dir='ltr'>Boisius</span> <span class='ocrx_word' id='word_1_499' title='bbox 997 5730 1095 5773; x_wconf 70' lang='lat' dir='ltr'>vult</span> <span class='ocrx_word' id='word_1_500' title='bbox 1139 5724 1236 5774; x_wconf 78' lang='lat' dir='ltr'>alin</span> <span class='ocrx_word' id='word_1_501' title='bbox 1261 5725 1404 5772; x_wconf 83' lang='lat' dir='ltr'>modo</span> <span class='ocrx_word' id='word_1_502' title='bbox 1428 5728 1638 5775; x_wconf 75' lang='lat' dir='ltr'>restitui.</span> <span class='ocrx_word' id='word_1_503' title='bbox 1684 5727 1782 5773; x_wconf 76' lang='lat' dir='ltr'>Sed</span> <span class='ocrx_word' id='word_1_504' title='bbox 1818 5721 1973 5773; x_wconf 53' lang='lat' dir='ltr'>&#39;leio</span> 
     </span>
    </p>
   </div>
   <div class='ocr_carea' id='block_1_64' title="bbox 321 5777 1973 5888">
    <p class='ocr_par' dir='ltr' id='par_1_64' title="bbox 321 5777 1973 5888">
     <span class='ocr_line' id='line_1_64' title="bbox 321 5777 1973 5888; baseline 0.006 -62"><span class='ocrx_word' id='word_1_505' title='bbox 321 5777 619 5888; x_wconf 51' lang='grc' dir='ltr'>ξίἷῖἓὲῗηω</span> <span class='ocrx_word' id='word_1_506' title='bbox 645 5777 882 5832; x_wconf 77' lang='lat' dir='ltr'>Edilionis</span> <span class='ocrx_word' id='word_1_507' title='bbox 920 5786 1046 5838; x_wconf 73' lang='lat' dir='ltr'>bene</span> <span class='ocrx_word' id='word_1_508' title='bbox 1089 5788 1276 5838; x_wconf 74' lang='lat' dir='ltr'>habere</span> <span class='ocrx_word' id='word_1_509' title='bbox 1309 5788 1518 5847; x_wconf 75' lang='lat' dir='ltr'>videtur,</span> <span class='ocrx_word' id='word_1_510' title='bbox 1557 5797 1611 5837; x_wconf 84' lang='lat' dir='ltr'>cl.</span> <span class='ocrx_word' id='word_1_511' title='bbox 1655 5784 1701 5834; x_wconf 85' lang='lat' dir='ltr'>in</span> <span class='ocrx_word' id='word_1_512' title='bbox 1744 5787 1973 5838; x_wconf 71' lang='lat' dir='ltr'>Bavarico</span> 
     </span>
    </p>
   </div>
   <div class='ocr_carea' id='block_1_65' title="bbox 382 5901 1546 5974">
    <p class='ocr_par' dir='ltr' id='par_1_65' title="bbox 382 5901 1546 5974">
     <span class='ocr_line' id='line_1_65' title="bbox 382 5901 1546 5974; baseline 0.006 -20"><span class='ocrx_word' id='word_1_513' title='bbox 382 5901 399 5920; x_wconf 88' lang='lat'><strong>&#39;</strong></span> <span class='ocrx_word' id='word_1_514' title='bbox 429 5902 546 5961; x_wconf 61' lang='lat' dir='ltr'>Res.</span> <span class='ocrx_word' id='word_1_515' title='bbox 576 5908 628 5952; x_wconf 77' lang='lat' dir='ltr'>el</span> <span class='ocrx_word' id='word_1_516' title='bbox 653 5903 762 5952; x_wconf 68' lang='lat'>5&quot;.</span> <span class='ocrx_word' id='word_1_517' title='bbox 793 5907 841 5954; x_wconf 78' lang='grc' dir='ltr'>τὸ</span> <span class='ocrx_word' id='word_1_518' title='bbox 868 5915 1178 5974; x_wconf 64' lang='grc' dir='ltr'>προσωπεῖον,</span> <span class='ocrx_word' id='word_1_519' title='bbox 1207 5915 1372 5961; x_wconf 74' lang='lat' dir='ltr'>minus</span> <span class='ocrx_word' id='word_1_520' title='bbox 1395 5916 1546 5961; x_wconf 77' lang='lat' dir='ltr'>recte.</span> 
     </span>
    </p>
   </div>
   <div class='ocr_carea' id='block_1_66' title="bbox 2093 365 3782 444">
    <p class='ocr_par' dir='ltr' id='par_1_66' title="bbox 2093 365 3782 444">
     <span class='ocr_line' id='line_1_66' title="bbox 2093 365 3782 444; baseline 0.004 -23"><span class='ocrx_word' id='word_1_521' title='bbox 2093 365 2328 439; x_wconf 83' lang='grc' dir='ltr'>Χριστὸς</span> <span class='ocrx_word' id='word_1_522' title='bbox 2386 369 2808 440; x_wconf 83' lang='grc' dir='ltr'>προαναφωνῶν.</span> <span class='ocrx_word' id='word_1_523' title='bbox 2879 370 3013 426; x_wconf 80' lang='grc' dir='ltr'>Οῦτε</span> <span class='ocrx_word' id='word_1_524' title='bbox 3075 375 3182 444; x_wconf 80' lang='grc' dir='ltr'>γὰρ</span> <span class='ocrx_word' id='word_1_525' title='bbox 3244 373 3560 442; x_wconf 70' lang='grc' dir='ltr'>προσδοκίας·</span> <span class='ocrx_word' id='word_1_526' title='bbox 3596 374 3782 428; x_wconf 79' lang='grc' dir='ltr'>ἐθνῶν·</span> 
     </span>
    </p>
   </div>
   <div class='ocr_carea' id='block_1_67' title="bbox 2103 457 3765 533">
    <p class='ocr_par' dir='ltr' id='par_1_67' title="bbox 2103 457 3765 533">
     <span class='ocr_line' id='line_1_67' title="bbox 2103 457 3765 533; baseline 0.005 -23"><span class='ocrx_word' id='word_1_527' title='bbox 2103 457 2301 520; x_wconf 81' lang='grc' dir='ltr'>Ἰούδας</span> <span class='ocrx_word' id='word_1_528' title='bbox 2329 457 2570 526; x_wconf 87' lang='grc' dir='ltr'>γέγονεν,</span> <span class='ocrx_word' id='word_1_529' title='bbox 2605 458 2729 512; x_wconf 76' lang='grc' dir='ltr'>οὔτε</span> <span class='ocrx_word' id='word_1_530' title='bbox 2760 459 2878 514; x_wconf 77' lang='grc' dir='ltr'>τότε</span> <span class='ocrx_word' id='word_1_531' title='bbox 2898 459 3188 532; x_wconf 74' lang='grc' dir='ltr'>ἔλαμψενή</span> <span class='ocrx_word' id='word_1_532' title='bbox 3225 462 3384 533; x_wconf 76' lang='grc' dir='ltr'>φυλὴ,</span> <span class='ocrx_word' id='word_1_533' title='bbox 3412 464 3500 515; x_wconf 81' lang='grc' dir='ltr'>ὅτε</span> <span class='ocrx_word' id='word_1_534' title='bbox 3519 463 3765 530; x_wconf 76' lang='grc' dir='ltr'>ἐξέλιπεν</span> 
     </span>
    </p>
   </div>
   <div class='ocr_carea' id='block_1_68' title="bbox 2091 544 3786 623">
    <p class='ocr_par' dir='ltr' id='par_1_68' title="bbox 2091 544 3786 623">
     <span class='ocr_line' id='line_1_68' title="bbox 2091 544 3786 623; baseline 0.005 -26"><span class='ocrx_word' id='word_1_535' title='bbox 2091 544 2268 600; x_wconf 83' lang='grc' dir='ltr'>αὐτῶν</span> <span class='ocrx_word' id='word_1_536' title='bbox 2293 547 2326 615; x_wconf 89' lang='grc' dir='ltr'>ή</span> <span class='ocrx_word' id='word_1_537' title='bbox 2381 545 2660 600; x_wconf 69' lang='grc' dir='ltr'>πολιτεία⁸</span> <span class='ocrx_word' id='word_1_538' title='bbox 2689 547 2823 601; x_wconf 88' lang='grc' dir='ltr'>ἀλλά</span> <span class='ocrx_word' id='word_1_539' title='bbox 2857 548 3025 602; x_wconf 85' lang='grc' dir='ltr'>ταῦτα</span> <span class='ocrx_word' id='word_1_540' title='bbox 3071 550 3278 613; x_wconf 84' lang='grc' dir='ltr'>πάντα,</span> <span class='ocrx_word' id='word_1_541' title='bbox 3327 552 3414 605; x_wconf 80' lang='grc' dir='ltr'>ὅτε</span> <span class='ocrx_word' id='word_1_542' title='bbox 3449 553 3479 605; x_wconf 92' lang='lat'>6</span> <span class='ocrx_word' id='word_1_543' title='bbox 3530 553 3786 623; x_wconf 56' lang='grc' dir='ltr'>Χριστὸς,</span> 
     </span>
    </p>
   </div>
   <div class='ocr_carea' id='block_1_69' title="bbox 2087 633 2712 702">
    <p class='ocr_par' dir='ltr' id='par_1_69' title="bbox 2087 633 2712 702">
     <span class='ocr_line' id='line_1_69' title="bbox 2087 633 2712 702; baseline 0.005 -18"><span class='ocrx_word' id='word_1_544' title='bbox 2087 633 2442 702; x_wconf 89' lang='grc' dir='ltr'>παρεγένετο,</span> <span class='ocrx_word' id='word_1_545' title='bbox 2471 634 2712 702; x_wconf 89' lang='grc' dir='ltr'>γέγονεν.</span> 
     </span>
    </p>
   </div>
   <div class='ocr_carea' id='block_1_70' title="bbox 2158 718 3762 796">
    <p class='ocr_par' dir='ltr' id='par_1_70' title="bbox 2158 718 3762 796">
     <span class='ocr_line' id='line_1_70' title="bbox 2158 718 3762 796; baseline 0.002 -25"><span class='ocrx_word' id='word_1_546' title='bbox 2158 718 2220 771; x_wconf 83' lang='grc' dir='ltr'>Εἰ</span> <span class='ocrx_word' id='word_1_547' title='bbox 2249 719 2305 772; x_wconf 85' lang='grc' dir='ltr'>δὲ</span> <span class='ocrx_word' id='word_1_548' title='bbox 2335 721 2738 790; x_wconf 78' lang='grc' dir='ltr'>ἀναισχυντοῖενν</span> <span class='ocrx_word' id='word_1_549' title='bbox 2777 721 3016 775; x_wconf 85' lang='grc' dir='ltr'>Ἰουδαῖοι</span> <span class='ocrx_word' id='word_1_550' title='bbox 3061 723 3250 776; x_wconf 88' lang='grc' dir='ltr'>τοῦτον</span> <span class='ocrx_word' id='word_1_551' title='bbox 3289 725 3762 796; x_wconf 63' lang='grc' dir='ltr'>παρακρουόμενοι</span> 
     </span>
    </p>
   </div>
   <div class='ocr_carea' id='block_1_71' title="bbox 2087 804 3754 880">
    <p class='ocr_par' dir='ltr' id='par_1_71' title="bbox 2087 804 3754 880">
     <span class='ocr_line' id='line_1_71' title="bbox 2087 804 3754 880; baseline 0.005 -25"><span class='ocrx_word' id='word_1_552' title='bbox 2087 804 2187 872; x_wconf 88' lang='grc' dir='ltr'>τῆς</span> <span class='ocrx_word' id='word_1_553' title='bbox 2227 809 2562 876; x_wconf 83' lang='grc' dir='ltr'>προφητείας</span> <span class='ocrx_word' id='word_1_554' title='bbox 2610 809 2702 861; x_wconf 81' lang='grc' dir='ltr'>τὸν</span> <span class='ocrx_word' id='word_1_555' title='bbox 2754 808 2936 878; x_wconf 87' lang='grc' dir='ltr'>νόμον,</span> <span class='ocrx_word' id='word_1_556' title='bbox 2969 809 3200 878; x_wconf 87' lang='grc' dir='ltr'>μάλιστα</span> <span class='ocrx_word' id='word_1_557' title='bbox 3256 809 3354 880; x_wconf 76' lang='grc' dir='ltr'>μὲν</span> <span class='ocrx_word' id='word_1_558' title='bbox 3414 806 3508 864; x_wconf 78' lang='grc' dir='ltr'>οὖν</span> <span class='ocrx_word' id='word_1_559' title='bbox 3557 812 3653 865; x_wconf 71' lang='grc' dir='ltr'>καὶ</span> <span class='ocrx_word' id='word_1_560' title='bbox 3699 813 3754 879; x_wconf 78' lang='grc' dir='ltr'>ἐξ</span> 
     </span>
    </p>
   </div>
   <div class='ocr_carea' id='block_1_72' title="bbox 2087 892 3757 968">
    <p class='ocr_par' dir='ltr' id='par_1_72' title="bbox 2087 892 3757 968">
     <span class='ocr_line' id='line_1_72' title="bbox 2087 892 3757 968; baseline 0.005 -26"><span class='ocrx_word' id='word_1_561' title='bbox 2087 892 2266 968; x_wconf 75' lang='grc' dir='ltr'>αὐτῶν</span> <span class='ocrx_word' id='word_1_562' title='bbox 2293 893 2399 946; x_wconf 85' lang='grc' dir='ltr'>τῶν</span> <span class='ocrx_word' id='word_1_563' title='bbox 2429 894 2731 964; x_wconf 77' lang='grc' dir='ltr'>εἰρημένων</span> <span class='ocrx_word' id='word_1_564' title='bbox 2767 895 2961 965; x_wconf 77' lang='grc' dir='ltr'>ῥᾳδίως</span> <span class='ocrx_word' id='word_1_565' title='bbox 2997 895 3374 966; x_wconf 86' lang='grc' dir='ltr'>διελεγχθεῖεν,</span> <span class='ocrx_word' id='word_1_566' title='bbox 3406 899 3460 950; x_wconf 80' lang='grc' dir='ltr'>ετ</span> <span class='ocrx_word' id='word_1_567' title='bbox 3495 915 3580 962; x_wconf 90' lang='grc' dir='ltr'>τις</span> <span class='ocrx_word' id='word_1_568' title='bbox 3621 899 3757 968; x_wconf 89' lang='grc' dir='ltr'>μετά</span> 
     </span>
    </p>
   </div>
   <div class='ocr_carea' id='block_1_73' title="bbox 2085 979 3758 1055">
    <p class='ocr_par' dir='ltr' id='par_1_73' title="bbox 2085 979 3758 1055">
     <span class='ocr_line' id='line_1_73' title="bbox 2085 979 3758 1055; baseline 0.006 -23"><span class='ocrx_word' id='word_1_569' title='bbox 2085 979 2372 1051; x_wconf 89' lang='grc' dir='ltr'>ἀκριϐείας</span> <span class='ocrx_word' id='word_1_570' title='bbox 2416 981 2516 1046; x_wconf 89' lang='grc' dir='ltr'>τάς</span> <span class='ocrx_word' id='word_1_571' title='bbox 2565 983 2901 1055; x_wconf 82' lang='grc' dir='ltr'>προφητείας</span> <span class='ocrx_word' id='word_1_572' title='bbox 2965 981 3282 1050; x_wconf 83' lang='grc' dir='ltr'>ἐξαπλώσας</span> <span class='ocrx_word' id='word_1_573' title='bbox 3315 984 3378 1052; x_wconf 70' lang='grc' dir='ltr'>ί,</span> <span class='ocrx_word' id='word_1_574' title='bbox 3427 988 3522 1042; x_wconf 77' lang='grc' dir='ltr'>καὶ</span> <span class='ocrx_word' id='word_1_575' title='bbox 3576 989 3758 1042; x_wconf 75' lang='grc' dir='ltr'>πᾶσαν</span> 
     </span>
    </p>
   </div>
   <div class='ocr_carea' id='block_1_74' title="bbox 2087 1069 3755 1144">
    <p class='ocr_par' dir='ltr' id='par_1_74' title="bbox 2087 1069 3755 1144">
     <span class='ocr_line' id='line_1_74' title="bbox 2087 1069 3755 1144; baseline 0.004 -23"><span class='ocrx_word' id='word_1_576' title='bbox 2087 1069 2246 1139; x_wconf 80' lang='grc' dir='ltr'>ῥῆσιν</span> <span class='ocrx_word' id='word_1_577' title='bbox 2297 1071 2434 1140; x_wconf 87' lang='grc' dir='ltr'>μετά</span> <span class='ocrx_word' id='word_1_578' title='bbox 2494 1073 2594 1140; x_wconf 82' lang='grc' dir='ltr'>τῆς</span> <span class='ocrx_word' id='word_1_579' title='bbox 2663 1070 3047 1142; x_wconf 87' lang='grc' dir='ltr'>προσηκούσης</span> <span class='ocrx_word' id='word_1_580' title='bbox 3107 1072 3376 1137; x_wconf 78' lang='grc' dir='ltr'>ἐξετάζων</span> <span class='ocrx_word' id='word_1_581' title='bbox 3430 1075 3708 1144; x_wconf 87' lang='grc' dir='ltr'>προσοχῆς</span> <span class='ocrx_word' id='word_1_582' title='bbox 3735 1113 3755 1141; x_wconf 91' lang='grc'>,</span> 
     </span>
    </p>
   </div>
   <div class='ocr_carea' id='block_1_75' title="bbox 2085 1153 3757 1230">
    <p class='ocr_par' dir='ltr' id='par_1_75' title="bbox 2085 1153 3757 1230">
     <span class='ocr_line' id='line_1_75' title="bbox 2085 1153 3757 1230; baseline 0.005 -22"><span class='ocrx_word' id='word_1_583' title='bbox 2085 1153 2314 1225; x_wconf 76' lang='grc' dir='ltr'>ἁρμόζοι</span> <span class='ocrx_word' id='word_1_584' title='bbox 2339 1156 2405 1210; x_wconf 88' lang='grc' dir='ltr'>τά</span> <span class='ocrx_word' id='word_1_585' title='bbox 2437 1157 2702 1228; x_wconf 81' lang='grc' dir='ltr'>εἰρημένα</span> <span class='ocrx_word' id='word_1_586' title='bbox 2735 1161 2846 1222; x_wconf 90' lang='grc' dir='ltr'>τοῖς</span> <span class='ocrx_word' id='word_1_587' title='bbox 2871 1161 3274 1230; x_wconf 89' lang='grc' dir='ltr'>γεγενημένοις.</span> <span class='ocrx_word' id='word_1_588' title='bbox 3301 1161 3463 1214; x_wconf 87' lang='grc' dir='ltr'>’Ὠστε</span> <span class='ocrx_word' id='word_1_589' title='bbox 3486 1163 3542 1215; x_wconf 85' lang='grc' dir='ltr'>δὲ</span> <span class='ocrx_word' id='word_1_590' title='bbox 3571 1165 3663 1215; x_wconf 79' lang='grc' dir='ltr'>καὶ</span> <span class='ocrx_word' id='word_1_591' title='bbox 3692 1165 3757 1217; x_wconf 85' lang='grc' dir='ltr'>ἐκ</span> 
     </span>
    </p>
   </div>
   <div class='ocr_carea' id='block_1_76' title="bbox 2086 1244 3754 1318">
    <p class='ocr_par' dir='ltr' id='par_1_76' title="bbox 2086 1244 3754 1318">
     <span class='ocr_line' id='line_1_76' title="bbox 2086 1244 3754 1318; baseline 0.005 -23"><span class='ocrx_word' id='word_1_592' title='bbox 2086 1244 2406 1313; x_wconf 87' lang='grc' dir='ltr'>περιουσίας</span> <span class='ocrx_word' id='word_1_593' title='bbox 2432 1247 2609 1298; x_wconf 78' lang='grc' dir='ltr'>αὐτῶν</span> <span class='ocrx_word' id='word_1_594' title='bbox 2647 1247 2962 1318; x_wconf 76' lang='grc' dir='ltr'>ἀπορῤάψαι</span> <span class='ocrx_word' id='word_1_595' title='bbox 2995 1248 3064 1300; x_wconf 83' lang='grc' dir='ltr'>τὰ</span> <span class='ocrx_word' id='word_1_596' title='bbox 3093 1249 3355 1318; x_wconf 86' lang='grc' dir='ltr'>στόματα,</span> <span class='ocrx_word' id='word_1_597' title='bbox 3392 1249 3491 1302; x_wconf 82' lang='grc' dir='ltr'>οὐκ</span> <span class='ocrx_word' id='word_1_598' title='bbox 3515 1249 3622 1303; x_wconf 78' lang='grc' dir='ltr'>ἀπὸ</span> <span class='ocrx_word' id='word_1_599' title='bbox 3647 1251 3754 1303; x_wconf 85' lang='grc' dir='ltr'>τῶν</span> 
     </span>
    </p>
   </div>
   <div class='ocr_carea' id='block_1_77' title="bbox 2085 1331 3752 1404">
    <p class='ocr_par' dir='ltr' id='par_1_77' title="bbox 2085 1331 3752 1404">
     <span class='ocr_line' id='line_1_77' title="bbox 2085 1331 3752 1404; baseline 0.004 -22"><span class='ocrx_word' id='word_1_600' title='bbox 2085 1332 2164 1393; x_wconf 87' lang='grc' dir='ltr'>εἰς</span> <span class='ocrx_word' id='word_1_601' title='bbox 2201 1331 2292 1384; x_wconf 82' lang='grc' dir='ltr'>τὸν</span> <span class='ocrx_word' id='word_1_602' title='bbox 2321 1332 2553 1402; x_wconf 80' lang='grc' dir='ltr'>Χριστὸν</span> <span class='ocrx_word' id='word_1_603' title='bbox 2569 1334 2893 1404; x_wconf 85' lang='grc' dir='ltr'>εἰρημένων,</span> <span class='ocrx_word' id='word_1_604' title='bbox 2916 1334 3030 1389; x_wconf 82' lang='grc' dir='ltr'>ἀλλ’</span> <span class='ocrx_word' id='word_1_605' title='bbox 3057 1336 3166 1388; x_wconf 86' lang='grc' dir='ltr'>ἀπὸ</span> <span class='ocrx_word' id='word_1_606' title='bbox 3184 1336 3292 1388; x_wconf 86' lang='grc' dir='ltr'>τῶν</span> <span class='ocrx_word' id='word_1_607' title='bbox 3317 1338 3395 1400; x_wconf 88' lang='grc' dir='ltr'>εἰς</span> <span class='ocrx_word' id='word_1_608' title='bbox 3420 1339 3547 1401; x_wconf 80' lang='grc' dir='ltr'>τοὺς</span> <span class='ocrx_word' id='word_1_609' title='bbox 3575 1337 3752 1390; x_wconf 82' lang='grc' dir='ltr'>αὐτῶν</span> 
     </span>
    </p>
   </div>
   <div class='ocr_carea' id='block_1_78' title="bbox 2087 1418 3750 1495">
    <p class='ocr_par' dir='ltr' id='par_1_78' title="bbox 2087 1418 3750 1495">
     <span class='ocr_line' id='line_1_78' title="bbox 2087 1418 3750 1495; baseline 0.007 -26"><span class='ocrx_word' id='word_1_610' title='bbox 2087 1418 2429 1489; x_wconf 88' lang='grc' dir='ltr'>πατριάρχας</span> <span class='ocrx_word' id='word_1_611' title='bbox 2453 1419 2954 1491; x_wconf 87' lang='grc' dir='ltr'>προφητευθέντων,</span> <span class='ocrx_word' id='word_1_612' title='bbox 2979 1421 3136 1475; x_wconf 88' lang='grc' dir='ltr'>τοῦτο</span> <span class='ocrx_word' id='word_1_613' title='bbox 3169 1423 3502 1494; x_wconf 87' lang='grc' dir='ltr'>πειράσομαι</span> <span class='ocrx_word' id='word_1_614' title='bbox 3527 1425 3750 1495; x_wconf 86' lang='grc' dir='ltr'>ποιῆσαι</span> 
     </span>
    </p>
   </div>
   <div class='ocr_carea' id='block_1_79' title="bbox 2085 1506 3752 1583">
    <p class='ocr_par' dir='ltr' id='par_1_79' title="bbox 2085 1506 3752 1583">
     <span class='ocr_line' id='line_1_79' title="bbox 2085 1506 3752 1583; baseline 0.004 -25"><span class='ocrx_word' id='word_1_615' title='bbox 2085 1506 2336 1576; x_wconf 80' lang='grc' dir='ltr'>φανερὸν,</span> <span class='ocrx_word' id='word_1_616' title='bbox 2352 1507 2564 1570; x_wconf 82' lang='grc' dir='ltr'>δεικνὺς</span> <span class='ocrx_word' id='word_1_617' title='bbox 2583 1509 2664 1562; x_wconf 86' lang='grc' dir='ltr'>ὄτι</span> <span class='ocrx_word' id='word_1_618' title='bbox 2688 1509 2742 1562; x_wconf 88' lang='grc' dir='ltr'>αἰ</span> <span class='ocrx_word' id='word_1_619' title='bbox 2776 1509 2968 1563; x_wconf 80' lang='grc' dir='ltr'>πολλαὶ</span> <span class='ocrx_word' id='word_1_620' title='bbox 2997 1510 3106 1564; x_wconf 86' lang='grc' dir='ltr'>τῶν</span> <span class='ocrx_word' id='word_1_621' title='bbox 3133 1509 3478 1580; x_wconf 68' lang='grc' dir='ltr'>προφητειιῖΝ</span> <span class='ocrx_word' id='word_1_622' title='bbox 3507 1510 3752 1583; x_wconf 74' lang='grc' dir='ltr'>εἴρηνται</span> 
     </span>
    </p>
   </div>
   <div class='ocr_carea' id='block_1_80' title="bbox 2089 1593 3748 1666">
    <p class='ocr_par' dir='ltr' id='par_1_80' title="bbox 2089 1593 3748 1666">
     <span class='ocr_line' id='line_1_80' title="bbox 2089 1593 3748 1666; baseline 0.004 -21"><span class='ocrx_word' id='word_1_623' title='bbox 2089 1593 2186 1663; x_wconf 83' lang='grc' dir='ltr'>μὲν</span> <span class='ocrx_word' id='word_1_624' title='bbox 2206 1595 2284 1656; x_wconf 87' lang='grc' dir='ltr'>εἰς</span> <span class='ocrx_word' id='word_1_625' title='bbox 2299 1595 2424 1656; x_wconf 81' lang='grc' dir='ltr'>τοὺς</span> <span class='ocrx_word' id='word_1_626' title='bbox 2454 1595 2779 1666; x_wconf 81' lang='grc' dir='ltr'>φυλάρχους,</span> <span class='ocrx_word' id='word_1_627' title='bbox 2805 1595 3068 1666; x_wconf 82' lang='grc' dir='ltr'>ἐξέϐησαν</span> <span class='ocrx_word' id='word_1_628' title='bbox 3083 1596 3141 1650; x_wconf 82' lang='grc' dir='ltr'>δὲ</span> <span class='ocrx_word' id='word_1_629' title='bbox 3169 1599 3248 1660; x_wconf 86' lang='grc' dir='ltr'>είς</span> <span class='ocrx_word' id='word_1_630' title='bbox 3265 1599 3392 1662; x_wconf 76' lang='grc' dir='ltr'>τοὺς</span> <span class='ocrx_word' id='word_1_631' title='bbox 3419 1594 3479 1663; x_wconf 81' lang='grc' dir='ltr'>ἐξ</span> <span class='ocrx_word' id='word_1_632' title='bbox 3507 1598 3748 1652; x_wconf 87' lang='grc' dir='ltr'>ἐκείνων.</span> 
     </span>
    </p>
   </div>
   <div class='ocr_carea' id='block_1_81' title="bbox 2085 1681 3751 1756">
    <p class='ocr_par' dir='ltr' id='par_1_81' title="bbox 2085 1681 3751 1756">
     <span class='ocr_line' id='line_1_81' title="bbox 2085 1681 3751 1756; baseline 0.004 -23"><span class='ocrx_word' id='word_1_633' title='bbox 2085 1681 2193 1734; x_wconf 74' lang='grc' dir='ltr'>Καὶ</span> <span class='ocrx_word' id='word_1_634' title='bbox 2236 1682 2676 1754; x_wconf 84' lang='grc' dir='ltr'>παραδείγματος</span> <span class='ocrx_word' id='word_1_635' title='bbox 2702 1683 2888 1737; x_wconf 71' lang='grc' dir='ltr'>ἕνεκεν</span> <span class='ocrx_word' id='word_1_636' title='bbox 2919 1683 3046 1754; x_wconf 88' lang='grc' dir='ltr'>μίαν</span> <span class='ocrx_word' id='word_1_637' title='bbox 3075 1685 3107 1752; x_wconf 85' lang='grc' dir='ltr'>ἢ</span> <span class='ocrx_word' id='word_1_638' title='bbox 3149 1686 3243 1738; x_wconf 76' lang='grc' dir='ltr'>καὶ</span> <span class='ocrx_word' id='word_1_639' title='bbox 3290 1685 3552 1756; x_wconf 89' lang='grc' dir='ltr'>δευτέραν</span> <span class='ocrx_word' id='word_1_640' title='bbox 3585 1685 3751 1740; x_wconf 89' lang='grc' dir='ltr'>είπὼν</span> 
     </span>
    </p>
   </div>
   <div class='ocr_carea' id='block_1_82' title="bbox 2086 1767 3750 1844">
    <p class='ocr_par' dir='ltr' id='par_1_82' title="bbox 2086 1767 3750 1844">
     <span class='ocr_line' id='line_1_82' title="bbox 2086 1767 3750 1844; baseline 0.004 -26"><span class='ocrx_word' id='word_1_641' title='bbox 2086 1767 2346 1838; x_wconf 76' lang='grc' dir='ltr'>ἱστορίαν,</span> <span class='ocrx_word' id='word_1_642' title='bbox 2381 1767 2586 1838; x_wconf 70' lang='grc' dir='ltr'>ἅψομαι</span> <span class='ocrx_word' id='word_1_643' title='bbox 2641 1769 2750 1822; x_wconf 84' lang='grc' dir='ltr'>τῶν</span> <span class='ocrx_word' id='word_1_644' title='bbox 2799 1771 3197 1842; x_wconf 85' lang='grc' dir='ltr'>προκειμένων.</span> <span class='ocrx_word' id='word_1_645' title='bbox 3231 1772 3340 1824; x_wconf 74' lang='grc' dir='ltr'>Καὶ</span> <span class='ocrx_word' id='word_1_646' title='bbox 3391 1773 3500 1844; x_wconf 84' lang='grc' dir='ltr'>γάρ</span> <span class='ocrx_word' id='word_1_647' title='bbox 3537 1774 3626 1826; x_wconf 87' lang='grc' dir='ltr'>ὅτε</span> <span class='ocrx_word' id='word_1_648' title='bbox 3659 1773 3750 1826; x_wconf 84' lang='lat' dir='ltr'><em>16v</em></span> 
     </span>
    </p>
   </div>
   <div class='ocr_carea' id='block_1_83' title="bbox 2084 1854 3753 1930">
    <p class='ocr_par' dir='ltr' id='par_1_83' title="bbox 2084 1854 3753 1930">
     <span class='ocr_line' id='line_1_83' title="bbox 2084 1854 3753 1930; baseline 0.004 -24"><span class='ocrx_word' id='word_1_649' title='bbox 2084 1854 2308 1924; x_wconf 86' lang='grc' dir='ltr'>Συμεὼν</span> <span class='ocrx_word' id='word_1_650' title='bbox 2327 1856 2421 1910; x_wconf 75' lang='grc' dir='ltr'>καὶ</span> <span class='ocrx_word' id='word_1_651' title='bbox 2447 1856 2540 1909; x_wconf 82' lang='grc' dir='ltr'>τὸν</span> <span class='ocrx_word' id='word_1_652' title='bbox 2566 1857 2695 1910; x_wconf 77' lang='grc' dir='ltr'>Λευὶ</span> <span class='ocrx_word' id='word_1_653' title='bbox 2719 1857 2952 1920; x_wconf 87' lang='grc' dir='ltr'>καλέσας</span> <span class='ocrx_word' id='word_1_654' title='bbox 2973 1860 3002 1912; x_wconf 93' lang='lat'>6</span> <span class='ocrx_word' id='word_1_655' title='bbox 3040 1857 3254 1924; x_wconf 82' lang='grc' dir='ltr'>Ἰακὼϐ,</span> <span class='ocrx_word' id='word_1_656' title='bbox 3286 1862 3664 1930; x_wconf 86' lang='grc' dir='ltr'>προαναφωνεῖ</span> <span class='ocrx_word' id='word_1_657' title='bbox 3684 1861 3753 1913; x_wconf 66' lang='grc' dir='ltr'>τὰ</span> 
     </span>
    </p>
   </div>
   <div class='ocr_carea' id='block_1_84' title="bbox 2085 1942 3751 2018">
    <p class='ocr_par' dir='ltr' id='par_1_84' title="bbox 2085 1942 3751 2018">
     <span class='ocr_line' id='line_1_84' title="bbox 2085 1942 3751 2018; baseline 0.003 -22"><span class='ocrx_word' id='word_1_658' title='bbox 2085 1942 2473 2015; x_wconf 89' lang='grc' dir='ltr'>συμϐησόμενα</span> <span class='ocrx_word' id='word_1_659' title='bbox 2503 1945 2705 2011; x_wconf 79' lang='grc' dir='ltr'>αὐτοῖς,</span> <span class='ocrx_word' id='word_1_660' title='bbox 2749 1944 2920 2010; x_wconf 78' lang='grc' dir='ltr'>οὕτως</span> <span class='ocrx_word' id='word_1_661' title='bbox 2962 1947 3114 2016; x_wconf 82' lang='grc' dir='ltr'>ἐλεγε</span> <span class='ocrx_word' id='word_1_662' title='bbox 3133 1965 3146 1979; x_wconf 86' lang='grc'><strong>·</strong></span> <span class='ocrx_word' id='word_1_663' title='bbox 3191 1948 3436 2018; x_wconf 84' lang='grc' dir='ltr'>Συμεὼν</span> <span class='ocrx_word' id='word_1_664' title='bbox 3463 1948 3562 2003; x_wconf 80' lang='grc' dir='ltr'>καὶ</span> <span class='ocrx_word' id='word_1_665' title='bbox 3610 1950 3751 2004; x_wconf 81' lang='grc' dir='ltr'>Λευί</span> 
     </span>
    </p>
   </div>
   <div class='ocr_carea' id='block_1_85' title="bbox 2083 2030 3749 2107">
    <p class='ocr_par' dir='ltr' id='par_1_85' title="bbox 2083 2030 3749 2107">
     <span class='ocr_line' id='line_1_85' title="bbox 2083 2030 3749 2107; baseline 0.004 -23"><span class='ocrx_word' id='word_1_666' title='bbox 2083 2030 2350 2100; x_wconf 68' lang='grc' dir='ltr'>ἀδελφοί,</span> <span class='ocrx_word' id='word_1_667' title='bbox 2377 2033 2472 2086; x_wconf 80' lang='grc' dir='ltr'>καὶ</span> <span class='ocrx_word' id='word_1_668' title='bbox 2501 2035 2882 2105; x_wconf 89' lang='grc' dir='ltr'>κατηγορήσας</span> <span class='ocrx_word' id='word_1_669' title='bbox 2909 2035 3090 2088; x_wconf 77' lang='grc' dir='ltr'>αὐτῶν</span> <span class='ocrx_word' id='word_1_670' title='bbox 3116 2036 3216 2106; x_wconf 90' lang='grc' dir='ltr'>τῆς</span> <span class='ocrx_word' id='word_1_671' title='bbox 3241 2035 3612 2107; x_wconf 90' lang='grc' dir='ltr'>παρανομίας,</span> <span class='ocrx_word' id='word_1_672' title='bbox 3657 2038 3749 2090; x_wconf 68' lang='grc' dir='ltr'>καὶ</span> 
     </span>
    </p>
   </div>
   <div class='ocr_carea' id='block_1_86' title="bbox 2081 2119 3748 2194">
    <p class='ocr_par' dir='ltr' id='par_1_86' title="bbox 2081 2119 3748 2194">
     <span class='ocr_line' id='line_1_86' title="bbox 2081 2119 3748 2194; baseline 0.004 -23"><span class='ocrx_word' id='word_1_673' title='bbox 2081 2119 2180 2190; x_wconf 88' lang='grc' dir='ltr'>τῆς</span> <span class='ocrx_word' id='word_1_674' title='bbox 2205 2119 2390 2172; x_wconf 89' lang='grc' dir='ltr'>ἀδίκου</span> <span class='ocrx_word' id='word_1_675' title='bbox 2422 2119 2638 2189; x_wconf 80' lang='grc' dir='ltr'>σφαγῆς</span> <span class='ocrx_word' id='word_1_676' title='bbox 2661 2121 2757 2191; x_wconf 90' lang='grc' dir='ltr'>τῆς</span> <span class='ocrx_word' id='word_1_677' title='bbox 2779 2123 2859 2184; x_wconf 88' lang='grc' dir='ltr'>εἰς</span> <span class='ocrx_word' id='word_1_678' title='bbox 2885 2122 3012 2185; x_wconf 79' lang='grc' dir='ltr'>τοὺς</span> <span class='ocrx_word' id='word_1_679' title='bbox 3033 2122 3331 2192; x_wconf 85' lang='grc' dir='ltr'>Σικημίτας</span> <span class='ocrx_word' id='word_1_680' title='bbox 3359 2123 3748 2194; x_wconf 84' lang='grc' dir='ltr'>γεγενημένης,</span> 
     </span>
    </p>
   </div>
   <div class='ocr_carea' id='block_1_87' title="bbox 2083 2206 3750 2279">
    <p class='ocr_par' dir='ltr' id='par_1_87' title="bbox 2083 2206 3750 2279">
     <span class='ocr_line' id='line_1_87' title="bbox 2083 2206 3750 2279; baseline 0.004 -19"><span class='ocrx_word' id='word_1_681' title='bbox 2083 2206 2286 2279; x_wconf 82' lang='grc' dir='ltr'>προϊών</span> <span class='ocrx_word' id='word_1_682' title='bbox 2321 2224 2488 2278; x_wconf 84' lang='grc' dir='ltr'>φησι’</span> <span class='ocrx_word' id='word_1_683' title='bbox 2533 2207 2810 2278; x_wconf 85' lang='grc' dir='ltr'>Διαμεριῶ</span> <span class='ocrx_word' id='word_1_684' title='bbox 2861 2209 3084 2276; x_wconf 84' lang='grc' dir='ltr'>αὐτοὺς</span> <span class='ocrx_word' id='word_1_685' title='bbox 3125 2209 3195 2264; x_wconf 80' lang='grc' dir='ltr'>ἐν</span> <span class='ocrx_word' id='word_1_686' title='bbox 3239 2211 3467 2277; x_wconf 79' lang='grc' dir='ltr'>Ἰακὼϐ,</span> <span class='ocrx_word' id='word_1_687' title='bbox 3500 2213 3597 2266; x_wconf 79' lang='grc' dir='ltr'>καὶ</span> <span class='ocrx_word' id='word_1_688' title='bbox 3627 2212 3750 2266; x_wconf 72' lang='grc' dir='ltr'>δια-</span> 
     </span>
    </p>
   </div>
   <div class='ocr_carea' id='block_1_88' title="bbox 2083 2294 3751 2365">
    <p class='ocr_par' dir='ltr' id='par_1_88' title="bbox 2083 2294 3751 2365">
     <span class='ocr_line' id='line_1_88' title="bbox 2083 2294 3751 2365; baseline 0.002 -18"><span class='ocrx_word' id='word_1_689' title='bbox 2083 2294 2282 2363; x_wconf 79' lang='grc' dir='ltr'>σπερῶ</span> <span class='ocrx_word' id='word_1_690' title='bbox 2306 2294 2527 2360; x_wconf 86' lang='grc' dir='ltr'>αὐτοὺς</span> <span class='ocrx_word' id='word_1_691' title='bbox 2547 2296 2616 2348; x_wconf 88' lang='grc' dir='ltr'>ἐν</span> <span class='ocrx_word' id='word_1_692' title='bbox 2658 2296 2917 2365; x_wconf 74' lang='grc' dir='ltr'>Ἰσραήλ.</span> <span class='ocrx_word' id='word_1_693' title='bbox 2959 2296 3132 2350; x_wconf 87' lang='grc' dir='ltr'>Τοῦτο</span> <span class='ocrx_word' id='word_1_694' title='bbox 3160 2297 3216 2350; x_wconf 86' lang='lat'>66</span> <span class='ocrx_word' id='word_1_695' title='bbox 3242 2299 3332 2351; x_wconf 77' lang='grc' dir='ltr'>ἐπὶ</span> <span class='ocrx_word' id='word_1_696' title='bbox 3364 2298 3456 2350; x_wconf 89' lang='grc' dir='ltr'>τοῦ</span> <span class='ocrx_word' id='word_1_697' title='bbox 3485 2298 3616 2352; x_wconf 77' lang='grc' dir='ltr'>Λευὶ</span> <span class='ocrx_word' id='word_1_698' title='bbox 3658 2301 3751 2352; x_wconf 79' lang='grc' dir='ltr'>καὶ</span> 
     </span>
    </p>
   </div>
   <div class='ocr_carea' id='block_1_89' title="bbox 2080 2380 3747 2455">
    <p class='ocr_par' dir='ltr' id='par_1_89' title="bbox 2080 2380 3747 2455">
     <span class='ocr_line' id='line_1_89' title="bbox 2080 2380 3747 2455; baseline 0.002 -21"><span class='ocrx_word' id='word_1_699' title='bbox 2080 2380 2175 2434; x_wconf 90' lang='grc' dir='ltr'>τοῦ</span> <span class='ocrx_word' id='word_1_700' title='bbox 2215 2381 2438 2452; x_wconf 86' lang='grc' dir='ltr'>Συμεὼν</span> <span class='ocrx_word' id='word_1_701' title='bbox 2485 2382 2656 2446; x_wconf 76' lang='grc' dir='ltr'>οὐδεὶς</span> <span class='ocrx_word' id='word_1_702' title='bbox 2691 2383 2758 2436; x_wconf 82' lang='grc' dir='ltr'>ἂν</span> <span class='ocrx_word' id='word_1_703' title='bbox 2795 2383 2892 2436; x_wconf 80' lang='grc' dir='ltr'>ἴδοι</span> <span class='ocrx_word' id='word_1_704' title='bbox 2945 2384 3330 2455; x_wconf 84' lang='grc' dir='ltr'>γεγενημένον,</span> <span class='ocrx_word' id='word_1_705' title='bbox 3355 2384 3467 2438; x_wconf 86' lang='grc' dir='ltr'>ἀλλ’</span> <span class='ocrx_word' id='word_1_706' title='bbox 3507 2386 3602 2439; x_wconf 78' lang='grc' dir='ltr'>ἐπὶ</span> <span class='ocrx_word' id='word_1_707' title='bbox 3636 2387 3747 2438; x_wconf 83' lang='grc' dir='ltr'>τῶν</span> 
     </span>
    </p>
   </div>
   <div class='ocr_carea' id='block_1_90' title="bbox 2081 2466 3748 2542">
    <p class='ocr_par' dir='ltr' id='par_1_90' title="bbox 2081 2466 3748 2542">
     <span class='ocr_line' id='line_1_90' title="bbox 2081 2466 3748 2542; baseline 0.004 -23"><span class='ocrx_word' id='word_1_708' title='bbox 2081 2466 2261 2536; x_wconf 86' lang='grc' dir='ltr'>φυλῶν</span> <span class='ocrx_word' id='word_1_709' title='bbox 2281 2467 2388 2521; x_wconf 83' lang='grc' dir='ltr'>τῶν</span> <span class='ocrx_word' id='word_1_710' title='bbox 2419 2468 2478 2534; x_wconf 85' lang='grc' dir='ltr'>ἐξ</span> <span class='ocrx_word' id='word_1_711' title='bbox 2504 2468 2702 2525; x_wconf 79' lang='grc' dir='ltr'>αὐτῶν,</span> <span class='ocrx_word' id='word_1_712' title='bbox 2742 2469 2852 2523; x_wconf 75' lang='grc' dir='ltr'>Καὶ</span> <span class='ocrx_word' id='word_1_713' title='bbox 2878 2467 2985 2540; x_wconf 82' lang='grc' dir='ltr'>γὰρ</span> <span class='ocrx_word' id='word_1_714' title='bbox 3012 2470 3046 2540; x_wconf 85' lang='grc' dir='ltr'><strong>ἡ</strong></span> <span class='ocrx_word' id='word_1_715' title='bbox 3067 2469 3160 2522; x_wconf 90' lang='grc' dir='ltr'>τοῦ</span> <span class='ocrx_word' id='word_1_716' title='bbox 3199 2466 3329 2523; x_wconf 79' lang='grc' dir='ltr'>Λευῒ</span> <span class='ocrx_word' id='word_1_717' title='bbox 3361 2469 3498 2542; x_wconf 78' lang='grc' dir='ltr'>φυλή</span> <span class='ocrx_word' id='word_1_718' title='bbox 3523 2471 3748 2525; x_wconf 81' lang='grc' dir='ltr'>διεσπά-</span> 
     </span>
    </p>
   </div>
   <div class='ocr_carea' id='block_1_91' title="bbox 2086 2555 3746 2630">
    <p class='ocr_par' dir='ltr' id='par_1_91' title="bbox 2086 2555 3746 2630">
     <span class='ocr_line' id='line_1_91' title="bbox 2086 2555 3746 2630; baseline 0.002 -22"><span class='ocrx_word' id='word_1_719' title='bbox 2086 2571 2172 2626; x_wconf 89' lang='grc' dir='ltr'>ρη.</span> <span class='ocrx_word' id='word_1_720' title='bbox 2219 2555 2280 2608; x_wconf 93' lang='lat'>16</span> <span class='ocrx_word' id='word_1_721' title='bbox 2309 2556 2534 2610; x_wconf 80' lang='grc' dir='ltr'>δέκατον</span> <span class='ocrx_word' id='word_1_722' title='bbox 2586 2558 2747 2627; x_wconf 83' lang='grc' dir='ltr'>μέρος</span> <span class='ocrx_word' id='word_1_723' title='bbox 2795 2556 2964 2626; x_wconf 85' lang='grc' dir='ltr'>αὐτῆς</span> <span class='ocrx_word' id='word_1_724' title='bbox 3006 2557 3245 2626; x_wconf 86' lang='grc' dir='ltr'>ἐκάστης</span> <span class='ocrx_word' id='word_1_725' title='bbox 3283 2557 3454 2628; x_wconf 83' lang='grc' dir='ltr'>φυλῆς</span> <span class='ocrx_word' id='word_1_726' title='bbox 3486 2557 3746 2630; x_wconf 83' lang='grc' dir='ltr'>ἐχούσης·</span> 
     </span>
    </p>
   </div>
   <div class='ocr_carea' id='block_1_92' title="bbox 2079 2641 3753 2714">
    <p class='ocr_par' dir='ltr' id='par_1_92' title="bbox 2079 2641 3753 2714">
     <span class='ocr_line' id='line_1_92' title="bbox 2079 2641 3753 2714; baseline 0.003 -20"><span class='ocrx_word' id='word_1_727' title='bbox 2079 2643 2114 2710; x_wconf 78' lang='grc' dir='ltr'>ἦ</span> <span class='ocrx_word' id='word_1_728' title='bbox 2147 2659 2205 2693; x_wconf 90' lang='grc' dir='ltr'>τε</span> <span class='ocrx_word' id='word_1_729' title='bbox 2253 2641 2346 2695; x_wconf 88' lang='grc' dir='ltr'>τοῦ</span> <span class='ocrx_word' id='word_1_730' title='bbox 2384 2641 2627 2713; x_wconf 86' lang='grc' dir='ltr'>Συμεὼν,</span> <span class='ocrx_word' id='word_1_731' title='bbox 2674 2644 2796 2714; x_wconf 78' lang='grc' dir='ltr'>ῆτις</span> <span class='ocrx_word' id='word_1_732' title='bbox 2842 2642 2902 2696; x_wconf 83' lang='grc' dir='ltr'>τὸ</span> <span class='ocrx_word' id='word_1_733' title='bbox 2942 2643 3074 2697; x_wconf 81' lang='grc' dir='ltr'>αὐτὸ</span> <span class='ocrx_word' id='word_1_734' title='bbox 3101 2643 3286 2713; x_wconf 86' lang='grc' dir='ltr'>σχεδὸν</span> <span class='ocrx_word' id='word_1_735' title='bbox 3325 2643 3514 2710; x_wconf 64' lang='grc' dir='ltr'>ἔπαθε,</span> <span class='ocrx_word' id='word_1_736' title='bbox 3549 2646 3753 2708; x_wconf 86' lang='grc' dir='ltr'>πάσαις</span> 
     </span>
    </p>
   </div>
   <div class='ocr_carea' id='block_1_93' title="bbox 2081 2731 3752 2804">
    <p class='ocr_par' dir='ltr' id='par_1_93' title="bbox 2081 2731 3752 2804">
     <span class='ocr_line' id='line_1_93' title="bbox 2081 2731 3752 2804; baseline 0.001 -19"><span class='ocrx_word' id='word_1_737' title='bbox 2081 2733 2268 2796; x_wconf 73' lang='grc' dir='ltr'>αὑταῖς</span> <span class='ocrx_word' id='word_1_738' title='bbox 2314 2732 2716 2804; x_wconf 86' lang='grc' dir='ltr'>παρεκταθεῖσα</span> <span class='ocrx_word' id='word_1_739' title='bbox 2774 2731 2913 2786; x_wconf 87' lang='grc' dir='ltr'>κατὰ</span> <span class='ocrx_word' id='word_1_740' title='bbox 2964 2732 3054 2784; x_wconf 81' lang='grc' dir='ltr'>τὸν</span> <span class='ocrx_word' id='word_1_741' title='bbox 3111 2732 3335 2802; x_wconf 86' lang='grc' dir='ltr'>κλῆρον,</span> <span class='ocrx_word' id='word_1_742' title='bbox 3380 2734 3474 2786; x_wconf 76' lang='grc' dir='ltr'>καὶ</span> <span class='ocrx_word' id='word_1_743' title='bbox 3528 2733 3647 2803; x_wconf 81' lang='grc' dir='ltr'>οὐχ,</span> <span class='ocrx_word' id='word_1_744' title='bbox 3676 2733 3752 2799; x_wconf 86' lang='grc' dir='ltr'>ὡς</span> 
     </span>
    </p>
   </div>
   <div class='ocr_carea' id='block_1_94' title="bbox 2081 2819 3749 2892">
    <p class='ocr_par' dir='ltr' id='par_1_94' title="bbox 2081 2819 3749 2892">
     <span class='ocr_line' id='line_1_94' title="bbox 2081 2819 3749 2892; baseline 0.001 -20"><span class='ocrx_word' id='word_1_745' title='bbox 2081 2819 2284 2892; x_wconf 89' lang='grc' dir='ltr'>ἐκάστη</span> <span class='ocrx_word' id='word_1_746' title='bbox 2319 2819 2426 2872; x_wconf 83' lang='grc' dir='ltr'>τῶν</span> <span class='ocrx_word' id='word_1_747' title='bbox 2473 2819 2669 2882; x_wconf 78' lang='grc' dir='ltr'>ἄλλων,</span> <span class='ocrx_word' id='word_1_748' title='bbox 2703 2819 3053 2890; x_wconf 87' lang='grc' dir='ltr'>συνημμένην</span> <span class='ocrx_word' id='word_1_749' title='bbox 3079 2819 3241 2872; x_wconf 74' lang='grc' dir='ltr'>ἔλαϐε</span> <span class='ocrx_word' id='word_1_750' title='bbox 3280 2819 3376 2890; x_wconf 81' lang='grc' dir='ltr'>τὴν</span> <span class='ocrx_word' id='word_1_751' title='bbox 3400 2819 3749 2890; x_wconf 88' lang='grc' dir='ltr'>κληρουχίαν.</span> 
     </span>
    </p>
   </div>
   <div class='ocr_carea' id='block_1_95' title="bbox 2080 2905 3754 2978">
    <p class='ocr_par' dir='ltr' id='par_1_95' title="bbox 2080 2905 3754 2978">
     <span class='ocr_line' id='line_1_95' title="bbox 2080 2905 3754 2978; baseline 0.002 -18"><span class='ocrx_word' id='word_1_752' title='bbox 2080 2908 2174 2960; x_wconf 77' lang='grc' dir='ltr'>καὶ</span> <span class='ocrx_word' id='word_1_753' title='bbox 2202 2907 2338 2978; x_wconf 84' lang='grc' dir='ltr'>πρὸς</span> <span class='ocrx_word' id='word_1_754' title='bbox 2364 2905 2560 2977; x_wconf 76' lang='grc' dir='ltr'>ἑαυτὴν</span> <span class='ocrx_word' id='word_1_755' title='bbox 2595 2907 3130 2978; x_wconf 78' lang='grc' dir='ltr'>συγκεκροτημένην.</span> <span class='ocrx_word' id='word_1_756' title='bbox 3156 2907 3266 2960; x_wconf 79' lang='grc' dir='ltr'>Καὶ</span> <span class='ocrx_word' id='word_1_757' title='bbox 3297 2909 3325 2960; x_wconf 94' lang='lat'>6</span> <span class='ocrx_word' id='word_1_758' title='bbox 3366 2906 3564 2961; x_wconf 89' lang='grc' dir='ltr'>Ἰακὼϐ</span> <span class='ocrx_word' id='word_1_759' title='bbox 3594 2907 3754 2973; x_wconf 78' lang='grc' dir='ltr'>δεξά-</span> 
     </span>
    </p>
   </div>
   <div class='ocr_carea' id='block_1_96' title="bbox 2083 2993 3750 3066">
    <p class='ocr_par' dir='ltr' id='par_1_96' title="bbox 2083 2993 3750 3066">
     <span class='ocr_line' id='line_1_96' title="bbox 2083 2993 3750 3066; baseline 0 -18"><span class='ocrx_word' id='word_1_760' title='bbox 2083 3013 2242 3066; x_wconf 90' lang='grc' dir='ltr'>μενος</span> <span class='ocrx_word' id='word_1_761' title='bbox 2273 2994 2518 3064; x_wconf 84' lang='grc' dir='ltr'>εὐλογίας</span> <span class='ocrx_word' id='word_1_762' title='bbox 2557 2993 2710 3066; x_wconf 87' lang='grc' dir='ltr'>παρά</span> <span class='ocrx_word' id='word_1_763' title='bbox 2740 2993 2833 3047; x_wconf 89' lang='grc' dir='ltr'>τοῦ</span> <span class='ocrx_word' id='word_1_764' title='bbox 2869 2994 3070 3066; x_wconf 82' lang='grc' dir='ltr'>πατρὸς</span> <span class='ocrx_word' id='word_1_765' title='bbox 3103 2995 3359 3063; x_wconf 77' lang='grc' dir='ltr'>οὐδεμιᾶς</span> <span class='ocrx_word' id='word_1_766' title='bbox 3403 2995 3582 3048; x_wconf 84' lang='grc' dir='ltr'>αὐτῶν</span> <span class='ocrx_word' id='word_1_767' title='bbox 3641 2997 3750 3050; x_wconf 80' lang='grc' dir='ltr'>ἀπ-</span> 
     </span>
    </p>
   </div>
   <div class='ocr_carea' id='block_1_97' title="bbox 2080 3079 3751 3155">
    <p class='ocr_par' dir='ltr' id='par_1_97' title="bbox 2080 3079 3751 3155">
     <span class='ocr_line' id='line_1_97' title="bbox 2080 3079 3751 3155; baseline -0.001 -19"><span class='ocrx_word' id='word_1_768' title='bbox 2080 3083 2311 3155; x_wconf 84' lang='grc' dir='ltr'>ήλαυσεν</span> <span class='ocrx_word' id='word_1_769' title='bbox 2335 3084 2516 3148; x_wconf 82' lang='grc' dir='ltr'>αὑτός.</span> <span class='ocrx_word' id='word_1_770' title='bbox 2533 3084 2592 3136; x_wconf 84' lang='lat'>&#39;0</span> <span class='ocrx_word' id='word_1_771' title='bbox 2616 3081 2715 3154; x_wconf 80' lang='grc' dir='ltr'>μὲν</span> <span class='ocrx_word' id='word_1_772' title='bbox 2737 3083 2844 3151; x_wconf 80' lang='grc' dir='ltr'>γὰρ</span> <span class='ocrx_word' id='word_1_773' title='bbox 2870 3082 3051 3154; x_wconf 78' lang='grc' dir='ltr'>πατὴρ</span> <span class='ocrx_word' id='word_1_774' title='bbox 3068 3080 3230 3135; x_wconf 81' lang='grc' dir='ltr'>αὑτοῦ</span> <span class='ocrx_word' id='word_1_775' title='bbox 3247 3079 3541 3153; x_wconf 80' lang='grc' dir='ltr'>προύλεγεν</span> <span class='ocrx_word' id='word_1_776' title='bbox 3565 3083 3751 3155; x_wconf 82' lang='grc' dir='ltr'>εὐετη-</span> 
     </span>
    </p>
   </div>
   <div class='ocr_carea' id='block_1_98' title="bbox 2081 3167 3750 3246">
    <p class='ocr_par' dir='ltr' id='par_1_98' title="bbox 2081 3167 3750 3246">
     <span class='ocr_line' id='line_1_98' title="bbox 2081 3167 3750 3246; baseline -0.001 -20"><span class='ocrx_word' id='word_1_777' title='bbox 2081 3174 2203 3246; x_wconf 89' lang='grc' dir='ltr'>ρίαν</span> <span class='ocrx_word' id='word_1_778' title='bbox 2236 3173 2456 3246; x_wconf 82' lang='grc' dir='ltr'>πολλὴν,</span> <span class='ocrx_word' id='word_1_779' title='bbox 2485 3174 2578 3227; x_wconf 76' lang='grc' dir='ltr'>καὶ</span> <span class='ocrx_word' id='word_1_780' title='bbox 2614 3173 2832 3244; x_wconf 89' lang='grc' dir='ltr'>διηνεκῆ</span> <span class='ocrx_word' id='word_1_781' title='bbox 2861 3172 3176 3225; x_wconf 87' lang='grc' dir='ltr'>δεσποτείαν</span> <span class='ocrx_word' id='word_1_782' title='bbox 3211 3170 3305 3224; x_wconf 90' lang='grc' dir='ltr'>τοῦ</span> <span class='ocrx_word' id='word_1_783' title='bbox 3356 3170 3528 3225; x_wconf 82' lang='grc' dir='ltr'>Ἠσαῦ</span> <span class='ocrx_word' id='word_1_784' title='bbox 3551 3188 3565 3204; x_wconf 79' lang='grc' dir='ltr'><strong>ο</strong></span> <span class='ocrx_word' id='word_1_785' title='bbox 3597 3167 3750 3238; x_wconf 75' lang='grc' dir='ltr'>οὗτος</span> 
     </span>
    </p>
   </div>
   <div class='ocr_carea' id='block_1_99' title="bbox 2077 3257 3746 3330">
    <p class='ocr_par' dir='ltr' id='par_1_99' title="bbox 2077 3257 3746 3330">
     <span class='ocr_line' id='line_1_99' title="bbox 2077 3257 3746 3330; baseline -0.001 -16"><span class='ocrx_word' id='word_1_786' title='bbox 2077 3261 2135 3314; x_wconf 80' lang='grc' dir='ltr'>δὲ</span> <span class='ocrx_word' id='word_1_787' title='bbox 2171 3261 2265 3314; x_wconf 80' lang='grc' dir='ltr'>καὶ</span> <span class='ocrx_word' id='word_1_788' title='bbox 2296 3261 2404 3314; x_wconf 85' lang='grc' dir='ltr'>τῶν</span> <span class='ocrx_word' id='word_1_789' title='bbox 2431 3260 2742 3329; x_wconf 85' lang='grc' dir='ltr'>ἀναγκαίων</span> <span class='ocrx_word' id='word_1_790' title='bbox 2782 3259 2998 3330; x_wconf 75' lang='grc' dir='ltr'>ἠπόρει,</span> <span class='ocrx_word' id='word_1_791' title='bbox 3035 3258 3128 3313; x_wconf 56' lang='grc' dir='ltr'>καὶ⁸</span> <span class='ocrx_word' id='word_1_792' title='bbox 3185 3257 3425 3328; x_wconf 87' lang='grc' dir='ltr'>θητεύων</span> <span class='ocrx_word' id='word_1_793' title='bbox 3468 3259 3746 3330; x_wconf 85' lang='grc' dir='ltr'>ἐτρέφετο,</span> 
     </span>
    </p>
   </div>
   <div class='ocr_carea' id='block_1_100' title="bbox 2079 3344 3750 3418">
    <p class='ocr_par' dir='ltr' id='par_1_100' title="bbox 2079 3344 3750 3418">
     <span class='ocr_line' id='line_1_100' title="bbox 2079 3344 3750 3418; baseline 0 -18"><span class='ocrx_word' id='word_1_794' title='bbox 2079 3347 2173 3400; x_wconf 78' lang='grc' dir='ltr'>καὶ</span> <span class='ocrx_word' id='word_1_795' title='bbox 2196 3346 2448 3400; x_wconf 88' lang='grc' dir='ltr'>τοσοῦτον</span> <span class='ocrx_word' id='word_1_796' title='bbox 2474 3345 2678 3416; x_wconf 85' lang='grc' dir='ltr'>ἀπέσχε</span> <span class='ocrx_word' id='word_1_797' title='bbox 2713 3346 2982 3417; x_wconf 88' lang='grc' dir='ltr'>κρατῆσαι</span> <span class='ocrx_word' id='word_1_798' title='bbox 3010 3344 3294 3413; x_wconf 88' lang='grc' dir='ltr'>τάδελφοῦ,</span> <span class='ocrx_word' id='word_1_799' title='bbox 3313 3347 3392 3398; x_wconf 80' lang='grc' dir='ltr'>ὅτι</span> <span class='ocrx_word' id='word_1_800' title='bbox 3420 3344 3485 3416; x_wconf 80' lang='grc' dir='ltr'>δή</span> <span class='ocrx_word' id='word_1_801' title='bbox 3514 3346 3608 3400; x_wconf 73' lang='grc' dir='ltr'>καὶ</span> <span class='ocrx_word' id='word_1_802' title='bbox 3624 3349 3750 3418; x_wconf 66' lang='grc' dir='ltr'>περὶ</span> 
     </span>
    </p>
   </div>
   <div class='ocr_carea' id='block_1_101' title="bbox 2078 3433 3750 3505">
    <p class='ocr_par' dir='ltr' id='par_1_101' title="bbox 2078 3433 3750 3505">
     <span class='ocr_line' id='line_1_101' title="bbox 2078 3433 3750 3505; baseline -0.001 -17"><span class='ocrx_word' id='word_1_803' title='bbox 2078 3437 2254 3489; x_wconf 85' lang='grc' dir='ltr'>αὐτῶν</span> <span class='ocrx_word' id='word_1_804' title='bbox 2283 3434 2584 3489; x_wconf 86' lang='grc' dir='ltr'>ἐκινδύνευε</span> <span class='ocrx_word' id='word_1_805' title='bbox 2619 3434 2728 3488; x_wconf 87' lang='grc' dir='ltr'>τῶν</span> <span class='ocrx_word' id='word_1_806' title='bbox 2768 3435 3008 3504; x_wconf 80' lang='grc' dir='ltr'>ἐσχάτων</span> <span class='ocrx_word' id='word_1_807' title='bbox 3027 3474 3042 3499; x_wconf 90' lang='grc'>,</span> <span class='ocrx_word' id='word_1_808' title='bbox 3070 3434 3162 3488; x_wconf 79' lang='grc' dir='ltr'>καὶ</span> <span class='ocrx_word' id='word_1_809' title='bbox 3193 3433 3340 3499; x_wconf 82' lang='grc' dir='ltr'>ἀπαξ</span> <span class='ocrx_word' id='word_1_810' title='bbox 3369 3433 3516 3505; x_wconf 75' lang='grc' dir='ltr'>αὐτῷ</span> <span class='ocrx_word' id='word_1_811' title='bbox 3556 3453 3750 3488; x_wconf 89' lang='grc' dir='ltr'>συντυ-</span> 
     </span>
    </p>
   </div>
   <div class='ocr_carea' id='block_1_102' title="bbox 2078 3523 3748 3595">
    <p class='ocr_par' dir='ltr' id='par_1_102' title="bbox 2078 3523 3748 3595">
     <span class='ocr_line' id='line_1_102' title="bbox 2078 3523 3748 3595; baseline 0 -19"><span class='ocrx_word' id='word_1_812' title='bbox 2078 3525 2188 3595; x_wconf 80' lang='grc' dir='ltr'>χὼν</span> <span class='ocrx_word' id='word_1_813' title='bbox 2244 3525 2402 3594; x_wconf 86' lang='grc' dir='ltr'>μόνον</span> <span class='ocrx_word' id='word_1_814' title='bbox 2462 3524 2599 3594; x_wconf 82' lang='grc' dir='ltr'>μετά</span> <span class='ocrx_word' id='word_1_815' title='bbox 2630 3523 2823 3577; x_wconf 89' lang='grc' dir='ltr'>πολλοῦ</span> <span class='ocrx_word' id='word_1_816' title='bbox 2871 3523 2964 3578; x_wconf 91' lang='grc' dir='ltr'>τοῦ</span> <span class='ocrx_word' id='word_1_817' title='bbox 2993 3523 3143 3586; x_wconf 87' lang='grc' dir='ltr'>δέους</span> <span class='ocrx_word' id='word_1_818' title='bbox 3162 3563 3177 3586; x_wconf 92' lang='grc'>,</span> <span class='ocrx_word' id='word_1_819' title='bbox 3214 3523 3468 3595; x_wconf 68' lang='grc' dir='ltr'>ἠγάπησε</span> <span class='ocrx_word' id='word_1_820' title='bbox 3500 3525 3561 3576; x_wconf 88' lang='lat'>16</span> <span class='ocrx_word' id='word_1_821' title='bbox 3591 3525 3748 3594; x_wconf 89' lang='grc' dir='ltr'>δυνη-</span> 
     </span>
    </p>
   </div>
   <div class='ocr_carea' id='block_1_103' title="bbox 2079 3607 3753 3682">
    <p class='ocr_par' dir='ltr' id='par_1_103' title="bbox 2079 3607 3753 3682">
     <span class='ocr_line' id='line_1_103' title="bbox 2079 3607 3753 3682; baseline 0.001 -18"><span class='ocrx_word' id='word_1_822' title='bbox 2079 3612 2236 3682; x_wconf 83' lang='grc' dir='ltr'>θῆναι</span> <span class='ocrx_word' id='word_1_823' title='bbox 2256 3609 2529 3680; x_wconf 86' lang='grc' dir='ltr'>διαφυγὼν</span> <span class='ocrx_word' id='word_1_824' title='bbox 2557 3611 2718 3664; x_wconf 73' lang='grc' dir='ltr'>αὐτὸν</span> <span class='ocrx_word' id='word_1_825' title='bbox 2757 3611 2851 3664; x_wconf 71' lang='grc' dir='ltr'>καὶ</span> <span class='ocrx_word' id='word_1_826' title='bbox 2883 3611 3139 3682; x_wconf 91' lang='grc' dir='ltr'>σωθῆναι.</span> <span class='ocrx_word' id='word_1_827' title='bbox 3167 3611 3234 3664; x_wconf 86' lang='lat' dir='ltr'><em>T1</em></span> <span class='ocrx_word' id='word_1_828' title='bbox 3262 3607 3354 3664; x_wconf 85' lang='grc' dir='ltr'>οῦν</span> <span class='ocrx_word' id='word_1_829' title='bbox 3395 3611 3461 3665; x_wconf 82' lang='grc' dir='ltr'>ἂν</span> <span class='ocrx_word' id='word_1_830' title='bbox 3501 3613 3753 3682; x_wconf 80' lang='grc' dir='ltr'>εἴποιμεν</span> 
     </span>
    </p>
   </div>
   <div class='ocr_carea' id='block_1_104' title="bbox 2079 3698 3747 3770">
    <p class='ocr_par' dir='ltr' id='par_1_104' title="bbox 2079 3698 3747 3770">
     <span class='ocr_line' id='line_1_104' title="bbox 2079 3698 3747 3770; baseline 0.001 -18"><span class='ocrx_word' id='word_1_831' title='bbox 2079 3700 2213 3770; x_wconf 81' lang='grc' dir='ltr'>πρὸς</span> <span class='ocrx_word' id='word_1_832' title='bbox 2249 3698 2451 3763; x_wconf 89' lang='grc' dir='ltr'>ταῦτα;</span> <span class='ocrx_word' id='word_1_833' title='bbox 2479 3698 2558 3751; x_wconf 81' lang='grc' dir='ltr'>ὅτι</span> <span class='ocrx_word' id='word_1_834' title='bbox 2581 3698 2772 3768; x_wconf 73' lang='grc' dir='ltr'>ψεῦδος</span> <span class='ocrx_word' id='word_1_835' title='bbox 2801 3699 2834 3769; x_wconf 86' lang='grc' dir='ltr'>ή</span> <span class='ocrx_word' id='word_1_836' title='bbox 2869 3698 3206 3770; x_wconf 74' lang='grc' dir='ltr'>προφητείας</span> <span class='ocrx_word' id='word_1_837' title='bbox 3241 3700 3452 3768; x_wconf 77' lang='grc' dir='ltr'>’Ἄπαγε</span> <span class='ocrx_word' id='word_1_838' title='bbox 3471 3715 3486 3730; x_wconf 77' lang='grc'>⁸</span> <span class='ocrx_word' id='word_1_839' title='bbox 3519 3700 3633 3753; x_wconf 86' lang='grc' dir='ltr'>ἀλλ’</span> <span class='ocrx_word' id='word_1_840' title='bbox 3663 3700 3747 3754; x_wconf 78' lang='grc' dir='ltr'>ὅτι</span> 
     </span>
    </p>
   </div>
   <div class='ocr_carea' id='block_1_105' title="bbox 2076 3769 3748 3857">
    <p class='ocr_par' dir='ltr' id='par_1_105' title="bbox 2076 3769 3748 3857">
     <span class='ocr_line' id='line_1_105' title="bbox 2076 3769 3748 3857; baseline -0.001 -18"><span class='ocrx_word' id='word_1_841' title='bbox 2076 3769 2313 3841; x_wconf 86' lang='grc' dir='ltr'>τοιοῦτον</span> <span class='ocrx_word' id='word_1_842' title='bbox 2337 3786 2507 3856; x_wconf 70' lang='grc' dir='ltr'>αὐτῆς</span> <span class='ocrx_word' id='word_1_843' title='bbox 2526 3783 2792 3855; x_wconf 89' lang='grc' dir='ltr'>πολλαχοῦ</span> <span class='ocrx_word' id='word_1_844' title='bbox 2827 3785 2887 3838; x_wconf 89' lang='lat'>16</span> <span class='ocrx_word' id='word_1_845' title='bbox 2916 3769 3062 3850; x_wconf 69' lang='grc' dir='ltr'>ἔθος,</span> <span class='ocrx_word' id='word_1_846' title='bbox 3095 3785 3161 3839; x_wconf 87' lang='grc' dir='ltr'>τά</span> <span class='ocrx_word' id='word_1_847' title='bbox 3191 3785 3277 3854; x_wconf 76' lang='grc' dir='ltr'>ἐφ’</span> <span class='ocrx_word' id='word_1_848' title='bbox 3310 3784 3509 3857; x_wconf 86' lang='grc' dir='ltr'>ἐτέρων</span> <span class='ocrx_word' id='word_1_849' title='bbox 3527 3794 3554 3833; x_wconf 75' lang='grc' dir='ltr'>ε</span> <span class='ocrx_word' id='word_1_850' title='bbox 3583 3785 3748 3856; x_wconf 86' lang='grc' dir='ltr'>ἐκϐη-</span> 
     </span>
    </p>
   </div>
   <div class='ocr_carea' id='block_1_106' title="bbox 2079 3874 3747 3945">
    <p class='ocr_par' dir='ltr' id='par_1_106' title="bbox 2079 3874 3747 3945">
     <span class='ocr_line' id='line_1_106' title="bbox 2079 3874 3747 3945; baseline 0.001 -17"><span class='ocrx_word' id='word_1_851' title='bbox 2079 3876 2280 3945; x_wconf 88' lang='grc' dir='ltr'>σόμενα</span> <span class='ocrx_word' id='word_1_852' title='bbox 2331 3875 2533 3945; x_wconf 83' lang='grc' dir='ltr'>ἐτέρων</span> <span class='ocrx_word' id='word_1_853' title='bbox 2595 3874 2966 3944; x_wconf 82' lang='grc' dir='ltr'>ὑποκειμένων</span> <span class='ocrx_word' id='word_1_854' title='bbox 3021 3874 3333 3945; x_wconf 86' lang='grc' dir='ltr'>προσώπων</span> <span class='ocrx_word' id='word_1_855' title='bbox 3385 3874 3584 3942; x_wconf 84' lang='grc' dir='ltr'>λέγειν,</span> <span class='ocrx_word' id='word_1_856' title='bbox 3652 3878 3747 3929; x_wconf 71' lang='grc' dir='ltr'>καὶ</span> 
     </span>
    </p>
   </div>
   <div class='ocr_carea' id='block_1_107' title="bbox 2077 3960 3746 4033">
    <p class='ocr_par' dir='ltr' id='par_1_107' title="bbox 2077 3960 3746 4033">
     <span class='ocr_line' id='line_1_107' title="bbox 2077 3960 3746 4033; baseline -0.001 -18"><span class='ocrx_word' id='word_1_857' title='bbox 2077 3963 2480 4033; x_wconf 87' lang='grc' dir='ltr'>ἀποκεχρῆσθαι</span> <span class='ocrx_word' id='word_1_858' title='bbox 2511 3961 2766 4030; x_wconf 85' lang='grc' dir='ltr'>ὀνόμασιν</span> <span class='ocrx_word' id='word_1_859' title='bbox 2809 3961 2990 4024; x_wconf 80' lang='grc' dir='ltr'>ἄλλοις</span> <span class='ocrx_word' id='word_1_860' title='bbox 3035 3961 3152 4014; x_wconf 89' lang='grc' dir='ltr'>ἀνθ’</span> <span class='ocrx_word' id='word_1_861' title='bbox 3182 3961 3418 4032; x_wconf 75' lang='grc' dir='ltr'>ἐτέρωνο</span> <span class='ocrx_word' id='word_1_862' title='bbox 3453 3960 3483 4013; x_wconf 87' lang='lat'>6</span> <span class='ocrx_word' id='word_1_863' title='bbox 3514 3963 3609 4014; x_wconf 76' lang='grc' dir='ltr'>καὶ</span> <span class='ocrx_word' id='word_1_864' title='bbox 3654 3963 3746 4014; x_wconf 77' lang='grc' dir='ltr'>ἐπὶ</span> 
     </span>
    </p>
   </div>
   <div class='ocr_carea' id='block_1_108' title="bbox 2076 4047 3748 4118">
    <p class='ocr_par' dir='ltr' id='par_1_108' title="bbox 2076 4047 3748 4118">
     <span class='ocr_line' id='line_1_108' title="bbox 2076 4047 3748 4118; baseline 0.001 -17"><span class='ocrx_word' id='word_1_865' title='bbox 2076 4049 2170 4102; x_wconf 90' lang='grc' dir='ltr'>τοῦ</span> <span class='ocrx_word' id='word_1_866' title='bbox 2199 4049 2416 4101; x_wconf 83' lang='grc' dir='ltr'>Χαναὰν</span> <span class='ocrx_word' id='word_1_867' title='bbox 2449 4047 2686 4116; x_wconf 90' lang='grc' dir='ltr'>γέγονεν.</span> <span class='ocrx_word' id='word_1_868' title='bbox 2720 4047 2852 4100; x_wconf 80' lang='grc' dir='ltr'>Οὐδὲ</span> <span class='ocrx_word' id='word_1_869' title='bbox 2898 4047 3008 4118; x_wconf 84' lang='grc' dir='ltr'>γάρ</span> <span class='ocrx_word' id='word_1_870' title='bbox 3035 4050 3250 4118; x_wconf 83' lang='grc' dir='ltr'>ὁρῶμεν</span> <span class='ocrx_word' id='word_1_871' title='bbox 3289 4051 3494 4102; x_wconf 84' lang='grc' dir='ltr'>ἐκεῖνον</span> <span class='ocrx_word' id='word_1_872' title='bbox 3531 4049 3748 4103; x_wconf 84' lang='grc' dir='ltr'>δουλεύ-</span> 
     </span>
    </p>
   </div>
   <div class='ocr_carea' id='block_1_109' title="bbox 2081 4133 3744 4205">
    <p class='ocr_par' dir='ltr' id='par_1_109' title="bbox 2081 4133 3744 4205">
     <span class='ocr_line' id='line_1_109' title="bbox 2081 4133 3744 4205; baseline -0.001 -16"><span class='ocrx_word' id='word_1_873' title='bbox 2081 4153 2246 4191; x_wconf 89' lang='grc' dir='ltr'>σαντα</span> <span class='ocrx_word' id='word_1_874' title='bbox 2272 4137 2384 4198; x_wconf 89' lang='grc' dir='ltr'>τοῖς</span> <span class='ocrx_word' id='word_1_875' title='bbox 2411 4135 2676 4202; x_wconf 81' lang='grc' dir='ltr'>ἀδελφοῖς,</span> <span class='ocrx_word' id='word_1_876' title='bbox 2693 4135 2754 4186; x_wconf 90' lang='lat'>06</span> <span class='ocrx_word' id='word_1_877' title='bbox 2787 4133 2891 4204; x_wconf 83' lang='grc' dir='ltr'>μὴν</span> <span class='ocrx_word' id='word_1_878' title='bbox 2919 4135 3038 4186; x_wconf 88' lang='lat'><em>0666</em></span> <span class='ocrx_word' id='word_1_879' title='bbox 3058 4135 3155 4204; x_wconf 80' lang='grc' dir='ltr'>τὴν</span> <span class='ocrx_word' id='word_1_880' title='bbox 3189 4134 3328 4205; x_wconf 80' lang='grc' dir='ltr'>ἀρὰν</span> <span class='ocrx_word' id='word_1_881' title='bbox 3360 4135 3744 4199; x_wconf 84' lang='grc' dir='ltr'>διαπεσοῦσαν,</span> 
     </span>
    </p>
   </div>
   <div class='ocr_carea' id='block_1_110' title="bbox 2078 4220 3749 4286">
    <p class='ocr_par' dir='ltr' id='par_1_110' title="bbox 2078 4220 3749 4286">
     <span class='ocr_line' id='line_1_110' title="bbox 2078 4220 3749 4286; baseline -0.001 -9"><span class='ocrx_word' id='word_1_882' title='bbox 2078 4223 2191 4278; x_wconf 81' lang='grc' dir='ltr'>ἀλλ’</span> <span class='ocrx_word' id='word_1_883' title='bbox 2226 4221 2317 4275; x_wconf 72' lang='grc' dir='ltr'>ἐπὶ</span> <span class='ocrx_word' id='word_1_884' title='bbox 2343 4221 2450 4276; x_wconf 83' lang='grc' dir='ltr'>τῶν</span> <span class='ocrx_word' id='word_1_885' title='bbox 2469 4220 2833 4274; x_wconf 88' lang='grc' dir='ltr'>Γαϐαιονιτῶν</span> <span class='ocrx_word' id='word_1_886' title='bbox 2857 4220 3126 4275; x_wconf 90' lang='grc' dir='ltr'>λαϐοῦσαν</span> <span class='ocrx_word' id='word_1_887' title='bbox 3157 4221 3218 4274; x_wconf 90' lang='lat'>16</span> <span class='ocrx_word' id='word_1_888' title='bbox 3241 4221 3392 4286; x_wconf 89' lang='grc' dir='ltr'>τέλος</span> <span class='ocrx_word' id='word_1_889' title='bbox 3412 4222 3520 4275; x_wconf 85' lang='grc' dir='ltr'>τών</span> <span class='ocrx_word' id='word_1_890' title='bbox 3542 4224 3604 4275; x_wconf 87' lang='grc' dir='ltr'>ἐκ</span> <span class='ocrx_word' id='word_1_891' title='bbox 3647 4223 3749 4276; x_wconf 74' lang='grc' dir='ltr'>τοῦ</span> 
     </span>
    </p>
   </div>
   <div class='ocr_carea' id='block_1_111' title="bbox 2077 4307 3742 4382">
    <p class='ocr_par' dir='ltr' id='par_1_111' title="bbox 2077 4307 3742 4382">
     <span class='ocr_line' id='line_1_111' title="bbox 2077 4307 3742 4382; baseline -0.001 -17"><span class='ocrx_word' id='word_1_892' title='bbox 2077 4309 2296 4365; x_wconf 79' lang='grc' dir='ltr'>Χαναὰν</span> <span class='ocrx_word' id='word_1_893' title='bbox 2348 4308 2666 4380; x_wconf 88' lang='grc' dir='ltr'>γεγονότων.</span> <span class='ocrx_word' id='word_1_894' title='bbox 2699 4307 2806 4363; x_wconf 78' lang='grc' dir='ltr'>Καὶ</span> <span class='ocrx_word' id='word_1_895' title='bbox 2845 4307 2953 4380; x_wconf 90' lang='grc' dir='ltr'>γάρ</span> <span class='ocrx_word' id='word_1_896' title='bbox 2982 4309 3040 4362; x_wconf 87' lang='grc' dir='ltr'>ἐν</span> <span class='ocrx_word' id='word_1_897' title='bbox 3083 4308 3232 4376; x_wconf 80' lang='grc' dir='ltr'>τάξει</span> <span class='ocrx_word' id='word_1_898' title='bbox 3261 4311 3401 4380; x_wconf 81' lang='grc' dir='ltr'>ἀρᾶς</span> <span class='ocrx_word' id='word_1_899' title='bbox 3439 4313 3742 4382; x_wconf 83' lang='grc' dir='ltr'>προφητεία</span> 
     </span>
    </p>
   </div>
   <div class='ocr_carea' id='block_1_112' title="bbox 2077 4393 2561 4470">
    <p class='ocr_par' dir='ltr' id='par_1_112' title="bbox 2077 4393 2561 4470">
     <span class='ocr_line' id='line_1_112' title="bbox 2077 4393 2561 4470; baseline 0 -19"><span class='ocrx_word' id='word_1_900' title='bbox 2077 4397 2139 4452; x_wconf 92' lang='lat'>16</span> <span class='ocrx_word' id='word_1_901' title='bbox 2161 4397 2449 4470; x_wconf 91' lang='grc' dir='ltr'>λεγόμενον</span> <span class='ocrx_word' id='word_1_902' title='bbox 2471 4393 2561 4469; x_wconf 78' lang='grc' dir='ltr'>ἦν.</span> 
     </span>
    </p>
   </div>
   <div class='ocr_carea' id='block_1_113' title="bbox 2150 4501 3744 4578">
    <p class='ocr_par' dir='ltr' id='par_1_113' title="bbox 2150 4501 3744 4578">
     <span class='ocr_line' id='line_1_113' title="bbox 2150 4501 3744 4578; baseline -0.003 -19"><span class='ocrx_word' id='word_1_903' title='bbox 2150 4503 2265 4578; x_wconf 76' lang='lat'>[‘20]</span> <span class='ocrx_word' id='word_1_904' title='bbox 2307 4503 2372 4575; x_wconf 82' lang='grc' dir='ltr'>β’.</span> <span class='ocrx_word' id='word_1_905' title='bbox 2411 4501 2691 4558; x_wconf 88' lang='grc' dir='ltr'>Τοσούτων</span> <span class='ocrx_word' id='word_1_906' title='bbox 2727 4503 2902 4557; x_wconf 89' lang='grc' dir='ltr'>τοίνυν</span> <span class='ocrx_word' id='word_1_907' title='bbox 2940 4503 3034 4557; x_wconf 75' lang='grc' dir='ltr'>καὶ</span> <span class='ocrx_word' id='word_1_908' title='bbox 3063 4503 3315 4557; x_wconf 89' lang='grc' dir='ltr'>τοιούτων</span> <span class='ocrx_word' id='word_1_909' title='bbox 3351 4502 3520 4556; x_wconf 79' lang='grc' dir='ltr'>ὄντων</span> <span class='ocrx_word' id='word_1_910' title='bbox 3562 4519 3744 4575; x_wconf 85' lang='grc' dir='ltr'>παρα-</span> 
     </span>
    </p>
   </div>
   <div class='ocr_carea' id='block_1_114' title="bbox 2075 4589 3741 4664">
    <p class='ocr_par' dir='ltr' id='par_1_114' title="bbox 2075 4589 3741 4664">
     <span class='ocr_line' id='line_1_114' title="bbox 2075 4589 3741 4664; baseline -0.002 -17"><span class='ocrx_word' id='word_1_911' title='bbox 2075 4592 2386 4664; x_wconf 87' lang='grc' dir='ltr'>δειγμάτων</span> <span class='ocrx_word' id='word_1_912' title='bbox 2427 4591 2536 4645; x_wconf 85' lang='grc' dir='ltr'>τῶν</span> <span class='ocrx_word' id='word_1_913' title='bbox 2577 4589 3008 4645; x_wconf 88' lang='grc' dir='ltr'>ἀποδεικνύντων</span> <span class='ocrx_word' id='word_1_914' title='bbox 3039 4592 3170 4661; x_wconf 77' lang='grc' dir='ltr'>ἡμῖν</span> <span class='ocrx_word' id='word_1_915' title='bbox 3194 4631 3208 4656; x_wconf 90' lang='grc'>,</span> <span class='ocrx_word' id='word_1_916' title='bbox 3267 4590 3348 4644; x_wconf 86' lang='grc' dir='ltr'>ὅτι</span> <span class='ocrx_word' id='word_1_917' title='bbox 3409 4589 3582 4643; x_wconf 90' lang='grc' dir='ltr'>πολλά</span> <span class='ocrx_word' id='word_1_918' title='bbox 3634 4591 3741 4644; x_wconf 83' lang='grc' dir='ltr'>τῶν</span> 
     </span>
    </p>
   </div>
   <div class='ocr_carea' id='block_1_115' title="bbox 2077 4677 3742 4752">
    <p class='ocr_par' dir='ltr' id='par_1_115' title="bbox 2077 4677 3742 4752">
     <span class='ocr_line' id='line_1_115' title="bbox 2077 4677 3742 4752; baseline -0.002 -18"><span class='ocrx_word' id='word_1_919' title='bbox 2077 4681 2379 4752; x_wconf 75' lang='grc' dir='ltr'>εἰρημένων</span> <span class='ocrx_word' id='word_1_920' title='bbox 2430 4679 2643 4748; x_wconf 87' lang='grc' dir='ltr'>λέγεται</span> <span class='ocrx_word' id='word_1_921' title='bbox 2704 4679 2802 4750; x_wconf 84' lang='grc' dir='ltr'>μὲν</span> <span class='ocrx_word' id='word_1_922' title='bbox 2866 4679 2950 4747; x_wconf 85' lang='grc' dir='ltr'>ἐφ’</span> <span class='ocrx_word' id='word_1_923' title='bbox 3007 4678 3226 4749; x_wconf 86' lang='grc' dir='ltr'>ἐτέρων,</span> <span class='ocrx_word' id='word_1_924' title='bbox 3264 4677 3504 4731; x_wconf 85' lang='grc' dir='ltr'>ἐκϐαίνει</span> <span class='ocrx_word' id='word_1_925' title='bbox 3553 4678 3609 4732; x_wconf 86' lang='lat'>66</span> <span class='ocrx_word' id='word_1_926' title='bbox 3654 4681 3742 4731; x_wconf 88' lang='grc' dir='ltr'>ἐπ’</span> 
     </span>
    </p>
   </div>
   <div class='ocr_carea' id='block_1_116' title="bbox 2075 4764 3741 4836">
    <p class='ocr_par' dir='ltr' id='par_1_116' title="bbox 2075 4764 3741 4836">
     <span class='ocr_line' id='line_1_116' title="bbox 2075 4764 3741 4836; baseline -0.002 -14"><span class='ocrx_word' id='word_1_927' title='bbox 2075 4769 2270 4834; x_wconf 76' lang='grc' dir='ltr'>ἄλλων,</span> <span class='ocrx_word' id='word_1_928' title='bbox 2329 4767 2423 4821; x_wconf 78' lang='grc' dir='ltr'>καὶ</span> <span class='ocrx_word' id='word_1_929' title='bbox 2469 4765 2724 4836; x_wconf 84' lang='grc' dir='ltr'>ὀνόμασιν</span> <span class='ocrx_word' id='word_1_930' title='bbox 2781 4764 3181 4836; x_wconf 89' lang='grc' dir='ltr'>ἀποκέχρηνται</span> <span class='ocrx_word' id='word_1_931' title='bbox 3228 4764 3278 4817; x_wconf 78' lang='grc' dir='ltr'>οἰ</span> <span class='ocrx_word' id='word_1_932' title='bbox 3328 4764 3636 4835; x_wconf 87' lang='grc' dir='ltr'>προφῆται,</span> <span class='ocrx_word' id='word_1_933' title='bbox 3688 4765 3741 4818; x_wconf 88' lang='grc' dir='ltr'>τί</span> 
     </span>
    </p>
   </div>
   <div class='ocr_carea' id='block_1_117' title="bbox 2076 4850 3743 4926">
    <p class='ocr_par' dir='ltr' id='par_1_117' title="bbox 2076 4850 3743 4926">
     <span class='ocr_line' id='line_1_117' title="bbox 2076 4850 3743 4926; baseline -0.003 -17"><span class='ocrx_word' id='word_1_934' title='bbox 2076 4854 2385 4926; x_wconf 79' lang='grc' dir='ltr'>θαυμαστὸν</span> <span class='ocrx_word' id='word_1_935' title='bbox 2416 4855 2464 4906; x_wconf 83' lang='grc' dir='ltr'>εἰ</span> <span class='ocrx_word' id='word_1_936' title='bbox 2494 4851 2586 4906; x_wconf 78' lang='grc' dir='ltr'>καὶ</span> <span class='ocrx_word' id='word_1_937' title='bbox 2634 4851 2730 4905; x_wconf 91' lang='grc' dir='ltr'>νῦν</span> <span class='ocrx_word' id='word_1_938' title='bbox 2769 4851 2830 4904; x_wconf 88' lang='grc' dir='ltr'>τὺ</span> <span class='ocrx_word' id='word_1_939' title='bbox 2864 4851 2962 4921; x_wconf 89' lang='grc' dir='ltr'>τῆς</span> <span class='ocrx_word' id='word_1_940' title='bbox 3005 4850 3260 4914; x_wconf 87' lang='grc' dir='ltr'>Ἰουδαίας</span> <span class='ocrx_word' id='word_1_941' title='bbox 3288 4851 3381 4904; x_wconf 71' lang='grc' dir='ltr'>καὶ</span> <span class='ocrx_word' id='word_1_942' title='bbox 3412 4853 3509 4922; x_wconf 86' lang='grc' dir='ltr'>τῆς</span> <span class='ocrx_word' id='word_1_943' title='bbox 3545 4851 3743 4922; x_wconf 88' lang='grc' dir='ltr'>Ἰερου-</span> 
     </span>
    </p>
   </div>
   <div class='ocr_carea' id='block_1_118' title="bbox 2077 4939 3741 5014">
    <p class='ocr_par' dir='ltr' id='par_1_118' title="bbox 2077 4939 3741 5014">
     <span class='ocr_line' id='line_1_118' title="bbox 2077 4939 3741 5014; baseline -0.002 -18"><span class='ocrx_word' id='word_1_944' title='bbox 2077 4943 2258 5014; x_wconf 82' lang='grc' dir='ltr'>σαλήμ</span> <span class='ocrx_word' id='word_1_945' title='bbox 2287 4941 2506 5012; x_wconf 74' lang='grc' dir='ltr'>προθεὶς</span> <span class='ocrx_word' id='word_1_946' title='bbox 2525 4939 2694 5010; x_wconf 67' lang='grc' dir='ltr'>ὄνομα</span> <span class='ocrx_word' id='word_1_947' title='bbox 2724 4941 2753 4993; x_wconf 92' lang='lat'>6</span> <span class='ocrx_word' id='word_1_948' title='bbox 2776 4939 3086 5011; x_wconf 83' lang='grc' dir='ltr'>προφήτης,</span> <span class='ocrx_word' id='word_1_949' title='bbox 3124 4939 3252 5010; x_wconf 78' lang='grc' dir='ltr'>περὶ</span> <span class='ocrx_word' id='word_1_950' title='bbox 3280 4941 3380 5010; x_wconf 84' lang='grc' dir='ltr'>τῆς</span> <span class='ocrx_word' id='word_1_951' title='bbox 3417 4939 3741 5010; x_wconf 78' lang='grc' dir='ltr'>Ἐκκλησίας</span> 
     </span>
    </p>
   </div>
   <div class='ocr_carea' id='block_1_119' title="bbox 2076 5025 3740 5102">
    <p class='ocr_par' dir='ltr' id='par_1_119' title="bbox 2076 5025 3740 5102">
     <span class='ocr_line' id='line_1_119' title="bbox 2076 5025 3740 5102; baseline -0.002 -19"><span class='ocrx_word' id='word_1_952' title='bbox 2076 5031 2484 5102; x_wconf 85' lang='grc' dir='ltr'>προαναφωνεῖ;</span> <span class='ocrx_word' id='word_1_953' title='bbox 2517 5028 2628 5081; x_wconf 63' lang='grc' dir='ltr'>Καὶ⁹</span> <span class='ocrx_word' id='word_1_954' title='bbox 2659 5026 2767 5099; x_wconf 84' lang='grc' dir='ltr'>γὰρ</span> <span class='ocrx_word' id='word_1_955' title='bbox 2799 5026 2984 5098; x_wconf 80' lang='grc' dir='ltr'>ἐπειδὴ</span> <span class='ocrx_word' id='word_1_956' title='bbox 3017 5025 3152 5097; x_wconf 78' lang='grc' dir='ltr'>πρὸς</span> <span class='ocrx_word' id='word_1_957' title='bbox 3185 5026 3503 5097; x_wconf 84' lang='grc' dir='ltr'>ἀγνώμονας</span> <span class='ocrx_word' id='word_1_958' title='bbox 3532 5028 3560 5080; x_wconf 92' lang='lat'>6</span> <span class='ocrx_word' id='word_1_959' title='bbox 3587 5027 3740 5094; x_wconf 85' lang='grc' dir='ltr'>λόγος</span> 
     </span>
    </p>
   </div>
   <div class='ocr_carea' id='block_1_120' title="bbox 2071 5107 3737 5190">
    <p class='ocr_par' dir='ltr' id='par_1_120' title="bbox 2071 5107 3737 5190">
     <span class='ocr_line' id='line_1_120' title="bbox 2071 5107 3737 5190; baseline -0.004 -21"><span class='ocrx_word' id='word_1_960' title='bbox 2071 5113 2140 5190; x_wconf 77' lang='grc' dir='ltr'>ἦν</span> <span class='ocrx_word' id='word_1_961' title='bbox 2175 5116 2341 5188; x_wconf 81' lang='grc' dir='ltr'>αὐτῷ,</span> <span class='ocrx_word' id='word_1_962' title='bbox 2371 5116 2651 5188; x_wconf 80' lang='grc' dir='ltr'>προφήτας</span> <span class='ocrx_word' id='word_1_963' title='bbox 2683 5112 3057 5186; x_wconf 83' lang='grc' dir='ltr'>ἀναιροῦντας,</span> <span class='ocrx_word' id='word_1_964' title='bbox 3080 5115 3146 5167; x_wconf 85' lang='grc' dir='ltr'>τά</span> <span class='ocrx_word' id='word_1_965' title='bbox 3169 5107 3344 5183; x_wconf 89' lang='grc' dir='ltr'>βιϐλία</span> <span class='ocrx_word' id='word_1_966' title='bbox 3376 5115 3642 5177; x_wconf 88' lang='grc' dir='ltr'>καίοντας,</span> <span class='ocrx_word' id='word_1_967' title='bbox 3671 5114 3737 5163; x_wconf 68' lang='grc' dir='ltr'>τὰ</span> 
     </span>
    </p>
   </div>
   <div class='ocr_carea' id='block_1_121' title="bbox 2075 5201 3735 5276">
    <p class='ocr_par' dir='ltr' id='par_1_121' title="bbox 2075 5201 3735 5276">
     <span class='ocr_line' id='line_1_121' title="bbox 2075 5201 3735 5276; baseline -0.002 -19"><span class='ocrx_word' id='word_1_968' title='bbox 2075 5205 2434 5276; x_wconf 87' lang='grc' dir='ltr'>θυσιαστήρια</span> <span class='ocrx_word' id='word_1_969' title='bbox 2487 5201 2969 5266; x_wconf 82' lang='grc' dir='ltr'>κατασκάπτοντας</span> <span class='ocrx_word' id='word_1_970' title='bbox 3001 5242 3016 5267; x_wconf 92' lang='grc'>,</span> <span class='ocrx_word' id='word_1_971' title='bbox 3084 5203 3307 5265; x_wconf 82' lang='grc' dir='ltr'>εἰκότως</span> <span class='ocrx_word' id='word_1_972' title='bbox 3356 5203 3416 5255; x_wconf 85' lang='grc' dir='ltr'>τὸ</span> <span class='ocrx_word' id='word_1_973' title='bbox 3478 5201 3735 5270; x_wconf 74' lang='grc' dir='ltr'>κάλυμμα</span> 
     </span>
    </p>
   </div>
   <div class='ocr_carea' id='block_1_122' title="bbox 2074 5289 3737 5363">
    <p class='ocr_par' dir='ltr' id='par_1_122' title="bbox 2074 5289 3737 5363">
     <span class='ocr_line' id='line_1_122' title="bbox 2074 5289 3737 5363; baseline -0.004 -18"><span class='ocrx_word' id='word_1_974' title='bbox 2074 5293 2250 5347; x_wconf 72' lang='grc' dir='ltr'>ἔκειτο</span> <span class='ocrx_word' id='word_1_975' title='bbox 2288 5293 2380 5344; x_wconf 77' lang='grc' dir='ltr'>ἐπὶ</span> <span class='ocrx_word' id='word_1_976' title='bbox 2421 5294 2490 5363; x_wconf 79' lang='grc' dir='ltr'>τῇ</span> <span class='ocrx_word' id='word_1_977' title='bbox 2538 5290 2837 5359; x_wconf 90' lang='grc' dir='ltr'>ἀναγνώσει</span> <span class='ocrx_word' id='word_1_978' title='bbox 2878 5291 2976 5361; x_wconf 89' lang='grc' dir='ltr'>τῆς</span> <span class='ocrx_word' id='word_1_979' title='bbox 3007 5290 3241 5354; x_wconf 81' lang='grc' dir='ltr'>παλαιᾶς</span> <span class='ocrx_word' id='word_1_980' title='bbox 3273 5289 3564 5359; x_wconf 87' lang='grc' dir='ltr'>Διαθήκης,</span> <span class='ocrx_word' id='word_1_981' title='bbox 3597 5289 3737 5340; x_wconf 85' lang='grc' dir='ltr'>κατά</span> 
     </span>
    </p>
   </div>
   <div class='ocr_carea' id='block_1_123' title="bbox 2074 5375 3744 5452">
    <p class='ocr_par' dir='ltr' id='par_1_123' title="bbox 2074 5375 3744 5452">
     <span class='ocr_line' id='line_1_123' title="bbox 2074 5375 3744 5452; baseline -0.004 -19"><span class='ocrx_word' id='word_1_982' title='bbox 2074 5382 2164 5433; x_wconf 75' lang='grc' dir='ltr'>τὸν</span> <span class='ocrx_word' id='word_1_983' title='bbox 2215 5381 2480 5452; x_wconf 86' lang='grc' dir='ltr'>μακάριον</span> <span class='ocrx_word' id='word_1_984' title='bbox 2551 5379 2778 5433; x_wconf 82' lang='grc' dir='ltr'>Παῦλον.</span> <span class='ocrx_word' id='word_1_985' title='bbox 2839 5375 2914 5432; x_wconf 77' lang='grc' dir='ltr'><strong>ἾΙ</strong></span> <span class='ocrx_word' id='word_1_986' title='bbox 2969 5381 3075 5450; x_wconf 80' lang='grc' dir='ltr'>γὰρ</span> <span class='ocrx_word' id='word_1_987' title='bbox 3125 5378 3189 5432; x_wconf 85' lang='grc' dir='ltr'>ἂν</span> <span class='ocrx_word' id='word_1_988' title='bbox 3233 5379 3326 5431; x_wconf 79' lang='grc' dir='ltr'>καὶ</span> <span class='ocrx_word' id='word_1_989' title='bbox 3360 5376 3628 5445; x_wconf 78' lang='grc' dir='ltr'>ἠφάνισαν</span> <span class='ocrx_word' id='word_1_990' title='bbox 3671 5376 3744 5428; x_wconf 81' lang='grc' dir='ltr'>τά</span> 
     </span>
    </p>
   </div>
   <div class='ocr_carea' id='block_1_124' title="bbox 2077 5463 3735 5540">
    <p class='ocr_par' dir='ltr' id='par_1_124' title="bbox 2077 5463 3735 5540">
     <span class='ocr_line' id='line_1_124' title="bbox 2077 5463 3735 5540; baseline -0.003 -19"><span class='ocrx_word' id='word_1_991' title='bbox 2077 5469 2277 5540; x_wconf 86' lang='grc' dir='ltr'>βιϐλία,</span> <span class='ocrx_word' id='word_1_992' title='bbox 2316 5469 2364 5521; x_wconf 83' lang='grc' dir='ltr'>εἰ</span> <span class='ocrx_word' id='word_1_993' title='bbox 2421 5468 2662 5538; x_wconf 87' lang='grc' dir='ltr'>συνῆκαν</span> <span class='ocrx_word' id='word_1_994' title='bbox 2712 5470 2809 5539; x_wconf 86' lang='grc' dir='ltr'>τῆς</span> <span class='ocrx_word' id='word_1_995' title='bbox 2861 5467 3195 5538; x_wconf 87' lang='grc' dir='ltr'>προφητείας</span> <span class='ocrx_word' id='word_1_996' title='bbox 3233 5467 3330 5534; x_wconf 85' lang='grc' dir='ltr'>τήν</span> <span class='ocrx_word' id='word_1_997' title='bbox 3372 5463 3602 5534; x_wconf 87' lang='grc' dir='ltr'>δύναμιν</span> <span class='ocrx_word' id='word_1_998' title='bbox 3637 5465 3735 5533; x_wconf 77' lang='grc' dir='ltr'>τῆς</span> 
     </span>
    </p>
   </div>
   <div class='ocr_carea' id='block_1_125' title="bbox 2077 5551 3733 5630">
    <p class='ocr_par' dir='ltr' id='par_1_125' title="bbox 2077 5551 3733 5630">
     <span class='ocr_line' id='line_1_125' title="bbox 2077 5551 3733 5630; baseline -0.007 -18"><span class='ocrx_word' id='word_1_999' title='bbox 2077 5559 2204 5630; x_wconf 74' lang='grc' dir='ltr'>περὶ</span> <span class='ocrx_word' id='word_1_1000' title='bbox 2235 5559 2328 5611; x_wconf 82' lang='grc' dir='ltr'>τοῦ</span> <span class='ocrx_word' id='word_1_1001' title='bbox 2358 5557 2613 5629; x_wconf 86' lang='grc' dir='ltr'>Χριστοῦ.</span> <span class='ocrx_word' id='word_1_1002' title='bbox 2649 5558 2821 5612; x_wconf 86' lang='grc' dir='ltr'>Ὅπου</span> <span class='ocrx_word' id='word_1_1003' title='bbox 2848 5557 2955 5627; x_wconf 73' lang='grc' dir='ltr'>γὰρ</span> <span class='ocrx_word' id='word_1_1004' title='bbox 2986 5553 3224 5625; x_wconf 87' lang='grc' dir='ltr'>παρόντα</span> <span class='ocrx_word' id='word_1_1005' title='bbox 3259 5551 3440 5614; x_wconf 74' lang='grc' dir='ltr'>αὐτὸν,</span> <span class='ocrx_word' id='word_1_1006' title='bbox 3489 5553 3583 5606; x_wconf 81' lang='grc' dir='ltr'>καί</span> <span class='ocrx_word' id='word_1_1007' title='bbox 3609 5552 3733 5605; x_wconf 85' lang='grc' dir='ltr'>θαυ-</span> 
     </span>
    </p>
   </div>
   <div class='ocr_carea' id='block_1_126' title="bbox 2079 5639 3740 5719">
    <p class='ocr_par' dir='ltr' id='par_1_126' title="bbox 2079 5639 3740 5719">
     <span class='ocr_line' id='line_1_126' title="bbox 2079 5639 3740 5719; baseline -0.002 -19"><span class='ocrx_word' id='word_1_1008' title='bbox 2079 5645 2504 5719; x_wconf 79' lang='grc' dir='ltr'>ματουργοῦντα,</span> <span class='ocrx_word' id='word_1_1009' title='bbox 2536 5647 2630 5700; x_wconf 73' lang='grc' dir='ltr'>καὶ</span> <span class='ocrx_word' id='word_1_1010' title='bbox 2657 5644 2839 5713; x_wconf 82' lang='grc' dir='ltr'>ἐντελῆ</span> <span class='ocrx_word' id='word_1_1011' title='bbox 2871 5645 2968 5708; x_wconf 76' lang='grc' dir='ltr'>τῆς</span> <span class='ocrx_word' id='word_1_1012' title='bbox 2992 5639 3192 5700; x_wconf 78' lang='grc' dir='ltr'>οἰκείας</span> <span class='ocrx_word' id='word_1_1013' title='bbox 3221 5639 3499 5710; x_wconf 82' lang='grc' dir='ltr'>δυνάμεως</span> <span class='ocrx_word' id='word_1_1014' title='bbox 3523 5641 3613 5692; x_wconf 72' lang='grc' dir='ltr'>καὶ</span> <span class='ocrx_word' id='word_1_1015' title='bbox 3639 5639 3740 5705; x_wconf 71' lang='grc' dir='ltr'>τῆς</span> 
     </span>
    </p>
   </div>
   <div class='ocr_carea' id='block_1_127' title="bbox 2140 5777 3723 5851">
    <p class='ocr_par' dir='ltr' id='par_1_127' title="bbox 2140 5777 3723 5851">
     <span class='ocr_line' id='line_1_127' title="bbox 2140 5777 3723 5851; baseline -0.001 -23"><span class='ocrx_word' id='word_1_1016' title='bbox 2140 5789 2158 5828; x_wconf 75' lang='grc' dir='ltr'>ί</span> <span class='ocrx_word' id='word_1_1017' title='bbox 2193 5790 2339 5840; x_wconf 67' lang='lat' dir='ltr'>Sam.</span> <span class='ocrx_word' id='word_1_1018' title='bbox 2367 5795 2415 5836; x_wconf 75' lang='lat' dir='ltr'>et</span> <span class='ocrx_word' id='word_1_1019' title='bbox 2442 5789 2563 5851; x_wconf 74' lang='lat' dir='ltr'>Reg.</span> <span class='ocrx_word' id='word_1_1020' title='bbox 2588 5788 2667 5842; x_wconf 74' lang='grc' dir='ltr'>τὰς</span> <span class='ocrx_word' id='word_1_1021' title='bbox 2690 5787 2972 5849; x_wconf 66' lang='grc' dir='ltr'>προφητείας</span> <span class='ocrx_word' id='word_1_1022' title='bbox 2991 5783 3350 5843; x_wconf 70' lang='grc' dir='ltr'>ἀναπληρώσας,</span> <span class='ocrx_word' id='word_1_1023' title='bbox 3371 5782 3513 5830; x_wconf 77' lang='lat' dir='ltr'>male.</span> <span class='ocrx_word' id='word_1_1024' title='bbox 3546 5777 3723 5826; x_wconf 66' lang='grc' dir='ltr'>Ιιεινεπι-</span> 
     </span>
    </p>
   </div>
   <div class='ocr_carea' id='block_1_128' title="bbox 2075 5855 2486 5901">
    <p class='ocr_par' dir='ltr' id='par_1_128' title="bbox 2075 5855 2486 5901">
     <span class='ocr_line' id='line_1_128' title="bbox 2075 5855 2486 5901; baseline -0.012 0"><span class='ocrx_word' id='word_1_1025' title='bbox 2075 5867 2158 5901; x_wconf 75' lang='lat' dir='ltr'>cus</span> <span class='ocrx_word' id='word_1_1026' title='bbox 2181 5860 2235 5900; x_wconf 83' lang='lat' dir='ltr'>nl</span> <span class='ocrx_word' id='word_1_1027' title='bbox 2259 5855 2304 5899; x_wconf 85' lang='lat' dir='ltr'>in</span> <span class='ocrx_word' id='word_1_1028' title='bbox 2332 5856 2486 5898; x_wconf 75' lang='lat' dir='ltr'>loxlu.</span> 
     </span>
    </p>
   </div>
   <div class='ocr_carea' id='block_1_129' title="bbox 2139 5907 3120 5974">
    <p class='ocr_par' dir='ltr' id='par_1_129' title="bbox 2139 5907 3120 5974">
     <span class='ocr_line' id='line_1_129' title="bbox 2139 5907 3120 5974; baseline -0.013 -10"><span class='ocrx_word' id='word_1_1029' title='bbox 2139 5915 2162 5954; x_wconf 69' lang='grc'>⁸</span> <span class='ocrx_word' id='word_1_1030' title='bbox 2205 5913 2651 5974; x_wconf 66' lang='grc' dir='ltr'>Ἐφ’ίιέρωνόεεει</span> <span class='ocrx_word' id='word_1_1031' title='bbox 2673 5912 2717 5958; x_wconf 76' lang='grc' dir='ltr'>ιιι</span> <span class='ocrx_word' id='word_1_1032' title='bbox 2745 5907 2877 5955; x_wconf 63' lang='grc' dir='ltr'>ειη-ιι</span> <span class='ocrx_word' id='word_1_1033' title='bbox 2926 5917 2974 5957; x_wconf 77' lang='lat' dir='ltr'>el</span> <span class='ocrx_word' id='word_1_1034' title='bbox 3002 5907 3120 5962; x_wconf 60' lang='lat' dir='ltr'>Reg.</span> 
     </span>
    </p>
   </div>
  </div>
