4018 6212
444 244 514 304 '29
1223 251 1280 309 S.
1322 253 1608 311 JOANNIS
1638 252 2124 312 CHRYSOSTOMI
2164 253 2485 318 ARCHIEP.
2525 263 3072 325 CONSTANTINOP.
3813 273 3836 325 Ξ

446 357 587 429 1:96;
631 358 724 412 τὸν
767 358 986 432 Πατέρα
1026 363 1343 432 συμφωνίας
1383 382 1441 418 τε
1474 365 1568 419 καὶ
1593 365 1845 437 ὁμονοίας
1881 363 2114 435 παρεχό-

447 460 607 513 μενον
645 443 748 514 τήν
792 445 1065 512 ἀπόδειξιν
1096 447 1195 501 οὐκ
1243 448 1580 520 ᾐδέσθησαν,
1628 450 1750 504 οὐδὲ
1800 449 2112 520 ἀπέστησαν

442 533 550 596 ἕως
577 533 947 606 ἐσταύρωσαν.
985 536 1146 607 σχολῇ
1176 553 1240 604 γε
1277 536 1345 590 ἀν
1373 538 1481 591 τῶν
1506 549 1535 580 ι
1577 540 1705 610 περὶ
1733 538 1897 594 αὐτοῦ
1921 538 2109 609 λεγόν-

443 637 552 674 των
597 621 900 691 ἐφείσαντο,
941 621 1036 686 οὓς
1064 623 1158 677 καὶ
1189 623 1358 696 χωρὶς
1404 625 1590 678 τούτου
1637 627 1925 680 κατέλευον
1993 644 2116 679 συν-

443 709 603 779 εχῶς.
623 709 720 764 Διά
747 709 904 763 τοῦτο
923 713 1033 775 τοῖς
1052 709 1271 774 οἰκείοις
1300 712 1392 766 καὶ
1418 711 1714 783 γνωρίμοις
1741 713 1923 777 αὐτοῖς
1950 715 2112 783 ἐμφιο

441 793 804 866 λοχωροῦντες
849 797 1094 867 ὀνόμασι,
1142 796 1241 860 τάς
1274 799 1609 869 προφητείας
1663 797 1836 869 τούτῳ
1897 800 2115 854 συσκιά-

444 881 594 944 ζουσι
623 882 700 952 τῷ
725 881 1021 954 προσώπῳ.
1046 883 1168 936 Ὅτι
1197 882 1306 954 γάρ
1336 884 1397 937 οὐ
1427 884 1555 956 περὶ
1591 885 1693 955 τῆς
1727 885 1984 951 Ἰουδαίας
2017 886 2110 941 καὶ

453 968 806 1040 Ἰερουσαλήμ
850 970 880 1022 6
920 969 1108 1038 λόγος,
1153 970 1390 1042 ἐκάστην
1441 971 1775 1044 παράγοντες
1823 973 1966 1039 λέξιν
2029 977 2112 1033 εἰς

445 1054 608 1124 μέσον
640 1056 776 1127 μετά
803 1056 1090 1129 ἀκριϐείας
1121 1058 1377 1129 εἰσόμεθα
1408 1059 1479 1114 τὰ
1505 1060 1785 1131 εἰρημένα.

452 1195 464 1214 ”
513 1213 642 1269 Ὅτι
690 1215 862 1273 ἔσται
903 1217 973 1270 ἐν
1001 1216 1130 1283 ταῖς
1157 1217 1444 1287 ἐσχάταις
1484 1217 1730 1287 ἡμέραις
1752 1216 2011 1287 ἐμφανὲς
2043 1219 2106 1271 τό

440 1301 580 1370 ὄρος
605 1304 846 1371 Κυρίου.
875 1303 1019 1376 Ὅρα
1036 1303 1319 1375 ἀκρίϐειαν
1346 1305 1646 1375 προφήτου,
1673 1305 1734 1358 ού
1752 1304 1820 1358 τά
1846 1306 2107 1376 πράγμα-

439 1405 506 1441 τα
551 1389 796 1459 λέγοντος
839 1392 1019 1462 μόνον,
1058 1391 1194 1446 ἀλλά
1231 1394 1324 1446 καὶ
1358 1391 1450 1445 τὸν
1506 1392 1695 1464 χρόνον
1751 1393 2106 1463 ἐπισημαινο-

441 1473 624 1544 μένου.
656 1475 832 1546 Ὅπερ
863 1477 973 1548 γάρ
1013 1495 1178 1549 φησιν
1211 1480 1240 1532 6
1290 1478 1526 1544 Παῦλος,
1561 1479 1698 1532 Ὅτε
1729 1478 1798 1532 δὲ
1845 1475 1992 1548 ἦλθε
2039 1481 2107 1534 τὸ

437 1560 728 1631 πλήρωμα
774 1561 895 1616 τῶν
925 1565 1164 1633 καιρῶν,
1199 1567 1293 1619 καὶ
1335 1566 1562 1636 έτέρωθι
1607 1565 1792 1633 πάλιν,
1832 1568 1934 1631 Εἰς
1957 1568 2109 1620 οἰκο-

437 1648 654 1716 νομίαν
682 1647 788 1702 τοῦ
833 1649 1227 1720 πληρώματος
1285 1651 1405 1705 τῶν
1446 1651 1685 1720 καιρῶν,
1709 1651 1866 1705 τοῦτο
1892 1654 1921 1706 6
1975 1671 2108 1725 1:90-

437 1734 617 1805 φήτης
655 1737 840 1806 φησιν,
888 1739 992 1793 Ἐν
1034 1739 1162 1806 ταῖς
1200 1739 1494 1808 ἐσχάταις
1537 1739 1802 1808 ἡμέραις.
1849 1741 2012 1812 Ὄρος
2047 1740 2105 1794 δὲ

433 1821 538 1890 τὴν
583 1822 904 1893 Ἐκκλησίαν
955 1825 1050 1878 καὶ
1093 1825 1153 1878 τὸ
1190 1824 1298 1877 τῶν
1335 1825 1617 1897 δογμάτων
1662 1825 2104 1895 ἀκαταγώνιστον

437 1906 609 1962 καλεῖ.
634 1909 902 1982 Καθάπερ
924 1911 1030 1982 γὰρ
1053 1910 1203 1980 ὄρεσι
1251 1911 1354 1965 κᾶν
1387 1912 1556 1984 μυρία
1583 1913 1896 1987 προσϐάλλῃ
1939 1931 2105 1985 στρα-

433 1993 651 2060 τόπεδα,
677 1996 806 2063 τόξα
831 1997 1095 2065 τείνοντα,
1129 1999 1223 2052 καὶ
1241 1998 1440 2068 δόρατα
1463 1999 1710 2070 ἀφιέντα,
1739 2001 2105 2072 μηχανήματα

436 2084 800 2153 προσάγοντα,
845 2086 1029 2139 ἐκεῖνα
1058 2085 1158 2156 μὲν
1199 2086 1322 2140 ούδέ
1374 2088 1726 2159 παραϐλάψαι
1761 2089 2102 2159 δυνήσονται,

433 2172 531 2242 τήν
557 2173 614 2228 δὲ
640 2175 844 2228 οἰκείαν
869 2176 1294 2232 καταλύσανταδ
1321 2179 1474 2249 ἰσχὺν
1504 2177 1894 2232 ἀπελεύσονται
1913 2196 1928 2211 ·
1961 2177 2104 2232 οὕτω

431 2257 498 2328 δὴ
527 2261 620 2314 καὶ
646 2263 694 2315 οἰ
725 2265 791 2332 τῇ
836 2263 1130 2334 Ἐκκλησία
1161 2263 1565 2336 πολεμήσαντες
1595 2266 1864 2332 ἅπαντες,
1900 2266 2104 2337 ταύτην

435 2346 536 2414 μὲν
573 2348 675 2402 οὐκ
725 2348 962 2412 ἔσεισαν,
1005 2351 1106 2420 τὴν
1135 2349 1193 2404 δὲ
1217 2351 1422 2404 οἰκείαν
1473 2351 1833 2416 ἀπολέσαντες
1875 2352 2104 2423 δύναμιν

434 2433 904 2508 κατῃσχύνθησαν,
943 2438 1002 2490 ἐν
1057 2436 1136 2507 τῷ
1179 2438 1361 2490 παίειν
1386 2431 1745 2508 διαλυόμενοι,
1789 2439 1882 2492 καὶ
1917 2440 1976 2493 ἐν
2023 2439 2103 2511 τῷ

435 2519 648 2590 βάλλειν
678 2522 1048 2591 ἀσθενοῦντες,
1071 2523 1166 2578 καὶ
1187 2525 1244 2578 ἐν
1273 2523 1350 2595 τῷ
1390 2527 1562 2578 ποιεῖν
1588 2525 1696 2580 ὑπὸ
1729 2527 1840 2580 τῶν
1868 2528 2103 2598 πασχόν-

430 2624 540 2661 των
567 2607 882 2680 νικώμενοι·
911 2612 1047 2682 ὅπερ
1085 2612 1180 2666 καὶ
1211 2611 1510 2683 παράδοξος
1535 2612 1692 2685 νίκης
1731 2614 1930 2685 τρόπος
1961 2617 2098 2682 ἐστὶ,

435 2693 528 2746 καὶ
555 2695 654 2748 οῦκ
705 2696 1030 2766 ἀνθρώποις,
1063 2698 1197 2752 ἀλλά
1227 2698 1346 2770 Θεῷ
1399 2699 1556 2770 μόνον
1581 2700 1821 2765 δυνατός.
1879 2703 1952 2755 Τὸ
1988 2702 2100 2774 γὰρ

434 2776 748 2849 θαυμαστὸν
791 2781 887 2850 τῆς
929 2782 1281 2854 Ἐκκλησίας.
1307 2783 1405 2854 οὐχ
1437 2784 1518 2838 ὅτι
1563 2785 1832 2856 ἐνίκησεν,
1866 2786 1979 2839 ἀλλ’
2017 2787 2101 2840 ὅτι

433 2865 528 2919 καὶ
551 2866 722 2930 οῦτως
749 2869 1019 2941 ἐνίκησεν.
1063 2869 1424 2942 Ἐλαυνομένη
1451 2871 1589 2943 γάρ,
1631 2872 1967 2945 διωκομένη,
2001 2892 2101 2944 μυ-

435 2953 570 3024 ρίοις
592 2958 1040 3030 κατακοπτομένη
1067 2959 1308 3031 τρόποις,
1324 2960 1385 3012 ού
1413 2961 1572 3031 μόνον
1599 2961 1699 3014 οὐκ
1725 2963 2099 3032 ήλαττονοῦτο,

431 3039 568 3095 ἀλλά
609 3042 706 3096 καὶ
753 3042 953 3114 μείζων
1003 3045 1233 3113 ἐγίνετο,
1265 3045 1358 3098 καὶ
1401 3047 1528 3109 τοὺς
1568 3047 1742 3101 ταῦτα
1781 3050 1950 3102 ποιεῖν
1983 3049 2104 3102 ἐπι-

433 3129 750 3201 χειροῦντας
813 3130 943 3184 αὐτὸ
997 3131 1060 3184 16
1106 3132 1336 3203 πάσχειν
1399 3133 1558 3205 μόνον
1599 3135 1888 3189 κατέλυεν·
1964 3137 2100 3207 ὅπερ

429 3217 642 3286 ἀδάμας
670 3219 814 3270 ποιεῖ
839 3219 967 3289 περὶ
997 3219 1088 3272 τὸν
1122 3220 1358 3292 σίδηρον,
1402 3221 1480 3293 τῷ
1515 3222 1773 3277 παίεσθαι
1797 3223 1956 3295 μόνον
1985 3225 2101 3278 δια-

429 3298 571 3354 λύων
619 3299 712 3353 τοῦ
769 3301 1019 3365 παίοντος
1070 3302 1166 3374 τὴν
1209 3304 1388 3374 ἰσχύν·
1435 3304 1530 3358 καὶ
1571 3305 1770 3378 κέντρα
1811 3306 1947 3378 πρὸς
1975 3307 2101 3368 τοὺς

428 3386 800 3452 λακτίζοντας,
851 3388 993 3442 αῦτά
1025 3389 1124 3460 μὲν
1153 3390 1306 3444 οὐδὲν
1335 3391 1650 3463 ἀμϐλύτερα
1681 3394 1926 3448 ἐντεῦθεν
1949 3395 2097 3464 γινό-

431 3494 588 3545 μενα,
633 3477 758 3540 τοὺς
806 3476 864 3531 δὲ
917 3477 1265 3544 λακτίζοντας
1319 3480 1658 3552 αἰμάσσοντα
1691 3481 2002 3542 πόδας.Διά
2031 3483 2094 3555 δὴ

427 3567 585 3621 τοῦτο
621 3567 746 3640 690;
769 3567 1044 3623 ἐκάλεσεν.
1083 3569 1144 3622 Εἰ
1165 3568 1222 3622 δὲ
1243 3569 1344 3622 ούκ
1367 3570 1619 3640 ἀνέχεται
1668 3573 1766 3642 τῆς
1787 3574 2096 3643 μεταφορᾶς

427 3661 456 3711 6
499 3658 1000 3724 Ἰουδαῖος,οίκοθεν
1039 3659 1200 3714 πάλιν
1226 3659 1461 3730 δεχέσθω
1520 3659 1614 3714 τὸν
1653 3660 1892 3731 ἔλεγχον.
1925 3661 2096 3726 Αὐτὸς

428 3747 537 3818 γάρ
573 3741 726 3812 οὗτος
768 3748 798 3800 6
847 3749 1130 3819 προφήτης
1188 3747 1382 3811 λύκους
1433 3747 1528 3802 καὶ
1579 3747 1748 3818 ἄρνας
1792 3747 1961 3820 ἔφησε
1997 3749 2096 3820 τῆς

427 3833 597 3904 αὐτῆς
628 3833 798 3904 νομῆς
821 3834 1192 3904 κοινωνήσειν,
1224 3835 1318 3888 καὶ
1353 3833 1538 3905 μυίαις
1591 3834 1684 3888 τὸν
1718 3834 1847 3888 Θεὸν
1891 3836 2096 3907 συριεῖν

427 3923 521 3976 καὶ
549 3923 669 3985 ταῖς
699 3921 999 3992 μελίσσαις,
1038 3923 1134 3975 καὶ
1180 3922 1421 3992 ποταμὸν
1451 3923 1674 3992 ἀνάγειν
1717 3923 1968 3992 ῥαγδαῖον
2004 3923 2096 3977 ἐπὶ

425 4015 552 4078 τοὺς
603 4011 912 4076 Ἰουδαίους,
937 4011 1024 4066 διά
1062 4011 1122 4066 16
1165 4012 1240 4084 μή
1264 4011 1546 4083 βούλεσθαι
1573 4011 1688 4084 [21]
1722 4012 1916 4076 αὐτοὺς
1953 4012 2094 4083 ἐχειν

424 4101 486 4155 τὺ
540 4100 683 4172 ὕδωρ
734 4101 826 4155 Ιιςοῦ
887 4099 1126 4172 Σιλωάμ.
1170 4102 1349 4172 ”Απερ
1400 4099 1455 4153 εἰ
1505 4117 1589 4164 τις
1623 4100 1715 4154 ἐπὶ
1759 4100 1867 4156 τῶν
1899 4100 2095 4166 λέξεων

425 4188 666 4255 ἐκλάϐοι,
698 4189 831 4244 πολὺ
865 4190 926 4244 τὸ
954 4189 1306 4263 ἀπερινόητον
1331 4189 1442 4260 ἐχει
1459 4205 1474 4222 ’
1511 4188 1647 4243 ἀλλά
1670 4189 1754 4242 δεῖ
1780 4188 1850 4244 τὰ
1877 4191 1942 4243 ἐκ
1973 4189 2097 4243 τού·

424 4293 534 4329 των
566 4277 943 4348 σημαινόμενα
972 4278 1296 4348 δεχομένους
1326 4277 1468 4330 οὕτω
1509 4276 1804 4331 ποικίλλειν
1832 4277 1941 4331 τῶν
1972 4295 2095 4348 νοη-

427 4364 613 4433 μάτων
637 4364 735 4435 τήν
765 4365 1100 4418 ἀκολουθίαν.
1138 4364 1203 4417 Τί
1225 4360 1317 4418 οῦν
1338 4365 1454 4417 ἐστι
1479 4364 1548 4418 τά
1567 4367 1630 4418 ἐκ
1664 4365 1866 4418 τούτων
1897 4383 2097 4436 σημαι-

423 4451 656 4522 νόμενα;
687 4450 787 4504 Διά
835 4450 934 4521 μὲν
987 4451 1097 4504 τῶν
1149 4451 1328 4505 λύκων
1367 4453 1462 4506 καὶ
1502 4451 1612 4505 τῶν
1658 4452 1856 4524 ἀρνῶν,
1905 4453 1954 4504 οἱ
1981 4452 2094 4506 τῶν

426 4535 730 4608 ἀνθρώπων
763 4537 954 4608 τρόποι
990 4537 1040 4591 οἰ
1066 4537 1352 4609 θηριώδεις
1395 4538 1488 4592 καὶ
1518 4538 1716 4609 ἥμεροι
1738 4555 1750 4568 ·
1779 4537 1867 4592 διά
1896 4538 1952 4592 δὲ
1985 4539 2094 4593 τῶν

429 4624 644 4696 μυιῶν,
686 4624 750 4678 τὸ
791 4624 1146 4695 ἀναίσχυντον
1202 4624 1311 4678 τῶν
1359 4625 1702 4694 Αἰγυπτίωνο
1749 4625 1837 4680 διὰ
1888 4626 1945 4679 δέ
1999 4628 2093 4681 τοῦ

425 4712 694 4784 ποταμοῦ,
728 4713 788 4766 τὸ
816 4713 1044 4786 σφοδρὸν
1085 4714 1186 4784 τῆς
1219 4714 1505 4786 στρατείας
1533 4713 1626 4769 τοῦ
1658 4713 1932 4787 βαρϐάρου
1952 4731 1966 4744 ο
2003 4715 2096 4770 διὰ

422 4799 480 4853 δὲ
508 4800 601 4854 τοῦ
631 4800 870 4872 Σιλωάμ,
887 4803 948 4856 16
967 4804 1141 4874 πρᾶον
1163 4805 1259 4857 καί⁸
1276 4804 1511 4867 ἐπιεικὲς
1540 4803 1632 4857 τοῦ
1663 4805 1784 4858 τότε
1809 4804 2090 4876 ἄρχοντος,

421 4887 515 4942 τοῦ
561 4888 672 4942 τῶν
730 4890 994 4944 Ἰουδαίων
1021 4891 1304 4962 βασιλέως.
1339 4892 1445 4944 Καὶ
1473 4892 1646 4952 οὐδεὶς
1673 4893 1794 4945 οῦδὲ
1822 4892 1930 4945 τῶν
1965 4892 2094 4962 σφό-

421 4974 522 5046 δρα
547 4975 786 5045 ἀνοήτων
814 4976 950 5048 1:96;
969 4977 1140 5032 ταῦτα
1167 4981 1299 5050 ήμῖν
1331 4979 1563 5050 ἀντερεῖ.
1595 4979 1807 5050 Ὠσπερ
1846 4981 1954 5052 γὰρ
1999 4975 2093 5033 οῦν

421 5064 606 5117 ἐκεῖνα
653 5063 858 5136 ἐτέροις
897 5064 1124 5135 ὀνόμασι
1176 5065 1529 5138 παρεδηλώθη
1555 5107 1570 5133 ,
1633 5065 1775 5120 οὕτω
1833 5069 1926 5121 καὶ
1992 5067 2093 5139 τῆς

433 5151 758 5222 Ἐκκλησίας
799 5152 861 5206 τὸ
899 5154 1145 5225 στερρὸν,
1185 5153 1245 5208 16
1290 5154 1546 5225 ἀκίνητον
1573 5165 1620 5219 ε,
1651 5154 1712 5208 τὸ
1767 5154 1989 5225 ὑψηλὸν,
2030 5158 2093 5208 τὸ

420 5243 715 5316 ἀχείρωτον
737 5242 828 5298 διά
850 5243 951 5316 τῆς
986 5242 1078 5297 τοῦ
1111 5243 1271 5316 ὅρους
1300 5244 1517 5315 ᾐνίξατο
1550 5247 1936 5316 προσηγορίας.
1982 5246 2093 5300 Καὶ

482 5445 499 5468 ⁸
521 5447 645 5512 Reg.
671 5449 822 5512 σχολῇ
847 5449 935 5512 γὰρ
953 5448 1065 5512 τῶν.
1089 5447 1240 5498 Savil.
1267 5451 1417 5512 σχολῇ
1459 5467 1514 5512 γι
1533 5454 1645 5501 τῶν.
1691 5452 1898 5503 Praestat
1941 5454 2090 5503 lectio

421 5506 1010 5568 Morellfanzé'Edil'Iohis,
1036 5516 1089 5558 et
1109 5517 1186 5559 est
1209 5511 1257 5559 in
1284 5506 1532 5562 Βανά-ἠὼ.

484 5567 512 5607 δ
538 5568 661 5630 Reg.
689 5578 742 5619 ει
758 5572 919 5637 Savil._
933 5567 1213 5637 τείνοντες...
1251 5573 1514 5637 ἀφιέντες...
1549 5576 1862 5637 προσάγοντες
1886 5614 1916 5624 ..
1943 5594 2088 5627 κατα·

421 5628 663 5696 λύσαντες,
707 5645 820 5696 ηυδε
854 5635 1002 5696 etiam
1026 5636 1173 5682 lectio
1197 5628 1420 5696 quadrat,
1461 5628 2089 5696 etrir'munieris'ﬁrmalur

421 5694 692 5750 exemplis;
715 5695 804 5741 sed
825 5707 934 5742 cum
961 5694 1128 5744 Morel.
1179 5695 1326 5744 etiam
1347 5695 1498 5745 lectio
1530 5695 1659 5746 bene
1682 5699 1876 5750 habeat.
1907 5694 2086 5750 τείνον-

421 5767 537 5820 τᾳ...
562 5753 755 5814 ἀφιέντα
779 5761 862 5803 elc
885 5790 900 5813 ,
925 5763 978 5804 et
1016 5755 1130 5806 Cod.
1172 5757 1402 5809 Bavarico
1439 5760 1678 5820 ﬁrmetur,
1721 5774 1827 5811 eam
1863 5764 2081 5812 retinere

426 5825 577 5860 nsum
603 5821 697 5861 est.

483 5877 505 5905 τ
531 5872 601 5922 Ila
621 5873 743 5936 Reg.
773 5882 822 5925 el
847 5877 994 5928 Saxil.
1021 5876 1076 5928 In
1121 5880 1292 5930 Morel.
1329 5881 1380 5929 τὸ
1408 5881 1622 5940 ἀκίνητον
1643 5884 1828 5934 deerat.

2219 369 2326 440 γάρ
2352 371 2538 442 ἕτερος
2564 378 2851 448 προφήτης
2873 379 2999 442 τοὺς
3021 376 3348 441 πεποιθότας
3380 375 3472 433 ἐπὶ
3495 381 3588 436 τὸν
3617 379 3750 438 Θεὸν
3772 384 3836 456 69

2217 459 2553 528 παραϐάλλει
2573 501 2588 524 ,
2646 463 2707 516 16
2745 465 3182 532 ἀκαταγώνιστον
3233 465 3416 520 αὐτῶν
3463 468 3836 542 ἐνδεικνύμενο

2231 545 2544 614 Ἐμφανές.
2567 547 2738 603 Τοῦτο
2763 552 2884 604 οὐδὲ
2911 552 3009 622 τῆς
3034 553 3141 608 ἀπὸ
3173 553 3268 607 τοῦ
3301 553 3462 623 λόγου
3500 553 3684 609 λοιπὸν
3717 557 3836 628 ἐρμτ

2215 634 2365 698 νείας
2392 635 2580 690 δεῖται.
2612 637 2800 702 υῦτως
2827 639 2964 709 αὑτὴ
2997 639 3105 694 τῶν
3127 643 3470 713 πραγμάτων
3499 643 3534 714 ή
3558 642 3722 713 φύσις
3757 646 3836 699 σάῖ

2215 739 2412 790 πιγγος
2459 723 2845 796 λαμπροτέραν
2901 726 3084 798 φωνὴν
3153 728 3393 800 ἀφίησι,
3468 731 3531 786 16
3590 736 3836 803 περιφανὶ

2214 807 2594 882 ἐνδεικνυμένη
2657 811 2757 882 τῆς
2805 812 3147 884 Ἐκκλησίας.
3210 817 3286 868 υύ
3340 816 3450 888 γάρ
3503 819 3684 886 οὕτως
3737 820 3836 891 ἥλιε

2214 895 2401 962 φανὸς,
2432 897 2551 950 οὐδὲ
2587 897 2648 951 τὸ
2675 898 2742 952 ἐκ
2795 898 2987 952 τούτου
3036 901 3172 970 φῶς,
3215 902 3292 965 ώς
3326 904 3424 974 τῆς
3459 906 3790 979 Ἐκκλησίας
3818 923 3836 962 1

2196 980 2531 1053 πράγματα.
2556 984 2666 1039 Καὶ
2703 984 2813 1057 γὰρ
2839 989 2872 1040 ὀ
2904 983 3070 1052 οἰκος
3100 988 3206 1042 τοῦ
3242 989 3389 1044 Θεοῦ
3415 992 3508 1046 ἐπ’
3533 993 3733 1064 ἄκρων
3763 996 3838 1051 τῶ

2210 1066 2418 1136 ὀρέων.

2280 1215 2366 1296 γ’.
2389 1210 2515 1275 Πῶς
2543 1211 2610 1266 ἀν
2646 1211 2801 1266 τοῦτο
2830 1213 3213 1285 ἑρμηνεύσειεν
3241 1215 3271 1268 6
3313 1217 3592 1286 Ἰουδαῖος;
3624 1220 3838 1296 Ούδαμς

2209 1293 2318 1367 γὰρ
2355 1295 2442 1350 ἐπ’
2471 1298 2654 1367 ἀκρων
2683 1299 2788 1352 τῶν
2817 1299 2985 1370 όρέων
3023 1302 3052 1355 6
3083 1302 3209 1365 ναός
3249 1304 3430 1356 ἐστιν’
3472 1307 3506 1376 ή
3553 1307 3734 1378 μέντοι
3776 1293 3838 1379 τῆ

2223 1384 2547 1456 Ἐκκλησίας
2585 1385 2814 1457 δύναμις
2868 1388 3049 1440 αὐτῶν
3102 1389 3278 1459 ἥψατο
3318 1392 3426 1445 τῶν
3469 1394 3734 1465 οὐρανῶν.
3770 1399 3838 1452 Kc

2208 1468 2410 1524 ὡσανεί
2442 1467 2590 1537 οἶκος
2632 1473 2772 1544 ὑπὲρ
2804 1477 3049 1544 κορυφῆς
3086 1475 3230 1545 ὀρῶν
3273 1478 3522 1548 κείμενος
3564 1483 3731 1536 πᾶσίν
3762 1485 3838 1538 ἐσ·

2209 1556 2526 1628 κατάδηλος,
2555 1558 2697 1612 οὕτω
2729 1560 2823 1612 καὶ
2855 1560 3035 1631 πολλῷ
3070 1561 3231 1615 πλέον
3261 1564 3407 1635 καύτὴ
3438 1569 3741 1639 περιφανής
3773 1575 3838 1623 πᾶ

2209 1660 2295 1696 σιν
2327 1644 2633 1716 ἀνθρώποις
2661 1647 2873 1715 γέγονε.
2902 1649 3014 1702 Καὶ
3040 1649 3425 1718 ὑψωθήσεται
3454 1655 3732 1724 ὑπεράνω
3761 1656 3838 1710 τῶ

2201 1731 2466 1795 ﬂow-(7w.
2489 1734 2562 1787 T6
2581 1735 2710 1788 αὐτὸ
2736 1735 2892 1788 τοῦτο
2915 1737 3076 1790 πάλιν
3103 1738 3465 1808 ήρμήνευσεν,
3488 1740 3624 1813 ὅπερ
3655 1742 3748 1796 ἐπὶ
3779 1762 3838 1796 το

2206 1816 2335 1871 ναοῦ
2367 1818 2620 1872 οὐδέποτε
2653 1819 2872 1892 συνέϐη.
2901 1821 3023 1875 οὐδέ
3048 1822 3206 1893 ήνίκα
3231 1824 3425 1893 άριστα
3458 1825 3721 1898 πράττειν
3755 1829 3838 1882 ἐδό

2206 1923 2310 1958 κει.
2360 1907 2486 1970 Πῶς
2521 1909 2651 1980 γὰρ,
2685 1911 2818 1964 ὅπου
2853 1927 2918 1979 γε
2963 1911 3057 1964 καὶ
3097 1911 3188 1964 ὑπ’
3230 1912 3408 1967 αὐτῶν
3448 1913 3557 1968 τῶν
3605 1913 3838 1970 Ἰουδαίω

2206 1993 2463 2059 πολλάκις
2488 1997 2803 2068 ήτιμάζετο,
2824 1999 2919 2053 καί¹
2943 1997 3047 2052 ὑπὸ
3071 1998 3418 2071 βαρϐαρικῶν
3443 2003 3735 2072 ἠφανίζετο
3759 2021 3840 2073 χει

2207 2080 2352 2152 ρῶν;
2381 2083 2445 2137 Ἦ
2465 2084 2521 2136 δὲ
2544 2085 2645 2155 τῆς
2671 2087 2995 2158 Ἐκκλησίας
3027 2089 3179 2157 ἰσχὺς
3210 2089 3519 2162 ἐπολεμήθη
3543 2091 3640 2161 μὲν
3661 2092 3839 2145 ἐκείνο

2204 2167 2581 2241 χαλεπώτερον
2615 2173 2706 2226 καὶ
2739 2173 2930 2227 πλέον’
2959 2172 3068 2238 εἶξε
3101 2175 3157 2227 δὲ
3185 2176 3442 2229 οὐδέποτε
3470 2181 3592 2241 ταῖς
3622 2177 3732 2232 τῶν
3768 2196 3840 2232 1:0

2204 2253 2512 2326 λεμούντων
2543 2259 2728 2329 χερσὶν
2750 2299 2766 2326 ,
2800 2261 2915 2314 ἀλλ’
2947 2261 3252 2333 ὑψηλοτέρα
3289 2265 3383 2317 καὶ
3433 2266 3840 2338 περιφανεστέρς

2206 2344 2440 2414 μάλιστα
2461 2347 2566 2400 ὑπὸ
2591 2347 2699 2401 τῶν
2720 2349 2992 2419 πολεμίων
3024 2353 3248 2419 ἐγίνετο.
3274 2353 3406 2408 Τότε
3427 2355 3557 2423 γοῦν
3585 2356 3697 2410 τῶν
3732 2375 3840 2429 μαρ

2200 2431 2381 2501 τύρων
2411 2433 2464 2485 οἰ
2495 2433 2654 2504 δῆμοι
2672 2474 2688 2496 ,
2719 2437 2839 2490 τότε
2881 2439 2991 2490 τῶν
3017 2439 3365 2511 ὁμολογητῶν
3401 2441 3469 2494 τά
3513 2443 3715 2515 πλήθη,
3745 2445 3839 2498 τότ

2203 2523 2258 2576 αί
2301 2523 2517 2594 σιδήρου
2556 2525 2908 2597 στερῤότεραι
2947 2527 3334 2583 ἀπεδείκνυντο
3377 2530 3546 2600 ψυχαὶ
3569 2570 3585 2595 ,
3629 2534 3726 2586 καὶ
3759 2533 3838 2586 τῶ

2203 2611 2448 2682 ἀστέρων
2477 2612 2656 2665 αὐτῶν
2685 2613 3074 2686 ἀκριϐέστερον
3101 2615 3364 2686 ἔλαμπον,
3396 2618 3507 2672 τῶν
3541 2619 3641 2688 μὲν
3681 2622 3840 2692 σωμά

2202 2716 2311 2753 των
2343 2699 2522 2762 αὐτοῖς
2565 2701 3078 2772 κατακοπτομένων,
3117 2703 3216 2774 τῆς
3246 2703 3471 2776 γνώμης
3502 2707 3559 2759 δὲ
3606 2707 3669 2761 οὐ
3701 2725 3839 2762 νικω

2206 2787 2393 2857 μένης,
2417 2787 2552 2842 ἀλλά
2580 2788 2887 2860 κρατούσης
2917 2791 3010 2845 καὶ
3039 2794 3493 2864 στεφανουμένης.
3513 2793 3607 2857 Τίς
3633 2790 3764 2859 εἰδε,
3783 2797 3836 2849 τί

2201 2876 2402 2946 ἤκουσε
2430 2877 2590 2947 φόνον
2616 2878 2876 2949 στέφανον
2899 2879 3150 2951 φέροντα,
3173 2883 3267 2934 καὶ
3297 2883 3509 2951 σφαγὴν
3534 2882 3686 2952 νίκην
3708 2885 3840 2954 ἐργα

2201 2963 2457 3034 ζομένην,
2480 2965 2576 3018 καὶ
2607 2965 2728 3018 τότε
2752 2966 2814 3019 16
2847 2966 3206 3037 στρατόπεδον
3237 2967 3614 3040 λαμπρότερον
3647 2971 3838 3042 γινόμε

2201 3067 2309 3114 νον,
2355 3053 2444 3104 ὅτε
2497 3051 2713 3118 πλείους
2743 3054 2796 3109 οἰ
2841 3055 3198 3126 σφαττόμενοι
3246 3055 3398 3126 παρὰ
3439 3055 3546 3111 τῶν
3585 3056 3842 3128 πολεμίω·

2201 3140 2480 3210 ἐφαίνοντο
2498 3157 2513 3208 ;

2269 3280 2376 3334 Καὶ
2422 3280 2680 3348 ἥξουσιν
2721 3279 2814 3335 ἐπ’
2863 3278 3023 3346 αὐτῷ
3071 3279 3267 3335 πάντα
3306 3280 3378 3334 τά
3426 3281 3592 3351 ἔθνη.
3641 3284 3842 3355 Προῖὼ·

2200 3367 2530 3439 σαφέστερος
2565 3368 2594 3421 6
2628 3369 2912 3440 προφήτης
2955 3368 3183 3438 γίνεται,
3222 3369 3317 3422 καὶ
3357 3369 3554 3439 μᾶλλον
3591 3371 3842 3424 ἀνακαλύι

2199 3471 2322 3507 πτει
2369 3454 2461 3508 τὸν
2504 3455 2681 3524 λόγον,
2725 3456 2819 3510 καὶ
2867 3455 3188 3526 τρανότερον
3233 3455 3472 3509 δείκνυσι
3510 3457 3610 3526 τὴν
3655 3475 3836 3528 προφη

2196 3541 2368 3608 τείαν,
2404 3542 2499 3596 καὶ
2531 3542 2915 3615 ἀκριϐέστερον
2953 3541 3295 3614 ἀπορράπτει
3338 3542 3447 3596 τῶν
3495 3543 3760 3598 Ἰουδαίων
3796 3562 3842 3598 τι

2199 3630 2461 3702 στόματα.
2493 3631 2663 3685 Τοῦτο
2694 3631 2802 3703 γάρ
2821 3671 2836 3696 ,
2878 3631 2972 3684 καὶ
3011 3632 3062 3684 εἰ
3101 3631 3307 3702 σφόδρα
3339 3631 3768 3702 ἀναισχυντοῖεν,
3802 3649 3842 3684 οι

2195 3717 2512 3788 δυνήσονται
2554 3717 2630 3790 τῷ
2659 3718 2836 3772 αὐτῶν
2864 3717 2976 3789 ναῷ
3005 3718 3244 3788 ἁρμόσαι
3269 3717 3320 3772 ἀ.
3353 3719 3463 3772 Καὶ
3495 3719 3602 3789 γὰρ
3633 3719 3725 3772 καὶ
3755 3719 3841 3772 ἀπε

2196 3801 2479 3871 ηγόρευτο,
2527 3801 2619 3854 καὶ
2664 3800 2782 3870 μεθ’
2831 3799 3138 3872 ὑπερϐολῆς
3185 3798 3457 3853 κεκώλυτο
3495 3799 3620 3872 ἔθνη
3659 3801 3742 3864 εἰς
3774 3800 3842 3852 τὸ·

2195 3887 2320 3942 ναὸν
2350 3887 2594 3943 εἰσιέναι.
2629 3887 2740 3940 Καὶ
2782 3885 2835 3939 τί
2875 3886 3020 3956 λέγω
3053 3889 3132 3950 εἰς
3159 3885 3250 3939 τὸν
3281 3885 3406 3939 ναὸν
3444 3886 3689 3950 εἰσιέναι,
3729 3888 3842 3939 ὅποι

2195 3991 2260 4043 γε
2303 3975 2398 4028 καὶ
2434 3975 2616 4039 αὐτοῖς
2659 3975 2796 4046 μετά
2841 3975 3040 4046 πολλῆς
3087 3975 3186 4045 τῆς
3219 3974 3445 4043 ἀπειλῆς
3489 3971 3602 4046 [22]
3639 3976 3667 4028 6
3701 3975 3842 4044 νόμοι

2195 4063 2504 4136 ἀπηγόρευε
2539 4063 2635 4129 τάς
2661 4063 2770 4118 τῶν
2811 4063 2977 4118 ἐθνῶν
3019 4063 3332 4134 ἐπιμιξίας,
3365 4063 3458 4118 καὶ
3497 4063 3597 4134 τήν
3635 4061 3842 4132 ἐσχατο-

2197 4150 2336 4221 ὑπὲρ
2357 4151 2563 4205 τούτων
2592 4151 2788 4223 ἀπῄτει
2814 4149 3004 4221 δίκην;
3049 4150 3106 4203 '0
3131 4148 3260 4218 γοῦν
3290 4150 3570 4220 προφήτης
3607 4147 3841 4216 Ἀγγαῖο.

2196 4235 2412 4291 ἀπασαν
2433 4241 2512 4302 είς
2540 4237 2698 4292 τοῦτο
2726 4238 3071 4309 κατηνάλωσε
3091 4235 3188 4308 τήν
3208 4237 3562 4308 προφητείαν,
3588 4233 3834 4304 ἐγκαλῶν

2195 4323 2455 4390 ἀπειλῶν,
2477 4324 2706 4388 εὐθύνας
2723 4324 2969 4378 ἀπαιτῶν
2993 4324 3090 4395 τῆς
3118 4323 3180 4376 οὐ
3211 4321 3593 4394 προσηκούσης
3623 4321 3842 4390 ἐπιγαμε

2195 4407 2376 4479 ϐρίας.
2411 4409 2550 4462 Ἀλλ’
2586 4409 2648 4462 ού
2686 4409 2754 4462 τά
2791 4410 3032 4480 ήμέτερα
3056 4407 3304 4472 τοιαῦτα,
3339 4409 3477 4462 ἀλλά
3513 4405 3650 4478 μετά
3677 4405 3842 4467 ἀδείας

2197 4495 2416 4565 ἁπάσης
2445 4497 2832 4551 ἀναπετάσασα
2853 4497 2979 4559 τοὺς
3001 4495 3229 4560 κόλπους
3261 4497 3294 4566 ή
3331 4494 3644 4564 Ἐκκλησία,
3674 4492 3842 4564 χερσὶι

2197 4582 2416 4646 ὑπτίαις
2447 4583 2663 4638 ἅπαντα
2687 4583 2756 4636 τά
2774 4584 2871 4654 τῆς
2902 4583 3224 4654 οἰκουμένης
3242 4581 3360 4636 καθ’
3382 4581 3617 4650 ἑκάστην
3645 4580 3842 4650 ήμέραι

2195 4672 2514 4743 ὑποδέχεται
2547 4671 2699 4744 ἐθνη.
2731 4673 2902 4725 Τοῦτο
2938 4672 3045 4743 γάρ
3077 4671 3170 4724 καὶ
3204 4672 3253 4723 οἰ
3284 4669 3490 4739 πρῶτοι
3520 4669 3629 4721 τῶν
3653 4667 3842 4736 δογμά-

2194 4777 2302 4814 των
2343 4759 2649 4814 διδάσκαλοι
2701 4761 2850 4833 παρὰ
2895 4759 2989 4814 τοῦ
3040 4757 3372 4826 Μονογενοῦς
3423 4754 3842 4825 ἐκελεύσθησαν,

2193 4849 2393 4920 ταύτην
2419 4849 2618 4914 εὐθέως
2643 4849 2971 4911 ἀκούσαντες
2991 4846 3088 4918 τὴν
3112 4849 3314 4916 φωνήνο
3338 4842 3731 4912 Πορευθέντες
3749 4858 3842 4912 μορ

2195 4937 2522 5002 θητεύσατε
2549 4934 2746 4990 πάντα
2781 4935 2855 4988 τὰ
2879 4933 3043 5001 ἔθνη.
3079 4931 3276 4985 Σκόπει
3305 4931 3363 4984 δέ
3396 4947 3485 5002 μοι
3513 4929 3630 4993 πῶς
3657 4929 3717 4982 οὐ
3753 4927 3842 4999 τὴν

2195 5024 2387 5094 κλῆσιν
2409 5023 2518 5076 τῶν
2546 5023 2714 5077 ἐθνῶν
2742 5021 2960 5094 ᾐνίξατο
2994 5021 3150 5092 μόνον
3187 5022 3216 5074 6
3254 5019 3560 5091 προφήτης,
3597 5017 3730 5070 ἀλλά
3757 5016 3842 5069 καὶ

2193 5112 2292 5181 τὴν
2347 5111 2484 5182 μετά
2527 5109 2833 5183 προθυμίας
2871 5107 3050 5162 αὐτῶν
3097 5107 3364 5178 ὑπακοήν.
3401 5106 3474 5158 Οὐ
3520 5103 3628 5176 γὰρ
3675 5099 3842 5168 εἶπεν,

2192 5197 2549 5269 ἀχθήσονται,
2599 5197 2766 5260 ἀλλά,
2799 5196 3118 5259 Ἦεουσιν·
3154 5195 3291 5265 ὅπερ
3339 5193 3521 5263 ἐτερος
3569 5192 3842 5262 προφήτης

2194 5281 2524 5354 σαφέστερον
2553 5280 2960 5352 ἐνδεῖκνύμενος
2977 5280 3130 5348 ἔλεγε
3153 5296 3166 5309 ·
3191 5278 3299 5334 Καὶ
3321 5279 3393 5333 οὐ
3414 5277 3500 5347 μὴ
3528 5274 3842 5331 διδάξωσιν

2189 5360 2442 5436 ἕκαστος
2474 5371 2580 5422 τὸν
2603 5369 2862 5436 πολίτην
2887 5367 3094 5432 αὑτοῦ,
3130 5365 3231 5420 καί
3259 5365 3514 5430 ἕκαστος
3540 5363 3647 5418 τὸν
3670 5362 3842 5418 ἀϐελ-

2187 5455 2308 5524 φὸν
2346 5457 2552 5521 αὐτοῦ,
2587 5457 2802 5526 λέγων,
2847 5454 3040 5510 Γνῶθι
3086 5455 3192 5509 τὸν
3219 5455 3455 5522 Κύριον,
3503 5453 3593 5506 ὅτι
3630 5451 3842 5516 πάντες

2187 5543 2506 5610 εἰδήσουσί
2530 5561 2608 5614 με
2643 5543 2760 5597 ἀπὸ
2785 5542 3006 5613 μικροῦ
3033 5542 3142 5607 ἕως
3163 5539 3433 5611 μεγάλου
3467 5539 3680 5594 αὐτῶν.
3722 5539 3842 5594 Ἐπὶ

2191 5631 2291 5702 μὲν
2320 5633 2428 5702 γάρ
2456 5631 2565 5685 τῶν
2597 5631 2867 5685 Ἰουδαίων
2894 5631 2984 5684 καὶ
3014 5632 3047 5702 ή
3076 5630 3250 5692 κτίσις
3279 5627 3722 5699 ἀνεστοιχειοῦτο,
3751 5627 3842 5682 καὶ

2245 5820 2270 5859 d
2294 5821 2411 5886 ng.
2516 5819 2791 5886 δυνήσονται
2814 5819 2907 5886 τῶν
2931 5817 3084 5886 αὐτῶν
3118 5817 3373 5886 ,Ἰουδαίων
3399 5823 3626 5886 ἁρμόσαις
3665 5831 3835 5884 perpe-

2186 5895 2302 5933 ram.
2333 5879 2481 5933 Sivil.
2509 5884 2576 5946 τῷ
2601 5884 2697 5946 ναῷ
2722 5882 2814 5928 τῶν
2849 5879 3086 5929 Ἰουδαίων
3109 5880 3332 5943 ἁρμόσαι.
