4018 6212
340 236 404 293 ξς)
1632 213 1697 270 IN
1728 207 1939 270 ιεΑιΑδτ

2048 206 2173 262 :AP.
2218 207 2280 260 ιι.
2553 177 2557 182 ’
3517 205 3597 262 so

339 353 624 429 prophetias
677 344 1082 403 adumbrabant.
1131 337 1281 407 Quod
1311 335 1453 391 enim
1491 347 1594 387 non
1622 332 1690 388 de
1719 327 1901 384 Judma

335 419 383 504 et
401 419 462 501 de
482 440 777 500 Jerusalem
803 450 983 492 sermo
1007 442 1164 496 esset,
1199 427 1402 499 singula
1432 425 1569 480 dicta
1596 424 1647 478 in
1675 419 1906 476 medium

335 540 667 598 adducentes,
702 539 949 587 accurate
973 523 1481 582 demonstrabimus.

404 629 533 697 Quid
558 624 838 697 signiﬁcent
867 620 1035 681 verba,
1068 635 1087 669 ι
1115 617 1168 670 in
1189 611 1470 668 novissimis
1490 607 1663 662 diebus
1685 623 1729 656 ι.
1761 602 1911 656 Mons

347 720 544 778 Domini
585 716 816 771 Ecclesia
860 722 966 777 est;
1011 707 1246 763 Ecclesia
1285 713 1462 758 vexata
1512 699 1628 753 vicit
1671 707 1718 751 et
1762 705 1912 748 aucta

341 825 431 866 est.
458 837 528 850 -—-
565 807 615 860 2.
665 804 778 858 Erit
818 804 873 856 in
917 800 1203 855 novissimis
1233 797 1406 850 diebus
1435 792 1728 862 manifestus
1769 803 1913 840 mons

349 901 556 957 Domini.
577 897 716 953 Vide
736 894 1011 966 propheta:
1039 889 1457 951 accurationem,
1487 883 1578 955 qui
1608 897 1716 937 non
1741 879 1914 934 solum

346 1013 446 1052 rem
471 993 634 1056 dicit,
683 989 778 1047 sed
820 998 1030 1057 tempus
1068 985 1226 1040 etiam
1267 981 1547 1051 signiﬁcat.
1593 975 1744 1046 Quod
1774 975 1915 1030 enim

340 1089 457 1144 dicit
497 1084 731 1147 Paulus,
777 1081 906 1137 Cum
947 1087 1114 1131 autem
1157 1074 1288 1129 venit
1334 1069 1590 1142 plenitudo
1634 1079 1916 1137 temporum

339 1181 470 1253 (Gal.
507 1178 565 1232 4.
613 1176 698 1243 4),
725 1183 778 1229 et
803 1172 927 1227 alibi
973 1184 1204 1232 rursum,
1236 1165 1304 1219 In
1351 1160 1777 1232 dispensationem
1803 1156 1914 1227 pls-

339 1249 569 1326 nitudinis
601 1278 882 1337 temporum
923 1261 1140 1332 (Ephes.
1169 1259 1223 1314 1.
1254 1254 1382 1326 l0),
1434 1254 1536 1309 hoc
1563 1253 1640 1308 sic
1665 1249 1915 1320 exprimit

337 1360 588 1431 propheta
606 1400 621 1424 ,
666 1356 736 1411 In
759 1352 1041 1409 novissimis
1069 1350 1263 1404 diebus.
1293 1347 1526 1402 Montem
1564 1352 1740 1397 autem
1767 1348 1922 1431 vocat

338 1430 627 1507 Ecclesiam
655 1489 670 1514 ,
716 1455 769 1502 et
797 1440 1225 1514 inexpugnabilia
1248 1438 1516 1508 dogmata.
1566 1430 1922 1501 Quemadmo-

337 1543 454 1596 dum
481 1541 629 1596 cnim
653 1538 697 1592 si
725 1536 843 1607 quis
857 1535 1110 1589 adversus
1133 1539 1341 1585 montes
1369 1529 1678 1582 innumeros
1707 1522 1923 1594 objiciat

339 1634 596 1688 exercitus
619 1671 636 1697 ,
665 1645 823 1684 arcus
853 1625 1150 1688 tendentes,
1182 1623 1362 1677 hastas
1387 1619 1659 1674 vibrantes
1676 1656 1697 1684 ,
1724 1615 1924 1670 machi-

341 1742 431 1780 nas
457 1724 812 1779 admoventes
834 1759 849 1786 ,
896 1718 1014 1772 illos
1056 1714 1271 1785 quidem
1310 1711 1461 1766 nullo
1485 1710 1680 1765 damno
1708 1705 1927 1761 afﬁcere

340 1826 603 1890 poterunt,
636 1814 731 1870 sed
752 1819 1064 1880 consumpta
1092 1808 1306 1879 propria
1323 1803 1628 1859 fortitudine
1644 1799 1922 1856 recedent:

342 1912 418 1966 sic
461 1919 516 1964 et
562 1907 888 1978 quicumque
931 1901 1223 1957 Ecclesiam
1268 1899 1742 1968 impugnaverunt,
1790 1891 1927 1946 hanc

347 2000 557 2070 quidem
604 2012 710 2051 non
751 1996 1005 2051 lteserunt
1028 2032 1044 2058 ,
1086 1988 1185 2046 sed
1227 2003 1323 2043 sua
1347 1987 1541 2041 amissa
1570 1984 1802 2055 potentia
1831 1997 1927 2052 pu-

351 2093 479 2146 dore
501 2096 627 2144 sunt
651 2086 837 2150 aﬂ‘ecti,
867 2084 998 2138 dum
1026 2081 1250 2137 ferirent
1274 2078 1470 2144 soluti,
1518 2076 1646 2131 dum
1687 2076 1804 2130 telis
1828 2074 1929 2128 im-

347 2190 587 2253 peterent
614 2177 887 2242 inﬁrmati,
909 2174 1033 2230 dum
1058 2184 1278 2245 agerent
1300 2186 1330 2225 a
1361 2169 1680 2242 patientibus
1699 2166 1927 2222 devicti:

344 2275 430 2345 qui
463 2281 548 2329 est
591 2285 723 2326 sane
768 2268 1071 2338 inepinatus
1114 2263 1349 2320 victoria:
1379 2262 1602 2326 modus,
1633 2275 1791 2331 quem
1821 2272 1927 2314 non

344 2368 587 2422 homines
613 2364 846 2433 assequi,
869 2360 964 2417 sed
994 2360 1135 2415 Deus
1163 2357 1307 2412 solus
1325 2364 1519 2427 potest.
1545 2354 1678 2409 Nam
1703 2361 1848 2408 certe
1876 2352 1930 2406 in

344 2459 582 2517 Ecclesia
609 2455 856 2512 mirabile
881 2463 998 2521 est,
1030 2467 1137 2508 non
1163 2449 1306 2521 quod
1336 2448 1540 2514 vicerit,
1571 2446 1667 2502 sed
1689 2443 1832 2516 quod
1859 2443 1931 2498 ita

343 2552 546 2607 vicerit.
596 2549 829 2620 lmpulsa
867 2545 1044 2609 enim,
1089 2551 1304 2608 vexata,
1357 2539 1648 2595 innumeris
1674 2521 1934 2593 concussa

345 2642 534 2706 modis,
567 2655 680 2693 non
709 2637 868 2692 modo
895 2651 1000 2690 non
1032 2633 1389 2698 minuebatur,
1411 2630 1505 2686 sed
1539 2629 1712 2699 major
1735 2625 1932 2683 evade-

345 2736 449 2802 bat,
493 2742 554 2789 et
598 2746 697 2787 eos
723 2730 816 2801 qui
848 2729 900 2783 id
928 2727 1102 2782 facere
1129 2725 1403 2780 tentabant
1443 2720 1692 2794 patiendo
1730 2725 1935 2774 tantum

346 2822 702 2896 proﬂigabat;
733 2819 788 2875 id
810 2817 952 2889 quod
969 2817 1182 2871 adamas
1210 2815 1352 2870 ferro
1374 2811 1642 2883 impetitus
1655 2806 1935 2872 facit,dum

348 2927 639 2986 percussus
667 2920 872 2965 tantu
901 2907 1058 2963 solvit
1097 2903 1443 2976 percutientis
1467 2900 1662 2966 robur;
1705 2897 1935 2954 stimuli-

347 3022 445 3077 que
472 3001 887 3060 calcitrantibus
926 2997 1154 3068 objecti,
1198 3010 1306 3051 non
1334 2993 1635 3050 obtusiores
1663 2989 1787 3048 inde
1811 2988 1944 3046 red-

347 3100 562 3162 duntur,
597 3095 693 3150 sed
722 3092 1112 3149 calcitrantium
1143 3089 1304 3160 pedes
1329 3094 1630 3144 cruentant.
1657 3084 1782 3142 Ideo
1810 3098 1940 3140 sane

348 3202 591 3245 montem
621 3185 848 3241 vocavit.
894 3182 1048 3250 Quod
1087 3182 1130 3238 si
1169 3180 1537 3251 metaphoram
1565 3193 1672 3233 non
1697 3176 1942 3232 admittat

348 3282 602 3347 Judteus,
654 3278 1000 3333 domesticam
1049 3273 1273 3344 accipiat
1327 3271 1767 3327 conlotationem.
1825 3268 1942 3338 Ipse

348 3374 613 3444 propheta
640 3370 768 3424 dicit
793 3369 944 3438 lupos
973 3376 1028 3420 et
1051 3382 1218 3438 agnos
1243 3364 1546 3420 communia
1576 3377 1770 3433 pascua
1793 3359 1944 3416 habi-

349 3476 495 3520 turos
518 3509 536 3531 ,
584 3473 643 3518 et
689 3461 885 3516 muscis
924 3459 1220 3529 apibusque
1247 3458 1412 3512 Deum
1439 3455 1775 3512 sibilaturum
1797 3496 1811 3519 ,
1839 3453 1942 3508 llu-

349 3561 607 3628 viumque
628 3558 998 3609 vehementem
1013 3551 1362 3606 adducturum
1393 3550 1444 3604 in
1462 3547 1694 3614 Judaeos,
1721 3562 1788 3603 eo
1803 3545 1945 3616 quod

352 3650 449 3719 ipsi
499 3647 708 3701 habere
751 3644 1017 3699 noluerint
1056 3656 1250 3712 aquam
1276 3640 1476 3696 Siloam
1520 3637 1673 3711 (Isai.
1700 3639 1790 3694 ll.
1817 3637 1873 3693 6.
1897 3647 1944 3692 et

351 3743 438 3798 65.
470 3741 546 3796 25
572 3755 590 3804 ;
623 3739 674 3792 7.
711 3738 812 3807 18;
842 3737 895 3791 8.
925 3736 979 3790 6.
1008 3735 1084 3805 7).
1133 3733 1266 3802 Quae
1294 3734 1340 3787 si
1366 3732 1485 3802 quis
1521 3729 1587 3785 ad
1614 3729 1833 3786 verbum
1859 3745 1950 3785 ac-

351 3836 560 3904 ceperit
581 3874 598 3898 ,
627 3847 756 3886 sane
786 3829 1132 3900 intelligibilia
1162 3843 1268 3882 non
1309 3836 1438 3882 sunt
1468 3845 1482 3880 :
1513 3841 1699 3882 verum
1740 3833 1950 3895 oportet

352 3943 412 3981 ea
433 3941 561 3995 qua:
585 3923 671 3978 his
691 3921 1054 3994 signiﬁcantur
1069 3919 1334 3990 accipere,
1361 3919 1543 3988 sicque
1566 3917 1947 3974 sententiarum

353 4022 554 4075 seriem
590 4017 739 4071 varie
783 4015 1096 4085 intelligere.
1141 4013 1399 4080 Quaenam
1443 4011 1602 4080 igitur
1639 4010 1724 4066 his
1748 4010 1952 4082 signiti-

354 4122 550 4165 cantur
577 4109 605 4161 ἲ
652 4107 755 4163 Per
796 4107 949 4176 lupos
974 4115 1029 4161 et
1063 4119 1265 4176 agnos,
1310 4101 1586 4158 hominum
1620 4117 1801 4158 mores
1828 4117 1950 4158 cum

357 4201 563 4256 ferinos
609 4208 721 4254 tum
755 4205 1060 4253 mansuetos
1087 4195 1324 4262 indicat;
1373 4209 1470 4266 per
1505 4208 1751 4259 muscas,
1781 4194 1954 4264 impu-

356 4292 604 4347 dentiam
623 4289 1036 4362 Egyptiorum;
1066 4303 1159 4358 per
1183 4287 1423 4354 ﬂuvium,
1453 4285 1758 4342 violentiam
1789 4301 1954 4341 exer-

359 4389 502 4443 citus
528 4385 781 4449 barbari;
827 4401 922 4455 per
947 4383 1181 4449 Siloam,
1212 4380 1670 4438 mansuetudinem
1701 4380 1954 4436 modera-

364 4479 680 4542 tionemque
704 4476 840 4546 ejus,
866 4475 955 4545 qui
979 4483 1104 4531 tunc
1128 4473 1443 4545 imperabat,
1470 4473 1610 4544 regis
1627 4472 1954 4528 Judazorum.

362 4570 645 4640 Nemoque
667 4569 748 4624 vel
769 4584 831 4623 cx
861 4567 1313 4638 insipientioribus
1331 4567 1470 4622 circa
1502 4568 1616 4622 haec
1645 4566 1800 4621 nobis
1822 4581 1956 4621 con-

366 4660 618 4714 tradicet.
643 4658 1101 4726 Quemadmodum
1131 4658 1290 4730 igitur
1316 4659 1403 4714 illa
1419 4658 1538 4714 aliis
1557 4668 1680 4713 sunt
1709 4672 1960 4728 expressa

368 4751 702 4817 nominibus,
733 4752 812 4806 sic
839 4751 932 4807 ille
959 4750 1216 4806 Ecclesia:
1244 4751 1547 4814 firmitatem
1567 4790 1584 4814 ,
1615 4749 1960 4804 immobiliu-

369 4852 527 4908 tem,
575 4842 992 4910 sublimitatem,
1048 4842 1455 4913 inexpugnabile
1507 4842 1710 4908 robur,
1764 4843 1963 4898 montis

371 4933 596 4988 nomine
623 4932 992 4988 subindicavit.
1023 4933 1090 4988 Et
1113 4934 1248 4988 alius
1277 4933 1539 5004 propheta
1569 4932 1690 4988 illos
1715 4933 1805 5004 qui
1827 4948 1959 4989 con-

375 5025 553 5080 ﬁdunt
595 5026 645 5080 in
690 5027 914 5082 Domino
957 5027 1122 5082 monti
1149 5037 1456 5099 comparat,
1500 5027 1747 5082 invictam
1776 5043 1964 5083 eorum

375 5117 744 5173 fortitudinem
765 5119 1054 5175 ostendens
1084 5119 1253 5191 (Psal.
1287 5118 1406 5174 ﬁt.
1441 5119 1516 5190 l).
1551 5118 1875 5191 Manifestus.
1909 5117 1968 5174 ld
2010 5121 2029 5135 ‘

376 5209 531 5262 nulla
555 5208 805 5279 deinceps
831 5210 1265 5280 interpretatione
1285 5208 1501 5280 indiget.
1534 5209 1622 5266 Sic
1646 5211 1758 5280 ipsa
1789 5225 1966 5264 rerum

377 5311 575 5354 natura
617 5300 743 5357 tuba
783 5301 1062 5357 clariorem
1109 5303 1306 5359 emittit
1353 5316 1573 5366 vocem,
1626 5301 1966 5370 splendorem

379 5393 675 5449 ostendens
713 5393 983 5452 Ecclesiae.
1039 5397 1245 5452 Etenim
1276 5409 1452 5466 neque
1493 5396 1570 5449 sol
1617 5395 1685 5448 ita
1729 5393 1968 5464 Splendi-

382 5481 491 5536 rlus
515 5523 532 5547 ,
559 5499 729 5556 neque
755 5485 869 5556 ejus
894 5489 979 5543 lux
1020 5489 1088 5545 ita
1114 5490 1255 5545 clara
1279 5496 1364 5542 est
1382 5526 1397 5549 ,
1426 5495 1483 5539 ut
1509 5494 1633 5540 sunt
1661 5500 1749 5540 res
1772 5485 1839 5540 ad
1869 5486 1972 5540 Ec-

384 5573 610 5630 clesiam
649 5588 962 5648 spectantes.
1009 5582 1143 5640 Nam
1170 5582 1372 5640 Domus
1403 5576 1498 5634 Dei
1545 5593 1702 5649 supra
1741 5579 1974 5635 verticem

391 5677 656 5723 montium.

2084 322 2136 376 5.
2160 320 2436 390 Quomodo
2455 317 2571 375 haec
2590 309 2967 388 interpretatus
2987 317 3144 374 fuerit
3165 319 3415 378 Indicus?
3437 324 3609 381 Tem-

2014 416 2159 486 plum
2203 415 2346 470 enim
2386 427 2492 468 non
2531 421 2613 468 est
2658 427 2818 483 supra
2863 413 3117 469 verticem
3155 415 3414 470 montium
3447 434 3462 471 :
3497 416 3596 471 Ec-

2015 510 2190 564 clesia:
2219 517 2395 564 autem
2429 515 2660 576 potestas
2701 508 2843 576 ipsos
2877 507 3087 577 attingit
3121 507 3304 563 caelos.
3346 509 3411 563 Et
3452 511 3610 579 quasi

2015 601 2207 655 domus
2244 613 2402 668 supra
2445 599 2697 652 verticem
2744 599 3001 652 montium
3045 599 3212 668 posita
3253 599 3500 654 omnibus
3523 613 3606 658 est

2018 690 2316 754 manifesta,
2349 690 2427 745 sic
2453 698 2508 744 et
2536 692 2703 744 multo
2732 691 2897 760 magis
2926 690 3173 745 omnibus
3199 693 3482 762 conSpicua
3511 689 3608 744 ho-

2021 784 2249 838 minibus
2288 783 2376 836 illa
2416 783 2602 837 evasit.
2647 781 2715 836 Et
2753 783 3056 838 exaltabitur
3092 799 3244 850 super
3277 784 3452 838 colles.
3497 784 3610 840 Hoc

2021 878 2189 946 ipsum
2219 890 2404 930 rursus
2432 875 2807 944 interpretatus
2827 884 2928 942 est,
2957 875 3096 945 quod
3123 876 3317 947 templo
3339 877 3428 931 illo
3454 892 3609 932 num-

2020 981 2178 1036 quam
2208 965 2428 1035 contigit
2447 1005 2463 1031 ,
2492 980 2670 1035 neque
2692 980 2813 1021 cum
2840 966 3070 1021 maxime
3102 965 3291 1022 ﬂorere
3315 967 3605 1024 videretur.

2021 1056 2300 1122 Quomodo
2320 1056 2463 1111 enim
2489 1056 2558 1112 de
2581 1057 2778 1127 templo
2802 1057 3205 1128 intelligeretur,
3225 1059 3367 1129 quod
3388 1059 3456 1115 ab
3480 1059 3610 1128 ipsis

2023 1148 2222 1203 Judaeis
2250 1163 2392 1216 sa'pe
2420 1147 2861 1216 inhonorabatur,
2888 1148 3340 1220 barbarorumque
3368 1150 3619 1207 manibus-

2023 1242 2376 1298 diruehatur?
2418 1242 2672 1298 Ecclesia:
2719 1250 2896 1298 autem
2945 1241 3216 1298 fortitudo-
3245 1240 3620 1298 vehementius-

2025 1335 2323 1406 srepiusque
2351 1351 2507 1405 quam
2540 1335 2792 1405 templum
2823 1335 3124 1406 impugnata
3155 1334 3253 1390 fuit
3281 1353 3295 1390 :
3324 1351 3624 1406 numquam-

2028 1443 2154 1484 vero
2185 1429 2347 1482 cessit
2385 1442 2444 1482 se
2484 1427 2900 1497 oppugnantium
2928 1427 3203 1492 manibus,
3231 1427 3325 1482 sed
3354 1427 3615 1482 excelsior

2027 1520 2387 1591 illustriorque
2414 1520 2649 1574 maxime
2669 1518 2738 1573 ab
2759 1518 2997 1575 hostibus
3022 1519 3156 1574 laeta
3179 1526 3281 1574 est.
3306 1519 3456 1575 Tunc
3477 1533 3619 1573 mar-

2031 1622 2204 1684 tyrum
2235 1621 2429 1678 coetus,
2455 1620 2578 1665 tunc
2601 1611 2966 1666 conlessorum
2991 1611 3296 1678 multitudo,
3324 1621 3449 1666 tunc
3473 1610 3624 1668 ferro

2029 1705 2291 1760 ﬁrmiores
2311 1704 2504 1758 animze
2525 1702 2965 1770 ostendebantur,
2992 1702 3226 1774 ipsisque
3246 1702 3414 1759 stellis
3437 1703 3617 1772 splen-

2029 1797 2264 1852 didiores
2303 1805 2488 1860 erant,
2524 1795 2755 1851 concisis
2791 1794 3134 1866 corporibus,
3167 1794 3360 1849 animis
3399 1794 3616 1849 minime

2032 1889 2214 1955 victis,
2245 1887 2340 1944 sed
2375 1886 2709 1942 vincentibus
2749 1895 2803 1941 et
2838 1886 3123 1941 coronatis.
3151 1885 3282 1952 Quis
3307 1885 3468 1952 vidit,
3498 1886 3618 1956 quis

2031 1979 2233 2035 audivit
2258 1978 2458 2034 caedem
2488 1985 2699 2048 gestare
2731 1992 3006 2043 coronam,
3032 1977 3418 2047 jugulationem
3447 1977 3616 2032 victo-

2033 2074 2166 2129 riam
2197 2080 2588 2143 reportantem,
2620 2081 2851 2142 tuncque
2876 2071 3165 2125 exercitum
3203 2071 3618 2141 splendidiorem

2033 2164 2302 2230 eﬂ'ectum,
2332 2179 2454 2219 eum
2484 2163 2667 2234 plures
2693 2161 2790 2217 visi
2816 2168 2942 2218 sunt
2961 2161 3030 2217 ab
3055 2161 3296 2218 hostibus
3317 2162 3598 2233 jugulari't'

2114 2255 2354 2311 Validam
2377 2263 2556 2310 contra
2581 2253 2791 2309 Judwos
2821 2253 2994 2308 telum.
3016 2283 3088 2294 —-
3108 2252 3175 2306 Et
3197 2253 3392 2308 venient
3415 2254 3486 2308 ad
3509 2270 3631 2309 eam

2035 2365 2207 2406 omnes
2250 2357 2442 2420 gentes.
2483 2346 2774 2418 Progressu
2817 2345 3014 2402 clarior
3056 2345 3284 2401 efﬁcitur
3321 2345 3578 2416 propheta
3602 2387 3619 2412 ,

2037 2457 2342 2500 sermonem
2391 2440 2560 2511 magis
2607 2439 2838 2511 retegit,
2885 2438 3362 2508 dilucidioremque
3408 2437 3625 2495 exhibet

2041 2534 2408 2606 prophetiam,
2449 2533 2855 2602 accuratiusque
2899 2530 3204 2586 Judaeorum
3247 2529 3459 2586 consuit
3505 2544 3621 2585 ora.

2039 2628 2152 2684 Hoc
2179 2627 2352 2693 enim,
2393 2625 2602 2682 etiamsi
2639 2623 2926 2681 admodum
2970 2623 3302 2693 impudentes
3335 2624 3475 2692 sint,
3517 2637 3623 2678 non

2041 2726 2290 2788 poterunt
2312 2717 2381 2774 ad
2409 2717 2663 2788 templum
2688 2731 2842 2772 suum
2868 2716 3089 2771 referre.
3122 2719 3190 2770 At
3217 2716 3360 2771 enim
3388 2714 3626 2787 prohibi-

2043 2823 2153 2866 tum
2175 2819 2307 2876 erat,
2334 2807 2495 2880 idque
2511 2807 2909 2864 accuratissime
2929 2805 3327 2872 observabatur,
3351 2820 3419 2861 ne
3439 2815 3627 2877 gentes

2044 2904 2096 2958 in
2133 2901 2388 2973 templum
2421 2901 2721 2956 introirent.
2766 2899 2966 2969 Ecquid
3006 2899 3127 2954 dico
3162 2898 3216 2953 in
3254 2899 3506 2970 templum
3543 2898 3628 2954 in-

2045 2997 2248 3062 troire,
2291 2995 2506 3065 quando
2546 2994 2676 3064 ipsis
2719 2993 2805 3048 lex
2847 3007 2968 3048 cum
3016 2993 3161 3062 gravi
3200 2991 3646 3048 interminatione-

2045 3087 2360 3158 prohibebat
2397 3101 2463 3142 ne
2491 3101 2613 3141 cum
2642 3084 2891 3156 gentibus
2927 3084 3430 3151 commiscerentur,
3458 3093 3511 3139 et
3535 3100 3630 3138 cx-

2048 3190 2246 3234 tremas
2271 3178 2340 3234 de
2368 3177 2452 3232 his
2489 3176 2736 3248 exigebat
2772 3176 2991 3246 pinnas?
3024 3174 3182 3230 Certe
3222 3173 3478 3244 propheta
3524 3178 3632 3244 Ag-

2046 3288 2192 3346 gzeus
2218 3280 2384 3328 totam
2419 3270 2520 3326 hac
2553 3271 2606 3325 in
2638 3285 2698 3325 re
2733 3284 2881 3324 suam
2912 3269 3240 3339 consumpsit
3269 3267 3633 3338 prophetiam,

2050 3367 2320 3430 incusans,
2347 3362 2700 3426 comminans,
2734 3373 2919 3430 pinnas
2947 3367 3194 3428 repetens
3217 3357 3286 3412 de
3315 3358 3493 3412 illicita
3523 3357 3635 3410 at'ti-

2049 3458 2236 3514 nitate.
2280 3459 2351 3511 At
2395 3465 2574 3510 nostra
2621 3453 2744 3508 talia
2790 3467 2896 3507 non
2934 3460 3088 3516 sunt,
3117 3450 3211 3506 sed
3249 3451 3487 3506 Ecclesia
3517 3466 3637 3505 cum

2050 3553 2196 3610 omni
2222 3551 2473 3608 facilitate
2500 3551 2679 3612 sinum
2715 3563 2872 3605 suum
2910 3545 3248 3618 expandens,
3278 3543 3484 3614 supinis
3521 3558 3638 3597 ma-

2053 3647 2208 3702 nibus
2229 3658 2418 3701 omnes
2438 3642 2584 3699 orbis
2609 3642 2769 3698 totius
2792 3647 2977 3712 gentes
3002 3636 3239 3710 quotidie
3263 3636 3502 3706 suscipit.
3527 3634 3642 3690 Hoc

2052 3742 2194 3798 enim
2219 3739 2374 3811 primi
2399 3738 2473 3796 illi
2499 3737 2807 3810 dogmatum
2828 3735 3073 3791 doctores
3097 3733 3165 3789 ab
3185 3730 3468 3803 Unigenito
3490 3742 3642 3783 man-

2053 3835 2235 3891 datum
2273 3841 2630 3905 acceperunt,
2666 3830 2765 3885 hac
2806 3827 2986 3885 statim
3026 3825 3204 3881 audita
3242 3838 3374 3879 voce
3407 3840 3418 3874 :
3451 3821 3647 3875 Euntes

2056 3930 2226 3982 docete
2253 3942 2422 3981 omnes
2459 3934 2628 3996 gentes
2658 3923 2676 3992 (
2700 3920 2892 3998 Matth.
2927 3917 3019 3974 28.
3048 3915 3176 3989 l9).
3207 3915 3442 3972 Adverte
3466 3921 3643 3968 autem

2056 4019 2326 4093 quomodo
2354 4033 2459 4073 non
2489 4024 2691 4072 tantum
2717 4011 3051 4069 vocationem
3079 4008 3315 4079 gentium
3347 4003 3647 4060 subindica-

2057 4118 2134 4170 vit
2169 4114 2425 4185 propheta
2443 4155 2458 4177 ,
2489 4109 2582 4167 sed
2610 4108 2768 4163 etiam
2795 4119 2980 4162 earum
3008 4109 3308 4172 promptam
3335 4105 3390 4153 et
3413 4096 3647 4151 alacrem

2059 4205 2484 4277 obsequentiam.
2511 4201 2624 4257 Non
2653 4199 2796 4255 enim
2821 4196 2975 4264 dixit,
3003 4191 3368 4255 Adducentur,
3396 4187 3513 4256 sed,
3550 4185 3650 4242 γε.

2061 4301 2197 4354 nient
2223 4314 2242 4352 :
2269 4297 2320 4352 id
2358 4293 2500 4367 quod
2538 4293 2675 4349 alius
2712 4286 2970 4361 prepheta
3007 4283 3202 4340 clarius
3237 4280 3528 4338 ostendens
3564 4277 3651 4333 di-

2061 4395 2216 4450 cebat
2238 4410 2252 4448 :
2277 4390 2346 4445 Et
2375 4406 2475 4444 non
2501 4385 2746 4442 docebunt
2769 4379 3108 4451 unusquisque
3131 4375 3384 4431 conci‘oem
3413 4387 3581 4436 suum,
3604 4378 3654 4425 et

2062 4487 2398 4558 unusquisque
2426 4483 2635 4553 fratrem
2662 4494 2808 4535 suunt
2835 4475 3035 4542 dicens,
3063 4470 3319 4542 Cognosce
3342 4464 3652 4529 Dominum,

2063 4584 2183 4654 quia
2210 4597 2380 4636 omnes
2415 4580 2568 4633 scient
2601 4591 2681 4629 me
2712 4591 2744 4628 a
2777 4588 2930 4642 paruo
2958 4582 3116 4640 usque
3139 4565 3208 4619 ad
3236 4578 3473 4634 magnum
3499 4557 3649 4630 (Jer.

2065 4679 2154 4733 5|.
2194 4675 2323 4744 54).
2355 4671 2506 4740 Quod
2545 4668 2611 4723 ad
2648 4665 2863 4722 Judznos
2903 4663 3044 4718 enim
3085 4657 3359 4729 spectabat
3393 4662 3653 4744 creatura:

2066 4742 2307 4825 ordinem
2345 4778 2497 4817 suum
2537 4759 2810 4814 mutabant
2840 4755 2938 4828 (a),
2965 4752 3187 4807 aderant
3216 4746 3525 4817 frequentes
3551 4742 3654 4797 mi-

2070 4879 2174 4923 nte,
2205 4859 2462 4930 supplicia
2487 4853 2725 4918 assidua,
2752 4849 2940 4905 crebra
2969 4841 3241 4904 miracula,
3274 4837 3652 4908 prophetarum
3733 4892 3744 4900 ,

2071 4928 2374 5014 discursus,
2406 4945 2726 5018 lcgislatoris
2764 4943 2956 5004 timor,
2988 4932 3446 4991 interminationes
3483 4928 3655 4986 bello-

2135 5114 2208 5177 (a)
2244 5111 2301 5162 In
2321 5117 2502 5177 MCC),
2523 5115 2822 5177 ἆνιστριχιωῦτε.
2850 5097 3060 5172 Obscura

2073 5150 2737 5229 mdiinusluv‘e'rtitvacreatuia
2759 5169 2905 5211 etram
2941 5161 3047 5229 ipsa
3084 5155 3134 5229 in
3168 5150 3660 5229 pruitariqelementa

2302 5211 2497 5285 esti-llic
2513 5211 2681 5278 autem
2697 5211 2859 5291 sermo
2883 5211 3039 5272 est'de
3056 5211 3660 5291 signis,nc.'tstig_a_t_iqnibtts,

2303 5278 2369 5346 iii
2379 5278 2570 5364 audiens
2586 5289 2978 5352 praevaricatores
2993 5278 3661 5364 perterrefactuios)

2075 5331 2684 5421 Eié'ﬁi'ifeﬁiﬁﬁiiéﬁga",
2694 5331 3127 5421 curiiterriebiatu
3151 5342 3274 5393 Core
3299 5346 3352 5421 et
3362 5331 3663 5421 illi

2077 5369 2173 5424 sis;
2199 5369 2498 5464 ut,exemlm
2515 5369 2676 5408 causa,
2694 5369 2802 5399 cum
2827 5369 2972 5396 terra:
2996 5369 3127 5393 nutu
3151 5369 3274 5393 υυισ
3299 5369 3350 5387 υ.
3367 5369 3569 5404 uno“...
3584 5369 3646 5378 _..

2077 5425 2228 5488 sorpti
2251 5426 2431 5488 sumta
2453 5417 2584 5486 iique
2607 5414 2731 5488 igne‘
2748 5411 3010 5488 absumpti,
3029 5393 3662 5488 cunt-szerple‘nfsumtn‘lgi:

2077 5461 2768 5541 Eud'éiiiiiaé'éanc’ioﬁamc
2792 5461 2941 5521 voces
2965 5461 3016 5541 et
3055 5461 3385 5541 pluviasdatﬁ

2080 5517 2737 5613 ς’
2757 5517 3028 5613 ιιιὶὸξέτῠο
3058 5517 3169 5613 eum
3204 5529 3386 5613 naturae
3421 5517 3666 5613 clemezta

2081 5591 2306 5664 31755.85
2323 5591 2463 5654 suum
2485 5591 2758 5656 mutabant;
2785 5603 2837 5666 et
2870 5595 2959 5666 hoc
2990 5591 3131 5640 modo
3154 5596 3337 5640 vocem,
3361 5592 3663 5640 ἀνωτανισιι..

2090 5659 2380 5727 reddendam
2405 5677 2519 5716 esse
2544 5666 2697 5714 visum
2721 5659 2862 5709 nobis
2885 5663 2978 5706 est.
