4010 6218
345 242 403 292 Si
563 261 570 264 ·
1077 233 1132 292 S.
1167 233 1444 295 JOANNIS
1481 228 1953 288 CHRYSOSTOMl
1990 228 2308 286 ARCHIEP.
2348 231 2896 292 CONSTANTINOP;
3548 231 3628 288 '59

339 369 491 421 rum,
519 352 868 410 barbarorum
895 351 1224 407 incursiones
1241 391 1256 417 ,
1285 365 1314 404 a
1342 349 1452 404 Deo
1477 349 1727 403 immissa:
1754 344 1923 399 vindi-

339 456 459 513 clm,
488 445 864 516 castigationes
888 459 955 500 ex
980 442 1124 498 cadis
1155 443 1377 498 invecta:
1401 457 1413 494 :
1439 438 1829 508 manebantque
1848 436 1923 491 illi

338 537 469 592 dura
498 539 705 593 cervice
734 546 788 594 et
830 534 1205 597 ineircumcisi,
1233 541 1288 586 ιιι
1323 533 1396 586 ait
1433 530 1757 600 Stephanus,
1788 543 1925 598 pra»
1957 549 1960 553 ·

340 633 527 697 fracti,
553 642 608 688 et
631 632 849 688 difficile
886 626 1304 696 cedentes(Act.
1330 626 1382 680 7.
1410 626 1542 694 5i);
1581 623 1647 678 ad
1687 623 1922 693 gentium

343 740 472 780 vero
497 721 876 797 [vocationem]
907 722 1036 778 satis
1060 719 1157 774 fuit
1181 719 1390 774 unicum
1418 726 1680 785 tenueque
1702 713 1921 769 verbum

337 817 622 882 audivisse,
651 827 707 872 et
733 831 920 870 onmes
943 812 1222 869 confestim
1243 819 1606 868 accurrerunt.
1628 808 1779 878 Quod
1799 807 1921 863 sub—

339 911 577 967 indicans
608 909 770 964 David
797 907 1008 964 dicebat
1041 924 1055 961 :
1086 905 1349 976 Populus,
1376 921 1523 974 quem
1551 920 1654 958 non
1683 902 1919 974 cognovi,

335 1002 533 1056 servivit
573 1001 697 1054 mihi
725 998 912 1070 (Psal.
950 999 1039 1054 17.
1079 998 1216 1068 45);
1256 1006 1311 1052 et
1351 995 1568 1052 modum
1607 994 1922 1050 obedientiar

335 1093 602 1148 admirans
644 1092 958 1162 subjiciebat
987 1108 1001 1146 :
1030 1090 1100 1144 In
1137 1091 1314 1144 auditu
1353 1089 1493 1143 auris
1526 1089 1742 1142 obedivit
1776 1088 1917 1140 mihi.

337 1185 449 1240 Hoc
479 1186 649 1255 ipsum
679 1196 736 1241 et
759 1184 925 1240 Jacob
961 1183 1296 1254 aenigmatico
1322 1197 1472 1238 more
1503 1181 1782 1238 declarans
1809 1182 1917 1234 aie-

336 1275 425 1330 bat
452 1293 467 1330 :
495 1275 684 1346 Ligans
713 1275 780 1329 ad
817 1277 1013 1329 vineam
1055 1274 1251 1344 pullum
1283 1290 1464 1340 suum,
1497 1282 1544 1326 et
1569 1273 1638 1326 ad
1661 1272 1921 1326 surculum

337 1367 535 1437 pullum
563 1369 724 1423 asina:
749 1384 856 1422 sua:
884 1366 1035 1439 (Gen.
1065 1367 1156 1422 49.
1188 1367 1301 1436 11).
1329 1368 1399 1421 At
1421 1366 1541 1436 quis
1565 1366 1694 1420 vidit
1716 1366 1918 1436 pullum

336 1459 501 1514 asina:
543 1459 759 1515 surculo
796 1459 1069 1528 alligatum
1099 1469 1152 1512 et
1180 1458 1349 1512 vineze
1375 1458 1669 1512 adstantem
1690 1499 1705 1523 ,
1733 1467 1786 1512 et
1813 1457 1921 1512 fru-

336 1557 480 1604 ctum
512 1564 616 1605 non
655 1550 1133 1620 pessumdantem?
1161 1549 1214 1604 lu
1246 1550 1414 1604 brutis
1438 1548 1650 1619 quidem
1682 1549 1916 1616 minime,

336 1640 390 1694 in
416 1639 720 1696 hominibus
744 1648 922 1696 autem
946 1641 996 1696 id
1022 1655 1146 1697 vere
1169 1649 1223 1696 et
1247 1643 1420 1712 reipsa
1448 1641 1725 1711 contingit.
1752 1641 1917 1696 Judari

336 1747 568 1802 namque
597 1733 894 1790 innumeris
931 1734 1163 1806 colligati
1201 1735 1459 1801 vinculis,
1495 1734 1679 1806 jugum
1703 1735 1915 1790 canfre-

333 1833 560 1893 gerunt,
587 1825 857 1882 vinculum
885 1826 1228 1896 disruperunt
1249 1867 1264 1894 ,
1295 1835 1354 1882 ut
1383 1827 1458 1881 ait
1489 1827 1747 1897 propheta
1775 1826 1915 1899 (Jer.

334 1912 389 1969 5.
411 1915 500 1988 5);
527 1928 712 1987 gentes
739 1927 914 1974 autem
943 1919 1087 1974 nulla
1113 1919 1272 1974 simili
1293 1919 1552 1988 colligata:
1577 1921 1914 1986 necessitate,

331 2016 579 2076 prompte
615 2008 958 2074 obedierunt,
991 2010 1141 2080 quasi
1178 2010 1355 2080 pullus
1389 2011 1604 2066 surculo
1630 2011 1875 2080 alligatus
1897 2055 1912 2079 ,

331 2104 385 2152 et
409 2112 476 2152 ex
501 2099 778 2168 praeceptis
804 2099 932 2154 nihil
961 2100 1456 2170 pessumdederunt,
1482 2102 1575 2156 sed
1599 2102 1916 2160 adstiterunt

330 2189 551 2244 inultam
591 2190 904 2247 exhibentes
941 2192 1364 2263 obsequentium.
1397 2194 1450 2249 '5.
1479 2192 1544 2247 Et
1571 2193 1712 2250 ibunt
1739 2195 1916 2265 populi

330 2282 496 2347 multi,
523 2292 570 2337 et
599 2283 764 2338 dicent
787 2299 808 2338 :
836 2282 1028 2351 Venite,
1052 2294 1098 2339 et
1122 2284 1453 2340 ostendamus
1473 2286 1543 2339 ad
1567 2295 1782 2341 montem
1803 2287 1913 2342 Do-

331 2375 485 2440 mini,
513 2385 560 2428 et
586 2376 654 2428 ad
682 2376 886 2430 domum
912 2376 1007 2431 Dei
1040 2376 1220 2433 Iacob.
1251 2377 1386 2434 Vide
1413 2378 1638 2436 choreas
1658 2388 1909 2452 agentes,
1940 2398 1948 2406 "

329 2474 383 2518 et
407 2463 540 2520 festa
570 2465 904 2522 celebrantes
922 2508 937 2531 ,
963 2477 1017 2522 et
1045 2468 1178 2523 alter
1200 2468 1426 2524 alterum
1457 2468 1730 2526 hortantes
1750 2512 1767 2537 ,
1794 2487 1909 2527 om-

331 2570 529 2626 nesque
552 2556 605 2611 in
631 2557 881 2614 doctores
901 2573 1189 2615 conversos
1216 2577 1244 2620 τ,
1256 2575 1428 2630 neque
1450 2576 1628 2626 unam,
1652 2561 1734 2618 vel
1756 2563 1908 2629 duas,

331 2647 410 2702 ret
459 2657 564 2702 tres
589 2689 605 2716 ,
645 2648 739 2704 sed
779 2649 972 2705 multas
1009 2660 1199 2720 gentes
1234 2660 1636 2708 concurrentes.
1685 2653 1912 2710 Venient

327 2739 499 2804 enim,
533 2741 733 2810 inquit,
765 2741 946 2811 populi
972 2741 1122 2797 multi
1147 2750 1201 2797 et
1228 2758 1295 2798 ex
1322 2742 1546 2798 diversis
1574 2743 1739 2810 locis,
1769 2745 1910 2816 quod

327 2830 464 2900 apud
490 2830 702 2885 Judaeos
729 2847 1014 2902 numquam
1041 2835 1264 2903 contigit
1292 2852 1305 2889 :
1334 2835 1427 2890 sed
1465 2835 1512 2890 si
1549 2836 1636 2906 qui
1672 2852 1911 2895 accesse-

311 2917 481 2988 runt,
507 2921 561 2977 hi
605 2925 755 2992 pauci
791 2934 946 2980 erant
988 2926 1278 2998 proselyti,
1305 2936 1360 2982 et
1385 2927 1439 2981 hi
1465 2942 1584 2982 cum
1615 2929 1785 2983 multo
1812 2943 1908 2986 ne-

323 3013 488 3082 gotio,
520 3023 574 3069 et
609 3031 896 3086 numquam
923 3025 1110 3087 gentes
1137 3018 1311 3074 vocati
1339 3027 1485 3084 sunt,
1511 3019 1606 3075 sed
1634 3022 1906 3093 proselyti.

325 3103 580 3177 Proselin
604 3109 744 3163 enim
771 3109 840 3162 ad
865 3119 911 3163 te
934 3110 1233 3178 transibunt,
1257 3120 1303 3166 et
1327 3121 1472 3166 erunt
1492 3111 1580 3166 tibi
1601 3115 1732 3168 servi
1753 3113 1905 3186 (Isai.

322 3199 411 3258 54.
443 3199 565 3268 15),
592 3199 783 3269 inquit.
811 3201 962 3269 Quod
987 3202 1034 3258 si
1064 3202 1115 3258 in
1147 3203 1457 3273 metaphora
1495 3206 1745 3273 persistat
1781 3222 1908 3277 pro-

324 3287 480 3356 pheta
501 3329 516 3354 ,
547 3300 782 3346 montem
813 3291 1084 3361 appellans
1123 3301 1179 3349 et
1216 3293 1433 3350 domum
1474 3295 1566 3352 Dei
1607 3296 1808 3364 Jacob,
1839 3314 1908 3355 ne

323 3379 551 3435 mireris.
578 3380 730 3448 Quod
755 3383 894 3438 enim
916 3384 1025 3452 jam
1052 3384 1182 3452 dixi,
1211 3386 1370 3441 modo
1394 3387 1506 3443 fere
1529 3389 1720 3460 aperit,
1747 3390 1908 3446 modo

321 3470 602 3527 adumbrat
641 3474 970 3543 prophetiam
999 3494 1014 3542 ;
1042 3477 1170 3533 illud
1195 3478 1408 3548 quidem
1429 3519 1442 3542 ,
1471 3495 1576 3550 quo
1603 3481 1908 3549 prudentio-

323 3561 469 3620 ribus
496 3565 828 3621 occasionem
875 3569 1144 3637 praabeat,
1181 3579 1241 3625 ut
1275 3586 1393 3642 qme
1431 3571 1681 3628 dicuntur
1707 3575 1904 3630 intelli-

322 3661 480 3721 gant;
510 3653 614 3710 hoc
636 3664 846 3724 autem,
876 3667 935 3713 ut
968 3659 1295 3729 ingratorum
1323 3663 1704 3720 tumultuosum
1733 3665 1904 3736 impe-

323 3751 436 3799 tum
463 3754 709 3802 coerceat
735 3763 749 3801 :
779 3757 832 3803 et
858 3749 1053 3820 ubique
1086 3767 1390 3808 sermonem
1418 3754 1610 3810 variat.

393 3837 448 3892 4.
478 3836 534 3894 Si
562 3847 741 3895 autem
780 3840 932 3910 dixit,
963 3843 1185 3900 Domum
1221 3845 1324 3901 Dei
1349 3845 1531 3914 Iacob,
1559 3865 1627 3904 ne
1655 3850 1902 3917 turberis,

321 3925 553 3985 dilecte:
583 3932 779 3988 etenim
801 3936 1105 4006 unigenitus
1134 3938 1228 3994 Dei
1258 3939 1394 3996 illius
1415 3941 1555 3997 Deus
1579 3942 1746 4000 Jacob
1768 3957 1902 4000 erat.

321 4021 441 4091 ipse
464 4023 608 4079 enim
629 4035 684 4081 et
711 4026 884 4098 legem
907 4029 1073 4095 dedit,
1096 4040 1150 4086 et
1175 4033 1351 4088 omnia
1371 4035 1512 4105 apud
1534 4051 1626 4092 eos
1652 4038 1904 4095 miracula

322 4113 514 4171 edidit:
538 4115 591 4172 id
611 4120 756 4188 quod
783 4134 846 4176 ex
863 4121 980 4192 ipso
1006 4124 1236 4180 maxime
1261 4125 1437 4182 Veteri
1461 4128 1801 4187 Testamento
1827 4131 1907 4187 vi-

321 4208 449 4266 dere
469 4219 552 4267 est
576 4229 590 4267 :
612 4212 744 4269 Novi
769 4216 966 4287 quippe
989 4217 1315 4276 Testamenti
1340 4222 1481 4277 nulla
1503 4224 1640 4279 ratio
1660 4234 1742 4280 est
1765 4225 1906 4296 apud

319 4299 553 4358 Judaeos.
585 4302 845 4361 Jeremias
888 4308 1054 4379 igitur
1093 4310 1170 4364 ait
1201 4328 1216 4366 :
1248 4309 1528 4382 Disponam
1574 4314 1710 4372 vobis
1757 4326 1908 4372 testa-

319 4401 542 4447 mentum
569 4411 772 4461 novum,
798 4414 899 4452 non
937 4401 1214 4455 secundum
1240 4411 1607 4472 testamentum,
1634 4408 1768 4477 quod
1796 4409 1905 4466 dis.-

320 4483 468 4549 posui
491 4485 715 4553 patribus
761 4489 934 4544 uestris
976 4489 1130 4561 (Jer.
1158 4493 1249 4548 51.
1297 4495 1384 4548 31.
1433 4495 1570 4566 32);
1615 4499 1906 4557 ostendens

323 4573 496 4643 ipsum
517 4589 637 4631 esse
675 4578 952 4649 utriusque
972 4581 1354 4651 legislatorem.
1383 4585 1515 4652 Quia
1545 4603 1671 4641 vero
1702 4589 1814 4660 ipse
1839 4606 1906 4647 ex

321 4662 552 4735 :Egypto
577 4666 698 4723 illos
725 4669 940 4738 eripuit,
966 4671 1171 4727 addidit
1198 4692 1212 4727 :
1241 4673 1309 4727 In
1349 4676 1430 4730 die
1461 4693 1562 4746 qua
1595 4681 1906 4750 apprehendi

321 4772 526 4810 manum
565 4773 756 4824 eorum,
789 4777 841 4814 u.
868 4762 1128 4816 educerem
1161 4780 1245 4819 eos
1275 4765 1338 4820 de
1364 4775 1496 4821 terra
1526 4767 1746 4841 Egypti
1772 4769 1905 4839 (Ibi-

321 4846 488 4920 dem).
539 4849 690 4918 Quod
717 4852 763 4906 si
797 4853 909 4922 ipse
935 4853 1137 4921 eduxit,
1188 4857 1348 4912 etiam
1379 4858 1492 4926 ipse
1524 4860 1610 4914 illa
1644 4862 1821 4917 omnia
1849 4863 1902 4918 in

323 4941 557 5015 Egypto
576 4954 630 5000 et
653 4945 706 5000 in
731 4945 950 5004 deserto
973 4949 1228 5005 miracula
1259 4953 1504 5021 patravit.
1536 4952 1605 5008 Et
1633 4956 1907 5011 annuntia-

321 5035 388 5089 bit
425 5035 568 5091 nobis
586 5037 720 5091 viam
753 5055 928 5107 suam,
955 5051 1003 5095 et
1029 5042 1396 5100 ambulabimus
1419 5046 1474 5100 in
1502 5063 1580 5100 ea.
1611 5046 1810 5104 Viden’
1847 5058 1906 5106 ut

320 5126 478 5182 aliam
518 5127 798 5199 requirunt
841 5131 1052 5202 legem?
1081 5135 1229 5190 Viam
1273 5140 1415 5193 enim
1445 5137 1715 5208 Scriptura
1763 5157 1904 5212 pra:-

319 5228 472 5286 cepta
502 5217 597 5274 Dei
626 5220 762 5276 solet
799 5223 1098 5292 appellare;
1151 5227 1195 5280 si
1225 5227 1290 5282 de
1338 5229 1516 5298 priore
1561 5230 1906 5288 Testamento

322 5310 648 5379 loqueretur,
668 5325 777 5367 non
799 5311 1040 5381 dixisset,
1060 5315 1388 5373 Annuntiabit
1413 5319 1556 5376 nobis
1571 5336 1591 5375 :
1615 5322 1740 5378 illud
1761 5325 1904 5380 enim

321 5409 436 5454 erat
467 5402 714 5459 omnibus
741 5405 1324 5478 manifestum,planum
1354 5421 1408 5466 et
1434 5423 1641 5468 notum.

389 5490 546 5546 Aliud
573 5493 774 5566 insigne
809 5507 985 5550 contra
1021 5497 1234 5553 Judreos
1259 5488 1630 5572 argumentum.
1659 5534 1732 5544 —
1755 5504 1904 5572 Quod

322 5592 500 5640 autem
529 5587 642 5643 haec
670 5604 774 5644 non
805 5592 1041 5660 captiose
1067 5592 1328 5659 dicamus,
1358 5610 1477 5664 quae
1505 5595 1644 5650 dicta
1674 5609 1794 5650 sunt
1822 5600 1904 5653 vel

321 5672 800 5745 impudentiorihus
823 5685 978 5740 fidem
1000 5685 1175 5742 facere
1196 5696 1437 5758 possunt.
1453 5687 1584 5756 Quia
1604 5691 1745 5745 enim
1766 5691 1908 5748 viam

2030 359 2233 405 tantum
2261 352 2596 417 memoravit,
2619 351 2748 410 dicit
2772 366 3015 424 quamam
3047 351 3132 408 illa
3157 351 3226 408 sit
3253 351 3356 418 via,
3387 349 3617 422 ejusque

2028 442 2192 497 multa
2232 444 2384 514 ponit
2412 445 2657 514 insignia.
2690 444 2970 516 Subjungit
2997 459 3125 515 ergo
3156 461 3170 498 :
3202 441 3343 524 Nam
3378 442 3442 496 de
3485 442 3618 496 Sion

2028 533 2180 588 exibit
2207 534 2306 602 lex,
2340 545 2386 588 et
2430 536 2632 590 verbum
2671 535 2880 591 Domini
2923 537 2986 590 de
3013 534 3319 590 Jerusalem.
3369 532 3450 588 Ad
3498 531 3617 586 haec

2027 625 2195 681 Judari
2223 642 2383 698 supra
2428 629 2644 683 modum
2691 629 3025 700 impudentes
3055 644 3122 683 ne
3165 628 3372 684 hiscere
3397 625 3612 697 quidem

2029 727 2296 788 poterunt.
2324 720 2476 789 Quod
2507 722 2651 776 enim
2683 721 2800 776 haec
2823 721 2890 776 de
2914 721 3060 776 Novo
3091 721 3436 777 Testamento
3472 718 3613 774 dicta

2027 811 2154 876 sint,
2179 821 2233 866 et
2265 828 2333 868 ex
2359 813 2498 882 loco,
2531 823 2584 869 et
2608 829 2675 870 ex
2711 821 2973 884 tempore,
3019 823 3070 869 et
3113 829 3179 869 ex
3209 814 3276 868 iis
3304 811 3396 882 qui
3437 811 3610 880 legem

2027 913 2366 974 receperunt,
2398 914 2454 961 et
2479 921 2544 961 ex
2567 907 2732 978 gestis
2753 917 2874 978 post
2897 907 3093 976 legem,
3117 913 3175 961 et
3195 920 3262 960 ex
3287 903 3435 959 omni
3461 911 3612 972 parte

2025 996 2238 1052 demum
2287 998 2473 1053 videre
2513 1007 2614 1054 est.
2653 999 2834 1055 Primo
2862 1013 2928 1054 ex
2966 997 3105 1064 loco,
3149 1013 3213 1052 ex
3256 1003 3437 1051 monte
3479 993 3609 1048 Sion

2026 1105 2238 1160 nempe.
2271 1090 2380 1146 Lex
2407 1091 2551 1146 enim
2596 1108 2690 1162 per
2730 1092 2963 1162 Moysem
3001 1091 3106 1146 lata
3155 1091 3206 1143 in
3255 1098 3434 1142 monte
3462 1085 3611 1142 Sinni

2025 1182 2319 1251 majoribus
2348 1184 2583 1253 ipsorum
2613 1183 2735 1238 data
2779 1184 2898 1238 fuit.
2925 1182 3032 1238 Cur
3059 1195 3186 1251 ergo
3216 1179 3302 1234 hic
3339 1177 3490 1243 dicit,
3530 1175 3611 1229 De

2027 1270 2196 1327 Sion?
2223 1273 2409 1344 Neque
2432 1274 2537 1330 hoc
2565 1276 2695 1330 satis
2723 1275 2928 1340 habuit,
2959 1271 3055 1329 sed
3081 1271 3240 1327 etiam
3270 1279 3481 1339 tempus
3509 1266 3607 1320 ad-

2018 1364 2169 1435 jecit.
2196 1366 2310 1421 Non
2341 1368 2486 1422 enim
2511 1367 2664 1432 dixit,
2686 1367 2857 1421 Exivit
2884 1366 2990 1429 lex,
3017 1363 3132 1426 sed,
3153 1362 3322 1416 Emibit
3344 1361 3446 1424 lex,
3465 1359 3606 1430 quod

2023 1465 2107 1511 est
2154 1456 2317 1512 l'uturi
2365 1458 2647 1528 temporis,
2671 1461 2750 1515 rei
2771 1457 3006 1512 nondum
3052 1464 3231 1525 gestae.
3265 1453 3399 1508 Cum
3429 1461 3606 1506 autem

2025 1547 2141 1603 haec
2166 1549 2424 1618 propheta
2453 1549 2676 1615 diceret,
2704 1563 2736 1602 a
2774 1550 2955 1604 multis
2990 1549 3101 1617 jam
3149 1547 3304 1600 annis
3349 1544 3439 1600 lex
3483 1543 3604 1597 data

2023 1638 2198 1695 fuerat
2215 1657 2230 1696 :
2258 1640 2390 1696 Novi
2411 1656 2540 1697 vero
2555 1641 2881 1697 Testamenti
2908 1641 2992 1696 lex
3016 1650 3134 1710 post
3161 1637 3418 1709 plurimos
3436 1651 3606 1690 annos

2022 1730 2197 1788 danda
2226 1741 2360 1788 erat.
2389 1733 2516 1790 ideo
2545 1749 2650 1790 non
2676 1733 2830 1800 dixit,
2861 1733 3057 1798 Exivit,
3086 1731 3201 1797 sed,
3230 1728 3422 1794 Exibit,
3447 1726 3500 1782 id
3523 1739 3607 1785 est

2022 1813 2330 1893 posteaXAc
2355 1840 2564 1880 rursum
2594 1825 2662 1881 ad
2688 1827 2864 1882 locum
2900 1826 3075 1895 ipsum
3118 1821 3356 1892 confugit
3379 1819 3602 1875 dicens:

2022 1916 2091 1970 Et
2133 1918 2335 1972 uerbum
2373 1916 2582 1973 Domini
2609 1919 2673 1974 de
2693 1917 2998 1972 Jerusalem.
3045 1920 3307 1971 Accumte
3337 1911 3492 1967 nobis
3519 1911 3604 1966 hic

2019 2008 2152 2064 Novi
2186 2008 2514 2066 Testamenti
2539 2011 2747 2082 insigne
2772 2009 2941 2080 ponit.
2970 2007 3100 2063 Nam
3128 2005 3288 2062 modo
3326 2005 3380 2059 in
3424 2013 3604 2058 monte

2019 2102 2235 2170 sedens,
2260 2103 2508 2158 sublimia
2542 2110 2600 2158 et
2623 2102 2786 2156 ‘caelis
2819 2100 2978 2172 digna
3009 2105 3273 2169 prmcepta
3317 2097 3436 2164 lege
3473 2109 3602 2148 san-

2018 2195 2212 2262 ciebat,
2239 2194 2400 2251 modo
2429 2195 2483 2249 in
2523 2195 2823 2251 Jerusalem
2865 2208 3088 2249 versans
3117 2192 3344 2262 idipsum
3387 2187 3601 2260 agebat.

2017 2286 2150 2342 Cum
2189 2287 2415 2344 dixisset
2439 2304 2569 2359 ergo
2592 2298 2648 2343 et
2669 2289 2846 2343 locum
2884 2298 2940 2343 et
2961 2296 3190 2357 tempus,
3222 2284 3404 2354 adjicit
3431 2291 3487 2338 et
3507 2297 3602 2338 eos

2017 2378 2109 2449 qui
2155 2378 2302 2433 illam
2330 2379 2602 2449 accepturi
2629 2387 2786 2434 erant
2814 2377 3020 2448 legem,
3052 2375 3284 2446 undique
3329 2373 3600 2430 contradi-

2015 2473 2250 2527 centium
2277 2486 2371 2526 ora
2395 2486 2679 2527 consuens.
2703 2471 2931 2539 Quinam
2960 2484 3090 2540 ergo
3125 2469 3272 2522 illum
3299 2465 3599 2536 suscepturi

2015 2562 2204 2617 erant?
2234 2578 2360 2617 num
2404 2562 2748 2618 Hebraeorum
2797 2561 2974 2631 potius
3021 2558 3248 2630 populus
3289 2567 3346 2612 et
3385 2556 3600 2612 Judaei"

2014 2653 2360 2723 Nequaquam
2381 2694 2398 2720 ,
2427 2653 2524 2709 sed
2543 2654 2633 2724 qui
2663 2669 2732 2709 ex
2762 2652 3031 2723 gentibus.
3060 2650 3184 2706 Ideo
3210 2649 3416 2704 intulit:
3443 2649 3498 2702 4.
3526 2644 3597 2700 Et

2005 2746 2259 2818 judicabit
2306 2747 2438 2800 inter
2482 2755 2672 2817 gentes.
2724 2744 2855 2799 Illud
2886 2743 3030 2799 enim
3061 2741 3294 2796 maxime
3329 2740 3398 2794 ad
3427 2740 3596 2810 legent

2014 2839 2298 2910 pertinet‘,
2315 2839 2556 2910 judicare
2571 2838 2638 2894 de
2659 2839 2764 2892 illis
2782 2837 2871 2907 qui
2901 2836 3068 2906 ipsam
3090 2835 3421 2905 impugnant.
3443 2833 3596 2899 Quod

2012 2942 2190 2988 autem
2221 2931 2307 2987 hic
2346 2947 2454 2988 non
2482 2946 2663 2988 sermo
2705 2931 2779 2986 sit
2821 2929 2889 2985 de
2915 2928 3090 2984 Veteri
3119 2927 3484 2992 Testamento,
3529 2939 3598 2980 ex

2013 3024 2142 3094 ipsis
2169 3025 2328 3080 rebus
2357 3025 2528 3095 palam
2555 3033 2656 3080 est.
2701 3022 2818 3079 Non
2844 3023 2986 3078 enim
3015 3021 3292 3075 sabbatum
3332 3019 3597 3075 observa-

2012 3134 2152 3185 mus,
2183 3119 2646 3174 circumcisionem
2676 3131 2783 3172 non
2812 3114 3146 3179 admisimus,
3175 3130 3283 3168 non
3313 3113 3449 3168 festa
3479 3112 3597 3166 illo-

2010 3227 2153 3278 rum,
2185 3225 2290 3266 non
2319 3209 2464 3265 aliud
2509 3209 2778 3280 quidpiam
2826 3223 2894 3263 ex
2939 3205 3231 3262 veteribus.
3280 3203 3598 3260 Audivimus

2011 3306 2153 3362 enim
2181 3305 2404 3360 Paulum
2431 3303 2697 3359 dicentem
2732 3319 2746 3356 :
2792 3301 2852 3357 Si
2879 3298 3332 3365 circumcidamini,
3364 3297 3596 3354 Christus

2009 3399 2148 3454 vobis
2176 3397 2306 3452 nihil
2337 3397 2558 3467 proderit
2589 3394 2729 3468 (Gal.
2759 3396 2811 3451 5.
2837 3394 2893 3464 2)
2918 3411 2931 3447 :
2963 3404 3038 3459 et,
3083 3393 3203 3447 Dies
3231 3392 3521 3457 obseruatis,
3547 3402 3595 3446 et

2011 3508 2223 3557 menses,
2253 3500 2302 3546 et
2326 3500 2572 3562 tempora,
2601 3499 2646 3543 et
2675 3489 2876 3542 annos?
2923 3487 3094 3566 Timeo
3131 3503 3195 3542 ne
3233 3491 3364 3559 forte
3402 3488 3595 3557 frustra

2011 3583 2344 3638 laboraverim
2390 3583 2446 3636 in
2483 3581 2621 3636 uobis
2647 3579 2790 3652 (Gal.
2816 3581 2870 3636 4.
2901 3580 3012 3649 10).
3061 3578 3211 3635 Unde
3262 3578 3426 3648 liquet
3455 3579 3595 3634 lmnc

2010 3688 2313 3730 sermonem
2355 3669 2426 3728 de
2449 3672 2598 3728 Novo
2643 3687 2785 3737 esse,
2825 3672 2948 3741 quia
2989 3675 3128 3727 inter
3167 3681 3352 3740 gentes
3389 3669 3598 3740 judica-

2010 3766 2086 3820 vit
2106 3765 2203 3836 (a),
2233 3763 2684 3836 quemadmodum
2714 3772 2770 3819 et
2795 3763 2992 3818 Paulus
3016 3763 3089 3817 ait
3115 3779 3130 3816 :
3160 3762 3230 3815 1η
3266 3763 3348 3816 die
3389 3761 3595 3834 quando

2001 3855 2251 3928 judicabit
2268 3854 2404 3910 Deus
2423 3854 2616 3908 occulta
2637 3854 2896 3908 hominum
2917 3853 3091 3922 (Rom.
3109 3852 3165 3907 2.
3189 3851 3296 3925 l6).
3314 3851 3596 3918 Quomodo

2006 3949 2304 4021 iudicabit?
2333 3947 2420 4002 die
2462 3947 2616 4014 mihi,
2640 3962 2708 4001 an
2751 3946 3042 4002 secundum
3066 3945 3232 4000 Vetus
3277 3945 3595 4001 Testamen-

2013 4043 2162 4098 tum?
2205 4043 2362 4098 Nullo
2390 4040 2570 4110 modo,
2601 4041 2697 4098 sed
2723 4041 3014 4097 Secundum
3049 4039 3384 4111 Evangelium
3407 4055 3590 4094 meum.

2010 4135 2207 4191 Viden’
2235 4135 2396 4191 verba
2428 4135 2658 4201 diversa,
2690 4133 2982 4189 sententias
3007 4141 3186 4186 autem
3216 4132 3354 4187 inter
3378 4145 3437 4186 se
3460 4145 3593 4186 con-

2011 4227 2340 4284 sentientes?
2375 4227 2537 4282 lsaias
2563 4226 2692 4281 dicit
2719 4241 2733 4279 :
2760 4224 3020 4279 Judicabit
3051 4224 3182 4278 inter
3205 4233 3412 4295 gentes;
3456 4222 3595 4278 Pau-

2014 4321 2098 4375 lus
2146 4320 2242 4386 ait,
2290 4318 2553 4372 Judicabit
2599 4316 2875 4371 secundum
2924 4313 3258 4387 Evangelium
3304 4330 3489 4368 meum.
3527 4313 3595 4368 Et

2011 4421 2188 4482 arguet
2219 4410 2463 4482 populum
2491 4409 2742 4471 multant;
2768 4408 2904 4464 bella
2931 4416 3177 4480 gerentes
3200 4416 3256 4464 et
3293 4416 3593 4478 transgres-

2011 4516 2182 4557 sores.
2231 4501 2299 4555 Et
2335 4500 2440 4556 hoc
2463 4499 2741 4555 declarans
2764 4498 3268 4555 ChristuS'dicebat
3297 4517 3311 4554 :
3343 4497 3466 4552 Non
3504 4514 3596 4569 ego

2006 4595 2246 4666 iudicabo
2273 4610 2379 4655 vos.
2406 4593 2494 4649 sed
2521 4610 2703 4660 sermo,
2743 4611 2891 4667 quem
2933 4594 3166 4664 loquutus
3203 4611 3336 4659 sum,
3373 4593 3482 4662 ipse
3509 4607 3595 4647 vos

2002 4687 2275 4758 judicabit.
2305 4686 2367 4740 Et
2388 4687 2650 4740 concident
2679 4687 2878 4758 gladios
2895 4701 3013 4740 suos
3033 4686 3086 4739 in
3107 4697 3300 4749 aratra,
3320 4693 3368 4738 et
3392 4684 3596 4738 lanceas

2010 4796 2129 4835 suas
2171 4780 2225 4834 in
2269 4780 2445 4851 falces.
2497 4778 2567 4834 Et
2612 4795 2713 4834 non
2757 4780 2970 4850 accipiet
3011 4795 3133 4850 gens
3176 4787 3354 4832 contra
3399 4786 3597 4848 gentem

2010 4874 2259 4943 gladium.
2292 4883 2468 4928 etnon
2495 4875 2633 4928 ultra
2673 4875 2866 4929 discent
2891 4873 3117 4945 prwliari
3148 4872 3325 4941 (Joan.
3355 4871 3444 4928 1S.
3477 4872 3593 4940 48).

2010 4965 2129 5020 Non
2157 4967 2287 5021 satis
2310 4964 2460 5020 fuere
2485 4965 2758 5037 prophetae
2789 4965 2964 5035 priora
3008 4964 3181 5034 signa.
3209 4963 3371 5018 Multa
3401 4963 3599 5034 quippe

2012 5067 2098 5114 est
2122 5059 2361 5113 veritatis
2405 5057 2650 5113 facultas.
2676 5057 2800 5113 ldeo
2827 5056 2970 5112 aliud
3013 5055 3190 5126 posuit
3230 5054 3363 5110 Novi
3407 5054 3597 5109 Testa-

2009 5151 2176 5206 menti
2206 5150 2459 5207 indicium
2487 5166 2581 5221 per
2607 5159 2775 5205 totum
2801 5148 2985 5205 orbem
3012 5147 3298 5218 refulgens.
3319 5145 3598 5216 Quodnam

2077 5331 2094 5360 ι
2128 5333 2272 5397 Juxta
2291 5324 2530 5397 savilium,
2555 5324 2732 5397 melius
2768 5323 3103 5397 l_egetur,had.
3123 5317 3599 5397 judicanpertinjet,

2011 5403 2176 5453 quam,
2202 5389 2268 5453 qd
2292 5388 2444 5453 legem
2466 5383 2687 5453 pertinet,
2711 5387 2802 5436 sed
2821 5383 2874 5436 in
2899 5385 3044 5435 nullis
3064 5383 3172 5435 sive
3201 5391 3310 5432 Mss.
3347 5383 3455 5432 sive
3478 5383 3600 5434 ﬁdit.

2012 5449 2143 5517 prior
2166 5449 2552 5517 adferturlectio.
2685 5508 2698 5517 _
2853 5509 2866 5517 _
3067 5506 3077 5517 .
3136 5505 3196 5517 .-
3372 5512 3382 5517 -
3484 5507 3490 5514 -
3552 5504 3582 5517 --

2074 5512 2148 5576 (ᾳ)
2183 5513 2268 5560 Hic
2291 5512 2417 5560 forte
2441 5511 2662 5560 videatur
2685 5508 2969 5576 legendum,
2994 5506 3107 5572 quia
3128 5505 3259 5576 inter
3274 5512 3437 5567 gentes
3463 5504 3602 5576 judi-

2012 5568 2174 5640 cabii;
2197 5586 2305 5621 nam
2328 5585 2438 5636 qua:
2460 5568 2815 5640 sequuntur'ad
2837 5568 3016 5640 borum
3037 5568 3412 5640 explicationem
3435 5568 3602 5640 alla_ta,

2012 5638 2228 5696 futurum
2269 5633 2461 5695 tempus
2499 5633 2738 5696 indicant;
2764 5633 2851 5684 sed
2893 5635 3001 5683 sine
3033 5633 3316 5696 auctoritate
3340 5635 3598 5694 exempla-

2017 5697 2144 5746 rium
2164 5695 2284 5745 nihil
2301 5693 2486 5749 mutare
2509 5693 2761 5746 audemus.
