4018 6212
634 335 708 392 33
1406 336 1463 392 S.
1501 336 1780 392 JOANNIS
1809 334 2291 392 CHRYSOSTOMI
2327 337 2641 395 ARCHIEP.
2689 337 3222 396 CONSTANTINOP.

637 469 806 523 ρεσις.
827 451 992 504 Ὀταν
1018 444 1125 523 γάρ
1148 450 1317 504 ταῦτα
1343 451 1582 521 γένηται,
1611 452 1763 522 φησί,
1790 451 2021 519 τοσαύτη
2055 449 2278 520 λήψεται

633 539 858 608 εὐνομία
887 538 985 608 τὴν
1002 537 1341 608 οἰκουμένην,
1369 537 1442 599 ὡς
1474 538 1566 589 καί
1601 538 1738 589 αύτά
1763 536 1830 588 τὰ
1859 537 1997 588 ὅπλα
2030 536 2096 588 τά
2124 537 2280 588 πολε-

637 625 772 694 μικά
816 626 894 687 εἰς
924 625 1200 694 γεωργικὰ
1234 623 1586 693 χαλκεύεσθαι
1614 623 1846 692 δργαναο
1885 623 2018 692 ὅπερ
2047 623 2138 674 ἐπὶ
2165 621 2274 676 τῶν

633 710 840 781 καιρῶν
867 711 975 764 τῶν
1003 711 1266 763 Ἰουδαίων
1298 709 1396 761 ούκ
1413 708 1478 762 ἄν
1503 725 1584 771 τις
1611 708 1707 760 ίὸοι
1736 707 2113 778 γεγενημένον,
2141 708 2274 761 ἀλλά

631 798 934 852 τούναντίον
955 798 1118 851 ἅπαν.
1139 797 1212 850 Ού
1234 796 1341 868 γάρ
1359 796 1619 848 διέλειπον
1641 796 1851 849 ᾶπαντα
1880 795 1978 863 τῆς
2007 794 2275 858 πολιτείας

570 911 580 930 .
631 883 810 935 αὐτῶν
843 883 932 936 τὸν
969 884 1155 953 καιρὸν
1199 883 1555 952 πολεμοῦντες
1598 881 1692 935 καὶ
1722 881 2138 951 πολεμούμενοι,
2177 883 2270 934 καί.

628 967 716 1020 διά
749 968 958 1038 μακροῦ
989 970 1082 1021 καὶ
1120 969 1186 1021 δι’
1225 968 1401 1036 ὀλίγου
1433 969 1540 1021 τῶν
1573 967 1840 1037 πολεμίων
1875 968 2053 1030 αὐτοῖς
2089 967 2269 1019 ἐπιόν-

629 1072 756 1108 των.
794 1055 1044 1125 Καὶιγάρ
1080 1057 1128 1108 οί
1159 1057 1217 1108 ἐν
1249 1057 1384 1126 αὐτῇ
1417 1055 1487 1126 τῇ
1525 1053 1853 1126 Παλαιστίνῃ
1880 1052 2088 1123 χαλεπά
2127 1053 2270 1125 πρά-

628 1149 812 1211 γματα
833 1141 1102 1213 παρέσχον
1123 1143 1302 1204 αὐτοῖς
1325 1140 1600 1204 πολλάκις,
1630 1141 1722 1193 καί
1743 1128 1870 1210 περὶ
1896 1139 2003 1193 τῶν
2033 1140 2269 1210 ἐσχάτων

636 1227 1019 1298 ἐπεκρέμασαν
1047 1227 1284 1281 κίνδυνον
1305 1239 1354 1279 ι.

696 1389 758 1436 ε’.
790 1383 900 1436 Καὶ
925 1381 1094 1435 ταῦτα
1126 1382 1274 1452 δηλοῖ
1307 1381 1402 1450 μέν
1435 1382 1470 1453 ή
1490 1380 1596 1433 τῶν
1626 1379 1907 1450 βασιλειῶν
1934 1378 2138 1449 ἱστορία
2169 1394 2263 1433 σσ-

625 1469 762 1536 φῶς,
789 1470 881 1540 ὅλη
913 1469 981 1522 δι’
1021 1469 1146 1538 ὅλης
1180 1471 1244 1522 ἐκ
1285 1468 1532 1538 πολέμων
1567 1467 1895 1537 ὑφαινομένη
1921 1485 1934 1498 ·
1963 1465 2178 1536 δηλοῦσι
2209 1466 2266 1519 δέ

622 1556 671 1606 οί
702 1556 972 1625 προφῆται
1002 1555 1219 1618 πάντες,
1244 1554 1313 1606 τά
1334 1553 1594 1624 γενόμενα
1619 1552 2045 1621 ἀπαγγέλλοντες
2071 1551 2262 1614 ταῦτα,

622 1643 713 1695 καί
749 1643 874 1712 πρὶν
903 1641 934 1710 ἦ
958 1639 1204 1710 γενέσθαι
1226 1639 1732 1709 προαναφωνοῦντες
1749 1656 1763 1671 ο
1791 1639 1881 1692 καὶ
1906 1638 1964 1702 ἐξ
1987 1639 2174 1708 αὐτῆς,
2190 1637 2263 1701 ὡς

623 1731 813 1792 εἰπεῖν,
841 1729 940 1798 τῆς
965 1728 1190 1798 ⁴ἡμέρας,
1213 1722 1281 1798 ἦς
1311 1726 1698 1796 ἀπηλλάγησαν
1721 1726 1821 1794 τῆς
1843 1725 2150 1791 Αἰγυπτίων
2174 1741 2260 1777 τυ-

622 1815 886 1884 ραννίδος,
913 1816 971 1867 ἐν
1010 1813 1260 1884 πολέμοις
1290 1813 1379 1865 τὸν
1406 1812 1622 1886 ἅπαντα
1645 1810 1834 1880 χρόνον
1868 1811 2120 1865 ἐϐίωσαν.

703 1969 840 2022 Ἀλλ’
875 1968 993 2038 ούχί
1021 1967 1114 2021 νῦν
1151 1967 1337 2030 οὕτως,
1370 1966 1502 2019 ἀλλά
1530 1963 1692 2034 πολλὴ
1717 1963 1855 2016 κατά
1884 1963 1981 2033 τὴν
2007 1964 2260 2034 οἰκουμέ-

619 2073 717 2126 νην
741 2056 949 2125 είρήνη.
966 2055 1027 2108 Εἰ
1045 2055 1100 2107 δέ
1120 2071 1261 2116 τινες
1288 2052 1526 2120 γίνονται
1547 2051 1788 2120 πόλεμοι,
1806 2049 1918 2102 ἀλλ’
1942 2051 2039 2118 οὐχ
2065 2051 2263 2120 ὁμοίως

618 2141 694 2203 ὡς
717 2141 999 2212 πρότερον.
1017 2140 1146 2192 Τότε
1176 2141 1270 2209 μὲν
1294 2138 1402 2208 γάρ
1427 2137 1520 2190 καὶ
1539 2137 1722 2198 πόλεις
1745 2136 1949 2199 πόλεσι,
1974 2138 2065 2188 καὶ
2091 2136 2261 2206 χῶραι

618 2228 841 2298 χώραις,
872 2229 966 2282 καί
999 2227 1158 2295 δῆμοι
1203 2225 1629 2297 συνερρήγνυντο
1660 2225 1870 2294 δήμοις,
1901 2223 1993 2275 καὶ
2025 2223 2171 2286 ἔθνος
2203 2223 2260 2275 ἐν

617 2316 697 2377 εἰς
727 2312 896 2366 πολλὰ
925 2311 1226 2381 διετέμνετο
1257 2311 1411 2380 μέρη.
1452 2308 1567 2381 [25]
1611 2310 1720 2361 Καὶ
1758 2308 1849 2361 τοῦ
1884 2308 2055 2377 Ἰησοῦ
2090 2307 2152 2360 τὸ
2181 2307 2259 2376 βι-

619 2400 760 2453 ϐλίον
783 2417 868 2462 τις
902 2398 1164 2466 ἀναγνοὺς
1201 2400 1296 2449 καὶ
1334 2396 1442 2448 τῶν
1487 2394 1721 2465 Κριτῶν,
1755 2393 1955 2447 είσεται
1992 2394 2187 2456 πόσους
2222 2395 2255 2464 ή

617 2485 940 2555 Παλαιστίνη
966 2485 1023 2536 ἐν
1054 2483 1244 2554 βραχεῖ
1265 2482 1529 2552 πολέμους
1554 2481 1674 2532 τότε
1705 2480 1915 2546 ἐδέξατο
1937 2479 2129 2550 καιρῷ.
2151 2481 2259 2532 Καὶ

615 2575 676 2626 ού
705 2572 861 2625 τοῦτο
887 2571 1045 2642 μόνον
1062 2565 1130 2640 ἦν
1156 2569 1216 2622 τὸ
1248 2568 1500 2639 χαλεπὸν,
1525 2567 1635 2620 ἀλλ’
1661 2568 1743 2619 ὅτι
1780 2567 1985 2628 πάντας
2015 2566 2152 2618 ὅπλα
2180 2567 2259 2618 τί-

615 2658 842 2710 θεσθαιι)
863 2660 890 2710 ό
917 2656 1075 2725 νόμος
1104 2653 1373 2719 ἐκέλευσε,
1402 2654 1496 2706 καὶ
1525 2652 1696 2713 οὐδεὶς
1721 2651 1914 2721 ἀτελὴς
1933 2651 2132 2720 ταύτης
2158 2653 2256 2721 τῆς

613 2744 948 2815 λειτουργίας
981 2738 1068 2815 ἦν.
1108 2742 1214 2796 Καὶ
1243 2741 1302 2795 ού
1332 2740 1480 2812 παρά
1524 2731 1812 2802 Ἰουδαίοιᾷ
1840 2737 1996 2810 μόνον
2041 2733 2191 2803 οὗτος
2227 2741 2254 2793 ό

613 2831 773 2901 νόμος
804 2831 1039 2901 ἐκράτει,
1060 2829 1192 2883 ἀλλά
1212 2830 1305 2882 καὶ
1327 2827 1597 2896 πανταχοῦ
1619 2830 1714 2897 τῆς
1743 2825 2062 2896 οἰκουμένης
2082 2844 2095 2857 ο
2122 2829 2253 2880 ὅπου

613 2936 674 2986 γε
698 2919 790 2971 καὶ
819 2919 1043 2988 ῥήτορες
1067 2917 1158 2968 καί
1183 2913 1451 2983 φιλόσοφοι
1474 2913 1730 2982 ἐξωμίδος
1751 2912 1910 2965 πλέον
1937 2913 2085 2965 ούδέν
2111 2913 2256 2982 ἐχον-

609 3023 720 3068 τες,
750 3004 982 3074 πολέμου
1011 3002 1315 3064 καλοῦντος,
1345 3001 1437 3054 καὶ
1464 2999 1660 3052 ἀσπίδα
1688 3000 2134 3069 μετεχειρίζοντο,
2159 3001 2252 3053 καὶ

609 3093 700 3146 ἐπὶ
727 3089 1078 3162 παρατάξεως
1110 3091 1341 3142 ἵσταντο.
1378 3087 1436 3140 '0
1482 3086 1610 3155 γοῦν
1648 3086 1774 3157 παρ’
1815 3086 2110 3156 Ἀθηναίοις
2145 3088 2250 3156 μά-

609 3178 764 3232 λιστα
787 3177 1004 3246 λάμψας
1028 3172 1452 3246 ἀπραγμοσύνης
1472 3173 1654 3225 ’ἐνεκεν
1679 3174 1770 3224 καὶ
1806 3171 2112 3240 φιλοσοφίας
2143 3174 2251 3225 Σω-

611 3264 814 3335 κράτης
832 3266 861 3316 ό
876 3261 1247 3332 Σωφρονίσκου
1280 3259 1372 3313 καί
1397 3259 1538 3324 ama
1571 3259 1663 3312 καὶ
1689 3259 1766 3319 δὶς
1785 3258 1875 3310 ἐπὶ
1898 3259 2251 3327 παρατάξεως

605 3351 753 3421 ἔστη.
786 3349 894 3402 Καὶ
925 3348 1032 3400 τῶν
1080 3346 1320 3416 ῥητόρων
1351 3345 1458 3397 τῶν
1505 3344 1629 3412 παρ’
1661 3345 1838 3406 αὐτοῖς
1867 3343 1927 3395 τὸ
1963 3344 2250 3410 κεφάλαιον

606 3436 953 3508 Δημοσθένης
1000 3434 1106 3488 ἀπὸ
1148 3432 1242 3485 τοῦ
1296 3432 1534 3502 βήματος
1565 3431 1656 3482 ἐπὶ
1696 3431 1786 3482 τὸν
1830 3430 2058 3500 πόλεμον
2106 3430 2249 3500 ἐξῄει

605 3524 881 3586 πολλάκις.
912 3524 974 3574 Εἰ
999 3521 1056 3573 δέ
1090 3521 1322 3592 ῥήτορας
1353 3520 1446 3570 καὶ
1480 3517 1794 3586 φιλοσόφους
1822 3517 1993 3579 οὐδεὶς
2021 3517 2248 3588 ἐξῄρητο

605 3611 765 3682 νόμος
789 3609 880 3662 τοῦ
913 3609 1183 3676 πολεμεῖν,
1213 3605 1372 3674 σχολῇ
1402 3621 1464 3671 γε
1492 3603 1674 3672 ἐτερός
1700 3620 1781 3664 τις
1805 3602 1898 3654 τοῦ
1921 3603 1982 3673 δή
1993 3621 2090 3671 μου
2116 3604 2248 3656 ταύ-

601 3715 703 3767 της
731 3695 1011 3766 ἀπήλαυσε
1039 3696 1137 3763 τῆς
1164 3691 1426 3754 ἀτελείας.
1457 3689 1592 3742 Ἀλλ’
1613 3690 1728 3758 ούχί
1754 3689 1955 3742 τούτων
1978 3691 2125 3743 οὐδὲν
2154 3692 2246 3744 νῦν

603 3786 880 3855 γινόμενον
934 3783 1032 3834 ίδοι
1070 3798 1152 3842 τις
1180 3781 1266 3833 ἀν.
1307 3777 1523 3846 Ἐπειδὴ
1563 3777 1667 3844 γὰρ
1703 3779 1730 3829 ό
1772 3779 1872 3846 τῆς
1907 3777 2246 3848 δικαιοσύνης

602 3871 838 3942 ἔλαμψεν
875 3869 1043 3939 ἦλιος,
1087 3867 1179 3920 καί
1215 3864 1396 3927 πόλεις
1440 3865 1534 3916 καὶ
1577 3865 1735 3933 δῆμοι
1777 3863 1869 3915 καί
1903 3863 2026 3934 ἐθνη
2071 3865 2246 3919 πάντα

602 3956 849 4010 τοσοῦτον
891 3953 1150 4022 ἀπέχουσι
1189 3949 1282 4004 τοῦ
1318 3949 1416 4020 ζῇν
1459 3952 1514 4002 ἐν
1558 3948 1818 4010 κινδύνοις
1857 3948 2133 4013 τοιούτοις,
2164 3951 2244 4004 ὅτι

600 4043 721 4096 ούδέ
744 4037 1210 4110 μεταχειρίζεσθαί
1235 4054 1286 4089 τι
1309 4036 1416 4088 τῶν
1441 4035 1746 4104 πολεμικῶν
1769 4035 1964 4097 ἴσασιν,
1984 4036 2096 4088 ἀλλ’
2115 4036 2245 4090 εῖσω

602 4129 808 4184 πόλεων
836 4127 928 4180 καί⁸
955 4125 1146 4194 τειχῶν
1171 4123 1498 4193 καθήμενοι,
1531 4123 1716 4193 πόρρω
1743 4121 1811 4175 τά
1847 4122 1955 4174 τῶν
1994 4121 2244 4192 πολέμων

603 4215 928 4288 μανθάνουσι
958 4213 1270 4284 πράγματα,
1293 4209 1387 4262 καὶ
1411 4209 1577 4278 δῆμος
1605 4208 1748 4271 ἀπας
1771 4210 1826 4261 ἐν
1852 4208 2128 4279 ἐλευθερίᾳ
2153 4209 2240 4278 ζῇ,

599 4307 694 4360 καὶ
731 4305 945 4375 ἀτελείᾳ
985 4305 1080 4370 τῆς
1119 4301 1446 4372 πικροτάτης
1480 4299 1683 4369 ταύτης
1709 4299 2064 4370 λειτουργίας.
2095 4301 2156 4352 Εἰ
2187 4300 2242 4352 δέ

601 4407 703 4444 που
733 4391 825 4442 καί
850 4389 943 4442 νῦν
974 4389 1247 4456 γίγνονται
1276 4387 1518 4456 πόλεμοι,
1548 4387 1734 4456 πόρρω
1765 4404 1862 4438 που
1901 4388 1993 4439 καὶ
2025 4387 2154 4457 πρὸς
2176 4387 2243 4440 τά

601 4478 799 4546 ἔσχατα
822 4478 920 4546 τῆς
946 4473 1228 4544 Ῥωμαίων
1256 4473 1448 4544 ἀρχῆς,
1475 4473 1535 4524 ού
1569 4473 1706 4524 κατά
1741 4473 1890 4526 πόλιν
1917 4473 2008 4525 καί⁵
2041 4473 2238 4543 χώραν,

598 4565 674 4626 ὡς
706 4561 1025 4632 ἔμπροσθεν.
1062 4560 1193 4612 Τότε
1225 4559 1320 4628 μὲν
1353 4559 1480 4629 γὰρ,
1521 4557 1595 4620 ὠς
1621 4557 1787 4628 ἔφθην
1832 4557 2020 4621 εἰπὼν,
2065 4561 2157 4613 καί⁸
2185 4562 2242 4612 ἐν

599 4649 680 4703 ἐνὶ
715 4647 853 4700 ἔθνει
889 4645 1074 4716 μυρίαι
1111 4644 1346 4713 συνεχῶς
1379 4645 1769 4706 ἐπαναστάσεις
1806 4644 2108 4712 ἐγίγνοντο,
2147 4648 2240 4701 καί

599 4735 1009 4806 πολυπρόσωποι
1041 4732 1290 4802 πόλεμοι·
1326 4731 1441 4784 νυνί
1478 4731 1534 4783 δέ
1561 4732 1690 4801 ὅσην
1739 4731 1888 4800 ἣλιος
1937 4733 2107 4804 ἐφορᾷ
2140 4735 2240 4804 γῆν

597 4821 704 4876 ἀπὸ
738 4822 831 4874 τοῦ
867 4820 1128 4891 Τίγρητος
1161 4819 1253 4871 ἐπί¹
1295 4817 1394 4881 τάς
1441 4817 1800 4889 Βρεττανικὰς
1843 4820 2054 4888 νήσους,
2103 4821 2239 4892 αὑτὴ

597 4907 763 4965 πᾶσα,
783 4903 874 4956 καὶ
901 4903 1035 4973 μετά
1055 4902 1254 4971 ταύτης
1277 4901 1468 4970 Λιϐύη,
1491 4903 1582 4952 καί
1609 4901 1898 4968 Αίγυπτος,
1927 4901 2020 4954 καὶ
2045 4901 2242 4954 Παλαι-

597 4991 790 5045 στινῶν
835 4989 1010 5055 ἔθνος,
1052 4989 1246 5059 μᾶλλον
1294 4988 1349 5040 δέ
1395 4989 1536 5041 ἅπαν
1578 4988 1638 5040 τὺ
1677 4988 1779 5040 ὑπὸ
1821 4987 1917 5058 τὴν
1959 4989 2240 5058 Ῥωμαίων

597 5075 767 5148 ἀρχὴν
809 5076 1136 5145 κείμενονοο
1177 5075 1287 5127 ίστε
1319 5075 1376 5128 δέ
1411 5074 1484 5137 ὡς
1531 5068 1685 5126 αῦται
1733 5077 1787 5128 αἱ
1832 5075 2012 5138 πόλεις
2057 5076 2237 5139 ἀδείας

598 5164 924 5221 ἀπολαύουσι
960 5165 1139 5228 πάσης
1161 5204 1175 5227 ,
1219 5166 1354 5237 ἀκοῇ
1404 5166 1528 5228 τοὺς
1573 5165 1836 5232 πολέμους
1880 5167 2238 5236 μανθάνουσαι

655 5404 686 5436 ⁸
708 5401 836 5465 ηερ,
861 5398 966 5464 περὶ
992 5400 1078 5465 τὸν
1115 5400 1333 5465 ἔσχατον
1351 5400 1670 5465 ἐπεκρέμασαν
1692 5401 1931 5465 -κίνδυνοι
1956 5401 2120 5465 Legio
2140 5417 2233 5452 non

592 5463 885 5527 spernexida.
917 5463 1015 5510 Sed
1051 5465 1203 5510 allera
1244 5464 1447 5510 retineri
1471 5463 1668 5524 potest.
1692 5463 1843 5510 Paulo
1880 5473 1987 5524 post
2013 5464 2160 5512 Savil.
2183 5467 2236 5514 ἐκ

593 5527 846 5587 πολεμίων,
888 5523 977 5571 sed
1013 5521 1192 5571 melius
1228 5522 1281 5570 ἐκ
1323 5524 1559 5583 πολέμων,
1631 5530 1684 5572 ut
1728 5524 1834 5584 ipse
1860 5530 1994 5572 nom
2017 5527 2065 5573 in
2111 5539 2237 5574 mar-

593 5586 866 5712 mge‘bﬂa
885 5645 1087 5693 τίθεσθαι
1109 5643 1301 5692 videtur
1341 5641 1632 5712 gigpiﬂrcare,
1673 5657 1811 5693 arma
1831 5658 2004 5712 ponere
2026 5653 2118 5712 λοι
2156 5648 2235 5696 hic

591 5708 688 5772 cf}!
712 5715 850 5772 αηηα
869 5717 1074 5772 ειιηιενε,
1100 5716 1212 5772 ,σεξτ
1231 5708 1381 5754 armis
1413 5708 1675 5772 ipgtruerg,_
1708 5713 1760 5752 ut
1787 5719 1848 5772 εκ
1889 5710 2020 5756 serie
2061 5710 2232 5770 liquet.

607 5761 944 5834 ‘Efcoycjnfga
966 5773 1043 5814 est
1062 5761 1219 5834 οροιία
1240 5777 1328 5834 εσυ
1358 5764 1556 5834 milia»!
1578 5761 1980 5834 phg‘lqsoplgorum.

661 5825 825 5890 {Post
845 5827 1053 5890 κείμενον
1074 5826 1214 5874 deest
1237 5825 1435 5890 aliqdid,
1464 5833 1513 5874 υι
1537 5825 1584 5873 έν
1615 5827 1769 5890 εἰρήνῃ
1808 5828 1971 5888 διάγει,
2006 5829 2079 5877 we]
2117 5828 2230 5890 quid

595 5883 774 5945 :lmﬂe,
795 5883 929 5946 quod
946 5899 1034 5936 nos
1053 5883 1380 5943 expressimus
1403 5883 1791 5948 inlerprctaindo.

2383 452 2560 520 μόνον.
2596 453 2850 508 Ἦδύνατο
2903 455 2998 525 μὲν
3031 454 3138 524 γάρ
3185 453 3278 505 καὶ
3310 453 3377 507 τά
3423 455 3651 524 λείψανα
3696 457 3840 510 καθεῖ

2375 539 2626 608 Χριστὸς,
2668 541 2780 593 ἀλλ’
2809 540 2986 609 ἀφῆκε
3034 539 3403 611 σωφρονισμοῦ
3437 557 3576 605 τινος
3607 541 3840 596 ὑπόθεσιν

2376 626 2691 696 ῥᾳθυμοῦσι,
2712 628 2804 680 καὶ
2834 627 2936 680 ὑπὸ
2958 627 3055 696 τῆς
3077 628 3294 697 εἰρήνης
3325 631 3659 697 χαυνοτέροις
3683 647 3837 699 γινομ

2371 713 2479 765 τῶν
2503 712 2788 784 βαρϐάρων
2818 708 2954 766 εἶναι
2983 712 3080 776 τάς
3112 713 3423 782 ἐπιδρομάς.
3452 714 3560 766 Καὶ
3588 714 3616 765 ό
3645 719 3840 785 προφήτ

2370 799 2481 861 τοῖς
2523 799 2833 868 δυναμένοις
2873 799 3110 870 ἀκριϐῶς
3162 798 3386 850 συνιδεῖν
3419 799 3548 851 αύτδ
3578 799 3728 854 τοῦτο
3766 804 3840 871 ήνί

2373 885 2509 955 ὅπερ
2528 885 2696 955 ἔφθην
2742 885 2928 950 είπὼν,
2957 885 3017 937 τὸ
3072 884 3262 954 μηκέτι
3292 884 3389 946 τὰς
3425 884 3488 936 δι’
3517 885 3693 952 ὀλίγου
3725 888 3840 954 γίγν

2371 971 2778 1034 ἐπαναστάσεις.
2809 971 2883 1023 Ού
2911 969 3017 1040 γάρ
3053 965 3222 1031 εἶπεν,
3243 971 3356 1025 Ούκ
3379 969 3524 1022 ἐσται
3550 971 3777 1040 πόλεμος
3801 992 3839 1025 π

2369 1056 2496 1119 λῶς,
2528 1057 2661 1110 ἀλλὰ
2677 1058 2763 1122 τίς
2795 1060 2876 1112 Οὐ
2894 1057 2980 1126 μὴ
3000 1057 3112 1125 ἄρῃ
3132 1057 3302 1121 ἔθνος
3325 1056 3414 1108 ἐπ’
3445 1057 3617 1123 ἔθνος
3638 1059 3840 1126 μάχαᾳ

2367 1144 2460 1197 καὶ
2490 1143 2586 1214 τὴν
2618 1145 2724 1198 τῶν
2749 1145 2932 1214 δήμων
2965 1143 3266 1215 ἐλευθερίαν
3297 1144 3667 1214 προστέθεικεν
3696 1149 3840 1198 εἰπὼπ

2363 1229 2446 1297 μὴ
2469 1231 2740 1298 μάθωσιν
2764 1231 2851 1284 ἔτι
2878 1231 3190 1299 πολεμεῖν,
3224 1229 3360 1300 πλὴν
3386 1230 3576 1298 ὀλίγων
3612 1231 3716 1283 τῶν
3742 1236 3818 1294 εἰς

2363 1319 2704 1386 τεταγμένων
2749 1319 3111 1388 στρατιωτῶν.
3147 1317 3258 1370 Καὶ
3305 1318 3420 1370 νῦν
3467 1317 3549 1371 σὺ
3571 1357 3584 1379 ,
3621 1321 3655 1371 ό
3685 1316 3840 1384 οἶκος

2377 1403 2611 1470 Ἰακὼϐ,
2651 1403 2849 1470 δεῦτε,
2897 1405 2995 1457 καί
3043 1403 3494 1472 πορευθῶμενέν
3511 1401 3592 1469 τῷ
3604 1407 3840 1479 φωτὶΚιτ

2377 1489 2589 1556 Ἀνῆκε
2618 1489 2726 1558 γὰρ
2753 1490 2859 1543 τὸν
2883 1489 3036 1543 λαὸν
3069 1490 3251 1544 αὐτοῦ
3271 1529 3287 1554 ,
3314 1491 3420 1544 τόν
3449 1487 3613 1544 οἶκον
3643 1493 3745 1545 τοῦ
3773 1495 3840 1546 Ἰο

2375 1575 2702 1644 ’Δπαρτίσας
2724 1575 2821 1646 τὴν
2851 1577 2976 1646 περί
2997 1576 3092 1645 τῆς
3122 1577 3441 1646 Ἐκκλησίας
3466 1579 3812 1648 προφητείαν,
3837 1605 3839 1612 ι

2362 1663 2452 1714 ἐπὶ
2487 1663 2585 1731 τὴν
2614 1662 2851 1732 ἱστορίαν
2878 1662 3206 1732 μεταϐαίνει,
3237 1663 3310 1726 ὼς
3327 1663 3389 1734 δὴ
3418 1663 3524 1716 τῶν
3551 1663 3662 1735 [26]
3697 1665 3840 1718 ἀκολι

2363 1749 2616 1816 ἐχόμενος
2657 1749 2932 1818 ῥημάτων.
2979 1749 3228 1802 Τοιοῦτον
3261 1751 3368 1821 γὰρ
3403 1750 3520 1813 ἐθος
3559 1751 3769 1815 αὐτοῖς,
3825 1771 3840 1820 ι

2362 1835 2466 1886 τῶν
2486 1836 2784 1904 εἰρημένων
2813 1836 3075 1907 ἀσφαλείᾳ
3100 1848 3123 1876 θ
3149 1838 3322 1906 μόνον,
3356 1837 3488 1890 ἀλλά
3522 1840 3614 1890 καί
3646 1839 3720 1908 τῷ
3760 1845 3840 1908 σχί

2359 1921 2459 1990 τῆς
2488 1920 2800 1983 ἀκολουθίας
2824 1922 3131 1986 συσκιάζειν
3164 1921 3258 1992 τήν
3282 1923 3631 1992 προφητείαν.
3663 1925 3840 1993 Διόπεε

2363 2005 2760 2076 ἀπηρτισμένον
2790 2009 2931 2058 ποιεῖ
2954 2007 3042 2059 τὸν
3070 2007 3241 2074 λόγον,
3281 2008 3412 2060 ἀλλά
3439 2008 3514 2071 ὡς
3540 2009 3666 2079 μίαν
3684 2011 3800 2064 τινὰ
3824 2013 3840 2062 ἓ

2362 2091 2566 2161 σειράν,
2607 2091 2751 2144 οὕτω
2775 2092 2910 2162 πρὸς
2953 2093 3050 2164 τὴν
3087 2092 3193 2145 τῶν
3232 2093 3492 2147 Ἰουδαίων
3527 2094 3797 2147 νουθεσίαν
3832 2114 3840 2165 ι

2361 2175 2530 2230 ϐαίνει
2547 2177 2829 2240 πάλιν,καί
2849 2195 2978 2246 φησι
2993 2195 3006 2209 ο
3027 2179 3134 2232 Καὶ
3156 2179 3272 2232 νῦν
3292 2178 3393 2241 σὺ,
3411 2182 3444 2232 ὁ
3462 2180 3624 2246 οἶκος
3636 2181 3740 2234 τοῦ
3771 2183 3840 2235 ’Ῑο

2357 2262 2547 2325 δεῦτε,
2575 2263 2674 2316 καί
2705 2264 3076 2334 πορευθῶμεν
3098 2267 3167 2318 ἐν
3192 2265 3271 2330 τῷ
3301 2267 3441 2334 φωτί
3465 2269 3709 2334 Kvplov‘
3733 2286 3840 2320 tam

2355 2352 2474 2410 ταῖς
2515 2349 2751 2412 ἐντολαῖς
2789 2351 2972 2414 αὑτοῦ,
3007 2351 3084 2420 τῷ
3114 2354 3259 2421 νόμῳ
3286 2353 3478 2405 αὑτοῦ·
3504 2354 3738 2421 Λύχνος
3767 2356 3836 2424 γά

2357 2433 2504 2501 τολὴ
2534 2437 2739 2502 νόμου,
2767 2437 2861 2488 καί
2887 2435 3012 2503 φῶς
3046 2437 3143 2489 καί
3165 2437 3294 2504 ζωὴ,
3326 2439 3423 2491 καὶ
3445 2438 3691 2508 ἐλεγχος
3735 2442 3830 2493 καί

2357 2521 2512 2573 δείαο
2548 2523 2681 2574 καίό
2712 2521 2874 2575 Δαυῒδ
2908 2523 3067 2575 πάλιν
3100 2523 3286 2592 φησίν·
3325 2523 3385 2578 Ἠ
3411 2525 3626 2593 ἐντολὴ
3653 2528 3840 2593 Κυρίοῖ

2369 2606 2606 2676 lam-hc,
2647 2606 2974 2675 φωτίζουσα
3018 2609 3388 2676 ὀφθαλμούς-ο
3429 2611 3540 2674 καὶ,
3588 2613 3823 2680 Λύχνος

2355 2693 2501 2748 ποσί
2534 2710 2650 2763 μου
2694 2697 2727 2749 ὁ
2772 2695 2954 2762 νόμος
2987 2710 3124 2759 σου,
3163 2695 3259 2749 καί
3293 2695 3417 2764 φῶς
3447 2696 3573 2760 ταῖς
3600 2698 3818 2764 τρίϐοις

2355 2781 2461 2833 Καὶ
2482 2780 2752 2849 πανταχοῦ
2778 2780 2917 2832 οὕτω
2937 2781 3026 2833 τὸν
3055 2782 3212 2850 νόμον
3237 2781 3559 2850 καλούμενον
3579 2783 3780 2835 κατίδοι
3802 2800 3839 2834 τι

2353 2867 2508 2920 Οὕτω
2533 2867 2627 2920 καὶ
2652 2867 2858 2930 Παῦλός
2884 2885 3014 2936 φησι
3037 2885 3049 2898 ·
3081 2865 3373 2932 Πέποιθάς
3394 2883 3455 2919 τε
3489 2868 3748 2921 σεαυτὸν
3775 2867 3840 2921 da

2351 2949 2501 3006 εἶναι
2530 2952 2792 3020 τυφλῶν,
2833 2953 2954 3021 φῶς
2979 2952 3096 3006 τῶν
3120 2953 3189 3006 ἐν
3211 2954 3430 3016 σκότει,
3462 2953 3789 3020 παιδευτὴν
3821 2959 3840 3006 ι

2350 3058 2488 3094 νων.
2513 3043 2586 3093 Ού
2618 3041 2724 3109 γὰρ
2755 3039 2925 3102 οὕτως
2958 3042 3012 3093 αἰ
3041 3040 3134 3092 τοῦ
3160 3041 3305 3110 ήλίου
3334 3041 3546 3104 ἀκτῖνες
3569 3055 3840 3110 χειραγωγ

2350 3128 2504 3197 ήμῶν
2533 3125 2626 3180 τοῦ
2660 3127 2906 3197 σώματος
2948 3127 3073 3189 τοὺς
3103 3125 3436 3195 ὀφθαλμοὺς,
3484 3126 3557 3189 ὡς
3589 3128 3644 3178 αἰ
3690 3127 3784 3179 τοῦ
3825 3145 3838 3178 ι

2349 3217 2555 3269 ἐντολαί
2583 3215 2979 3284 καταυγάξουσι
3006 3214 3074 3268 τά
3106 3215 3202 3284 τῆς
3232 3214 3406 3286 ψυχῆς
3434 3215 3673 3286 ὄμματα.

2419 3371 2490 3438 ς’.
2528 3372 2748 3436 Δεικνῢς
2774 3372 2949 3426 τοίνυν
2973 3373 3002 3424 ό
3036 3372 3331 3443 προφήτης,
3371 3372 3452 3423 ὄτι
3482 3371 3574 3422 καί
3601 3370 3705 3440 πρὸ
3733 3370 3832 3437 τῆς

2346 3458 2559 3522 δόσεως,
2598 3459 2690 3512 καί.
2721 3459 2825 3528 πρὸ
2854 3460 2952 3528 τῆς
2983 3457 3230 3528 ἀμοιϐῆς,
3270 3460 3327 3510 ἐν
3353 3455 3498 3524 αὐτῷ
3529 3455 3606 3524 τῷ
3649 3455 3754 3524 πλη
3767 3455 3836 3523 poi

2345 3545 2442 3614 τὴν
2490 3545 2722 3614 ἀμοιϐὴν
2767 3544 3090 3614 παρέχουσιν
3121 3545 3253 3612 ἡμῖν
3292 3542 3348 3595 αἰ
3393 3540 3620 3602 ἐντολαὶ,
3662 3541 3777 3607 φῶς
3821 3559 3836 3592 ι

2346 3629 2617 3683 ἐκάλεσεν.
2643 3630 2851 3699 Ὥσπερ
2884 3630 2990 3698 γάρ
3009 3626 3278 3696 ὀφθαλμὸς
3300 3628 3356 3679 ἐν
3384 3627 3530 3696 αύτῷ
3557 3625 3633 3695 τῷ
3663 3626 3835 3693 φωτίζη

2345 3716 2630 3787 κερδαίνει,
2661 3715 2800 3769 οὕτω
2838 3717 2930 3769 καί
2965 3715 3106 3784 ψυχὴ
3159 3716 3217 3768 ἐν
3259 3713 3405 3783 αύτῷ
3455 3713 3530 3784 τῷ
3579 3713 3834 3766 πείθεσθαι

2344 3803 2490 3872 νόμῳ
2521 3803 2588 3854 τά
2622 3801 2850 3871 μέγιστα
2900 3801 3222 3872 καρποῦται,
3254 3799 3705 3869 ἐκκαθαιρομένη,
3747 3799 3834 3852 καὶ

2344 3889 2467 3952 κίας
2515 3888 2975 3958 ἀπαλλαττομένη,
3023 3888 3118 3941 καί
3165 3888 3298 3958 πρὸς
3347 3887 3514 3957 αὐτὴν
3579 3886 3826 3939 ἀναϐᾶσα

2345 3976 2541 4046 ἀρετήν
2565 3991 2579 4005 '
2631 3975 2814 4045 ὥσπερ
2848 3969 2939 4027 οῦν
2991 3975 3295 4028 τούναντίον
3329 3973 3378 4026 οί
3426 3972 3832 4044 παραϐαίνοντες

2343 4063 2448 4133 πρὸ
2495 4063 2590 4132 τῆς
2618 4061 2886 4124 κολάσεως
2917 4063 2973 4113 ἐν
3010 4061 3157 4130 αύτῷ
3184 4059 3262 4130 τῷ
3295 4059 3650 4130 παραϐαίνειν
3702 4059 3831 4128 δίκη

2342 4148 2510 4213 δόασι,
2540 4149 2646 4201 τῶν
2689 4150 2746 4200 ἐν
2785 4148 2961 4201 σκότει
2991 4145 3308 4216 καθημένων
3345 4145 3668 4215 ἀθλιώτερον
3703 4145 3827 4198 διακ

2343 4253 2442 4298 νοι,
2467 4236 2627 4304 φόϐου
2657 4236 2747 4288 καὶ
2768 4236 2966 4305 τρόμου
2997 4234 3089 4287 καί
3119 4233 3351 4303 πονηροῦ
3374 4233 3633 4303 γέμοντες
3662 4231 3830 4284 συνειξ

2343 4324 2437 4376 καί
2470 4325 2526 4375 ἐν
2549 4321 2860 4391 μεσημϐρία
2888 4321 3026 4392 μέσῃ
3058 4321 3351 4382 δεδοικότες
3382 4319 3473 4373 καὶ
3495 4320 3784 4390 τρέμοντες
3814 4319 3830 4370 ί

2341 4425 2457 4473 τας,
2480 4411 2604 4470 τοὺς
2635 4407 2952 4468 συνειδότας,
2969 4407 3092 4468 τοὺς
3113 4406 3260 4459 οὐδὲν
3283 4406 3603 4467 συνειδότας.
3637 4405 3830 4471 Ἀνῆκε

2342 4494 2448 4547 τὸν
2495 4495 2647 4547 λαὸν
2694 4493 2900 4555 αὐτοῦ,
2940 4492 3045 4544 τὸν
3079 4489 3243 4545 οἷκον
3270 4491 3376 4544 τοῦ
3425 4489 3620 4545 Ἰακώϐ
3639 4508 3652 4521 ο
3685 4492 3830 4543 τουτί

2342 4579 2539 4643 εἴασεν,
2573 4579 2769 4649 ἀφῆκε,
2799 4578 3041 4649 παρεῖδε,
3072 4579 3170 4648 τῆς
3191 4578 3352 4631 αὑτοῦ
3375 4578 3622 4648 προνοίας
3646 4577 3828 4646 ἐγύμνι

2341 4662 2470 4736 Εἶτα
2496 4665 2751 4736 φοϐήσας,
2783 4665 2938 4736 λέγει
2979 4664 3206 4736 καὶῂτὴν
3239 4663 3433 4736 αἰτίαν,
3461 4663 3597 4736 ὥστε
3626 4664 3819 4736 αύτοὺς

2341 4729 2519 4787 θῶσαί
2557 4729 2630 4787 τά’
2674 4729 3029 4803 γεγενημένα.
3071 4729 3175 4796 Τίς
3209 4729 3301 4786 οὖν
3349 4736 3494 4786 ἐστιν
3535 4735 3568 4802 ἡ
3623 4733 3799 4797 αἰτία;

2337 4821 2676 4888 ἐνεπλήσθη
2700 4823 2738 4890 ὴ
2772 4820 2927 4888 χώρα
2966 4819 3160 4874 αὐτῶν
3190 4817 3627 4887 κλῃδονισμῶν,
3673 4819 3754 4884 ὡς
3785 4819 3825 4883 ἡ

2337 4908 2716 4976 ἀλλοφύλων.
2745 4907 3086 4978 Ἐμπροσθεν
3108 4906 3203 4976 μὲν
3235 4906 3342 4976 γὰρ
3363 4905 3664 4974 καπηλείαν
3684 4906 3826 4957 αὑτοῑ

2339 4993 2696 5064 φιλαργυρίαν
2724 4995 2818 5048 καὶ
2847 4994 2954 5047 τῶν
2995 4994 3176 5064 χηρῶν
3225 4993 3519 5062 ὑπεροψίαν
3557 4993 3825 5046 ἐνεκάλει

2339 5081 2508 5135 ταῦθα
2529 5081 2584 5133 δέ
2611 5082 2703 5134 καὶ
2747 5081 2990 5150 δόγματα
3025 5077 3254 5150 πονηρὰ,
3303 5079 3394 5132 καὶ
3431 5078 3682 5141 ἀσεϐείας
3734 5078 3824 5129 λείι

2337 5168 2476 5220 κατὰ
2521 5167 2711 5238 μικρὸν
2748 5167 2940 5229 αὐτοὺς
2973 5165 3305 5234 ύποσύροντα
3338 5165 3471 5234 πρὸς
3511 5165 3606 5234 τὴν
3649 5165 3756 5216 τῶν
3788 5165 3824 5215 δι

2335 5270 2440 5306 νων
2483 5253 2708 5322 πλάνην.
2733 5247 2865 5305 Εἶτα
2892 5251 3308 5321 καθικνούμενος
3334 5251 3532 5313 αὐτῶν,
3578 5251 3676 5302 οὐκ
3715 5247 3824 5302 εἷπε

2337 5339 2729 5412 κλῃδονίζονται
2776 5339 2977 5404 ἀπλῶς,
3032 5337 3142 5391 ἀλλ’
3191 5338 3270 5390 ὃτι
3331 5335 3701 5402 Ἑνεπλήσθη
3745 5337 3783 5402 ἠ
3819 5395 3821 5402 ι

2333 5427 2549 5480 αὐτῶν.
2596 5427 2750 5480 Μετά
2777 5425 2972 5496 πολλῆς
2997 5424 3296 5496 ὑπερϐολῆς
3328 5425 3360 5494 ἡ
3401 5423 3562 5476 κακία
3591 5421 3772 5474 αὐτῶν
3818 5444 3822 5455 ι

2335 5513 2546 5584 ηὔξετο,
2579 5513 2759 5584 φησίν.
2786 5513 2994 5582 Ὥσπερ
3019 5511 3270 5581 ἀνωτέρω
3294 5510 3464 5578 ἔλεγε,
3486 5510 3644 5572 Λαὸς,
3668 5509 3765 5578 οὐχ
3793 5509 3822 5561 ά

2395 5769 2420 5808 τι
2451 5771 2572 5829 Reg.
2609 5773 2660 5816 el
2699 5769 2844 5818 Savil.
2887 5767 2975 5829 ἄρῃ
3014 5768 3137 5820 ἔθνος
3175 5767 3246 5813 ἐπ’
3270 5767 3391 5821 ἔθνος
3429 5765 3675 5828 μάχαιραν,
3720 5771 3820 5812 rec!

2395 5784 2420 5808 α
2454 5784 2520 5818 ne
2561 5805 2572 5818 .
2609 5784 2660 5816 et
2699 5784 2844 5818 bam.
2887 5784 2975 5829 αρῃ
3014 5784 3137 5820 emo;
3175 5784 3272 5813 ur:

2335 5833 2508 5896 Mqr¢|._
2524 5784 2753 5896 ﬁdilione
2775 5831 2846 5896 inf
2866 5831 2989 5883 ἔθνος
3009 5829 3194 5896 deerat.
3264 5889 3272 5896 _

2395 5894 2411 5915 '
2433 5893 2641 5941 Alienus
2663 5891 2924 5952 legendum
2944 5896 3080 5950 putat
3103 5891 3319 5950 ἀααφεῗᾳ.
