4010 6218
487 346 557 406 35
1253 344 1309 401 S.
1341 342 1615 422 JOANNIS
1651 341 2127 439 CllRYSOSTOMl
2165 341 2484 400 ABCHIEP.
2523 343 3054 404 CONSTANTINOP.
3691 355 3757 413 36

484 456 702 533 prohrat
726 472 888 532 prava
917 458 1188 529 dogmata,
1216 465 1272 512 et
1298 457 1588 527 impietatis
1624 457 1909 526 reliquias,
1941 472 2062 527 qua

481 550 737 620 paulatim
770 551 917 621 ipsos
943 549 1010 604 ad
1037 549 1344 605 daemonum
1370 561 1659 604 erroneum
1699 548 1904 603 cultum
1941 565 2066 619 per-

481 640 786 696 trahcbant.
818 640 938 696 Mox
983 640 1107 696 illos
1135 640 1430 705 incessens,
1463 654 1571 693 non
1607 638 1768 694 modo
1797 637 1930 693 dicit
1970 653 2064 694 eos

479 734 716 804 auguriis
739 748 959 805 operam
991 731 1153 799 dare,
1185 731 1280 787 sed
1309 731 1571 800 repletam
1596 730 1662 784 iis
1701 745 1823 786 esse
1865 739 2062 785 terram

479 839 664 880 eorum
693 825 848 896 (Isui.
883 823 931 878 1.
960 823 1037 894 4).
1071 823 1244 891 Supra
1299 823 1516 878 modum
1541 864 1556 889 ,
1599 823 1802 893 inquit,
1833 823 2066 878 accrevit

480 916 713 985 nequitia
751 929 961 971 eorum.
993 913 1454 981 Quemadmodum
1483 929 1647 984 supra
1693 913 1905 969 diccbat
1927 955 1942 980 ,
1969 929 2069 983 ρον-

479 1006 703 1076 pulum,
755 1021 864 1061 non
917 1014 1209 1076 utcumque
1257 1013 1634 1076 peccatorem,
1680 1005 1773 1061 sed
1849 1005 2064 1075 plenum

481 1098 745 1166 peccatis;
767 1099 846 1155 sic
875 1107 931 1153 ct
956 1098 1060 1152 hoc
1087 1097 1210 1154 loco
1235 1137 1251 1165 ,
1285 1097 1500 1168 Repleta
1528 1105 1619 1152 cst.
1647 1096 1854 1153 Exinde
1877 1111 2066 1152 rursus

479 1187 732 1259 probrum
785 1189 1119 1259 ampliﬁcans
1173 1187 1417 1256 addidit,
1451 1188 1597 1244 Sicut
1641 1206 1675 1242 α
1719 1189 1989 1260 principio.
2021 1191 2065 1244 Α

479 1285 729 1356 principio
751 1324 765 1349 ,
796 1283 1176 1355 quandonam?
1201 1281 1423 1349 Quando
1444 1282 1614 1336 Deum
1641 1281 1878 1338 nonduin
1904 1298 2068 1338 nove-

483 1385 634 1441 rant,
667 1377 880 1448 quando
925 1376 1098 1447 legem
1149 1375 1387 1431 nondum
1441 1384 1806 1444 acceperant,
1851 1375 2067 1444 quando

483 1471 866 1525 beneficiorum
891 1469 1008 1540 ejus
1029 1458 1422 1540 experientiam
1473 1467 1707 1522 nondum
1756 1465 2063 1536 habebant,

481 1565 692 1632 quando
707 1578 828 1618 cum
854 1563 1103 1634 gentibus
1120 1564 1388 1630 vivebant,
1406 1562 1549 1632 quod
1569 1572 1825 1622 extrema:
1845 1561 2067 1617 damna-

484 1657 644 1711 tionis
678 1665 818 1721 erat,
845 1655 988 1726 quod
1018 1669 1124 1710 non
1153 1655 1344 1710 melius
1371 1663 1500 1710 tunc
1526 1669 1586 1710 se
1619 1653 1913 1722 haberent,
1947 1662 2068 1724 post

481 1758 681 1804 tantam
702 1749 1090 1820 providentiam
1119 1759 1177 1805 et
1202 1757 1400 1803 tantam
1429 1747 1872 1814 sollicitudinem,
1905 1763 2064 1818 quam

483 1842 517 1895 ii
565 1842 655 1911 qui
697 1842 830 1897 nihil
856 1856 1044 1898 eorum
1082 1844 1398 1913 consequuti
1442 1850 1616 1898 erant.
1671 1842 1779 1898 Sed
1820 1857 1927 1898 non
1981 1843 2069 1898 hic

482 1934 840 1998 stetit,verum
867 1933 1044 1989 denuo
1065 1934 1509 2005 perterrefaciens
1531 1949 1628 1991 eos
1652 1934 1885 2005 adjecit:
1908 1935 2068 2001 Quasi

481 2034 616 2078 terra
659 2025 1056 2095 alienigenarum
1083 2041 1104 2080 :
1149 2025 1250 2081 hac
1293 2027 1697 2096 comparatione
1766 2027 2067 2096 graviorem

481 2115 877 2171 accusationem
929 2130 1146 2186 parans.
1198 2116 1350 2185 Quod
1401 2126 1458 2172 et
1513 2117 1708 2172 Paulus
1761 2118 2070 2188 frequenter

482 2207 660 2264 facere
707 2207 880 2273 solet;
911 2217 969 2264 ut
1013 2218 1070 2264 et
1116 2209 1331 2280 quando
1378 2210 1545 2265 dicit:
1583 2209 1662 2264 De
1711 2209 2069 2265 dormientibus

479 2312 645 2357 autem
669 2302 788 2357 nolo
815 2319 901 2356 vos
923 2304 1159 2374 ignorare
1179 2343 1194 2370 ,
1223 2303 1430 2371 fratres,
1461 2311 1518 2356 ut
1545 2319 1646 2357 non
1680 2302 2064 2371 contristemini,

479 2395 608 2447 sicut
633 2403 679 2448 et
701 2389 873 2448 caueri
897 2396 982 2464 qui
1019 2410 1163 2464 spem
1207 2410 1310 2449 non
1343 2394 1524 2448 habent
1544 2393 1621 2466 (1.
1652 2393 1830 2450 Thess.
1856 2396 1911 2450 4.
1938 2393 2064 2466 12);

481 2500 544 2541 ac
573 2500 788 2541 rursum
820 2504 834 2541 :
871 2485 940 2541 Ut
982 2488 1110 2540 sciat
1155 2487 1497 2557 unusquisque
1538 2495 1755 2542 vestrum
1803 2503 1893 2541 vas
1921 2502 2069 2540 suum

481 2579 737 2651 possidere
759 2582 812 2633 in
840 2580 1238 2649 sanctiﬁcatione
1264 2589 1312 2635 et
1349 2581 1570 2647 honore,
1598 2597 1702 2635 non
1739 2581 1793 2635 in
1834 2580 2070 2650 passione

483 2671 720 2727 desiderii
748 2670 910 2739 (Ibid.
937 2686 985 2724 υ.
1008 2672 1084 2742 4).
1117 2671 1301 2742 Neque
1342 2671 1445 2727 hoc
1495 2680 1778 2727 contentus
1807 2671 1936 2738 fuit,
1972 2670 2068 2727 sed

480 2761 710 2832 adjecit:
733 2761 1173 2826 Quemadmodum
1200 2772 1247 2818 et
1275 2763 1484 2834 reliqua:
1504 2772 1674 2834 gentes
1696 2779 1809 2834 qua:
1829 2765 2068 2834 ignorant

483 2852 650 2908 Deum
672 2851 832 2923 (Ibid.
861 2870 910 2907 υ.
939 2852 1020 2925 5).
1048 2853 1147 2909 llic
1174 2853 1372 2924 quippe
1403 2854 1596 2910 modus
1624 2856 1891 2911 sermonis
1918 2870 2066 2910 mor-

484 2946 613 3003 dere
639 2946 778 3001 solet
803 2947 972 3002 etiam
1001 2961 1095 3001 eos
1120 2947 1212 3017 qui
1246 2945 1536 3001 admodum
1565 2947 1702 3019 lapsi
1733 2955 1878 3002 sunt.
1911 2947 2065 3015 Quod

479 3037 526 3096 si
571 3035 740 3094 Judazi
778 3037 847 3094 de
900 3037 1093 3093 talibus
1134 3048 1474 3105 accusantur,
1506 3053 1666 3109 quam
1716 3054 1815 3096 nos
1850 3040 2066 3095 veniam

481 3145 894 3202 consequemur,
917 3146 1076 3201 quam
1121 3130 1510 3200 defensionem,
1545 3132 1635 3202 qui
1685 3140 1807 3202 post
1862 3139 2065 3188 tantam

479 3223 706 3292 gratiam
735 3230 792 3277 et
821 3221 1144 3278 ineffabilem
1177 3222 1460 3287 honorem,
1490 3238 1749 3294 spemque
1782 3227 2064 3280 immorta-

483 3317 628 3382 lem,
676 3315 730 3369 in
781 3330 994 3385 parem,
1050 3331 1209 3384 quam
1258 3316 1356 3380 illi,
1398 3315 1696 3372 decidimus
1738 3317 2066 3388 inopiam‘?

481 3407 625 3462 Multi
649 3423 876 3478 namque
897 3407 1006 3478 jam
1035 3416 1192 3474 sunt,
1223 3409 1310 3478 qui
1343 3408 1444 3464 hoc
1470 3409 1658 3464 morbo
1685 3407 1949 3477 laborant,
1973 3412 2065 3482 qui

485 3499 649 3555 vitam
699 3513 852 3554 suam
902 3499 1254 3566 labefactant,
1287 3500 1375 3569 qui
1423 3515 1682 3570 augurum
1735 3500 1958 3556 insanire
2005 3516 2066 3557 se

481 3591 704 3659 dedunt,
727 3591 1001 3661 Deumque
1022 3589 1317 3658 offendunt,
1334 3601 1390 3646 et
1415 3591 1714 3661 superﬂuos
1735 3591 1948 3648 dolores
1963 3592 2064 3648 sibi

483 3684 777 3749 lucramur,
794 3691 955 3753 atque
981 3685 1033 3738 in
1061 3683 1335 3740 laboribus
1361 3699 1460 3754 pro
1485 3688 1683 3740 virtute
1705 3685 2064 3755 suscipiendis

479 3775 866 3831 dissolvuntur.
895 3775 1010 3830 Hoc
1050 3776 1195 3831 enim
1240 3777 1458 3832 omnino
1498 3785 1652 3831 curat
1707 3776 1975 3844 diabolus,
2005 3785 2065 3832 ut

482 3870 938 3942 insipientioribus
967 3868 1224 3934 suadeat,
1253 3885 1360 3924 non
1393 3885 1558 3940 penes
1590 3885 1649 3925 se
1680 3884 1800 3925 esse
1837 3879 1928 3924 aut
1958 3870 2062 3923 vir-

481 3971 650 4018 tutem
699 3971 791 4016 aut
835 3961 1234 4032 improbitatem
1285 3962 1472 4029 adire,
1501 3977 1675 4032 neque
1715 3976 1775 4016 se
1819 3962 2064 4017 libertate

482 4054 712 4124 quadam
740 4053 948 4108 arbitrii
980 4053 1273 4108 honoratos
1302 4068 1444 4119 esse,
1471 4053 1585 4108 haac
1613 4051 1720 4108 duo
1756 4053 2062 4123 turpissima

482 4148 740 4218 perﬁcere
769 4147 987 4214 volens,
1011 4156 1071 4202 ut
1101 4147 1315 4202 labores
1343 4161 1441 4216 pro
1469 4147 1665 4202 virtute
1692 4147 2063 4216 suscipiendos

483 4241 687 4308 solvat,
719 4247 773 4296 ct
799 4241 1089 4296 maximum
1132 4240 1262 4296 illud
1298 4240 1560 4296 libertatis
1585 4239 1786 4294 donum
1830 4240 2058 4295 auferat.

482 4333 593 4387 lloc
622 4347 718 4401 per
749 4333 992 4402 auguria,
1025 4332 1126 4387 hoc
1155 4348 1248 4402 per
1267 4333 1451 4386 omina
1478 4330 1556 4405 (a)
1577 4371 1592 4396 ,
1624 4331 1727 4387 hoc
1751 4348 1846 4403 per
1872 4333 2061 4388 obser-

481 4424 750 4478 vationem
777 4423 1006 4490 dierum,
1039 4423 1138 4478 hoc
1170 4440 1265 4494 per
1295 4441 1516 4494 pravum
1546 4426 1636 4480 fati
1663 4425 1855 4496 dogma
1875 4466 1891 4493 ,
1919 4425 2061 4482 hunc

483 4531 700 4585 gravem
739 4517 984 4571 morbum
1033 4531 1131 4586 per
1168 4518 1273 4572 alia
1320 4513 1484 4571 multa
1516 4520 1569 4572 in
1614 4519 1778 4574 vitam
1823 4521 2057 4588 invexit,

545 4699 561 4727 ³
586 4695 840 4768 Inpraaco,
859 4708 944 4759 πρὸς
967 4709 1034 4756 τήν
1054 4709 1165 4757 αὒτήν
1196 4709 1338 4754 ιιιινοις
1370 4709 1650 4768 suffultam“
1673 4709 1808 4747 my.
1831 4703 1966 4768 t-utat
1980 4697 2062 4746 Λι.

478 4758 624 4808 lenus
643 4757 910 4821 legendum
933 4771 1048 4808 esse
1069 4758 1546 4822 «mgygrttequitiam,
1564 4772 1660 4808 non
1676 4773 1810 4816 τινιαν.
1830 4757 2058 4822 inopiam.

477 4827 532 4882 Et
573 4820 894 4882 vere’ump'm
925 4822 1120 4870 omnino
1162 4820 1430 4882 desiderari
1456 4820 1685 4882 videtur.
1728 4828 1838 4869 Nam
1878 4821 1956 4870 bic
1994 4825 2062 4874 ait

479 4879 842 4950 Chrysostomus
866 4895 878 4931 :
913 4882 1046 4942 Quod
1069 4881 1113 4932 si
1133 4881 1298 4932 Judwi
1318 4884 1380 4954 de
1401 4879 1571 4954 talibus
1593 4889 1894 4954 accusantur,
1913 4896 2062 4954 quam

476 4956 562 4993 nos
581 4944 769 5008 veniam
791 4956 1148 5008 consequemur,
1173 4957 1318 5008 quam
1341 4944 1676 5006 defensionem.
1701 4944 1784 5008 qui
1818 4944 1937 5008 post
1954 4949 2062 5008 lan-

477 5012 576 5070 tam
597 5005 803 5068 gratiam
826 5012 871 5055 et
894 5003 1195 5070 inemibilem'
1208 5003 1451 5070 honorem,
1474 5018 1698 5070 spemque
1715 5003 2056 5070 immortalem,

475 5066 528 5131 in
569 5065 737 5131 tierent
770 5079 911 5129 quam
953 5065 1030 5131 illi
1073 5066 1343 5118 decidimus
1377 5065 1508 5131 μήτιν’
1532 5065 1630 5118 sive
1659 5069 1867 5131 τονηρῐανῖ
1898 5069 1952 5119 Id
1985 5065 2062 5121 est

475 5127 703 5192 inopiam,
717 5127 800 5177 aut
821 5128 1097 5192 nequitiam.
1112 5136 1220 5178 Utra
1245 5143 1362 5179 vero
1383 5128 1529 5178 lectio
1549 5130 1704 5192 magis
1724 5127 1930 5192 quadret
1950 5132 2062 5182 hinc

476 5190 819 5255 perspicietur,
842 5191 884 5239 si
925 5191 1232 5255 advertamtts
1271 5192 1350 5241 hic
1391 5192 1484 5255 sibi
1511 5190 1650 5255 velle
1672 5190 2059 5255 Chrysostomum

476 5251 566 5301 nos
588 5253 635 5300 iu
660 5264 823 5314 parem
846 5260 994 5314 atque
1015 5251 1185 5314 ,ιιιᾱωί
1216 5259 1392 5303 statum
1412 5252 1660 5302 decidere.
1679 5251 1791 5310 Quis
1814 5268 1934 5303 vero
1973 5255 2060 5306 ille

476 5314 760 5379 statuscst?
785 5313 876 5362 Ille
900 5313 1025 5379 haud
1057 5314 1205 5363 dubie
1228 5316 1274 5362 in
1298 5329 1445 5378 quem
1468 5328 1611 5379 supra
1633 5314 1756 5364 dixit
1785 5314 2061 5379 Chrysosto-

476 5387 585 5440 mus
620 5374 846 5440 delapsos
875 5376 1064 5425 Judaeos
1087 5389 1217 5433 esse,
1252 5374 1666 5440 iu'cauponariam
1689 5374 2062 5440 neinpe,'avari-

476 5437 611 5503 tiam,
634 5435 911 5503 doginatutn
952 5440 1340 5503 perversitatem,
1383 5435 1690 5503 praestigias:
1729 5435 1906 5500 quibus
1937 5454 2059 5503 prae-

478 5499 640 5545 missis
661 5510 782 5547 sane
808 5499 996 5562 vidctur
1021 5514 1170 5561 πονηρία
1192 5502 1347 5561 magis
1376 5499 1632 5562 quadrare,
1657 5499 1800 5562 quam
1823 5499 1951 5551 κινεαξ
1976 5502 2061 5552 At—

477 5565 636 5627 tamen
661 5560 1011 5627 exemplarium
1034 5560 1247 5627 omnium
1271 5560 1554 5610 auctoritate
1577 5560 1708 5620 moti,
1732 5561 1854 5612 hanc
1878 5570 2061 5627 postre-

476 5632 604 5684 mam
624 5620 882 5670 lectionem
905 5624 1098 5684 sequuti
1120 5636 1300 5684 sumus.

541 5681 615 5746 (a)
646 5685 763 5741 Quid
788 5684 886 5746 sint
925 5681 1204 5746 ilrlapmina,
1241 5683 1459 5744 pluribus
1497 5683 1579 5733 ille
1609 5683 1818 5746 explicat
1843 5688 1889 5736 in
1921 5687 2060 5738 Cate-

477 5740 620 5806 elicsi
650 5740 865 5806 secunda
907 5745 965 5792 ad
991 5740 1340 5806 illumiuandos,
1373 5746 1594 5798 't'om..ll.
1639 5740 1717 5794 tbi
1760 5755 1889 5798 totus
1926 5750 2061 5801 locus

476 5813 585 5855 cum
606 5801 698 5855 hoc
719 5804 1040 5856 wnfercudtts
1065 5813 1155 5864 est.

2173 457 2375 511 nullam
2407 457 2473 512 ad
2504 457 2605 514 hoc
2631 474 2738 514 non
2780 461 3078 516 machinam
3113 477 3359 520 movens.
3389 465 3755 534 Quamobrem

2171 547 2428 616 propheta
2481 549 2826 606 vehementer
2870 552 3034 607 instat
3080 555 3367 622 incusans,
3396 566 3455 618 ut
3504 562 3755 617 morbum

2169 639 2421 696 radicitus
2441 639 2654 695 evellat.
2685 640 2748 694 Et
2774 643 2872 711 filii
2896 645 3042 698 multi
3069 645 3364 717 alienigena
3386 651 3492 703 nati
3517 661 3636 705 sunt
3663 653 3753 708 eis.

2239 731 2290 784 7.
2334 730 2472 796 Quid
2509 740 2609 798 est,
2635 730 2762 786 Filii
2785 734 3127 806 alienigenae?
3156 736 3264 792 Lex
3309 738 3415 794 illis
3460 751 3578 796 erat
3623 743 3754 798 olim

2171 821 2272 874 lata
2325 833 2547 892 propter
2589 825 2755 879 animi
2798 825 3172 898 fragilitatem,
3203 839 3258 886 et
3297 843 3532 889 mentem
3580 835 3755 893 fraudi

2170 922 2558 982 opportunam,
2613 926 2674 970 ut
2720 931 2840 971 cum
2895 920 3044 975 nullo
3093 922 3420 992 reliquorum
3475 925 3754 984 hominum

2169 1002 2482 1059 affinitatem
2530 1006 2949 1075 contraherent,
2991 1026 3059 1066 ne
3113 1013 3420 1082 huiusmodi
3463 1017 3754 1075 afﬁnitates

2171 1089 2460 1163 impietatis
2491 1095 2622 1164 ipsis
2646 1099 2860 1153 occasio
2887 1111 3088 1156 essent.
3117 1103 3250 1171 Quia
3277 1086 3421 1160 enim
3452 1123 3558 1162 non
3589 1108 3754 1164 modo

2171 1185 2305 1239 alios
2327 1187 2601 1256 corrigere
2621 1201 2729 1243 non
2759 1197 3030 1260 poterant,
3055 1194 3147 1248 sed
3171 1210 3346 1265 neque
3362 1196 3748 1261 detrimentum

2170 1278 2239 1333 ab
2277 1279 2433 1346 aliis,
2460 1281 2783 1353 quicumque
2826 1295 3044 1348 essent,
3091 1286 3192 1341 sibi
3253 1288 3599 1357 importatum
3657 1293 3753 1348 de-

2171 1368 2405 1439 pellere,
2428 1371 2544 1442 lege
2571 1373 2717 1444 ipsos
2755 1375 2978 1441 vallatis,
3008 1385 3064 1430 et
3100 1378 3168 1431 ab
3196 1378 3458 1436 afﬁnitate
3482 1398 3606 1439 cum
3633 1387 3754 1440 aliis

2172 1461 2475 1530 abducens,
2510 1467 2738 1521 seorsim
2777 1467 2898 1522 illos
2945 1467 3262 1526 efl‘ormabat
3291 1481 3344 1527 et
3393 1474 3748 1533 instituebat:

2173 1555 2406 1625 optabile
2433 1557 2580 1613 enim
2605 1558 2931 1630 difﬁciicque
2960 1571 3078 1616 erat
3104 1572 3165 1619 ut
3190 1565 3274 1620 vel
3301 1565 3379 1621 sic
3404 1566 3547 1623 ducti
3571 1610 3588 1637 ,
3625 1586 3746 1641 pos-

2172 1658 2290 1703 sent
2336 1664 2554 1705 servare
2595 1651 2929 1723 disciplinam
2962 1670 2992 1708 a
3025 1657 3134 1711 Deo
3182 1657 3282 1712 sibi
3327 1660 3600 1716 traditam.
3645 1665 3750 1719 Sed

2171 1741 2620 1810 quemadmodum
2646 1745 2748 1800 alia
2781 1757 3047 1816 praecepta
3074 1753 3397 1821 transgressi
3421 1765 3568 1821 sunt,
3594 1756 3674 1813 sic
3699 1769 3758 1813 ct

2173 1829 2275 1886 hoc
2299 1843 2628 1905 contempto,
2654 1838 2985 1893 transierunt
3013 1839 3081 1894 ad
3112 1840 3430 1899 affinitatem
3464 1861 3589 1904 cum
3618 1847 3755 1902 vici-

2172 1924 2256 1978 nis
2283 1926 2704 1983 contrahendam
2726 1972 2743 1997 ,
2772 1939 2827 1984 et
2850 1931 3106 1987 uxoribus
3135 1933 3262 1988 inde
3288 1934 3463 1992 ductis
3488 1979 3501 2001 ,
3535 1953 3566 1993 a
3608 1939 3758 1994 Moa-

2172 2013 2300 2070 bitis
2328 2016 2596 2085 videlicet,
2625 2020 2693 2075 ab
2721 2023 3064 2089 Ammonius,
3091 2033 3147 2080 et
3176 2025 3246 2079 ab
3271 2026 3391 2082 aliis
3416 2028 3598 2099 impiis
3625 2047 3756 2101 gen-

2174 2108 2343 2176 tibus,
2367 2110 2606 2182 aliasque
2635 2114 2983 2184 cognationes
3003 2115 3266 2186 amplexi,
3289 2117 3540 2176 doctores
3564 2126 3760 2193 nequi-

2175 2203 2262 2258 tiae
2289 2204 2643 2269 admiserunt,
2664 2216 2720 2261 et
2741 2207 3037 2264 nobilitatis
3061 2209 3311 2266 decorem
3341 2211 3755 2270 labefactarunt.

2174 2295 2287 2350 Hoc
2315 2296 2492 2367 itaque
2536 2313 2657 2354 cum
2701 2299 2824 2355 aliis
2873 2301 3135 2370 propheta
3173 2303 3380 2358 crimen
3421 2304 3671 2360 intentat.
3701 2307 3753 2359 7.

2173 2383 2394 2455 lmpleta
2417 2399 2491 2442 est
2529 2390 2662 2444 enim
2686 2391 2824 2462 regio
2850 2407 3046 2460 eorum,
3075 2393 3276 2464 inquit,
3299 2405 3506 2466 argento
3532 2406 3580 2450 et
3603 2413 3756 2462 auro,

2170 2486 2221 2530 et
2249 2493 2351 2532 non
2377 2487 2484 2532 erat
2508 2495 2744 2534 numerus
2773 2480 3122 2538 thesaurorum
3151 2501 3342 2540 eorum.
3375 2487 3428 2542 8.
3458 2485 3527 2540 Et
3550 2488 3760 2558 impleta

2171 2577 2242 2622 est
2281 2578 2416 2622 terra
2444 2586 2617 2624 eorum
2646 2559 2817 2642 equis,
2854 2583 2902 2628 et
2943 2590 3045 2628 non
3085 2585 3192 2630 erat
3231 2594 3468 2632 numerus
3515 2595 3762 2633 curruum

2173 2677 2365 2715 eorum.
2395 2662 2614 2733 Ecquod
2652 2664 2857 2720 crimen
2893 2665 2995 2723 hoc
3013 2709 3029 2734 ,
3057 2665 3254 2723 dixerit
3283 2669 3420 2726 forte
3449 2673 3712 2742 quispiam
3739 2713 3758 2739 ,

2172 2753 2384 2808 divitias
2429 2753 2647 2824 habere,
2674 2767 2729 2812 et
2765 2773 2934 2829 equos
2974 2761 3279 2830 posddere,
3305 2780 3368 2820 ea
3419 2765 3759 2834 potissimum

2172 2853 2351 2914 aetate,
2373 2848 2586 2918 quando
2607 2864 2713 2904 non
2739 2859 2941 2906 tantum
2965 2862 3079 2907 erat
3107 2853 3461 2924 philosopbim
3483 2858 3759 2914 studium?

2170 2938 2308 3006 Quid
2327 2954 2456 3009 ergo
2477 2941 2809 2999 dixerimus?
2836 2943 3052 3000 Scilicet
3077 2961 3183 3001 non
3216 2963 3369 3003 usum
3394 2949 3758 3021 improbabat,

2171 3031 2266 3087 sed
2290 3033 2524 3088 animum
2552 3049 2659 3091 non
2691 3036 2755 3091 iis
2795 3045 2854 3090 ut
2879 3037 3166 3106 oportebat
3197 3049 3459 3096 utentem.
3489 3044 3762 3111 Quemad~

2173 3124 2390 3180 modum
2425 3126 2570 3180 enim
2600 3142 2726 3182 cum
2763 3127 2929 3196 dicit,
2973 3128 3062 3184 Vae
3087 3131 3172 3200 qui
3201 3142 3425 3201 potentes
3450 3135 3568 3189 estis
3595 3134 3758 3205 (Isai.

2171 3217 2224 3271 1.
2252 3217 2367 3286 24),
2393 3233 2500 3271 non
2543 3220 2728 3290 utique
2776 3221 3072 3290 potentiam
3101 3223 3193 3277 dat
3234 3225 3484 3291 crimini,
3519 3227 3616 3282 sed
3662 3244 3763 3285 eos

2169 3309 2259 3378 qui
2316 3309 2556 3378 potentia
2605 3313 2745 3366 male
2776 3322 3002 3368 utuntur
3035 3335 3050 3371 :
3083 3315 3163 3371 sic
3193 3324 3247 3371 et
3292 3316 3396 3372 boc
3439 3319 3560 3374 loco
3584 3360 3600 3386 ,
3645 3337 3760 3376 non

2169 3400 2311 3470 quod
2354 3403 2608 3472 pecunias
2658 3404 3030 3474 possiderent,
3062 3407 3154 3462 sed
3195 3409 3336 3478 quod
3384 3425 3505 3465 cum
3553 3411 3759 3483 ingenti

2168 3495 2356 3564 cepia,
2387 3504 2443 3551 et
2469 3495 2606 3576 ultra
2649 3498 3026 3553 necessitatem
3057 3499 3175 3555 illas
3213 3513 3585 3571 congererent.
3633 3503 3760 3559 Non

2168 3597 2305 3654 erat,
2338 3589 2529 3660 inquit,
2558 3607 2795 3644 numerus
2819 3591 3172 3647 thesaurorum
3199 3611 3392 3649 eorum.
3423 3595 3609 3666 Neque
3651 3598 3759 3654 hoc

2167 3681 2340 3736 solum
2361 3723 2377 3748 ,
2408 3682 2504 3737 sed
2531 3683 2674 3753 quod
2702 3682 2772 3739 de
2797 3683 2996 3740 divitiis
3023 3696 3078 3741 et
3103 3685 3174 3742 de
3198 3702 3456 3757 equorum
3481 3691 3634 3758 copia
3667 3692 3754 3746 in-

2168 3773 2280 3829 flati
2300 3817 2314 3842 ,
2347 3777 2596 3844 paulatim
2623 3793 2652 3831 a
2681 3793 2777 3847 spe
2820 3777 2873 3833 in
2915 3779 3084 3834 Deum
3123 3781 3580 3848 abstrahereutur,
3609 3785 3754 3853 quod

2167 3865 2296 3935 ipsis
2321 3867 2482 3921 etiam
2509 3868 2636 3922 alibi
2665 3869 2918 3939 propheta
2958 3870 3170 3926 dicebat
3198 3860 3228 3925 ε’
3251 3871 3338 3927 Va:
3364 3873 3450 3942 qui
3487 3875 3754 3944 conﬁdunt

2167 3957 2220 4011 in
2267 3958 2449 4014 uirtute
2482 3976 2615 4026 sua,
2660 3972 2706 4016 et
2746 3963 2800 4016 in
2852 3963 3172 4019 multitudine
3221 3964 3512 4021 divitiarum
3546 3984 3754 4022 suarum

2166 4051 2449 4121 gloriantur
2475 4052 2646 4124 (Psal.
2679 4055 2769 4110 48.
2802 4056 2878 4124 7).
2909 4057 2985 4111 Ac
3010 4071 3220 4112 rursum
3251 4057 3377 4114 alibi
3401 4075 3414 4111 :
3435 4058 3557 4114 Non
3577 4061 3752 4116 salua-

2169 4153 2252 4195 tur
2274 4160 2364 4198 rea:
2393 4161 2483 4213 per
2510 4145 2718 4199 multam
2743 4147 2994 4213 uirtutem,
3019 4157 3065 4202 et
3090 4149 3232 4219 gigas
3266 4165 3366 4203 non
3395 4149 3672 4204 salvabitur
3700 4153 3751 4205 in

2167 4236 2488 4291 multitudine
2529 4239 2725 4292 uirtutis
2761 4239 3056 4309 sua:(l’sal.
3083 4242 3170 4297 52.
3202 4241 3316 4312 16).
3352 4243 3654 4314 lterumque
3697 4245 3749 4299 in

2167 4328 2272 4384 alio
2296 4329 2508 4385 Psalmo
2537 4347 2553 4384 :
2587 4329 2708 4385 Non
2734 4332 2787 4385 in
2812 4333 3106 4404 fortitudine
3125 4335 3238 4406 equi
3269 4335 3573 4390 voluntatem
3598 4337 3750 4391 habe-

2165 4417 2270 4487 bit,
2301 4436 2391 4474 nec
2418 4420 2471 4474 in
2495 4421 2627 4476 tibiis
2653 4422 2746 4475 viri
2768 4421 3133 4493 beneplacitum
3157 4425 3250 4479 erit
3274 4427 3338 4480 ei.
3365 4425 3749 4496 Beneplacitum

2165 4519 2238 4564 est
2273 4509 2494 4565 Domino
2536 4529 2688 4582 super
2719 4513 2947 4569 timentes
2987 4532 3120 4570 eum.
3161 4516 3227 4571 Et
3263 4518 3471 4588 impleta
3503 4528 3575 4572 est
3617 4528 3752 4575 terra

2165 4603 2615 4660 abominationibus
2643 4623 2849 4675 operum
2879 4625 3123 4663 manuum
3146 4627 3354 4665 suarum
3373 4653 3388 4676 ,
3415 4621 3462 4664 et
3494 4613 3752 4668 adorave-

2165 4706 2281 4749 runt
2305 4713 2418 4768 quia
2436 4700 2660 4769 fecerunt
2686 4699 2835 4770 digiti
2862 4716 3036 4755 eorum
3062 4700 3233 4774 (Psal.
3259 4703 3380 4758 MO.
3407 4703 3519 4772 10).
3548 4703 3616 4760 Ut
3659 4721 3752 4760 sa-

2167 4790 2317 4858 piens
2342 4789 2599 4856 mcdicus,
2628 4791 2886 4861 propheta
2911 4793 3081 4849 morbi
3108 4809 3322 4849 causam
3350 4795 3497 4859 dicit,
3527 4809 3584 4852 et
3626 4797 3752 4851 futi-

2168 4887 2272 4934 tem
2299 4879 2640 4936 morbi.Cum
2670 4883 2810 4938 enim
2838 4899 3025 4939 eorum
3054 4885 3375 4955 impietatem
3403 4897 3754 4944 accusaturus

2166 4981 2330 5041 esset,
2359 4975 2668 5032 occasiones
2690 4975 2860 5031 morbi
2891 4978 3034 5046 prius
3061 4977 3214 5043 dixit,
3245 4979 3520 5033 avaritiam
3544 5021 3558 5046 ,
3591 4996 3756 5036 arro~

2164 5066 2398 5133 gantiam
2421 5106 2436 5132 ,
2463 5067 2848 5123 connubiorum
2876 5067 3162 5124 afﬁnitates
3187 5085 3293 5124 non
3333 5071 3500 5125 licitas
3520 5111 3532 5129 ,
3563 5070 3754 5127 decla-

2167 5172 2290 5213 rans
2310 5173 2405 5214 eos
2425 5158 2549 5214 hinc
2573 5160 2823 5230 paulatim
2848 5163 3216 5232 supplantatos
3244 5163 3293 5217 in
3312 5161 3576 5230 perniciei
3596 5165 3758 5220 bara-

2167 5247 2344 5304 thrum
2385 5251 2686 5318 corruisse,
2717 5261 2772 5307 et
2811 5252 2953 5308 idola
2989 5253 3261 5309 adorasse.
3296 5254 3496 5309 Deinde
3537 5254 3753 5310 illorum

2167 5343 2362 5397 cultum
2391 5343 2692 5412 traducens,
2711 5345 2982 5416 subiungit
3004 5387 3020 5412 ,
3051 5345 3271 5416 Operam
3294 5363 3531 5399 manuum
3553 5363 3754 5402 eorum.

2165 5434 2300 5502 Quid
2329 5436 2469 5489 enim
2515 5437 2623 5490 risu
2661 5436 2872 5507 dignius
2920 5436 3080 5490 fuerit
3123 5451 3280 5506 quam
3318 5452 3438 5491 cum
3465 5437 3628 5491 homo
3657 5437 3752 5494 dei

2165 5535 2375 5581 creator
2401 5526 2669 5582 efﬁcitur?
2697 5529 3157 5583 Abominationem
3184 5544 3310 5582 vero
3340 5529 3607 5597 Scriptura
3649 5544 3756 5580 Vn-

2166 5633 2288 5672 eare
2342 5619 2480 5674 solet
2526 5619 2711 5674 idola:
2755 5620 2982 5690 indeque
3033 5619 3356 5674 abominatio
3404 5620 3762 5676 desolatinnis

2169 5721 2386 5766 vocatur
2411 5721 2586 5767 statua
2624 5713 2677 5767 in
2706 5713 2902 5781 templo
2926 5721 3123 5766 erecta.
3159 5711 3284 5766 Cum
3324 5714 3452 5765 enim
3483 5710 3715 5766 videritis
3735 5749 3758 5779 ,

2174 5805 2374 5874 inquit,
2428 5805 2844 5858 abominationem
2891 5803 3212 5857 desolatiom's
3261 5812 3482 5857 sla‘tlcm
3522 5802 3576 5856 in
3621 5801 3742 5860 loco
