4018 6212
155 319 166 328 ’
193 302 258 355 35
1565 287 1631 346 IN
1671 286 1861 346 ISAIAI

1969 287 2113 345 CAP.
2156 288 2219 344 ll.
3558 306 3628 363 55

193 415 532 488 ἁμαρτωλὸς,
563 413 724 476 ἀλλὰ,
746 410 966 484 Πλήρῖβ
984 407 1292 482 ἁμαρτιῶν,
1321 407 1464 460 οὕτω
1487 407 1581 460 καὶ
1608 401 1862 468 ἐνταῦθα,

207 512 606 581 Ἔνεπλήσθη.
638 507 775 566 Εἶτα
800 511 960 566 πάλιν
980 509 1264 563 ἐπιτείνων
1279 507 1338 561 16
1366 506 1565 568 ὄνειδος
1590 503 1860 575 προσέθη-

196 632 302 677 κεν,
344 616 441 681 Ὠς
469 614 539 669 τὸ
573 614 673 668 ἀπ’
697 609 913 681 ἀρχῆς.
958 611 1074 664 Ἀπ’
1094 607 1306 677 ἀρχῆς,
1346 605 1506 672 πότε;
1554 605 1683 656 Ὅτε
1723 602 1854 655 Θεὸν

193 717 288 770 οὐκ
312 714 672 786 ἐγνώκεισαν,
699 713 786 766 ὅτε
805 711 968 781 νόμον
994 710 1094 763 οὐκ
1118 708 1452 779 είλήφεισαν,
1477 705 1565 758 ὅτε
1589 703 1685 773 τῆς
1712 691 1861 773 εὐερ-

195 817 383 882 γεσίας
409 813 574 868 αὐτοῦ
608 816 796 882 πεῖραν
828 811 1110 881 εἰληφότες
1141 809 1241 863 οὐκ
1266 803 1426 878 ἦσαν,
1453 805 1540 859 ὅτε
1587 802 1724 874 μετὰ
1751 801 1857 854 τῶν

192 915 365 971 ἐθνῶν
413 915 570 979 ἔζων,
621 916 758 979 ὅπερ
811 912 1047 982 ἐσχάτης
1093 908 1487 979 καταγνώσεως
1543 901 1631 977 ἦν,
1692 902 1858 975 μηδὲν

193 1016 420 1085 ἄμεινον
443 1014 738 1068 διακεῖσθαι
766 1011 880 1078 νῦν,
917 1010 1055 1082 μετὰ
1079 1009 1178 1080 τήν
1200 1010 1469 1082 τοσαύτην
1508 1011 1762 1082 πρόνοιάν
1798 1028 1857 1064 τε

197 1117 287 1168 καὶ
328 1116 664 1184 ἐπιμέλειαν,
706 1114 815 1167 τῶν
869 1114 1094 1185 μηδενὸς
1137 1113 1341 1166 τούτων
1387 1112 1855 1167 ἀπολελαυκότων.

201 1217 306 1269 Καὶ
322 1215 442 1269 οὐδὲ
470 1215 704 1270 ἐνταῦθα
733 1215 886 1282 ἔστη,
930 1213 1063 1268 ἀλλά
1106 1212 1499 1284 καταπλήττων
1533 1214 1726 1277 αὐτοὺς
1755 1213 1859 1267 πά-

201 1315 280 1392 λιν
333 1314 721 1386 προστέθεικεν
746 1331 760 1345 ⁸
811 1311 929 1384 [τι]
984 1313 1082 1378 Ὡς
1123 1312 1162 1380 ή
1207 1311 1326 1365 τῶν
1362 1312 1758 1380 ἀλλοφύλων·
1789 1315 1854 1382 τῇ

205 1417 477 1488 συγκρίσει
505 1416 601 1469 τοῦ
634 1415 927 1487 προσώπου
959 1413 1059 1484 τὴν
1096 1411 1430 1483 κατηγορίαν
1455 1412 1857 1483 ’χαλεπωτέραν

201 1517 381 1570 ποιιῖαν.
418 1519 483 1569 Ὃ
515 1517 608 1569 καὶ
636 1514 851 1578 Παῦλος
883 1512 1072 1567 εἴωθεν
1105 1511 1437 1582 ἐργάζεσθαι
1479 1511 1716 1581 συνεχῶς
1738 1526 1751 1541 °
1782 1511 1858 1575 ὡς

198 1619 322 1671 ὅταν
354 1617 516 1688 λέγῃ·
548 1615 690 1684 Περὶ
723 1614 793 1668 δὲ
816 1613 936 1668 τῶν
963 1613 1407 1681 κεκοιμημένων
1434 1613 1506 1665 οὐ
1531 1611 1682 1666 θέλω
1703 1611 1859 1680 ὑμᾶς

195 1718 452 1788 ἀγνοεῖν,
480 1717 752 1786 ἀδελφοί,
775 1715 976 1785 ἵναμὴ
1008 1715 1308 1782 λυπῆσθε,
1333 1714 1412 1779 ὡς
1433 1714 1531 1768 καὶ
1573 1716 1628 1768 οι
1657 1716 1859 1768 λοιποὶ

195 1819 250 1872 οι
269 1816 354 1886 μὴ
385 1817 628 1884 ἔχοντες
654 1813 894 1868 ἐλπίδα·
921 1813 1014 1866 καὶ
1038 1812 1198 1865 πάλιν
1218 1828 1232 1842 ’
1257 1810 1490 1866 Εἱδέναι
1514 1810 1774 1866 ἕκαστον
1791 1816 1856 1868 τὸ

195 1917 414 1972 ἑαυτοῦ
444 1915 667 1980 σκεῦος
690 1912 944 1968 κτᾶσθαι
971 1912 1042 1965 ἐν
1071 1910 1340 1981 ἁγιασμῷ
1363 1913 1646 1982 καὶ-τιμῇ,
1665 1913 1750 1982 μὴ
1783 1915 1855 1968 ἐν

194 2017 370 2072 πάθει
386 2015 715 2082 ἐπιθυμίας.
748 2013 855 2066 Καὶ
878 2014 978 2067 οὑκ
995 2010 1237 2083 ἠρκέσθη
1265 2013 1455 2083 τούτῳ,
1471 2012 1606 2066 ἀλλά
1631 2014 1858 2085 προστέ-

192 2124 352 2174 θεικε
381 2122 576 2190 λέγων,
600 2117 798 2182 Καθὼς
827 2118 927 2171 καὶ
965 2121 1037 2172 τὰ
1064 2117 1247 2172 λοιπὰ
1271 2117 1414 2186 ἔθνη
1455 2119 1525 2172 τὰ
1545 2120 1631 2189 μὴ
1659 2119 1857 2173 εἰδότα

189 2223 306 2277 τὸν
330 2224 500 2276 Θεόν.
532 2221 776 2274 Μάλιστα
799 2218 906 2288 γὰρ
927 2213 1079 2281 οὗτος
1108 2219 1135 2269 6
1156 2217 1311 2286 λόγος
1338 2217 1552 2272 δάκνειν
1578 2219 1733 2272 εἴωθε
1765 2222 1858 2274 καὶ

191 2323 322 2386 τοὺς
354 2322 560 2393 σφόδρα
589 2320 1067 2382 ἀναπεπτωκότας.
1108 2320 1169 2372 Εἰ
1195 2319 1250 2373 δὲ
1293 2319 1531 2373 Ἰουδαῖοι
1570 2321 1742 2374 ταῦτα
1767 2323 1858 2390 ἐγ-

193 2400 503 2489 καλοῦνται,
549 2422 696 2484 τίνος
729 2420 796 2474 ἂν
828 2420 1086 2490 τύχοιμεν
1128 2420 1455 2492 συγγνώμης
1483 2423 1663 2492 ἡμεῖς,
1700 2422 1858 2485 ποίας

195 2523 510 2590 ἀπολογίας,
543 2523 592 2574 οἱ
619 2519 758 2590 μετά
787 2517 951 2590 χάριν
976 2519 1267 2590 τοσαύτην,
1311 2523 1405 2574 καὶ
1429 2521 1596 2591 τιμὴν
1626 2521 1852 2588 ἄφατον,

196 2622 288 2676 καὶ
319 2622 418 2685 τὰς
468 2621 768 2682 ἀθανάτους
803 2619 1042 2682 ἐλπίδας,
1095 2617 1231 2688 πρὸς
1274 2618 1370 2689 τὴν
1409 2619 1576 2690 αὐτὴν
1631 2621 1857 2685 ἐκείνοις

196 2722 628 2784 καταπίπτοντες
665 2719 887 2786 πενίαν;
928 2720 1039 2774 Καὶ
1084 2720 1193 2791 γὰρ
1243 2720 1425 2786 πολλοὶ
1455 2721 1550 2774 καὶ
1596 2721 1691 2776 νῦν
1751 2725 1857 2776 είσι

197 2821 271 2892 τῷ
297 2819 565 2889 νοσήματι
596 2816 925 2888 κεχρημένοι
948 2816 1139 2887 τούτῳ,
1164 2818 1367 2871 καὶτὸν
1397 2819 1602 2872 ἑαυτῶν
1625 2819 1862 2888 διαφθεί-

200 2935 384 2988 ροντες
424 2918 557 2987 βίον,
581 2918 632 2970 οἳ
655 2920 724 2987 τῇ
746 2916 853 2970 τῶν
884 2916 1152 2988 κλῃδόνων
1183 2917 1375 2988 ἀλογίᾳ
1406 2918 1702 2983 ἐκδιδόντες
1733 2921 1858 2975 ἐαυ-

194 3022 340 3083 τοὺς,
365 3019 504 3089 μετά
529 3016 625 3070 τοῦ
643 3016 723 3088 τῷ
739 3015 860 3087 Θεῷ
890 3016 1269 3087 προσκρούειν,
1299 3018 1556 3088 περιττάς
1584 3021 1858 3091 καρποῦν-

192 3137 285 3174 ται
317 3120 518 3184 λύπας,
563 3117 657 3172 καὶ
689 3117 828 3189 πρὸς
857 3117 985 3180 τοὺς
1021 3116 1162 3187 ὑπὲρ
1195 3117 1296 3186 τῆς
1331 3118 1531 3189 ἀρετῆς
1577 3120 1858 3174 ἐκλύονται

194 3220 414 3283 mag.
462 3219 576 3273 Καὶ
634 3218 745 3290 γὰρ
782 3216 1111 3271 ἐσπούδακεν
1153 3218 1181 3270 6
1227 3217 1470 3280 διάϐολος
1508 3218 1599 3272 διὰ
1644 3221 1859 3275 πάντων

193 3323 356 3378 τοῦτο
388 3324 574 3375 πεῖσαι
596 3333 623 3361 ει
651 3319 780 3382 τοὺς
810 3319 1214 3390 ἀνοητοτέρους,
1240 3319 1321 3371 ὅτι
1346 3319 1444 3372 οὐκ
1469 3319 1555 3372 ἐπ’
1586 3320 1768 3386 αὐτοῖς
1792 3322 1861 3376 τά

195 3427 292 3497 τῆς
325 3425 531 3495 ἀρετῆς
584 3421 680 3475 καὶ
718 3420 788 3474 τὰ
827 3421 926 3490 τῆς
977 3419 1194 3485 κακίας,
1244 3420 1362 3473 οὐδέ
1415 3419 1696 3492 ἐλευθερίᾳ
1753 3423 1862 3476 τινὶ

191 3521 576 3596 προαιρέσεώς
595 3523 702 3574 εισι
729 3520 1099 3590 τετιμημένοι,
1130 3517 1222 3571 δύο
1238 3519 1294 3572 δὲ
1319 3518 1491 3572 ταῦτα
1515 3518 1581 3572 τά
1608 3519 1860 3589 αἴσχιστα

194 3621 548 3694 κατορθῶσαι
607 3619 948 3690 βουλόμενος,
988 3620 1084 3672 καὶ
1139 3620 1264 3681 τοὺς
1323 3618 1461 3688 ὑπὲρ
1511 3619 1611 3688 τῆς
1660 3620 1861 3690 ἀρετῆς

194 3723 426 3779 ἐκλῦσαι
463 3721 683 3784 πόνους,
732 3721 827 3772 καὶ
867 3719 928 3771 16
974 3718 1226 3789 μέγιστον
1262 3720 1361 3788 τῆς
1403 3718 1716 3789 ἐλευθερίας
1758 3721 1862 3790 ἀφ-

191 3823 417 3878 ελέσθαι
437 3821 635 3892 δῶρον.
655 3819 825 3872 Τοῦτο
848 3816 936 3870 διά
963 3817 1251 3887 κλῃδόνων,
1274 3815 1429 3869 τοῦτο
1444 3816 1532 3870 διά
1555 3817 1860 3888 συμϐόλων,

192 3923 357 3976 τοῦτο
401 3920 493 3973 διά
528 3918 959 3989 παρατηρήσεως
991 3915 1232 3986 ἡμερῶν,
1261 3914 1418 3967 τοῦτο
1453 3915 1540 3968 διὰ
1573 3915 1665 3968 τοῦ
1698 3933 1861 3987 πονησ

201 4025 295 4097 ροῦ
323 4024 424 4093 τῆς
453 4019 794 4090 εἱμαρμένης
821 4017 1108 4089 δόγματος,
1137 4015 1293 4069 τοῦτο
1321 4016 1390 4069 δι’
1417 4015 1614 4086 ἐτέρων
1651 4017 1860 4070 πολλῶν

199 4130 279 4190 εἰς
317 4125 414 4178 16v
444 4121 557 4194 βίον
587 4120 851 4190 εἰσήγαγε
887 4117 948 4172 16
989 4117 1223 4188 χαλεπὸν
1269 4116 1502 4187 νόσημα,
1550 4117 1726 4170 πάντα
1751 4118 1862 4172 ἀνω

203 4227 298 4278 καὶ
322 4223 476 4278 κάτω
499 4219 690 4273 ποιῶν.
721 4219 800 4271 Δι’
829 4218 858 4271 6
882 4217 946 4288 δή
978 4217 1072 4272 καὶ
1103 4218 1133 4271 6
1165 4217 1450 4288 προφήτης
1473 4216 1718 4287 σφοδρῶς
1735 4216 1862 4290 ἔστη

205 4321 551 4393 κατηγορῶν,
596 4319 738 4372 ὥστε
769 4317 1064 4388 πρόρριζον
1089 4316 1400 4370 ἀνασπάσαι
1430 4315 1488 4369 16
1519 4315 1707 4380 πάθος.
1755 4319 1863 4371 Καὶ

203 4419 388 4471 τέκνα
413 4416 616 4470 πολλὰ
633 4414 955 4482 ἀλλόφυλα
980 4412 1269 4481 ἐγεννήθη
1291 4411 1511 4478 αὐτοῖς.

274 4516 340 4581 ζ’.
361 4517 430 4569 Τί
457 4517 600 4577 ἐστι,
628 4513 814 4567 Τέκνα
840 4512 1161 4581 ἀλλόφυλα
1184 4527 1205 4575 ;
1236 4512 1417 4581 Νόμος
1441 4507 1508 4584 ἦν
1530 4513 1710 4575 αὐτοῖς
1732 4513 1868 4568 ἄνω-

205 4619 296 4671 θεν
322 4616 574 4688 κείμενος
596 4615 685 4668 διὰ
711 4612 772 4667 16
801 4613 900 4684 τῆς
924 4613 1148 4682 γνώμης
1179 4613 1206 4652 b
1237 4611 1530 4676 εύόλισθον,
1554 4613 1648 4665 καὶ
1677 4613 1739 4666 16
1766 4611 1867 4682 τῆς

201 4717 442 4779 διανοίας
476 4714 900 4784 εὖεξαπάτητον,
948 4713 1136 4783 μηδενὶ
1175 4711 1284 4766 τῶν
1322 4711 1523 4765 λοιπῶν
1567 4710 1867 4783 ἀνθρώπων

201 4812 618 4884 ἐπιμίγνυσθαι,
650 4812 793 4865 ὥστε
842 4811 916 4882 μὴ
957 4811 1214 4874 τοιαύτας
1255 4809 1574 4880 συγγενείας
1611 4809 1867 4873 ἀσεϐείας

201 4913 463 4966 ὑπόθεσιν
488 4911 760 4980 γενέσθαι.
801 4911 1019 4980 Ἐπειδὴ
1040 4910 1148 4982 γάρ
1178 4911 1238 4964 ού
1269 4911 1427 4981 μόνον
1463 4909 1683 4981 ἐτέρους
1727 4909 1866 4980 διορι-

201 5014 378 5068 σῶσαι
408 5013 512 5066 οὐκ
562 5013 764 5082 ἴσχυον,
811 5011 924 5066 ἀλλ’
959 5011 1077 5064 οὐδὲ
1119 5010 1216 5082 τὴν
1257 5012 1386 5081 παρ’
1426 5010 1626 5080 ἐτέρων
1665 5005 1767 5063 οἷοί
1809 5027 1867 5062 τε

199 5109 346 5184 ἦσαν
399 5111 786 5183 διακρούεσθαι
815 5110 1039 5181 βλάϐην,
1069 5109 1146 5180 τῷ
1188 5110 1338 5180 νόμῳ
1365 5109 1609 5179 τειχίσας
1649 5108 1865 5172 αὐτοὺς,

203 5213 424 5283 καὶτῆς
449 5211 588 5283 πρὸς
619 5211 743 5276 τοὺς
769 5210 989 5274 λοιποὺς
1015 5209 1295 5280 ἐπιμιξίας
1321 5208 1516 5272 αὐτοὺς
1533 5209 1866 5280 ἀποστήσας,

203 5314 328 5368 κατ’
373 5313 514 5366 ἰδίαν
559 5311 752 5375 αὐτοὺς
786 5309 1015 5364 ἔπλαττε
1049 5308 1144 5364 καὶ
1193 5308 1520 5380 ἐρῤύθμιζεν
1540 5327 1554 5341 ο
1587 5307 1868 5380 ἀγαπητὸν

205 5403 316 5468 γὰρ
349 5395 420 5469 ἦν
453 5400 550 5452 καὶ
571 5397 744 5462 οὓτως
771 5398 1072 5469 ἀγομένους
1096 5397 1384 5467 δυνηθῆναι
1411 5398 1732 5468 διατηρῆσαι
1773 5395 1870 5468 τὴν

205 5500 360 5569 παρὰ
394 5497 490 5552 τοῦ
520 5497 654 5552 Θεοῦ
670 5498 958 5570 δεδομένην
987 5498 1260 5552 πολιτείαν
1276 5497 1477 5560 αὐτοῖς.
1515 5497 1652 5550 Ἀλλ’
1681 5495 1869 5570 ῶσπερ

266 5673 292 5699 ⁸
317 5671 564 5734 Savil._et
592 5672 715 5734 Reg.
753 5671 1046 5734 Gtéﬁdwwv
1089 5671 1234 5723 τοῦτο
1273 5668 1459 5734 πεῖσαι,
1506 5669 1686 5734 ωειίυε
1727 5681 1871 5734 ιιρειιι

206 5733 384 5782 Morel.
406 5741 463 5782 cl
487 5729 766 5794 Βίην.ἠοὶ
787 5732 925 5782 habe!
949 5734 1123 5782 τούτων
1154 5734 1340 5794 πεῖσαι.
1382 5729 1501 5779 Infra
1529 5731 1614 5779 δύο
1628 5731 1686 5794 δὲ
1705 5729 1866 5780 ταῦτα.

205 5796 416 5842 Alienus
438 5791 711 5862 leggndum'
727 5800 865 5856 putat
887 5795 968 5844 δύο
989 5798 1043 5855 δή
1065 5796 1232 5849 ταῦτα.
1262 5791 1389 5846 Infra
1420 5794 1496 5841 διὰ
1515 5793 1781 5855 συμϐόλων,
1821 5794 1870 5845 id

208 5865 304 5909 δι.
441 5868 623 5904 amma.

271 5919 296 5955 ὑ
326 5869 449 5972 εἴη.
482 5925 534 5965 ει
574 5917 722 5966 Savil.
753 5919 1067 5981 τῆζγϊώσεως.

1972 403 2074 468 τὰς
2126 404 2292 468 άλλας
2340 405 2667 477 παρέϐαινον
2714 411 2953 479 ἐντολὰς,
2985 413 3127 468 οὓτω
3168 415 3234 487 δὴ
3283 416 3377 471 καὶ
3424 417 3628 490 ταύτης

1974 491 2339 562 ὑπεριδόντες,
2398 495 2703 567 μετέϐησαν
2726 499 2861 569 πρὸς
2903 500 3006 566 τὰς
3049 503 3158 556 τῶν
3208 503 3434 576 πλησίον
3478 507 3630 578 ἀγχι-

1971 592 2173 658 στείας,
2209 593 2303 647 καὶ
2322 594 2538 666 νύμφας
2559 597 2764 654 ἐκεῖθεν
2790 599 3044 672 ἀγόμενοι
3071 614 3096 641 ε
3128 603 3280 676 παρά
3301 605 3628 674 Μωαϐιτῶν,

1970 699 2084 775 [28]
2116 705 2268 777 παρά
2309 709 2693 780 Ἀμμανητῶν,
2743 712 2873 784 παρ’
2930 714 3131 785 ἐτέρων
3173 717 3384 772 ἀσεϐῶν
3434 717 3626 785 ἐθνῶν,

1968 804 2194 870 καὶτὰς
2246 807 2410 872 ἀλλας
2463 811 2828 882 ἀσπαζόμενοι
2884 815 3220 884 συγγενείας,
3278 817 3628 884 διδασκάλους

1967 907 2232 978 πονηρίας
2251 908 2512 979 ἐδέχοντο,
2529 912 2620 964 καὶ
2639 913 2698 965 16
2718 914 2816 984 τῆς
2837 915 3111 983 εὐγενείας
3128 918 3383 988 ἀκέραιον
3400 918 3631 988 διέφθει-

1969 1021 2080 1075 ρον.
2115 1005 2283 1062 Τοῦτο
2318 1009 2496 1063 τοίνυν
2524 1011 2660 1080 μετὰ
2683 1012 2790 1067 τῶν
2816 1013 2990 1069 ἄλλων
3020 1016 3048 1067 ὁ
3079 1018 3363 1090 προφήτης
3384 1018 3624 1086 ἐγκαλεῖ.
3729 1060 3734 1069 .

1979 1106 2354 1179 Ἐνεπλήσθη
2373 1113 2483 1181 γὰρ
2515 1114 2553 1181 ή
2576 1113 2735 1183 χώρα
2754 1116 2970 1182 αὐτῶν,
3013 1121 3194 1190 φησὶν,
3229 1102 3510 1191 ἀργυρίου
3526 1121 3625 1175 καί

1966 1208 2244 1275 χρυσίου,
2273 1210 2372 1264 καὶ
2399 1214 2509 1266 οὐκ
2538 1213 2618 1281 ἦν
2646 1215 2889 1285 ἀριθμὸς
2917 1216 3036 1272 τῶν
3056 1220 3373 1287 θησαυρῶν
3406 1220 3622 1274 αὐτῶν.

1967 1305 2070 1358 Καὶ
2085 1306 2431 1378 ἐνεπλήσθη
2449 1313 2486 1380 ή
2504 1311 2579 1381 γῆ
2595 1313 2792 1368 αὐτῶν
2812 1315 3028 1380 ἵππων,
3042 1316 3138 1370 καὶ
3155 1319 3265 1372 οὐκ
3286 1315 3363 1388 ἦν
3383 1317 3626 1387 ἀριθμὸς

1966 1402 2086 1458 τῶν
2118 1407 2393 1477 ἁρμάτων
2434 1411 2650 1467 αὐτῶν.
2683 1414 2794 1468 Καὶ
2821 1418 2969 1469 ποῖον
3007 1415 3256 1488 ἔγκλημα
3281 1415 3458 1480 τοῦτο,
3497 1417 3626 1480 ἴσως

1965 1500 2109 1556 εἴποι
2130 1522 2212 1570 τις
2235 1507 2320 1575 ἂν,
2345 1509 2404 1562 τὸ
2429 1511 2688 1582 χρήματα
2725 1511 2891 1583 ἔχειν,
2929 1514 3022 1567 καὶ
3061 1514 3258 1578 ἵππους
3303 1513 3625 1582 κεκτῆσθαι,

1966 1608 2062 1661 καὶ
2093 1611 2326 1679 μάλιστα
2356 1614 2448 1667 ἐπὶ
2473 1617 2572 1686 τῆς
2603 1619 2797 1685 γενεᾶς
2818 1618 3052 1689 ἐκείνης,
3100 1621 3188 1673 ὅτε
3219 1620 3281 1673 οὐ
3326 1619 3494 1690 πολλὴ
3533 1637 3626 1689 φι-

1965 1707 2217 1780 λοσοφίας
2255 1711 2322 1785 ἦν
2359 1718 2647 1787 ἀκρίϐεια;
2679 1720 2744 1772 Τί
2771 1716 2862 1775 οὖν
2891 1721 2955 1776 ἂν
2981 1722 3226 1792 εἴποιμεν
3247 1739 3262 1788 ;
3286 1721 3408 1775 ’Ὁτι
3439 1722 3500 1774 οὐ
3527 1721 3627 1793 τὴν

1966 1813 2159 1882 χρῆσιν
2211 1815 2508 1882 διέϐαλλεν,
2557 1819 2690 1873 ἀλλά
2732 1819 2828 1892 τὴν
2872 1820 3094 1893 γνώμην
3132 1821 3229 1893 τὴν
3262 1822 3361 1875 οὐκ
3401 1823 3478 1884 είς
3511 1821 3627 1874 δέον

1966 1917 2146 1982 αὐτοῖς
2177 1921 2539 1995 κεχρημένην.
2580 1925 2791 1996 Ὠσπερ
2841 1926 2949 1996 γὰρ
3006 1925 3131 1979 ὅταν
3178 1925 3331 1995 λέγῃ,
3379 1923 3520 1978 Οὐαὶ
3573 1928 3627 1979 οἱ

1967 2017 2300 2086 ἰσχύοντες,
2333 2022 2392 2072 ού
2427 2023 2524 2092 τὴν
2566 2023 2880 2077 δυναστείαν
2915 2026 3172 2087 αἰτιᾶται,
3203 2024 3336 2077 ἀλλά
3371 2025 3497 2087 τοὺς
3528 2041 3626 2078 κα-

1965 2116 2075 2178 κῶς
2106 2121 2172 2188 τῇ
2201 2119 2484 2190 δυναστείᾳ
2516 2122 2883 2192 κεχρημένους
2903 2139 2918 2153 ·
2965 2121 3106 2176 οὕτω
3145 2123 3208 2193 δὴ
3245 2125 3337 2176 καὶ
3371 2123 3624 2186 ἐνταῦθα,

1965 2213 2060 2284 ούχ
2096 2217 2177 2269 ὅτι
2209 2219 2467 2289 χρήματα
2499 2220 2811 2290 ἐκέκτηντο,
2856 2220 2972 2275 ἀλλ’
3010 2222 3090 2274 ὅτι
3134 2221 3271 2292 μετὰ
3305 2223 3502 2294 πολλῆς
3532 2226 3626 2296 τῆς

1965 2317 2301 2386 περιουσίας,
2353 2318 2446 2371 καὶ
2496 2319 2636 2388 ὑπὲρ
2678 2319 2782 2390 τὴν
2838 2321 3024 2390 χρείαν
3077 2322 3327 2392 συνῆγον.
3367 2323 3488 2376 Οὐκ
3525 2319 3624 2393 ἦν,

1964 2415 2148 2485 φησὶν,
2183 2417 2429 2486 ἀριθμὸς
2455 2417 2575 2471 τῶν
2621 2418 2940 2488 θησαυρῶν
2971 2421 3187 2474 αὐτῶν.
3235 2424 3344 2476 Καὶ
3372 2423 3431 2476 οὐ
3467 2423 3626 2477 τοῦτο

1967 2517 2147 2586 μόνον,
2192 2518 2308 2571 ἀλλ’
2359 2520 2440 2572 ὅτι
2479 2520 2851 2590 πεφυσημένοι
2898 2519 2975 2591 τῷ
3022 2521 3234 2592 πλούτῳ
3270 2524 3362 2576 καὶ
3399 2527 3463 2596 τῇ
3516 2525 3626 2578 τῶν

1965 2616 2147 2670 ἵππων
2191 2618 2479 2690 δυναστείᾳ
2522 2618 2665 2672 κατὰ
2715 2620 2907 2691 μικρὸν
2969 2621 3076 2674 ἀπὺ
3115 2623 3214 2693 τῆς
3256 2625 3334 2687 είς
3375 2624 3466 2677 τὸν
3493 2624 3626 2678 Θεὸν

1965 2716 2178 2781 ἐλπίδος
2219 2721 2610 2793 παρεσύροντο,
2635 2721 2663 2775 δ
2693 2723 2785 2776 καὶ
2821 2722 3052 2794 ἀλλαχοῦ
3083 2724 3262 2788 αὐτοῖς
3290 2727 3318 2777 6
3344 2727 3627 2798 προφήτης

1965 2819 2175 2888 ἔλεγεν·
2217 2823 2359 2876 Οὐαὶ
2394 2826 2446 2877 οἱ
2474 2825 2822 2891 πεποιθότες
2854 2824 2951 2878 ἐπὶ
2997 2825 3073 2894 τῇ
3109 2826 3355 2896 δυνάμει
3405 2829 3624 2896 αὐτῶν,

1966 2921 2065 2973 καὶ
2097 2921 2194 2974 ἐπὶ
2227 2921 2306 2987 τῷ
2340 2922 2554 2989 πλήθει
2587 2925 2693 2980 τοῦ
2719 2926 2984 2980 πλούτου
3015 2928 3215 2980 αὐτῶν
3251 2928 3626 2999 ὲγκαυχώμε-

1963 3032 2078 3070 νοι.
2113 3017 2222 3069 Καὶ
2252 3018 2411 3072 πάλιν
2453 3020 2710 3092 ἑτέρωθιο
2770 3023 2853 3076 Οὐ
2904 3020 3145 3083 σώζεται
3182 3024 3481 3091 ,βασιλεὺς
3529 3026 3626 3081 διὰ

1963 3119 2204 3188 πολλὴν
2234 3121 2507 3192 δύναμιν,
2533 3123 2630 3175 καί
2659 3122 2830 3191 γίγας
2855 3124 2926 3177 οὐ
2954 3123 3287 3190 σωθήσεται
3314 3125 3386 3179 ἐν
3410 3126 3627 3192 πλήθει

1968 3223 2180 3292 ἰσχύος
2215 3223 2420 3277 αὐτοῦ.
2463 3223 2573 3277 Καὶ⁹
2593 3225 2649 3276 ἐν
2681 3223 2849 3294 ἑτέρῳ
2895 3223 2952 3276 δὲ
2986 3223 3145 3278 πάλιν
3190 3224 3387 3296 ψαλμῷ
3431 3243 3623 3296 φησιν·

1963 3324 2082 3376 Οὐκ
2118 3322 2186 3375 ἐν
2222 3319 2297 3392 τῇ
2323 3323 2643 3389 δυναστείᾳ
2685 3323 2790 3376 τοῦ
2837 3324 3026 3378 ἵππου
3076 3323 3340 3390 θελήσει,
3388 3326 3526 3382 οὔτε
3559 3327 3629 3382 ἐν

1967 3425 2096 3492 ταῖς
2133 3424 2386 3494 κνήμαις
2421 3427 2528 3480 τοῦ
2555 3425 2771 3494 ἀνδρὸς
2801 3425 3053 3484 εὐδοκεῖ.
3098 3426 3385 3481 Είὺδοκεῐά
3416 3430 3630 3498 Κίφιος

1967 3523 2066 3576 ἐπὶ
2097 3523 2238 3590 τοὺς
2280 3524 2688 3594 φοϐουμένους
2727 3525 2932 3579 αὐτόν.
2973 3525 3082 3578 Καί
3105 3525 3452 3596 ἐνεπλήσθη
3485 3530 3523 3595 ή
3551 3531 3627 3599 τῆ

1963 3622 2400 3693 ,βδελυγμάτων
2447 3621 2567 3677 τῶν
2615 3625 2803 3692 ἔργων
2849 3622 2968 3677 τῶν
3011 3623 3224 3693 χειρῶν
3275 3625 3490 3692 αὐτῶν,
3528 3629 3627 3681 καί

1970 3725 2438 3792 προσεκύνησαν
2488 3717 2580 3788 οἷς
2625 3723 2921 3792 ἐποίησαν
2964 3726 3018 3778 οἱ
3063 3723 3346 3779 δάκτυλοι
3409 3726 3628 3781 αὐτῶν.

1971 3823 2181 3895 Ὠσπερ
2221 3824 2381 3892 σοφὸς
2413 3823 2612 3895 ίατρδς,
2654 3825 2683 3877 6
2729 3825 3011 3896 προφήτης
3053 3824 3144 3878 τοῦ
3183 3826 3488 3897 νοσήματος
3531 3827 3636 3899 τὴν·

1971 3923 2146 3975 αἰτίαν
2178 3922 2346 3991 λέγει,
2372 3923 2464 3976 καὶ
2490 3923 2588 3995 τὴν
2615 3921 2794 3993 πηγὴν
2821 3923 2914 3976 τοῦ
2928 3925 3250 3995 νοσήματος.
3279 3925 3502 3978 Μέλλων
3522 3925 3631 3998 γάρ

1971 4023 2291 4091 κατηγορεῖν
2335 4021 2512 4073 αὐτῶν
2559 4019 2656 4090 τὴν
2701 4021 2975 4086 ἀσέϐειαν,
3033 4022 3319 4093 προλαϐὼν
3365 4018 3486 4076 εἶπε
3531 4026 3630 4087 τὰς

1973 4118 2225 4190 ἀφορμάς
2261 4119 2362 4188 τῆς
2412 4119 2741 4190 ἀρρωστίας,
2792 4119 3174 4191 φιλαργυρίαν,
3215 4121 3490 4185 ἀπόνοιαν,
3531 4121 3630 4186 τὰς

1971 4218 2032 4280 ού
2072 4217 2451 4290 προσηκούσας
2499 4217 2798 4288 ἐπιμιξίας,
2853 4219 3026 4288 δηλῶν
3080 4219 3159 4272 ὅτι
3207 4219 3453 4272 ἐντεῦθεν
3487 4221 3630 4276 κατὰ

1977 4317 2166 4388 μικρὸν
2194 4317 2658 4388 ὑπεσκελίσθησαν
2691 4319 2771 4380 είς
2809 4317 2869 4371 16
2901 4317 3000 4384 τῆς
3034 4317 3303 4380 ἀπωλείας
3336 4317 3627 4388 βάραθρον,

1975 4419 2068 4470 καὶ
2113 4416 2304 4470 εἴδωλα
2353 4416 2784 4489 προσεκύνησαν.
2819 4412 2950 4470 Εἶτα
2995 4416 3271 4486 κωμῳδῶν
3314 4416 3492 4470 αὐτῶν
3532 4417 3630 4489 τὴν

1973 4516 2285 4589 θρησκείαν,
2315 4519 2581 4588 ἐπήγαγε,
2625 4517 2971 4587 Τῶν“ἐργων
3003 4515 3120 4569 τῶν
3150 4515 3365 4584 χειρῶν
3409 4515 3628 4571 αὐτῶν.

1973 4619 2037 4672 Τί
2080 4618 2187 4690 γάρ
2221 4619 2286 4672 ἂν
2325 4620 2532 4688 γένοιτο
2572 4617 3098 4688 καταγελαστότερον
3144 4614 3290 4680 ἄλλο,
3327 4615 3511 4686 ῆὸταν
3539 4616 3633 4670 ἄν·

1975 4722 2188 4794 θρωπος
2207 4721 2534 4792 δημιουργὸς
2557 4716 2590 4792 ᾖ
2617 4720 2736 4773 θεοῦ
2757 4738 2770 4786 ;
2792 4719 3071 4788 Βδέλυγμα
3100 4716 3155 4769 δὲ
3177 4715 3363 4769 εἴωθεν
3390 4717 3632 4790 ήΓραφὴ

1975 4824 2158 4877 καλεῖν
2201 4822 2268 4875 τὰ
2296 4824 2522 4878 εἴδωλα·
2556 4819 2800 4873 ἐντεῦθεν
2846 4821 2940 4872 καὶ
2979 4819 3252 4887 βδέλυγμα
3300 4815 3634 4887 ἐρημώσεως

1974 4924 2188 4993 λέγεται
2211 4926 2240 4977 6
2258 4924 2475 4994 ἀνδριὰς
2495 4925 2522 4976 6
2543 4923 2634 4974 ἐπὶ
2651 4921 2742 4974 τοῦ
2758 4921 2885 4974 ναοῦ
2907 4919 3096 4982 ἑστώς.
3122 4920 3308 4972 ’Ὅταν
3317 4918 3426 4988 γὰρ
3449 4918 3632 4986 ἴδητε,

1975 5024 2125 5092 φησὶ,
2154 5022 2221 5076 τὸ
2243 5022 2556 5090 ,βδέλυγμα
2593 5019 2702 5086 τῆς
2733 5015 3082 5087 ἐρημώσεως
3133 5016 3323 5082 ἑστὼς
3363 5017 3432 5069 ἐν
3473 5017 3635 5081 τόπῳ

1975 5123 2120 5192 ἁγίῳ
2149 5139 2162 5153 ·
2200 5121 2694 5191 όάναγινώσκων
2737 5119 2964 5173 νοείτω.
3031 5117 3243 5187 Ἐπειδὴ
3287 5115 3396 5187 γὰρ
3439 5116 3636 5179 αὐτοὺς

1976 5222 2227 5293 ἀπήγαγε
2259 5221 2351 5274 τοῦ
2378 5220 2514 5291 πρὸς
2544 5219 2612 5272 τὰ
2636 5218 2868 5290 αἰσθητά
2899 5219 3214 5286 ἐπτοῆσθαι,
3262 5218 3637 5289 ἀπηγόρευσεν

1977 5324 2155 5386 αὐτοῖς
2203 5323 2309 5375 πᾶν
2342 5320 2686 5390 ἐξεικόνισμα
2720 5320 2974 5391 ποιῆσαιο
3031 5321 3124 5373 καὶ
3173 5319 3446 5390 βδέλυγμα
3478 5314 3635 5368 τοῦτο

1977 5421 2221 5486 ἐκάλεσε,
2251 5419 2533 5493 πόρρωθεν
2553 5421 2746 5484 αὐτοὺς
2774 5420 3108 5476 ἀναστέλλων
3137 5419 3238 5489 τῆς
3260 5416 3510 5477 ἀσεϐείας
3533 5430 3546 5444 ·
3574 5413 3635 5466 τὸ

1976 5522 2084 5593 γὰρ
2123 5521 2496 5593 βδελύττεσθαι
2543 5521 2604 5575 τὸ
2647 5522 2762 5592 μεθ’
2791 5520 3096 5592 ὑπερϐολῆς
3127 5519 3243 5572 ἐστι
3307 5517 3505 5586 μισεῖν,
3554 5513 3630 5575 ὡς

1978 5622 2305 5695 ἀκάθαρτον,
2325 5621 2402 5686 ὡς
2433 5622 2640 5692 ὲναγές.
2690 5623 2762 5676 T6
2795 5621 2972 5675 τοίνυν
3014 5618 3285 5689 βδέλυγμα
3318 5613 3378 5666 16
3411 5611 3636 5684 μισητὸν

2045 5855 2220 5915 ῗίὶρειζ
2242 5857 2287 5899 el
2310 5847 2781 5915 Βανίιηάναγόμενοι.
2866 5903 2874 5915 Ω
2930 5900 2942 5915 1
3017 5899 3062 5913 u
3130 5897 3141 5910 '

2045 5913 2072 5953 σι
2096 5900 2214 5978 ME;
2239 5910 2433 5962 εῦδοκιεῖ
2469 5912 2516 5956 in
2542 5900 2718 5966 ίιιίιὶτο,
2741 5903 2876 5965 quasi
2900 5900 2958 5950 ab
2987 5900 3229 5952 εὐδοκίζω.
