4018 6212
259 326 314 380 Ï€
1543 313 1609 370 lN
1667 311 1916 380 lSAlAM,
1944 312 2096 372 CAP.
2142 315 2206 371 n.
3444 325 3516 381 as

252 447 404 490 sancto
422 453 439 499 ;
463 435 549 505 qui
575 433 731 504 legit,
762 431 1008 502 intelligat
1038 428 1254 502 (Matth.
1285 428 1374 482 24.
1407 428 1520 500 15).
1544 429 1809 500 Quoniam

251 529 372 583 enim
391 527 528 594 ipsos
545 524 840 578 abduxerat
857 536 923 576 ne
943 519 1158 576 sensilia
1188 518 1602 586 admirarentur,
1631 519 1812 589 prohi-

249 621 345 675 huit
360 620 481 688 ipsis
495 633 560 672 ne
577 617 824 687 quamvis
841 615 1128 685 imaginem
1153 613 1388 668 facerent
1404 631 1418 678 ;
1436 610 1668 682 illudque
1689 611 1814 666 abo-

250 713 571 764 minationem
594 708 825 771 vocavit,
853 706 1039 778 procul
1070 705 1190 760 illos
1214 720 1442 761 avocans
1469 705 1536 759 ab
1567 709 1812 773 impieta-

247 813 291 856 te
316 801 534 873 (Dan.9.
554 800 666 870 27).
695 799 829 853 Nam
861 798 1160 852 abominari
1190 811 1350 866 supra
1385 796 1600 850 modum
1630 794 1809 849 odisse

246 906 352 960 est,
398 893 536 964 quasi
579 894 882 963 impurum.
925 891 1078 960 quasi
1130 887 1538 944 exsecrandum.
1585 886 1808 942 Abomi-

247 985 410 1040 nabile
435 986 599 1054 igitur,
644 997 893 1052 perosum
921 992 976 1036 et
1003 983 1282 1036 aversione
1317 979 1534 1049 dignum
1572 979 1626 1032 in
1667 978 1809 1032 Scri-

250 1087 382 1145 ptura
409 1075 611 1129 dicitur.
647 1075 854 1129 Idolum
883 1083 1061 1128 autem
1091 1072 1314 1143 quodvis
1356 1071 1660 1142 hujnsmodi
1701 1079 1802 1124 est.

245 1165 303 1219 Et
326 1166 646 1219 adoraaerunt
671 1181 785 1235 qute
809 1169 1032 1234 fecerunt
1057 1165 1204 1234 digiti
1225 1181 1417 1219 eorum.
1447 1162 1502 1218 9.
1526 1163 1594 1217 Et
1631 1163 1808 1217 incur-

245 1260 355 1310 rerit
393 1275 442 1311 se
478 1258 666 1323 homo,
697 1268 742 1310 et
783 1259 1078 1312 humiliatus
1107 1266 1180 1311 est
1219 1259 1315 1312 vir.
1347 1255 1803 1325 Quemadmodum

251 1351 362 1403 enim
388 1349 627 1404 adoratio
655 1351 746 1404 Dei
774 1351 1044 1405 hominem
1073 1351 1123 1403 in
1151 1347 1314 1403 altum
1344 1348 1545 1415 evehit,
1589 1349 1664 1402 sic
1708 1347 1806 1401 ad-

246 1441 386 1494 oratio
413 1456 596 1495 eorum
624 1440 880 1512 deprimit
907 1441 1208 1511 dejicitque.
1229 1439 1364 1508 Quid
1387 1439 1527 1494 enim
1549 1439 1806 1508 abjectius

244 1528 463 1594 homine,
492 1531 583 1600 qui
627 1547 657 1585 a
683 1533 854 1587 salute
881 1531 1098 1597 decidit,
1131 1532 1608 1601 universorumque
1639 1531 1803 1585 Deum

240 1622 481 1676 inimicum
509 1623 612 1677 sibi
649 1622 921 1688 reddidit,
953 1622 1045 1692 qui
1074 1622 1380 1676 inanimatis
1413 1636 1473 1676 se
1512 1620 1794 1684 submittit,

241 1722 286 1765 et
310 1712 494 1780 lapides
519 1714 686 1768 colit?
709 1714 852 1770 Deus
868 1714 1064 1785 quippe
1095 1716 1148 1768 in
1179 1721 1380 1768 tantum
1411 1728 1510 1767 nos
1543 1713 1800 1767 honorem

240 1803 428 1867 evexit,
453 1814 505 1856 ut
529 1805 679 1859 caelis
704 1805 865 1859 etiam
894 1820 991 1860 nos
1017 1805 1356 1860 sublimiores
1381 1803 1661 1870 redderet;
1684 1805 1790 1859 diae

238 1892 379 1948 holus
397 1911 484 1949 eos
511 1897 597 1966 qui
631 1897 731 1951 sibi
762 1896 1195 1966 obsequebantur
1225 1896 1276 1950 in
1310 1905 1510 1950 tantam
1543 1895 1798 1948 vilitatem

237 1987 461 2054 deduxit,
487 1999 544 2043 ut
570 1990 908 2045 insensilibus
932 1989 1297 2044 insensiliores
1327 1987 1550 2043 faceret.
1578 1987 1703 2042 ldeo
1727 1988 1800 2041 ait

242 2078 482 2148 propheta
512 2095 526 2131 :
559 2078 855 2134 Humiliatus
893 2088 966 2134 est
1005 2079 1099 2133 uir.
1146 2077 1460 2134 Sufficiebat
1495 2087 1640 2132 certe
1685 2077 1798 2132 haec

239 2172 491 2225 accusatio
520 2181 575 2226 ut
611 2182 780 2228 mente
809 2172 1089 2243 praeditum
1120 2171 1188 2226 ab
1217 2172 1319 2226 hoc
1347 2169 1536 2225 morbo
1561 2170 1796 2225 abduce.-

234 2272 328 2316 ret.
361 2263 542 2317 Verum
587 2264 707 2334 quia
747 2264 987 2334 plerique
1015 2263 1261 2318 homines
1288 2277 1394 2318 non
1423 2271 1530 2316 tam
1579 2273 1796 2332 peccata

231 2367 374 2422 quam
403 2354 653 2423 supplicia
705 2353 1014 2419 formidant,
1044 2354 1133 2408 ille
1168 2353 1486 2423 supplicium
1531 2351 1793 2421 adjunxit,

229 2443 396 2498 dicens
426 2462 441 2496 :
489 2443 609 2498 Non
654 2446 905 2498 dimittam
935 2462 1038 2500 eos.
1069 2443 1184 2500 Non
1227 2443 1565 2510 condonabo,
1598 2443 1790 2514 inquit,

228 2548 322 2587 non
346 2533 628 2603 dimittam,
654 2552 760 2591 non
801 2535 1084 2606 negligam,
1110 2534 1205 2591 sed
1231 2533 1468 2589 rationes
1503 2549 1795 2605 poenasque

227 2638 440 2696 repetam
487 2629 780 2683 scelerum.
811 2629 898 2683 10.
932 2627 1000 2682 Et
1027 2644 1160 2682 nunc
1185 2626 1390 2684 introits
1435 2627 1488 2681 in
1521 2635 1714 2696 petras,
1747 2635 1795 2680 et

224 2720 569 2775 abscondimini
593 2723 646 2774 in
672 2730 806 2776 terra
828 2739 860 2774 a
886 2722 1016 2793 facie
1034 2719 1475 2787 timorisDomini.
1505 2721 1793 2791 Postquam

223 2812 411 2866 illorum
430 2814 821 2884 insipientiam,
837 2815 923 2885 qni
951 2813 1087 2869 idola
1114 2813 1360 2878 adorant,
1387 2814 1520 2870 satis
1538 2813 1791 2880 traduxit,

221 2910 264 2954 et
287 2917 312 2954 a
339 2903 490 2958 modo
515 2903 824 2960 fabricandi
848 2920 1031 2960 eorum
1065 2905 1352 2960 amentiam
1382 2904 1639 2973 ostendit,
1663 2921 1790 2960 nec-

219 3007 311 3046 non
335 2993 596 3050 idolorum
621 2995 1073 3063 imbecillitatem;
1094 3010 1279 3051 rursus
1301 2995 1478 3052 verbis
1493 3007 1788 3068 concertat,

216 3095 263 3139 et
280 3087 525 3144 dictorum
573 3088 973 3158 inquisitionem
993 3103 1172 3144 rerum
1199 3088 1544 3159 experientiae
1567 3089 1791 3160 permit-

216 3179 286 3244 tit,
313 3181 480 3252 aitque
511 3198 525 3236 :
562 3179 879 3236 Sufticiebat
901 3179 1028 3235 mibi
1058 3195 1153 3251 per
1172 3179 1274 3235 hoc
1302 3179 1475 3250 ipsum
1503 3179 1643 3250 quod
1675 3179 1791 3236 haec

215 3267 334 3324 facta
361 3280 481 3326 sunt
507 3271 589 3326 ab
615 3271 939 3337 hominibus,
972 3285 1159 3326 eorum
1186 3270 1277 3341 qui
1307 3269 1518 3341 decepti
1548 3279 1673 3326 sunt
1704 3271 1788 3326 in-

212 3359 487 3430 sipientiam
513 3362 864 3419 ostendisse:
889 3363 1011 3435 quia
1036 3377 1165 3418 vero
1183 3361 1456 3432 impietate
1482 3378 1581 3419 ceu
1612 3363 1790 3419 ebrie-

213 3460 307 3508 tate
331 3454 562 3524 quadam
589 3455 884 3525 aggravati,
915 3455 1055 3509 circa
1085 3469 1173 3510 res
1198 3455 1371 3511 claras
1395 3463 1450 3510 et
1476 3453 1790 3510 manifestas

206 3545 508 3612 excutiunt,
544 3545 688 3601 tales
716 3545 902 3601 urbem
930 3545 1197 3616 excipient
1223 3546 1574 3611 calamitates,
1608 3557 1664 3602 ut
1703 3547 1787 3602 vel

211 3649 292 3688 eos
328 3637 413 3705 qui
455 3635 759 3692 admodum
806 3637 1002 3708 stupidi
1046 3647 1169 3692 sunt
1216 3637 1465 3704 doceant,
1493 3649 1688 3710 quanta
1720 3640 1790 3696 sit

211 3723 400 3779 illorum
429 3726 800 3791 imbecillitas,
827 3735 882 3781 et
917 3735 1112 3796 quanta
1141 3727 1234 3781 Dei
1262 3729 1519 3797 potentia.

269 3815 316 3869 8.
358 3817 572 3872 Idcirco
598 3827 879 3888 antequam
905 3817 972 3872 de
997 3818 1137 3872 bello
1164 3817 1430 3888 loquatur,
1459 3834 1578 3890 quae
1603 3835 1669 3874 ex
1695 3821 1788 3875 illo

207 3919 591 3977 consequutura
620 3907 727 3962 sint
750 3909 941 3978 aperit,
973 3909 1288 3980 praecipiens
1311 3920 1366 3964 ut
1396 3911 1446 3964 in
1489 3923 1667 3981 petras
1703 3913 1752 3966 in
1772 3939 1786 3953 -

205 3998 516 4065 grediantur,
575 4007 631 4053 et
665 3999 765 4053 sub
800 3999 914 4068 ipsa
955 4008 1098 4053 terra
1137 4000 1473 4064 delitescant,
1513 4017 1617 4054 non
1650 4010 1707 4055 ut
1735 4001 1784 4055 id

205 4098 367 4158 agant,
392 4091 486 4146 sed
513 4099 582 4144 nt
609 4090 729 4146 hinc
750 4091 1006 4156 ediscant,
1045 4107 1202 4162 quam
1232 4092 1558 4147 intoleranda
1602 4094 1671 4148 sit
1710 4094 1786 4148 ira

209 4179 289 4233 Dei
318 4192 437 4236 tunc
468 4181 604 4236 illos
647 4182 916 4239 invasura.
1001 4181 1132 4236 Nam
1160 4183 1236 4236 ait
1267 4200 1281 4236 :
1323 4182 1699 4236 Abscondimini
1736 4187 1788 4238 in

207 4279 326 4322 terra
359 4289 391 4323 Î±
423 4273 569 4343 facie
604 4272 798 4326 timoris
841 4270 1068 4338 Domini,
1101 4282 1147 4325 et
1191 4289 1222 4326 a
1266 4272 1431 4344 gloria
1476 4274 1789 4344 fortitudinis

205 4365 323 4432 eius,
353 4381 469 4418 cum
496 4365 779 4420 surrexerit
798 4375 1057 4434 percutere
1085 4373 1288 4419 terram.
1319 4363 1436 4420 Non
1461 4367 1531 4419 ait
1557 4375 1785 4431 tantum,

208 4454 244 4505 Î”
272 4453 587 4511 fortitudine
623 4455 769 4525 ejus,
808 4456 925 4520 sed,
968 4456 1013 4510 Î‘
1055 4456 1219 4527 gloria
1261 4458 1593 4528 fortitudinis.
1639 4457 1787 4513 Talia

207 4560 425 4617 namque
453 4555 587 4602 sunt
612 4547 727 4617 ejus
757 4547 1011 4618 praeclara
1041 4556 1209 4617 gesta,
1240 4549 1364 4603 talia
1391 4559 1613 4620 tr0paea,
1652 4551 1786 4605 mul-

209 4642 308 4688 tum
337 4638 710 4706 splendorem,
736 4641 959 4693 multam
985 4639 1294 4709 dignitatem
1324 4655 1433 4710 pra:
1461 4655 1520 4696 se
1547 4641 1786 4697 ferentia.

208 4727 296 4785 llic
324 4732 455 4786 mihi
483 4733 695 4788 videtur
723 4734 996 4788 victoriam
1025 4733 1166 4788 illam
1209 4734 1507 4804 signiï¬care
1547 4751 1664 4806 qua:
1691 4736 1790 4790 sub

208 4818 425 4876 Elecbia
457 4823 700 4893 contigit,
727 4829 922 4880 terram
953 4839 1152 4878 vocans
1191 4824 1580 4880 multitudinem
1614 4826 1787 4880 homi-

207 4929 348 4981 num,
375 4926 432 4972 et
474 4918 873 4987 percussionem
905 4917 1116 4972 illorum
1160 4917 1388 4986 ruinam,
1433 4920 1785 4974 resurrectio-

209 5020 321 5061 nem
347 5024 481 5063 vero
507 5008 625 5078 ejus
648 5024 922 5080 egressura
949 5008 1016 5064 ad
1038 5008 1417 5064 auxiliandum.
1446 5009 1790 5080 Quandoqui-

208 5094 320 5150 dem
345 5109 400 5154 et
433 5099 600 5153 David
625 5099 752 5154 dicit
779 5117 793 5152 :
828 5099 1083 5170 Exsurgat
1107 5098 1265 5167 Deus,
1289 5109 1336 5154 et
1364 5101 1670 5172 dissipentur
1694 5102 1792 5155 ini-

212 5189 318 5238 mici
346 5191 458 5259 ejus
488 5188 660 5260 (Psal.
693 5191 781 5245 67.
808 5189 905 5262 2);
935 5205 997 5246 ac
1027 5205 1211 5245 rursus
1243 5209 1256 5246 :
1291 5191 1474 5264 Surge,
1516 5192 1671 5257 Deus,
1701 5195 1792 5261 ju-

211 5275 314 5327 dica
341 5286 536 5330 terram
564 5277 733 5349 (Psal.
775 5280 863 5335 8L
895 5281 984 5350 8);
1017 5281 1084 5334 ab
1116 5280 1362 5336 humanis
1386 5283 1552 5353 gestis
1589 5293 1644 5337 et
1675 5301 1790 5337 tno-

209 5363 283 5416 dis
307 5367 396 5421 Dei
425 5371 766 5438 operationes
787 5373 1114 5441 exprimens.
1145 5371 1232 5427 Î—.
1261 5372 1411 5426 Oculi
1432 5375 1562 5428 enim
1587 5374 1793 5429 Domini

212 5457 464 5523 sublimes,
502 5461 650 5516 homo
689 5473 857 5516 autem
901 5464 1126 5518 humilis.
1176 5464 1376 5521 Deinde
1421 5483 1486 5522 ne
1528 5467 1788 5537 quispiam

210 5549 541 5605 audientium
561 5552 714 5609 dictis
740 5565 957 5628 negaret
977 5557 1134 5612 tidem
1179 5555 1383 5630 (multis
1421 5559 1562 5614 enim
1603 5570 1792 5616 contra

209 5652 349 5709 spem
379 5655 436 5700 et
463 5650 916 5714 exspectationem
943 5665 1057 5708 erat
1087 5651 1138 5708 id
1179 5652 1319 5722 quod
1350 5664 1665 5709 eventurum
1705 5653 1789 5709 di-

211 5733 401 5805 cebat),
418 5735 758 5811 confugiebat
775 5739 841 5795 ad
867 5744 1154 5812 potentiam
1170 5742 1410 5814 Opificis,
1437 5755 1489 5802 et
1514 5747 1580 5801 ad
1602 5763 1783 5804 cormn

1922 431 2010 499 qni
2035 429 2371 500 patiebantur
2401 431 2835 488 imbecillitatem.
2867 432 3049 506 Neque
3075 435 3238 504 enim,
3266 438 3360 502 ait,
3394 438 3505 495 Deo

1917 533 1999 577 est
2019 520 2290 591 quidpiam
2317 521 2618 590 sublimius,
2651 540 2822 594 neque
2868 527 3170 584 hominibus
3211 530 3385 585 vilius.
3422 529 3502 586 Ne

1923 625 2047 680 ergo
2073 610 2304 678 dubites,
2336 628 2462 667 num
2490 614 2654 683 possit
2684 615 2772 670 ille
2801 632 3021 687 magnus
3047 627 3101 672 et
3127 617 3280 674 fortis
3333 621 3504 676 imbe-

1915 705 2068 760 cillos
2084 705 2162 760 sic
2181 708 2460 762 confestim
2478 709 2796 780 deprimere.
2822 712 2889 767 Et
2911 715 3152 784 apposite
3171 715 3321 780 dixit,
3351 717 3510 772 Oculi

1916 793 2122 848 Domini
2149 797 2404 853 sublimes.
2431 799 2546 854 Non
2573 801 2726 869 dixit,
2755 801 3019 871 Potentia,
3045 805 3162 873 sed,
3209 805 3360 862 Oculi
3386 807 3499 862 Do-

1913 886 2058 951 mini,
2087 889 2236 957 quasi
2263 888 2410 944 solus
2435 901 2682 960 aspectus
2703 894 2870 962 possit
2894 895 3070 950 omnia
3101 896 3203 952 sibi
3230 899 3501 955 reluctan-

1915 978 1985 1032 tia
2016 987 2357 1049 prosternere
2383 998 2396 1034 :
2426 981 2479 1036 id
2503 983 2641 1052 quod
2671 985 2832 1038 etiam
2871 985 3034 1041 David
3075 987 3199 1043 alibi
3239 989 3448 1046 dicebat
3483 1011 3497 1045 :

1915 1069 2016 1134 Qui
2040 1072 2244 1140 respicit
2273 1083 2476 1138 terram,
2519 1085 2565 1128 et
2608 1077 2730 1146 facit
2770 1093 2881 1129 eam
2917 1086 3124 1134 tremere
3164 1078 3335 1154 (Psal.
3374 1083 3496 1154 105.

1909 1158 2037 1229 32);
2069 1170 2120 1214 et
2147 1161 2283 1216 alius
2311 1162 2504 1218 iterum
2531 1165 2785 1234 propheta
2821 1183 2835 1221 :
2865 1166 3152 1238 Respiciam
3175 1152 3262 1223 _ad
3289 1188 3422 1240 eum,
3450 1152 3499 1226 Et

1911 1254 2192 1321 pra'valcbo
2241 1255 2306 1307 ei.
2359 1254 2426 1308 Et
2473 1255 2824 1312 humiliabitur
2871 1258 3086 1314 altitudo
3127 1261 3407 1331 hominum,
3453 1276 3500 1317 et

1909 1346 2213 1400 cxaltabitur
2255 1347 2504 1402 Dominus
2546 1349 2685 1404 solus
2720 1351 2774 1404 in
2826 1351 2909 1405 die
2948 1353 3041 1406 illa
3090 1354 3242 1426 (Osee
3285 1358 3370 1412 Î—.
3415 1360 3494 1428 4).

1909 1435 2202 1506 Conspecta
2232 1441 2375 1494 enim
2416 1441 2502 1494 illa
2533 1442 2803 1512 inopinata
2834 1445 3079 1514 victoria,
3123 1447 3332 1519 illisque
3367 1466 3495 1506 cnn-

1909 1527 2106 1595 Spicuis
2126 1528 2560 1601 admirandisque
2584 1534 2818 1602 tropatis,
2841 1535 3113 1592 dmmones
3133 1538 3325 1595 devicti
3347 1553 3492 1612 sunt,

1909 1617 2049 1671 idola
2072 1617 2340 1680 dedecore
2364 1622 2574 1690 affecta,
2608 1625 3190 1698 pseudOprophetarum
3213 1647 3306 1686 ora
3332 1633 3494 1688 obtu-

1907 1719 2042 1776 rata,
2076 1709 2419 1766 barbarorum
2451 1715 2689 1784 tyrannis
2717 1717 2908 1783 soluta,
2961 1729 3014 1773 et
3048 1733 3108 1774 os
3138 1735 3318 1789 omne,
3348 1725 3489 1794 quod

1908 1801 2016 1854 Deo
2043 1803 2410 1871 aversabatur,
2443 1807 2776 1864 obStructum
2803 1817 2906 1865 est.
2947 1811 3073 1868 Ideo
3098 1815 3192 1881 ait,
3224 1814 3492 1873 Exaltabiâ€”

1906 1899 1987 1944 tur
2013 1891 2262 1949 Dominus
2287 1897 2446 1951 solus.
2477 1897 2664 1954 Nullus
2691 1901 2796 1954 erit
2817 1901 3072 1973 deinceps
3105 1905 3195 1976 qui
3220 1909 3484 1964 contradi-

1904 1991 2008 2047 cat,
2032 1999 2132 2040 nec
2153 1988 2240 2056 qui
2265 1987 2333 2044 de
2356 1989 2448 2044 Dei
2477 1991 2712 2058 potentia
2728 1990 2955 2058 dubitet,
2975 2009 3096 2049 cum
3119 2011 3298 2054 rerum
3314 2009 3492 2070 gesta.

1904 2091 2020 2129 rum
2035 2075 2420 2135 demonstratio
2441 2081 2838 2137 evidentissima
2860 2083 3036 2139 fuerit.
3054 2086 3265 2142 Naturae
3292 2092 3488 2161 quippe

1901 2165 2094 2222 divinae
2119 2169 2377 2225 celsitudo
2408 2181 2660 2242 perpetua
2686 2181 2788 2237 est,
2834 2189 2898 2228 ac
2928 2191 3214 2246 numquam
3245 2179 3484 2250 increpit,

1900 2257 1995 2313 sed
2019 2273 2232 2330 semper
2256 2270 2368 2328 est;
2401 2263 2626 2318 exaltari
2650 2273 2830 2319 autem
2865 2264 3060 2320 dicitur
3088 2268 3139 2321 in
3184 2280 3360 2324 mente
3389 2271 3487 2324 hn-

1899 2354 2124 2420 tninum,
2155 2356 2367 2426 quando
2396 2357 2430 2411 ii
2461 2357 2550 2428 qui
2577 2357 3013 2413 contradicebant
3055 2370 3110 2414 et
3152 2362 3486 2418 reluctaban-

1901 2454 2008 2510 tur,
2035 2445 2149 2514 ipsa
2181 2462 2362 2502 rerum
2385 2447 2842 2506 demonstratione
2864 2449 3142 2516 suadente,
3175 2453 3390 2521 cedunt,
3420 2470 3483 2510 ac

1896 2544 2284 2604 competentem
2323 2536 2745 2594 benedictionem
2776 2538 3032 2594 referunt.
3065 2539 3148 2594 l2.
3191 2541 3312 2597 Dies
3350 2545 3483 2598 enini

1896 2623 2104 2680 Domini
2132 2625 2360 2682 Sabaoth
2386 2629 2584 2683 aduenit
2605 2646 2758 2700 super
2777 2647 2971 2683 omnem
2997 2633 3410 2687 contumeliosum
3431 2645 3480 2688 et

1894 2719 2186 2787 superbum,
2208 2730 2254 2773 et
2281 2736 2430 2796 super
2453 2737 2648 2775 omnem
2667 2723 2917 2776 excelsum
2941 2732 2988 2776 et
3011 2722 3292 2794 sublimem,
3314 2735 3360 2779 et
3386 2727 3486 2780 hu-

1897 2809 2242 2865 ntiliabuntur.
2271 2812 2358 2866 l5.
2388 2811 2456 2865 Et
2485 2829 2639 2882 super
2659 2830 2856 2868 omnem
2880 2815 3088 2868 cedrum
3115 2814 3298 2871 Libani
3325 2819 3483 2873 excel-

1895 2915 2005 2953 sam
2031 2908 2079 2953 et
2103 2901 2387 2969 sublimem,
2420 2912 2466 2956 et
2488 2919 2640 2973 super
2660 2920 2856 2957 omnem
2886 2905 3116 2960 arborem
3144 2908 3346 2978 glandis
3369 2906 3480 2963 Ba-

1893 3006 1986 3045 san
2013 2990 2113 3063 (a).
2141 2992 2228 3047 14.
2256 2992 2324 3046 Et
2348 3011 2500 3066 super
2525 3011 2723 3051 onmem
2750 3006 2970 3050 montem
3011 2998 3282 3066 excelsum,
3312 3009 3360 3054 et
3395 3017 3479 3056 su-

1892 3099 1985 3151 per
2004 3101 2202 3139 omnem
2228 3102 2428 3140 murum
2452 3088 2736 3142 sublimem.
2767 3089 2859 3143 15.
2881 3087 2949 3142 Et
2977 3105 3130 3160 super
3153 3107 3351 3145 omnem
3371 3101 3480 3144 tur-

1892 3175 1990 3228 rim
2017 3177 2297 3231 sublimem.
2331 3179 2419 3233 16.
2461 3177 2530 3232 Et
2555 3195 2706 3248 super
2731 3195 2877 3234 omne
2914 3181 3168 3252 navigium
3212 3183 3386 3249 maris,
3428 3193 3480 3237 et

1892 3284 2043 3338 super
2066 3285 2264 3323 onmem
2291 3281 2547 3340 aspectum
2589 3269 2979 3341 pulchritudinis
3013 3273 3233 3326 navium.
3275 3274 3364 3328 17.
3411 3273 3479 3328 Et

1893 3359 2247 3413 humiliabitur
2283 3361 2499 3414 altitudo
2543 3362 2828 3427 hominum,
2871 3371 2915 3416 et
2959 3362 3264 3417 exaltabitur
3300 3362 3479 3418 Domi-

1892 3464 1987 3503 nus
2024 3451 2164 3504 solus
2205 3451 2257 3504 in
2297 3451 2379 3504 die
2417 3451 2528 3505 illa.
2574 3451 2782 3506 Murum
2823 3450 2932 3518 hic,
2976 3451 3217 3521 cedrum,
3261 3455 3476 3524 collem,

1890 3530 2146 3610 quercum
2193 3551 2432 3611 potentes
2475 3543 2722 3598 homines
2766 3551 2940 3610 vocat,
2993 3543 3268 3600 altitudine
3297 3545 3480 3616 hujus-
3575 3573 3586 3583 Î¿

1891 3631 2036 3686 modi
2061 3632 2313 3687 arborum
2340 3648 2528 3688 eorum
2555 3634 2850 3705 potentiam
2879 3634 3240 3705 metaphorice
3276 3637 3478 3706 signiti-

1891 3737 2020 3776 cans
2046 3739 2060 3776 :
2089 3739 2154 3778 ac
2181 3738 2302 3777 cum
2333 3723 2598 3794 navigium
2627 3735 2682 3779 et
2717 3734 2988 3793 aspectum
3032 3726 3473 3795 pulchritudinisâ€˜

1891 3814 2101 3868 navium
2131 3813 2277 3881 dicit,
2305 3829 2399 3869 eos
2428 3813 2746 3880 subindicat,
2775 3816 2863 3886 qui
2886 3825 3010 3870 sunt
3037 3816 3418 3886 opulentiores.

1962 3907 2016 3961 9.
2060 3906 2169 3961 lloc
2190 3917 2368 3962 autem
2391 3908 2503 3962 vult
2521 3907 2842 3978 signiï¬care,
2869 3923 3059 3978 nempe
3081 3907 3272 3963 fortem
3291 3925 3478 3979 quem-

1892 3998 2040 4064 libet,
2083 4008 2376 4068 potentem,
2418 3998 2609 4054 ducem
2646 4000 2934 4066 exercitus,
2973 4015 3240 4070 quemque
3281 4001 3479 4054 divitiis

1892 4090 2370 4157 circumï¬‚uentem,
2418 4099 2714 4160 totumque,
2758 4102 2816 4146 ut
2860 4096 2928 4145 ita
2969 4093 3164 4159 dicam,
3202 4091 3474 4145 hominum

1893 4182 2140 4238 decorem
2180 4196 2243 4236 ac
2295 4190 2460 4236 totam
2505 4181 2907 4248 fortitudinem,
2955 4192 3079 4235 tunc
3118 4181 3378 4235 abituram
3425 4192 3477 4237 et

1891 4271 2201 4328 solvendam
2228 4287 2384 4337 esse;
2416 4272 2654 4342 nihilque
2687 4271 2968 4342 patrocinii
2995 4271 3325 4341 profuturum
3356 4287 3476 4328 esse

1892 4365 1959 4420 ad
1989 4363 2340 4434 etfngiendam
2368 4364 2500 4419 iram
2527 4363 2643 4430 Dei,
2674 4379 2778 4418 non
2808 4363 3056 4418 virtutem
3085 4365 3345 4433 corporis,
3369 4379 3475 4419 non

1893 4457 2276 4526 experientiam
2307 4458 2454 4522 belli,
2489 4472 2592 4512 non
2623 4456 2964 4527 pecuniarum
2990 4456 3220 4526 copiam,
3251 4473 3354 4511 non
3387 4473 3478 4528 po-

1895 4549 2073 4604 tentias
2097 4549 2418 4616 clientelam,
2446 4566 2552 4605 non
2593 4550 2862 4604 exercitus
2901 4548 3339 4620 rnagnitudincm,
3369 4565 3474 4605 non

1894 4641 2037 4698 aliud
2058 4641 2328 4713 quidpiam
2368 4643 2560 4698 simile.
2597 4641 2801 4698 Cedros
2835 4653 3016 4698 autem
3057 4641 3245 4697 Libani
3277 4658 3479 4697 memo-

1895 4745 1998 4803 rat,
2028 4737 2150 4807 quia
2187 4737 2256 4791 ibi
2301 4739 2530 4791 maxime
2577 4737 2813 4790 nascitur
2863 4737 2974 4790 haec
3016 4735 3195 4798 arbor,
3243 4735 3327 4790 vel
3357 4736 3477 4805 quia

1897 4842 1983 4882 res
2003 4828 2110 4897 jatn
2133 4829 2393 4898 proximae
2421 4836 2546 4881 sunt
2573 4829 2682 4896 (a);
2711 4837 2982 4896 aspectum
3007 4843 3132 4881 vero
3156 4827 3229 4880 ait
3250 4827 3480 4895 pulchri-

1898 4920 2094 4974 tudinis
2133 4920 2366 4984 navium,
2393 4919 2640 4974 decorem
2673 4918 2865 4972 ducum
2894 4918 3179 4978 exercitus,
3217 4917 3306 4987 qui
3337 4917 3478 4972 divi-

1899 5011 2006 5079 tiis,
2023 5011 2186 5066 armis
2202 5019 2258 5066 et
2275 5009 2591 5066 satellitibus
2607 5009 2835 5080 stipandi
2855 5009 3045 5064 forent.
3068 5008 3286 5065 Videtur
3301 5019 3482 5066 autem

1960 5147 1977 5179 Î¹
2003 5152 2154 5210 ..Î¹Î¹Î¹Î¹Ï‰
2176 5143 2314 5210 savii.
2328 5152 2394 5210 â€˜et
2416 5144 2592 5210 Morel._
2625 5144 2891 5210 legendum
2908 5155 3057 5210 _esset
3191 5157 3358 5197 eorum
3397 5160 3485 5210 po-

1897 5206 2094 5260 tentiam
2115 5213 2179 5272 et
2199 5205 2396 5272 divitias
2415 5205 2734 5272 metaphorice
2763 5207 3081 5272 signiï¬cans;
3123 5215 3169 5260 et
3199 5222 3312 5260 cum
3349 5205 3484 5272 aspc-

1897 5277 2025 5320 ctum
2047 5267 2436 5333 pulchritudinis,
2465 5267 2584 5330 etc'.;
2611 5271 2768 5333 minus
2789 5267 2944 5320 recte.

1959 5349 2034 5414 (a)
2047 5328 2310 5400 ttebraicus
2328 5328 2496 5401 textus
2514 5328 2665 5435 prun
2687 5328 2846 5407 uias.

1962 5441 2034 5507 (Ï‰
2049 5449 2146 5493 Non
2169 5443 2288 5507 satis
2310 5443 2548 5507 perspicio
2569 5442 2684 5506 quid
2707 5443 2799 5492 sibi
2823 5441 2943 5507 velit
2965 5442 3350 5507 Chrysostomus,
3376 5454 3485 5491 cum

1895 5504 1962 5555 uit
1986 5504 2098 5566 ideo
2120 5504 2296 5554 cedrus
2314 5504 2474 5553 Libani
2499 5504 2880 5564 bic'mcmorari,
2904 5508 3016 5566 quia
3040 5504 3141 5563 res,
3174 5516 3354 5564 nempe
3377 5516 3486 5564 qua:

1898 5565 2304 5629 praedicebantur,
2324 5567 2423 5629 jam
2444 5567 2677 5629 proxima:
2698 5573 2854 5629 erant.
2879 5565 2953 5629 Au
2972 5567 3084 5627 quia
3103 5567 3347 5628 proximus
3383 5571 3489 5614 erat

1897 5627 2076 5676 Judatz
2098 5627 2434 5690 Libanus,'per
2455 5628 2630 5690 cedros
2660 5627 2822 5690 Libani
2844 5628 3034 5690 excisas
3071 5627 3221 5687 prope
3244 5635 3371 5690 _esse
3406 5637 3490 5674 res

1898 5695 2245 5755 [renuntiata
2279 5685 2492 5739 diierit?
2527 5697 2595 5740 Ne
2640 5690 2711 5738 sic
2745 5688 2946 5749 quidem
2980 5685 3090 5736 huic
3131 5685 3376 5754 quadrare
3415 5690 3485 5739 vi-

1905 5757 2102 5805 dentur.
