4018 6212
627 266 697 344 si;
1410 277 1466 334 s.
1505 274 1782 334 JOANNIS
1817 269 2290 331 CliBYSOSTOMl
2331 271 2648 328 ARCHIEP.
2690 274 3220 334 consummes.
3791 284 3813 330 t

627 399 757 456 mihi
782 395 1120 453 subindicare
1157 391 1497 463 longinquam
1527 387 1877 445 barbarorum
1910 385 2207 458 expeditio-

626 505 768 546 nem.
796 487 878 544 18.
909 485 977 541 Et
997 487 1291 555 manufacta
1318 480 1488 536 omnia
1507 479 1832 544 abscondent,
1860 477 1948 534 l9.
1976 479 2211 544 Infcren-

625 595 696 638 tes
720 598 778 637 ea
811 581 866 635 in
907 593 1148 633 cavernas
1191 591 1252 630 ac
1290 573 1538 628 scissuras
1568 583 1854 643 petrarum,
1885 577 1933 624 et
1957 569 2013 624 in
2041 572 2211 639 foveas

625 687 792 740 teme,
823 691 856 727 a
884 673 1013 745 facie
1039 669 1233 724 timoris
1261 665 1488 730 Domini,
1532 673 1583 720 et
1629 681 1662 716 a
1702 663 1867 734 gloria
1895 659 2210 730 fortitudinis

621 771 751 838 ejus,
779 782 893 820 cum
932 761 1204 818 surrexerit
1229 758 1297 812 ad
1323 756 1698 828 percutiendum
1721 764 1923 808 terram.
1958 753 2236 818 Tantum,‘

623 857 814 927 inquit,
844 853 1034 920 aberit,
1061 860 1121 905 ιιι
1146 864 1333 904 eorum
1359 847 1432 902 dii
1460 846 1656 914 aliquid
1694 843 1812 913 opis
1846 842 2038 896 afferre
2082 856 2208 910 pos-

622 950 748 1012 sint,
779 955 835 1000 ut
865 944 940 999 illi
971 944 1244 999 hominum
1269 939 1468 994 auxilio
1492 951 1626 1009 opus
1651 935 1882 990 habituri
1919 933 2045 997 sint,
2077 947 2207 988 nee-

623 1053 731 1094 non
758 1036 996 1092 locerum
1017 1034 1202 1100 tutela,
1232 1041 1291 1087 nt
1321 1045 1387 1085 ne
1425 1029 1717 1098 capiantur,
1763 1025 1808 1080 Α
1841 1025 1970 1097 facie
2013 1023 2208 1077 timoris

622 1129 850 1194 Domini,
883 1137 929 1181 et
969 1143 1001 1180 a
1037 1126 1207 1196 gloria
1249 1121 1558 1196 fortitudinis
1601 1121 1730 1192 ejus,
1780 1135 1893 1171 cum
1935 1115 2208 1170 surrexerit

623 1231 884 1293 percutere
907 1228 1112 1272 terram.
1139 1214 1217 1270 Ne
1245 1214 1363 1285 quis
1387 1212 1530 1268 enim
1551 1210 1896 1266 barbarorum
1923 1205 2206 1276 irruptioni

621 1313 738 1368 hzec
765 1315 1006 1380 imputet,
1038 1321 1173 1362 neve
1202 1306 1470 1360 existimet
1513 1303 1760 1357 timorem
1797 1315 1865 1355 ex
1894 1314 2080 1355 eorum
2106 1313 2206 1368 po-

622 1407 786 1462 tentia
817 1404 1118 1474 provenire,
1171 1412 1475 1456 sermonem
1523 1394 1688 1450 r‘éfert
1723 1392 1790 1448 ad
1837 1393 2206 1447 universorum

621 1500 812 1564 Deum,
843 1497 1049 1560 dicens,
1075 1508 1195 1548 eum
1225 1489 1349 1546 belli
1393 1488 1616 1558 hujusce
1642 1485 1830 1541 ducem
1864 1483 2122 1544 futurum,
2151 1489 2206 1535 et

621 1591 690 1645 ab
733 1605 798 1644 eo
837 1596 1152 1659 potestatem
1183 1599 1304 1640 esse
1347 1583 1398 1636 in
1436 1589 1585 1635 tanto
1631 1578 1866 1649 periculo
1901 1573 2206 1631 vindicandi

620 1682 821 1738 scelera
848 1681 959 1750 jam
997 1676 1249 1732 admissa.
1278 1673 1369 1730 20.
1411 1671 1512 1727 Die
1543 1672 1677 1725 enim
1716 1670 1809 1723 illa
1855 1669 2017 1738 ejiciet
2057 1665 2205 1718 homo

620 1771 1016 1828 abominationes
1039 1784 1157 1821 suas
1197 1774 1458 1837 argenteas
1497 1773 1547 1817 et
1582 1776 1784 1824 aureas,
1827 1775 1954 1829 quas
1983 1761 2206 1828 fecerunt

619 1866 712 1920 sibi
737 1864 861 1934 ipsis
888 1872 943 1916 ut
969 1861 1238 1914 adorarent
1277 1857 1449 1910 inania
1481 1871 1577 1908 sua
1615 1864 1662 1908 et
1689 1851 2081 1922 oespertiliones,
2111 1848 2201 1902 2i.

620 1956 691 2009 ad
712 1953 1096 2026 ingrediendum
1127 1951 1179 2004 in
1207 1949 1396 2003 solidas
1417 1957 1603 2018 petras,
1635 1955 1683 2000 et
1701 1946 1754 1998 in
1773 1945 2019 1998 scissuras
2041 1950 2208 2010 petra-

617 2063 733 2102 rum
760 2065 792 2100 a
820 2046 950 2117 facie
971 2043 1164 2098 timoris
1193 2041 1417 2104 Domini,
1447 2050 1490 2093 et
1511 2055 1542 2092 a
1559 2038 1721 2110 gloria
1741 2033 2055 2106 fortitudinis
2075 2033 2202 2102 ejus,

617 2155 733 2192 cum
759 2137 1087 2191 resurrexerit
1130 2132 1200 2187 ad
1245 2131 1619 2204 percutiendum
1663 2137 1868 2182 terram.
1915 2126 2055 2182 Satis
2101 2117 2212 2178 tra-'

619 2231 771 2287 duxit
796 2245 910 2297 eos,
940 2228 1230 2284 ostendens
1253 2227 1398 2297 ipsos
1424 2239 1545 2279 cum
1575 2222 1676 2277 diis
1700 2223 1811 2277 suis
1835 2219 2128 2284 delituisse,
2152 2226 2206 2273 et

619 2327 672 2380 in
704 2333 902 2380 terram
945 2337 1004 2377 se
1031 2321 1319 2383 abdidisse,
1368 2332 1541 2388 neque
1578 2314 1818 2369 materia:
1846 2313 2074 2384 pretium
2102 2311 2206 2366 ali-

619 2415 746 2486 quid
790 2413 909 2483 opis
955 2412 1200 2465 conferre
1243 2407 1480 2480 potuisse
1527 2405 1836 2460 imminente
1878 2402 2200 2459 calamitate.

621 2509 762 2566 idola
791 2521 951 2578 porro
976 2503 1381 2575 vespertiliones
1410 2500 1635 2564 vocavit,
1664 2498 1777 2554 sive
1813 2495 1882 2550 ob
1926 2495 2207 2550 imbecilli-

620 2609 808 2666 tatem,
839 2599 952 2653 sive
980 2597 1050 2652 ob
1075 2593 1277 2651 erroris
1302 2591 1568 2655 tenebras,
1596 2598 1652 2644 et
1675 2589 1796 2660 quia
1825 2586 2001 2643 omnia
2030 2599 2060 2640 a
2090 2584 2202 2640 dte-

618 2691 864 2747 monibus
909 2689 1047 2743 clam
1093 2693 1368 2757 geruntur.
1417 2677 1874 2750 Quemadmodum
1919 2677 2062 2735 enim
2106 2691 2201 2732 ve-

617 2779 1014 2852 spertilionibns
1039 2778 1119 2832 sol
1145 2777 1389 2831 inimicus
1413 2782 1493 2828 est
1521 2780 1576 2828 et
1599 2771 1689 2826 lux
1715 2783 1945 2841 quoque,
1974 2783 2079 2823 nox
2104 2781 2202 2822 au-

617 2881 725 2929 tem
753 2879 809 2927 et
830 2870 1064 2925 tenebrze
1084 2867 1268 2922 amicae
1289 2873 1414 2920 sunt
1439 2881 1452 2918 :
1482 2864 1558 2918 sic
1594 2871 1649 2918 et
1679 2862 2031 2926 daemonibus,
2061 2867 2111 2914 et
2138 2859 2204 2914 iis

617 2981 752 3036 quos
777 2965 828 3018 in
855 2976 1092 3018 errorem
1112 2958 1464 3020 deduxerunt,
1490 2953 1722 3024 nequitia
1748 2961 1802 3008 et
1829 2952 2002 3021 iniqua
2023 2950 2200 3003 omnia

619 3055 896 3114 familiaria
925 3062 1048 3110 sunt
1073 3061 1126 3107 et
1149 3051 1342 3116 amica,
1372 3048 1539 3103 virtus
1569 3053 1746 3100 autem
1787 3054 1839 3098 et
1878 3056 2039 3112 opera
2069 3041 2201 3095 lucis

619 3150 831 3206 inimica
859 3155 1004 3214 sunt,
1039 3145 1207 3215 iisque
1227 3139 1650 3213 Splendentibus,
1679 3138 1856 3193 statim
1878 3137 1958 3192 illi
1983 3136 2199 3191 obtene-

619 3244 862 3307 brantur,
881 3253 1002 3294 cum
1024 3245 1211 3293 contra
1239 3236 1283 3290 is
1305 3235 1394 3305 qui
1415 3234 1609 3288 virtute
1627 3229 1883 3302 praeditus
1907 3229 2036 3284 vivit
2058 3229 2202 3284 nullo

617 3336 800 3390 labore
842 3332 928 3386 vel
968 3331 1162 3386 sudore
1189 3336 1361 3398 egeat.
1397 3324 1607 3382 Sufficit
1639 3324 1781 3379 enim
1818 3332 1878 3378 ut
1921 3322 2007 3376 ille
2036 3335 2201 3390 appa-

619 3435 753 3488 reat,
785 3424 1068 3492 omniaque
1106 3421 1196 3475 illa
1233 3418 1612 3474 dissolvuntur.
1650 3414 1744 3469 22.
1779 3413 2027 3479 Quiescite
2064 3413 2200 3467 vobis

618 3517 678 3571 ab
706 3517 926 3577 homine.
954 3515 1100 3586 cujus
1125 3523 1197 3566 est
1226 3510 1492 3581 respiratio
1516 3510 1569 3562 in
1593 3507 1796 3562 naribus
1821 3508 1927 3577 ejus
1960 3523 1978 3559 :
2006 3506 2124 3572 quia
2148 3506 2202 3560 in

620 3626 718 3680 quo
746 3607 868 3676 ipsis
891 3614 1151 3675 reputatus
1175 3612 1248 3657 est
1268 3602 1348 3655 hic
1365 3601 1391 3655 1’
1416 3600 1514 3655 llic
1533 3601 1663 3654 mihi
1688 3599 1897 3653 videtur
1919 3597 2201 3653 Ezechiam

618 3697 974 3760 subiudicare,
1003 3695 1091 3764 qui
1124 3709 1232 3763 prae
1259 3692 1449 3746 timore
1479 3699 1534 3745 et
1573 3704 1772 3760 angore
1811 3697 2078 3743 extremos
2105 3688 2201 3742 ha-

618 3793 744 3845 litus
771 3786 1002 3840 afflabat.
1041 3784 1174 3853 Quia
1202 3783 1360 3852 igitur
1400 3781 1608 3835 barbari
1643 3796 1763 3835 eum
1810 3779 1959 3848 quasi
2003 3780 2202 3833 retibus

621 3884 969 3948 interceptum
1016 3875 1292 3941 habentes,
1344 3881 1580 3942 paratam
1608 3871 1710 3926 sibi
1739 3870 1972 3940 prtedam
2020 3879 2202 3925 tenere

621 3971 893 4042 putabant,
922 3983 1091 4038 neque
1117 3967 1218 4022 sibi
1249 3966 1430 4020 labore
1459 3978 1594 4034 opus
1624 3977 1742 4017 esse
1771 3962 1838 4016 ad
1882 3963 2066 4017 urbem
2107 3977 2201 4016 ca-

619 4064 886 4136 piendam,
927 4071 982 4117 et
1005 4076 1127 4115 eum
1153 4061 1416 4128 captivum
1452 4055 1842 4122 abducendum,
1873 4054 2199 4109 contrarium

618 4156 858 4212 barbaris
883 4154 1092 4208 accidit.
1127 4153 1249 4206 Ideo
1278 4151 1370 4212 ait,
1414 4149 1664 4216 Quiescite
1699 4147 1760 4200 ab
1795 4148 2015 4213 homine,
2056 4147 2202 4216 cujus

618 4259 688 4304 est
713 4247 980 4316 respiratio
1004 4246 1053 4297 in
1083 4243 1288 4296 naribus
1319 4241 1426 4311 ejus
1453 4256 1472 4294 .'
1496 4240 1615 4309 quia
1641 4240 1690 4292 in
1715 4255 1812 4310 quo
1839 4239 1961 4308 ipsis
1999 4247 2203 4308 reputa-

619 4350 696 4392 tus
748 4347 818 4391 est
860 4337 979 4391 hic?
1017 4334 1070 4389 ιιι
1105 4343 1208 4399 est,
1237 4334 1290 4386 in
1337 4332 1490 4386 nullo
1535 4338 1804 4400 reputatus
1852 4338 1953 4384 est.
1990 4328 2200 4383 Etenim

621 4430 770 4502 quasi
803 4444 896 4498 per
922 4427 1292 4483 excursionem
1322 4437 1380 4477 se
1407 4423 1583 4476 omnia
1608 4422 1912 4476 sublaturos
1932 4435 2052 4477 esse
2076 4436 2196 4492 spe-

624 4519 848 4583 rabant;
880 4515 972 4570 sed
1000 4517 1326 4570 contrarium
1355 4527 1574 4582 prorsus
1603 4512 1833 4577 accidit;
1865 4520 1918 4566 et
1947 4510 2035 4579 qui
2063 4526 2091 4564 a
2113 4524 2205 4562 vo-

627 4613 708 4666 bis
738 4626 832 4679 pro
873 4609 1040 4664 nihilo
1068 4607 1408 4678 reputabatur
1435 4614 1849 4676 eXpugnatuque
1879 4603 2068 4669 facilis,
2109 4604 2202 4658 Dei

625 4703 825 4763 auxilio
852 4705 1036 4768 fretus,
1066 4701 1304 4756 omnium
1327 4699 1791 4768 splendidissimus
1816 4698 2109 4768 apparebit.

1246 4833 1471 4890 CAPUT
1512 4835 1597 4887 Ill.

628 4956 674 5006 l.
710 4951 840 5005 Ecce
867 4949 1166 5003 Dominator
1195 4947 1444 5002 Dominus
1474 4946 1698 5002 Sabaoth
1719 4949 1912 5017 auferet
1941 4945 2004 4998 de
2020 4945 2208 5000 Judaza

907 5051 954 5094 et
980 5040 1042 5094 de
1065 5038 1351 5093 Jerusalem
1369 5037 1588 5092 ualidum
1616 5047 1661 5090 et
1681 5036 1920 5090 ualidam.

699 5155 748 5208 Ι.
793 5151 1250 5220 Quemadmodum
1275 5151 1508 5220 optimus
1553 5148 1809 5213 medicus,
1839 5147 2001 5201 modo
2023 5161 2205 5213 urens,

629 5245 790 5302 modo
814 5259 1024 5311 secans,
1052 5243 1211 5298 modo
1240 5258 1418 5296 amara
1461 5239 1692 5295 afferens
1711 5238 1966 5302 remedia,
1990 5247 2210 5308 aegroto-

628 5354 744 5395 rum
797 5338 1009 5394 sanitati
1057 5345 1173 5391 arte
1201 5333 1591 5404 pr05picit;sic
1635 5342 1687 5386 et
1736 5331 1995 5404 benignus
2043 5331 2206 5397 Deus,

631 5433 791 5488 variis
822 5439 876 5486 et
899 5429 1125 5484 diversis
1144 5426 1437 5497 suppliciis,
1467 5424 1609 5495 quod
1630 5423 1907 5480 diffluebat
1925 5432 1980 5480 et
1999 5423 2206 5493 lapsum

624 5529 739 5575 erat
761 5521 903 5591 apud
951 5521 1165 5578 Judaeos
1201 5519 1592 5589 constringens,
1654 5516 1812 5572 modo
1860 5516 2209 5572 barbarorum

627 5611 930 5670 incursione
978 5616 1214 5684 ingratos
1275 5613 1564 5676 terrefacit,
1612 5609 1772 5666 modo
1819 5621 1944 5666 ante
1997 5610 2209 5666 illorum

633 5706 958 5764 invasionem
981 5707 1099 5767 aliis
1127 5704 1246 5765 illos
1276 5705 1793 5764 interminationibns
1819 5703 2080 5775 reprimit,
2105 5703 2210 5759 mi-

2318 400 2509 440 narum
2532 387 2790 444 varietate
2820 390 3117 447 imminenti
3165 392 3447 449 formidine
3471 393 3722 454 continuo
3760 410 3820 466 pe

2315 479 2543 536 cellens.
2569 480 2720 538 Nunc
2749 483 2927 554 itaque
2957 485 3318 542 infirmitatem
3347 487 3476 557 ipsis
3498 488 3820 545 interminato

2315 579 2370 624 et
2395 570 2590 628 famem
2611 581 2664 629 et
2685 573 3000 642 siccitatem,
3033 593 3141 633 non
3184 577 3404 648 quidem
3419 593 3597 634 rerum
3643 596 3822 638 necess

2315 664 2538 728 riarnm,
2571 665 2665 721 sed
2691 681 2872 721 earum
2903 684 3022 739 quae
3059 683 3165 724 non
3195 669 3370 724 minus
3394 679 3531 740 apta:
3555 681 3674 726 sunt
3707 673 3770 726 ad
3817 691 3822 708 ε

2317 766 2422 810 tam
2475 758 2920 815 conservandam.
2948 759 3066 814 Non
3100 761 3242 815 enim
3290 760 3457 817 fames
3499 762 3668 817 solum
3722 779 3822 834 grai

2313 859 2416 915 est,
2440 849 2534 904 sed
2554 865 2714 921 grave
2740 852 2896 906 etiam
2923 861 3006 906 est
3031 867 3154 907 cum
3173 852 3348 906 nullus
3376 852 3528 908 adest
3547 854 3636 923 qui
3682 869 3822 924 remp

2314 939 2504 995 blicam
2530 941 2891 1007 administret;
2922 943 2973 997 id
3000 942 3139 1014 quod
3168 958 3348 999 rerum
3367 943 3574 1013 copiam
3603 944 3737 999 fame
3775 961 3822 999 m

2314 1033 2584 1089 lestiorem
2612 1027 3018 1091 reddere-solet.
3051 1035 3187 1101 Quid
3217 1036 3359 1092 enim
3388 1037 3626 1091 utilitatis
3647 1045 3725 1092 est
3772 1053 3824 1091 et:

2311 1145 2410 1184 ceu
2430 1145 2496 1184 ex
2523 1129 2753 1184 fontibus
2771 1130 2950 1184 omnia
2975 1129 3148 1184 fluunt
3169 1172 3183 1196 ,
3205 1130 3251 1185 si
3279 1130 3451 1185 civilia
3473 1129 3612 1185 bella
3631 1132 3823 1185 oriantt.

2311 1229 2365 1274 et
2391 1235 2538 1276 mare
2565 1209 2896 1286 intumescat,
2932 1221 3424 1290 insanientibusque
3450 1221 3695 1276 fluctibus
3717 1239 3815 1290 neq

2311 1313 2651 1383 gubernator,
2684 1330 2856 1384 neque
2917 1315 2982 1369 ad
3025 1330 3236 1384 proram
3275 1315 3488 1382 sedens,
3545 1331 3715 1385 neque
3753 1316 3819 1370 ali

2312 1407 2573 1475 quispiam
2623 1405 2764 1460 adsit
2807 1406 2895 1475 qui
2936 1406 3106 1477 possit
3148 1407 3479 1476 negotiorum
3527 1414 3826 1476 Iempestatr.

2311 1496 2561 1566 dirigere,
2582 1505 2636 1551 et
2689 1496 3123 1566 tranquillitatem
3153 1495 3484 1552 conciliare?
3519 1496 3737 1565 Quando
3791 1512 3825 1550 a‘

2313 1598 2416 1642 tem
2447 1603 2566 1642 cum
2601 1587 2682 1642 his
2720 1588 2886 1643 fames
2934 1589 3095 1643 etiam
3141 1589 3330 1653 adest,
3377 1589 3547 1659 cdgita
3594 1599 3785 1659 quanta

2311 1680 2569 1734 malorum
2590 1678 2779 1735 moles.
2819 1680 2942 1734 llaec
2964 1681 3140 1749 itaque
3151 1683 3327 1735 omnia
3349 1679 3703 1735 comminatur
3722 1681 3825 1734 Deu

2312 1772 2645 1841 primumque
2669 1778 2752 1826 est
2769 1771 3005 1825 omnium
3033 1771 3432 1841 gravissimum.
3458 1769 3590 1824 Ecce
3618 1773 3778 1834 enim,
3813 1773 3823 1825 i

2309 1865 2442 1932 quit,
2496 1861 2795 1916 Dominator
2819 1860 3068 1916 Dominus
3113 1862 3360 1916 Sabaoth.
3393 1860 3503 1915 Hae
3547 1875 3695 1927 voce,
3743 1862 3828 1914 Εα

2309 1969 2452 2024 saepe
2476 1953 2747 2023 propheta:
2767 1962 3006 2014 utuntur,
3037 1953 3252 2024 quando
3281 1951 3580 2007 auditorem
3609 1953 3676 2007 de
3725 1952 3828 2005 rcbt

2310 2061 2428 2116 qua:
2453 2045 2656 2110 dicunt,
2687 2045 2972 2100 certiorem
2991 2044 3164 2099 facere
3177 2044 3382 2099 volunt.
3413 2043 3528 2097 Non
3556 2043 3643 2098 hic
3665 2052 3827 2097 tanttn

2309 2139 2401 2194 sed
2428 2139 2584 2194 etiam
2627 2137 2872 2208 superius
2897 2147 2951 2192 et
2975 2152 3004 2191 a
3034 2137 3291 2207 principio
3322 2135 3501 2190 videre
3531 2146 3632 2200 est,
3675 2150 3828 2204 pecca

2309 2245 2623 2301 corpoream
2675 2231 3035 2286 infirmitatem
3090 2245 3232 2299 saepe
3297 2229 3655 2299 praecessisse,
3727 2237 3784 2282 ut

2309 2321 2438 2377 Cain
2474 2340 2488 2376 :
2518 2322 2641 2392 quia
2666 2323 2805 2377 enim
2829 2322 3022 2377 robore
3048 2321 3285 2389 corporis
3315 2335 3422 2374 non
3447 2328 3596 2374 recte
3622 2334 3748 2373 usus
3790 2335 3830 2372 (ιε

2301 2411 2422 2481 jure
2445 2412 2498 2466 in
2529 2412 2814 2482 paralysim
2866 2411 3071 2466 incidit.
3101 2412 3189 2467 Sic
3213 2412 3370 2466 etiam
3397 2413 3444 2465 ei
3481 2411 3570 2480 qui
3617 2409 3684 2464 ad
3735 2411 3829 2480 pis¢

2307 2520 2430 2558 nam
2458 2503 2678 2559 sedebat
2702 2521 2715 2557 :
2739 2504 2861 2574 quia
2901 2504 3158 2576 paralysis
3186 2504 3335 2573 origo
3369 2511 3580 2570 peccata
3611 2511 3782 2567 erant,
3824 2520 3830 2554 :

2306 2597 2550 2652 Christus
2577 2615 2590 2652 :
2620 2595 2755 2650 Ecce
2776 2614 2929 2651 sanus
2955 2600 3119 2667 factus
3161 2613 3230 2660 es,
3285 2596 3390 2650 noli
3436 2595 3656 2665 amplius
3686 2611 3830 2664 pecco

2308 2689 2500 2760 (Joan.
2526 2690 2579 2745 5.
2607 2691 2674 2744 14
2695 2687 2734 2761 ).
2763 2689 2956 2744 Paulus
2975 2703 3183 2759 quoque
3208 2689 3280 2742 ait
3303 2704 3317 2741 :
3346 2687 3474 2741 Ideo
3491 2686 3628 2757 apud
3649 2703 3732 2740 vos
3756 2704 3832 2738 mu

2307 2784 2343 2836 ti
2364 2783 2552 2851 inﬁrmi
2574 2783 2592 2853 (
2612 2783 2660 2837 l.
2695 2783 2813 2837 Cor.
2847 2783 2930 2837 ll.
2959 2782 3028 2836 30
3054 2779 3095 2852 );
3117 2783 3236 2851 quia
3267 2779 3578 2851 peccabant,
3601 2779 3740 2849 qttod
3782 2794 3831 2830 ιι(

2308 2890 2436 2944 pura
2467 2874 2790 2930 conscientia
2819 2874 3191 2946 mysteriorum
3222 2870 3505 2940 participes
3529 2878 3725 2924 essent.
3756 2868 3831 2922 Fo

2307 2966 2565 3020 uicarium
2595 2980 2806 3036 quoque
2850 2965 3139 3019 infirmitati
3193 2964 3432 3044 corporis
3462 2963 3623 3018 tradit
3643 3004 3659 3029 ,
3687 2962 3782 3015 has
3827 2986 3832 3010 ι

2307 3059 2540 3129 peccatis
2586 3072 2769 3128 poenas
2814 3065 3083 3126 repetens.
3110 3043 3291 3124 Neque
3311 3063 3484 3109 tamen
3511 3051 3831 3123 sempcrinfi

2305 3151 2464 3205 mitas
2498 3159 2580 3205 est
2625 3157 2957 3221 peccatorum
3006 3148 3169 3211 ultio,
3213 3146 3308 3201 sed
3357 3145 3641 3216 aliquando
3679 3159 3834 3199 coror

2305 3242 2527 3298 materia
2547 3251 2647 3307 est,
2683 3250 2741 3296 ut
2783 3240 2835 3295 in
2868 3240 3068 3294 Lazaro
3117 3247 3171 3293 et
3197 3238 3250 3291 in
3285 3237 3438 3291 .lobo.
3509 3235 3620 3290 Nec
3665 3235 3834 3289 infirm

2305 3343 2442 3389 tates
2470 3343 2693 3399 tantum,
2725 3331 2818 3387 sed
2844 3342 2898 3386 et
2925 3330 3029 3384 alia
3057 3328 3297 3398 corporis
3342 3326 3676 3381 incommoda
3705 3341 3733 3380 a
3767 3340 3830 3394 pc

2305 3428 2437 3480 catis
2487 3433 2604 3479 orta
2654 3435 2798 3488 sunt,
2824 3431 2882 3476 ut
2911 3421 3053 3476 Ozite
3099 3419 3266 3489 lepra,
3315 3418 3385 3473 ob
3423 3418 3582 3471 animi
3613 3415 3828 3486 impnde

2309 3518 2432 3572 tiam
2455 3558 2471 3583 ,
2505 3526 2563 3571 ut
2590 3513 2891 3570 Jeroboami
2923 3513 3061 3583 regis
3088 3525 3275 3565 manus
3301 3509 3598 3563 ariditatem
3642 3521 3834 3576 pet'pCS

2306 3621 2427 3679 est,
2481 3610 2552 3665 ob
2619 3609 2972 3678 arrogantiam
3020 3613 3075 3660 et
3134 3602 3440 3672 superbiam
3501 3599 3637 3669 ejus.
3691 3599 3826 3667 Ling

2307 3718 2518 3775 quoque
2569 3699 2841 3756 Zachariae
2887 3713 2992 3752 non
3043 3694 3256 3749 aliunde
3285 3695 3441 3763 ligata
3467 3691 3605 3756 est’,
3635 3705 3797 3759 quam
3829 3711 3834 3735 α

2305 3799 2496 3851 anima:
2543 3802 2838 3866 peccatum.
2883 3791 3142 3857 Quoniam
3173 3787 3328 3858 igitur
3361 3784 3560 3840 ,Ιυὰιιξίε
3587 3783 3725 3838 bona
3743 3781 3831 3852 val

2306 3888 2435 3944 tudo
2485 3896 2540 3942 et
2583 3885 2750 3940 robur
2803 3883 3062 3953 corporis,
3117 3893 3312 3948 resque
3364 3889 3677 3946 prosperte,
3746 3888 3834 3926 arr

2305 3981 2496 4052 gantia:
2546 3979 2758 4034 occasio
2802 3977 3033 4040 fuerant,
3078 3970 3392 4041 arrogantire
3417 3967 3653 4022 radicem
3685 3966 3834 4019 snhlr

2304 4077 2384 4128 xit
2434 4073 2610 4137 Deus,
2661 4066 3142 4126 commonefaciens
3203 4063 3321 4116 illos
3373 4070 3428 4114 et
3476 4059 3542 4114 ad
3610 4059 3834 4113 meliore

2307 4165 2509 4235 frugem
2537 4162 2816 4225 reducens,
2838 4158 3146 4228 majoraque
3171 4155 3322 4218 dans,
3354 4167 3510 4222 quam
3563 4150 3696 4220 ipsis
3743 4146 3834 4201 auf

2305 4257 2474 4311 rebat.
2498 4252 2634 4320 Quid
2669 4252 2810 4306 enim
2857 4245 3164 4303 detrimenti
3195 4252 3310 4298 erat
3335 4255 3559 4310 corpore
3603 4251 3834 4309 argrOtar

2306 4347 2350 4400 si
2380 4345 2503 4398 hinc
2530 4342 2896 4398 institueretur
2950 4336 3166 4390 anima?
3201 4333 3396 4388 Deinde
3426 4346 3492 4385 ne
3538 4337 3786 4400 putarent

2305 4453 2370 4492 ex
2394 4445 2600 4490 naturae
2628 4430 2934 4486 infirmitate
2965 4427 3276 4500 procedere,
3305 4424 3354 4478 id
3398 4431 3714 4478 eventurum
3767 4435 3833 4486 pr

2307 4529 2464 4598 pheta
2496 4522 2761 4596 praedixit,
2807 4535 2979 4591 neque
3027 4519 3170 4574 viros
3209 4526 3410 4571 tantum
3462 4513 3622 4569 minis
3677 4521 3830 4567 terru

2309 4619 2638 4688 sed‘pmnam
2667 4612 2981 4668 mulieribus
3011 4623 3218 4681 quoque
3245 4605 3555 4671 transmisit,
3587 4604 3713 4675 quia
3753 4611 3833 4656 utr

2305 4724 2411 4780 que
2443 4723 2600 4762 sexus
2627 4713 2906 4775 corruptus
2943 4709 3075 4767 erat,
3105 4699 3240 4755 etin
3295 4709 3577 4767 progressu
3630 4694 3697 4748 ad
3755 4693 3834 4760 ips

2310 4803 2559 4855 mulieres
2587 4812 2886 4854 sermonem
2913 4795 3109 4864 dirigit,
3137 4800 3210 4856 et,
3237 4792 3304 4845 ob
3329 4787 3556 4844 absurda
3600 4785 3834 4840 admodu

2308 4902 2474 4964 gesta,
2507 4891 2726 4946 crimina
2755 4888 2882 4959 ipsis
2905 4887 3074 4950 offert,
3105 4899 3223 4955 qua:
3250 4882 3431 4938 urbem
3455 4884 3624 4954 ipsam
3645 4894 3676 4932 a
3697 4876 3832 4933 fund

2311 4986 2504 5040 mentis
2551 4983 2847 5037 diruerent.
2883 4978 3004 5033 Ideo
3033 4977 3150 5032 illas
3194 4974 3485 5044 pestilentia
3523 4969 3712 5040 affligit
3743 4987 3756 5022 :
3808 4983 3833 5037 ις

2313 5077 2600 5130 stilentiam
2626 5073 2768 5128 enim
2809 5069 2939 5125 mihi
2968 5066 3302 5123 subindicare
3331 5064 3536 5119 videtur
3561 5077 3684 5116 cum
3727 5061 3833 5114 dici

2313 5167 2552 5234 Auferam
2575 5163 2832 5218 robustum
2855 5169 2901 5214 et
2919 5160 3208 5222 robustam;
3234 5157 3317 5212 vel
3365 5156 3526 5209 alium
3574 5166 3834 5220 corporeo

2316 5256 2557 5310 morbum
2585 5252 2910 5308 medicorum
2935 5250 3034 5304 arti
3075 5264 3181 5304 non
3209 5245 3507 5302 cedentem.
3540 5243 3702 5298 Tales
3751 5243 3834 5296 eni

2315 5355 2439 5403 sunt
2487 5346 2576 5401 Dei
2609 5346 2795 5415 plagae.
2826 5341 3001 5396 Robur
3027 5341 3172 5409 panis
3207 5348 3253 5392 et
3289 5337 3442 5391 robur
3463 5348 3629 5403 aquis.
3675 5331 3834 5387 Gravi

2316 5440 2449 5494 sima
2491 5439 2605 5492 haac
2643 5435 2876 5490 vindicta
2903 5441 3005 5500 est,
3033 5430 3243 5503 quando
3273 5443 3380 5484 non
3413 5427 3578 5496 ipsam
3605 5423 3741 5478 tollit
3769 5438 3834 5476 sn

2316 5533 2584 5597 stantiam,
2613 5527 2707 5584 sed
2728 5527 2833 5584 vim
2862 5542 2927 5583 ex
2953 5540 3013 5582 ea
3046 5524 3217 5580 aufert
3244 5523 3498 5585 innatam,
3528 5517 3599 5573 ita
3631 5525 3690 5572 ut
3714 5514 3800 5569 vel
3828 5535 3834 5560 ι

2375 5712 2392 5743 ³
2415 5708 2563 5758 Juxta
2591 5707 2714 5769 Reg.
2739 5709 2791 5755 et
2811 5704 2920 5756 Sav.
2947 5699 3148 5767 legitur,
3175 5697 3342 5750 edorta
3377 5698 3463 5754 est,
3491 5703 3598 5754 pro,
3622 5688 3776 5751 ligata
3795 5699 3834 5735 et
