4018 6212
359 344 408 397 η
1609 326 1670 379 IN
1711 325 1954 392 ISAIAM,
1996 325 2144 382 CAP.
2186 326 2274 384 Ill.
3535 340 3606 394 4‘2

357 461 456 526 ipso
483 463 700 523 aspectu
723 451 1025 506 crucientur
1049 459 1335 516 numquam
1363 444 1558 502 satiati.
1605 453 1657 496 et
1684 441 1805 495 hinc
1831 442 1914 495 in-

358 549 572 616 telligant
594 561 625 598 a
657 544 763 597 Deo
795 542 1084 596 linmissam
1114 539 1274 595 fuisse
1304 538 1454 592 iram.
1485 536 1538 590 9..
1574 535 1834 606 Giganlem
1874 543 1920 587 et

355 649 606 708 potentem.
644 634 923 707 Gigantem
973 648 1183 703 semper
1235 631 1505 701 Scriptura
1559 629 1745 684 fortem
1785 629 1920 683 solet

358 743 550 788 vocare,
576 726 658 781 vel
689 741 809 780 cum
840 725 928 793 qui
956 723 1297 794 proportione
1339 721 1694 774 membrorum
1741 718 1920 772 multis

358 816 638 873 antecellat.
673 814 884 870 Etenim
913 813 968 868 in
1009 813 1296 876 creatione,
1325 827 1443 865 cum
1471 810 1618 873 dicit,
1671 809 1739 861 lli
1781 817 1921 861 erant

360 913 583 982 gigantes,
636 909 862 962 homines
926 905 1169 960 nominati.
1209 901 1375 977 (Gen.
1409 900 1576 972 (λιι),
1634 916 1737 954 non
1780 899 1920 952 aliud

357 1017 506 1073 genus
547 1000 707 1056 fuisse
755 999 904 1064 dicit,
935 997 1034 1063 sed.
1073 996 1254 1058 fortes,
1288 995 1553 1058 robustos,
1599 1001 1657 1048 et
1706 1003 1922 1055 vegetos

353 1093 492 1146 nobis
518 1089 836 1145 subindicat.
867 1087 931 1141 Et
959 1087 1207 1142 hominem
1242 1084 1538 1139 bellatorem
1582 1093 1626 1136 et
1671 1083 1918 1154 judicem.

355 1182 678 1240 Intolerabile
703 1178 1040 1250 supplicium,
1072 1187 1124 1232 et
1153 1177 1236 1230 illa
1267 1192 1384 1246 qua:
1410 1175 1547 1228 dicta
1585 1183 1708 1228 sunt
1748 1183 1924 1227 extre-

349 1291 439 1329 mae
467 1272 722 1344 perniciei
743 1282 865 1326 sunt
898 1278 1264 1341 argumentum
1286 1309 1300 1334 ,
1330 1283 1466 1338 qua),
1499 1265 1760 1321 stantibus
1811 1281 1926 1319 nnt-

349 1367 418 1420 ris
441 1376 495 1420 et
523 1363 778 1426 turribus,
814 1363 999 1418 urbem
1049 1361 1255 1432 possint
1282 1376 1402 1414 cum
1444 1359 1646 1414 civibus
1693 1357 1923 1413 inimicis

349 1455 556 1510 dedere.
568 1453 831 1506 Tutamen
847 1450 1042 1522 quippe
1059 1450 1267 1507 urbium
1288 1467 1391 1507 non
1409 1450 1460 1506 in
1475 1445 1926 1522 lapidlbtts,ligttls

349 1556 398 1600 ct
415 1545 581 1614 septis
615 1544 773 1596 situm
807 1553 910 1608 est,
933 1541 1025 1598 sed
1056 1541 1106 1594 in
1147 1539 1425 1610 prudentia
1452 1538 1667 1603 civium,
1691 1537 1781 1608 qui
1805 1553 1924 1593 cum

351 1637 474 1692 tales
496 1636 710 1699 adsunt,
744 1634 902 1689 etiam
925 1639 1186 1702 praisente
1213 1633 1385 1700 hoste,
1435 1631 1598 1685 tutius
1639 1646 1795 1700 quam
1822 1645 1925 1684 ca:-

354 1737 454 1783 tera
507 1728 686 1781 omnia
743 1725 910 1795 ipsam
963 1724 1206 1778 muniunt
1236 1741 1249 1776 :
1279 1739 1400 1778 cum
1427 1733 1604 1778 autem
1641 1724 1672 1778 ii
1712 1723 1924 1789 absunt,

349 1821 501 1872 etiam
537 1817 752 1872 nemine
796 1824 1038 1885 urgente,
1081 1814 1412 1870 miseriorem
1457 1814 1601 1868 illam
1665 1815 1922 1872 exhibent

351 1924 503 1976 quam
535 1908 579 1961 si
605 1906 956 1961 obsideretur.
1373 1957 1377 1961 .

420 1998 475 2050 9..
515 1999 694 2066 Itaque
731 2007 786 2052 et
827 1997 945 2052 illos
991 2005 1046 2051 et
1087 1996 1354 2052 auditores
1394 2011 1579 2052 omnes
1624 2010 1727 2051 non
1765 2009 1928 2066 parvo

360 2092 702 2161 philosophia
741 2090 1060 2146 documento
1099 2091 1286 2146 imbuit
1314 2091 1588 2160 propheta,
1616 2090 1844 2146 suadens
1873 2100 1930 2146 ut

355 2198 424 2236 ne
458 2196 702 2252 umquam
748 2182 800 2236 in
851 2181 1214 2251 magnitudine
1284 2180 1433 2237 urbis
1505 2195 1653 2250 Spem
1699 2190 1919 2252 ponant,

352 2286 447 2326 nec
485 2271 540 2325 in
591 2270 741 2325 vallis
768 2278 823 2326 et
845 2269 1106 2326 machinis
1127 2313 1142 2337 ,
1187 2269 1282 2325 sed
1308 2271 1359 2324 in
1386 2269 1519 2341 frugi
1550 2271 1784 2326 virorum
1825 2272 1930 2327 vir-

295 2418 300 2424 ,
351 2371 475 2415 tute.
505 2359 630 2415 Illos
674 2361 828 2430 igitur
863 2361 1110 2414 territans
1132 2360 1222 2423 ait,
1257 2361 1426 2429 ipsum
1454 2375 1572 2414 eam
1604 2362 1764 2415 tutela
1783 2363 1927 2416 omni

348 2450 724 2504 destituturum
769 2463 907 2512 esse,
952 2464 1056 2503 non
1084 2449 1240 2504 modo
1269 2450 1477 2504 bellica:
1504 2451 1576 2505 rei
1604 2435 1807 2518 ‘peritos
1831 2467 1927 2506 au-

346 2541 589 2607 ferendo,
619 2541 711 2598 sed
739 2542 898 2596 etiam
923 2541 1128 2611 judices
1147 2581 1162 2604 ,
1191 2541 1279 2611 qui
1311 2557 1415 2595 non
1444 2541 1615 2595 minus
1636 2543 1823 2612 juvant
1851 2544 1930 2596 ci-

352 2635 535 2689 citatos
583 2647 739 2702 quam
782 2632 1100 2697 bellatores,
1149 2631 1273 2686 dum
1318 2648 1504 2703 pacem
1558 2643 1777 2701 curant,
1825 2635 1932 2688 imo

344 2737 483 2792 smoe
538 2722 868 2776 imminentia
913 2721 1050 2777 bella
1084 2724 1098 2753 ¹
1128 2723 1454 2792 propulsant.
1510 2722 1571 2776 Ili
1621 2724 1762 2778 enim
1809 2738 1930 2778 cum

345 2813 654 2884 frequenter
684 2829 713 2866 a
746 2813 925 2869 radice
953 2823 1288 2884 peccatorum
1318 2814 1577 2880 oriantur,
1624 2814 1731 2869 lieri
1761 2823 1935 2885 potest

346 2918 402 2964 ut
425 2910 608 2977 legum
621 2906 890 2971 custodes,
918 2921 1116 2976 eosque
1141 2906 1229 2977 qui
1247 2905 1352 2976 juri
1380 2905 1607 2962 dicundo
1627 2921 1748 2962 cum
1769 2907 1932 2977 tequi-

341 3012 448 3057 tate
493 2998 812 3068 prmsident,
855 2998 1076 3068 plurima
1120 3009 1335 3068 peccata
1374 2998 1760 3068 reprimentes,
1807 2997 1928 3052 belli

348 3106 563 3144 cusam
611 3090 873 3142 auferant.
920 3089 1027 3144 Cur
1065 3104 1192 3160 ergo
1233 3089 1372 3144 Deus
1409 3104 1504 3144 eos
1530 3092 1777 3143 amovet?
1802 3089 1932 3154 Quia

344 3181 444 3234 illis
487 3177 849 3249 przcsctitibus
891 3191 998 3232 non
1043 3186 1104 3234 ut
1145 3177 1422 3249 oportebat
1451 3179 1529 3234 usi
1559 3187 1704 3234 sunt.
1734 3179 1935 3248 Quem-

341 3272 640 3325 admodum
679 3271 823 3325 enim
864 3269 1111 3324 salutaria
1140 3269 1254 3340 ejus
1282 3269 1527 3341 dogmata
1565 3269 1785 3324 multam
1809 3269 1937 3326 all'e-

341 3363 534 3417 rebattl
569 3362 902 3418 audientibus
931 3362 1236 3426 utilitatem,
1283 3361 1481 3416 ludatis
1509 3372 1683 3417 autem
1716 3362 1932 3416 concio-

346 3473 499 3518 nans,
534 3457 682 3511 dicta
709 3471 800 3510 sua
824 3455 1145 3511 obscuritate
1167 3454 1328 3509 multa
1355 3455 1676 3521 involvebat,
1709 3453 1828 3525 quia
1859 3454 1931 3508 illi

339 3549 499 3604 dictis
522 3565 637 3602 non
662 3546 1003 3602 attendebant
1031 3564 1044 3600 :
1075 3546 1143 3600 ita
1169 3545 1284 3600 haec
1307 3545 1445 3600 dona
1469 3561 1561 3599 sua
1594 3560 1802 3616 magna,
1818 3560 1935 3614 qtae

342 3640 575 3693 multam
607 3638 756 3692 nobis
786 3639 1007 3692 salutem
1033 3635 1334 3700 conferunt,
1361 3637 1427 3692 de
1455 3636 1632 3692 medio
1657 3651 1798 3707 stupe
1832 3636 1936 3693 tol-

344 3731 402 3784 lit
423 3774 438 3793 ,
484 3746 621 3785 cuni
651 3729 684 3782 ii
713 3730 802 3799 qui
832 3729 1094 3798 accipiunt
1122 3726 1249 3781 nihil
1282 3727 1407 3782 hinc
1435 3726 1636 3782 fructus
1663 3729 1936 3797 percipere

344 3824 554 3876 volunt.
598 3820 660 3874 Et
690 3820 982 3890 prophetam
1005 3828 1052 3873 et
1076 3819 1423 3890 conjectorem.
1456 3816 1571 3873 Non
1599 3833 1814 3887 parvum
1841 3834 1937 3873 au-

345 3923 449 3965 tem
484 3915 588 3967 ira:
615 3925 782 3981 genus
807 3919 889 3966 est
916 3926 1034 3965 cum
1067 3909 1356 3980 pr0pheti:e
1394 3908 1664 3964 deﬁciunt.
1713 3909 1936 3977 Quando

344 4005 506 4072 igitur
558 4001 838 4055 Iudaicum
880 4001 1127 4072 populum
1180 4002 1319 4055 Deus
1352 4001 1421 4056 ob
1463 4009 1674 4068 peccata
1708 4002 1934 4056 liliorum

343 4094 461 4148 IIeli
524 4102 808 4148 armatus
857 4102 959 4156 est,
1004 4093 1174 4162 obque
1228 4089 1580 4146 multitudinis
1623 4093 1929 4161 nequitiam,

340 4188 545 4242 defecit
598 4185 870 4255 prophetia
904 4203 918 4239 :
959 4183 1172 4238 Verbum
1197 4184 1340 4240 enim
1367 4225 1380 4250 ,
1423 4183 1608 4252 inquit,
1668 4185 1937 4254 pretiosum

255 4266 260 4270 ’
340 4291 470 4346 σαι,
517 4291 570 4334 et
601 4296 700 4332 non
730 4288 832 4332 erat
861 4278 984 4332 uisio
1007 4277 1314 4348 distinguens
1352 4276 1430 4348 (l.
1464 4275 1586 4346 Reg.
1613 4276 1665 4330 5.
1694 4275 1766 4346 l).
1811 4274 1938 4330 Pre-

341 4373 562 4436 tiosum,
614 4369 665 4424 id
714 4379 826 4434 est,
877 4384 1053 4422 rarum
1096 4377 1231 4422 erat.
1285 4367 1354 4421 Et
1397 4366 1496 4421 sub
1532 4365 1656 4421 Ozia
1709 4365 1934 4435 idipsum

341 4461 547 4514 accidit
579 4476 595 4514 :
623 4474 795 4528 neque
823 4458 962 4512 enim
991 4459 1110 4512 hinc
1131 4461 1374 4528 exiguum
1404 4455 1627 4510 fructum
1651 4457 1934 4525 cepissent,

339 4553 385 4605 si
416 4550 746 4604 voluissent.
779 4549 908 4603 Nam
939 4549 1117 4603 divina
1144 4549 1400 4614 ediscere,
1426 4556 1480 4602 et
1502 4548 1567 4602 ad
1598 4547 1771 4602 futura
1801 4550 1936 4602 mala

342 4643 670 4712 praeparari,
699 4641 764 4696 de
795 4643 1007 4696 incertis
1033 4641 1190 4698 rebus
1217 4655 1466 4711 reSponsa
1491 4643 1751 4710 accipere,
1771 4656 1939 4711 quan-

340 4734 555 4787 donam
583 4732 1086 4786 inimicosinvadcrc
1113 4742 1373 4800 oporteat,
1403 4731 1613 4802 quando
1642 4731 1934 4801 quiescere,

343 4821 633 4894 quomodo
682 4823 846 4877 tristia
893 4821 1070 4876 omnia
1119 4823 1405 4892 depellere,
1445 4823 1664 4878 multam
1709 4821 1837 4892 ipsis
1872 4820 1936 4876 ad

339 4919 592 4972 salutem
622 4915 873 4972 auertebat
901 4915 1234 4971 facilitatem.
1282 4915 1476 4971 Verum
1511 4915 1631 4985 quia
1662 4930 1778 4984 qua!
1799 4913 1938 4968 didi-

340 5017 546 5062 cerant
587 5022 692 5062 non
728 5007 1047 5076 explebant,
1091 5007 1210 5061 ideo
1251 5006 1581 5076 disciplinam
1627 5006 1762 5060 hanc
1812 5005 1940 5076 ipsis

338 5100 564 5155 ademit
593 5116 606 5151 :
638 5099 778 5169 quod
807 5111 918 5154 erat
950 5098 1174 5168 ingentis
1205 5097 1300 5153 Dei
1326 5098 1620 5153 clementia:
1653 5113 1938 5168 argumen-

343 5198 491 5254 tum,
524 5188 670 5259 quod
695 5204 814 5243 cum
846 5186 1016 5242 futura
1050 5187 1381 5258 praevideret,
1427 5187 1691 5254 sciretque
1717 5200 1808 5239 eos
1835 5200 1937 5240 non

343 5291 500 5333 recte
543 5279 701 5333 donis
728 5293 916 5333 usuros
935 5319 952 5344 ,
1003 5288 1178 5331 tamen
1205 5293 1322 5348 qua:
1349 5291 1440 5330 sua
1470 5286 1622 5330 erant
1647 5276 1819 5331 omnia
1847 5291 1938 5331 ett-

345 5369 598 5422 ltilieret.
663 5365 795 5422 Cum
843 5368 1097 5438 propheta
1140 5381 1268 5422 vero
1317 5366 1668 5436 conjectorem
1713 5381 1772 5420 se
1812 5364 1941 5419 dicit

343 5461 664 5514 ablaturum
710 5475 853 5514 esse.

419 5552 706 5620 Coujator
725 5552 834 5622 quis
861 5553 943 5605 sit.
969 5581 1040 5591 —
1067 5550 1431 5623 Conjectorem
1464 5549 1549 5604 hic
1572 5549 1697 5604 mihi
1729 5546 1943 5603 videtur

417 5687 440 5718 ι
481 5692 691 5756 [tepet
725 5685 866 5756 savii.
895 5686 1278 5756 habent,_hostes
1318 5687 1631 5756 imminentes,
1670 5683 1940 5756 υτον-ὁτιὴ

715 5755 825 5807 0‘12
847 5760 1080 5812 postrema
1104 5751 1246 5806 lectio
1270 5750 1448 5804 melius
1471 5747 1705 5812 quadrare
1729 5747 1938 5798 videtur.

2030 439 2206 498 dicere
2230 458 2373 509 eum,
2401 443 2487 515 qui
2515 460 2577 498 ex
2611 443 2774 499 multa
2802 445 3144 516 intelligentia
3163 488 3176 510 ,
3217 454 3270 500 et
3299 462 3362 504 cx
3391 446 3502 518 ipsa
3526 466 3609 505 re-

2025 548 2140 587 rum
2170 533 2497 604 experientia
2529 534 2697 590 futura
2728 537 2992 605 conjicere
3019 537 3418 607 poterat.Aliud
3457 538 3600 594 enim

2025 631 2107 678 cst
2142 623 2468 691 conjectura,
2501 625 2645 679 aliud
2687 625 2964 695 prophetia
3013 643 3028 681 :
3074 627 3330 696 propheta
3359 628 3500 684 enim
3537 645 3606 684 ex

2025 715 2204 770 divino
2223 715 2416 784 Spiritu
2447 717 2698 786 loquitur,
2731 733 2795 772 ex
2818 731 2875 772 se
2904 717 3032 772 nihil
3061 716 3326 785 aﬂ‘erens;
3360 717 3448 775 ille
3479 734 3607 775 vero

2025 807 2302 862 occasione
2331 818 2480 878 capta
2508 823 2574 864 ex
2607 809 2668 863 iis
2690 825 2813 880 qum
2845 810 2954 879 jam
2997 812 3354 883 contigerunt,
3407 813 3604 869 intelli-

2026 898 2254 968 gentiam
2283 913 2540 954 excrcens
2569 915 2716 954 suam
2737 940 2752 964 ,
2800 903 3090 956 futurorum
3122 903 3288 957 multa
3315 904 3566 974 prospicit
3585 944 3600 963 .

2028 999 2084 1044 ut
2115 1005 2208 1060 par
2232 999 2314 1044 est
2347 991 2514 1044 virum
2545 993 2852 1060 prudentem
2887 995 3214 1064 prospicere.
3273 996 3342 1050 At
3381 996 3604 1050 multum

2030 1081 2168 1136 hunc
2191 1081 2331 1137 inter
2356 1092 2410 1138 et
2437 1084 2583 1138 illum
2615 1084 2895 1139 discrimen
2922 1103 2937 1150 ;
2992 1095 3320 1157 tantumque,
3349 1097 3602 1159 quantum

2028 1175 2469 1231 estintervallum
2501 1177 2642 1231 inter
2670 1177 3002 1246 prudentiam
3045 1178 3328 1233 humanam
3373 1189 3426 1234 et
3471 1180 3608 1235 divi-

2028 1280 2148 1319 nam
2177 1266 2414 1335 gratiam.
2449 1266 2520 1322 Ut
2537 1275 2710 1322 autem
2741 1268 2983 1337 exemplo
3006 1283 3306 1324 sermonem
3332 1269 3611 1325 dilucidio-

2028 1372 2139 1411 rem
2186 1357 2424 1419 reddam,
2469 1359 2784 1430 cogitemus'
2822 1357 3164 1414 Salomonem
3207 1368 3263 1415 et
3305 1359 3552 1415 Eliszeum
3587 1377 3603 1414 :

2028 1449 2186 1504 ambo
2223 1450 2363 1504 enim
2391 1465 2476 1506 res
2505 1451 2742 1506 occultas
2785 1451 2836 1506 in
2879 1451 3110 1506 medium
3149 1452 3500 1518 adducebant,
3549 1459 3607 1509 et

2028 1539 2334 1595 abscondita
2369 1541 2675 1596 revelabant
2703 1561 2716 1597 :
2749 1543 2841 1596 sed
2868 1559 2971 1597 non
2993 1544 3150 1598 ambo
3174 1543 3361 1600 eadem
3380 1545 3608 1610 virtute;

2030 1630 2122 1685 sed
2151 1630 2237 1684 ille
2266 1630 2476 1700 quidem
2503 1647 2565 1686 ex
2596 1632 2869 1702 prudentia
2897 1633 3122 1688 humana
3143 1675 3158 1698 ,
3209 1650 3240 1688 a
3290 1644 3474 1691 natura
3521 1650 3612 1691 su-

2032 1735 2182 1775 mens
2211 1722 2542 1776 occasionem
2574 1723 2711 1777 circa
2737 1725 3049 1781 meretrices
3076 1725 3195 1780 illas
3217 1726 3466 1782 mulieres
3493 1726 3606 1795 (a);

2033 1809 2118 1864 hic
2144 1825 2267 1863 vero
2288 1811 2568 1866 ratiocinio
2589 1812 2734 1867 nullo
2751 1828 2881 1868 usus
2919 1814 3081 1884 (quod
3110 1815 3252 1872 enim
3275 1817 3609 1872 ratiocinium

2031 1901 2176 1959 Giezi
2206 1903 2400 1960 furtum
2425 1908 2661 1964 revelare
2691 1909 3046 1991 potuissent),
3072 1911 3163 1966 sed
3191 1927 3256 1967 ex
3285 1911 3462 1966 divina
3489 1927 3610 1982 gra-

2033 1993 2104 2048 tia
2131 2009 2191 2048 ea
2220 2011 2338 2066 quae
2365 1999 2545 2068 procul
2579 1998 2710 2053 facta
2737 2011 2888 2054 erant
2917 2001 3173 2070 pr.evidit.
3219 2002 3287 2057 Et
3314 2019 3509 2069 aettem,
3553 2006 3606 2061 3.

2031 2093 2078 2138 et
2103 2085 2378 2157 principem
2401 2105 2551 2157 super
2577 2089 2959 2162 quinquaginta.
2989 2088 3119 2146 Cum
3148 2091 3212 2146 iis
3237 2094 3394 2148 etiam
3427 2109 3608 2151 senem

2033 2184 2088 2231 et
2118 2176 2404 2248 principem
2431 2192 2590 2249 super
2614 2181 2989 2251 quinquaginta
3017 2197 3075 2238 se
3115 2183 3445 2240 sublaturum
3492 2201 3612 2242 esse

2034 2265 2162 2321 dicit
2211 2283 2224 2323 :
2273 2284 2454 2324 senem
2486 2285 2590 2324 non
2617 2271 2930 2341 simpliciter
2968 2289 3088 2327 cum
3128 2274 3218 2344 qui
3267 2277 3605 2330 consenuerit

2034 2357 2182 2422 dicit,
2214 2359 2306 2414 sed
2346 2375 2468 2416 eum
2507 2362 2595 2430 qui
2635 2379 2753 2418 cum
2800 2364 2997 2420 canitie
3035 2365 3369 2435 prudentiam
3398 2369 3610 2424 canitiei

2034 2457 2444 2504 consentaneum
2468 2461 2660 2505 servat.
2691 2450 2820 2506 Cum
2844 2469 2968 2509 vero
2993 2453 3122 2510 dicit
3143 2456 3430 2526 principem
3453 2474 3614 2527 super

2035 2541 2444 2613 quinquaginta,
2491 2560 2592 2598 non
2641 2548 2938 2616 quempiam
2975 2547 3274 2618 hujusmodi
3321 2552 3611 2622 principem

2038 2642 2317 2697 memorat,
2366 2634 2460 2688 sed
2502 2635 2602 2689 hoc
2632 2637 2845 2693 nomine
2873 2639 3136 2710 principes
3165 2655 3352 2696 omnes
3371 2642 3613 2698 subindi-

2037 2731 2140 2776 cat.
2187 2723 2324 2776 Nihil
2353 2725 2515 2791 enim,
2547 2726 2675 2780 nihil
2701 2736 2848 2783 certe
2880 2729 3253 2798 miserabilius,
3279 2747 3436 2802 quam
3469 2734 3614 2789 nullo

2039 2813 2345 2883 magistratu
2377 2816 2516 2886 regi,
2564 2825 2620 2872 ut
2647 2818 2775 2872 nihil
2803 2819 3154 2886 periculosius
3179 2823 3296 2876 navi
3322 2837 3420 2878 suo
3447 2824 3613 2880 desti-

2041 2912 2148 2957 tuta
2196 2905 2572 2976 gubernatore.
2624 2907 2807 2978 Neque
2853 2909 2938 2965 hic
2975 2910 3194 2980 gradum
3234 2913 3392 2979 sistit,
3424 2913 3516 2968 sed
3559 2923 3616 2968 et

2039 2993 2196 3048 aliam
2227 3011 2468 3066 magnam
2494 2999 2706 3052 tutelam
2728 3015 2786 3055 se
2806 3001 3102 3056 ablaturum
3124 3004 3495 3070 comminatur,
3519 3021 3614 3060 eos

2041 3083 2129 3152 qui
2157 3083 2292 3138 bona
2317 3085 2446 3141 dare
2468 3088 2687 3142 Consilia
2718 3089 2942 3157 possint,
2983 3090 3075 3161 qui
3114 3107 3220 3146 non
3250 3093 3426 3148 minus
3451 3111 3607 3163 quam

2039 3189 2184 3230 arma
2204 3177 2506 3232 civitatibus
2529 3177 2752 3234 alferunt
2780 3180 3053 3236 auxilium.
3079 3182 3210 3238 Nam
3242 3185 3315 3239 ait
3336 3202 3350 3238 :
3371 3186 3613 3256 Auferen:

2039 3268 2386 3323 admirabilem
2419 3269 2762 3325 consiliarium
2783 3312 2798 3336 ,
2844 3281 2890 3326 et
2929 3275 3206 3340 sapientem
3245 3277 3612 3344 architectum;

2041 3374 2145 3414 non
2203 3369 2518 3416 structorem
2573 3361 2782 3429 dicens,
2837 3363 2929 3418 sed
2975 3364 3027 3419 in
3079 3367 3305 3437 negotiis
3347 3369 3610 3438 peritum.

2041 3451 2203 3505 Multa
2255 3451 2506 3519 doctum,
2549 3461 2605 3508 et
2645 3469 2766 3509 cum
2811 3456 3090 3524 prudentia
3155 3459 3332 3514 omnia
3383 3459 3613 3516 civitatis

2041 3541 2248 3611 negotia
2286 3542 2656 3599 administrare
2697 3546 2972 3601 scientem.

2110 3633 2164 3688 ὅ.
2202 3633 2332 3689 Cum
2382 3633 2464 3691 his
2510 3636 2703 3703 etiam,
2751 3637 2818 3692 Et
2862 3638 3156 3707 prudentem
3207 3642 3502 3698 auditorem.
3555 3643 3613 3701 Si

2040 3726 2180 3780 enim
2225 3725 2325 3781 hoc
2368 3725 2632 3793 abfuerit,
2668 3729 2769 3784 etsi
2809 3729 2912 3785 alia
2950 3731 3127 3786 omnia
3177 3731 3392 3800 adsint,
3445 3735 3612 3790 nihilo

2043 3817 2160 3885 plus
2203 3817 2405 3876 accedit
2448 3819 2780 3885 civitatibus,
2833 3822 2931 3877 etsi
2981 3823 3275 3893 prophetia,
3307 3827 3405 3882 etsi
3433 3826 3614 3882 consi-

2042 3907 2200 3971 liarii,
2231 3911 2329 3962 etsi
2359 3909 2696 3979 magistratus
2723 3909 2917 3978 adsint,
2939 3912 2983 3966 si
3010 3914 3186 3968 nullus
3210 3916 3279 3968 sit
3304 3916 3394 3987 qui
3414 3918 3610 3982 audiat,

2039 3998 2218 4053 Omnia
2257 3997 2453 4054 frustra
2492 4009 2547 4054 et
2575 3999 2626 4054 in
2657 4001 2876 4056 nihilum
2917 4001 3132 4058 abeunt.
3177 4004 3395 4060 Videtur
3437 4018 3612 4062 autem

2042 4089 2168 4143 Inibi
2191 4088 2276 4145 hic
2299 4091 2537 4161 Auferam
2557 4091 2678 4154 dici,
2697 4093 2842 4161 quasi
2862 4093 3062 4157 Sinam,
3085 4095 3412 4162 Permittam,
3432 4114 3621 4169 quem-

2041 4179 2324 4234 admodum
2351 4179 2544 4234 Paulus
2569 4181 2644 4234 ait
2691 4199 2704 4234 :
2750 4180 2978 4234 Tradidit
3009 4199 3094 4237 eos
3122 4185 3172 4238 in
3202 4186 3469 4255 reprobum
3497 4205 3609 4242 sen-

2041 4288 2151 4324 sum
2196 4269 2365 4344 (Rom.
2404 4271 2453 4324 l.
2483 4269 2611 4341 28);
2662 4286 2764 4325 non
2813 4271 2914 4327 hoc
2957 4287 3136 4338 sensu.
3167 4275 3318 4345 quasi
3350 4277 3403 4331 in
3432 4292 3616 4332 amen-

2045 4363 2167 4417 tiam
2197 4364 2338 4434 ipsos
2360 4363 2669 4433 conjeccrit,
2692 4363 2783 4420 sed
2805 4364 2925 4434 quia
2943 4364 3254 4435 insipientes
3268 4381 3389 4422 cum
3411 4377 3608 4430 essent,

2052 4473 2187 4526 .psos
2211 4457 2409 4510 dimisit
2436 4466 2490 4512 et
2516 4457 2751 4526 reliquit.

2116 4547 2333 4603 Pratstat
2364 4549 2555 4604 nullum
2585 4565 2736 4620 quam
2762 4549 2949 4604 malum
2974 4550 3148 4606 ducem
3172 4551 3369 4606 habere.
3389 4554 3522 4608 -ι.
3556 4553 3627 4608 Et

2042 4638 2300 4694 instituam
2325 4638 2715 4693 adolescentulos
2742 4640 2989 4708 principes
3012 4657 3202 4694 eorum.
3260 4641 3373 4698 Hoc
3408 4641 3616 4699 defectu

2044 4731 2203 4785 etiam
2231 4729 2626 4802 magistratuum
2657 4729 2806 4798 pejus
2843 4738 2898 4784 et
2927 4729 3092 4784 multo
3115 4731 3326 4800 gravius
3349 4741 3448 4789 est.
3483 4733 3614 4788 Natu

2045 4823 2132 4892 qui
2166 4822 2453 4892 principem
2491 4835 2595 4874 non
2637 4819 2814 4886 habet,
2855 4820 2988 4875 duce
3036 4823 3303 4892 privatur;
3357 4825 3445 4894 qui
3488 4839 3616 4882 vero

2045 4917 2242 4970 malum
2268 4922 2454 4969 nactus
2481 4923 2567 4968 est.
2589 4912 2778 4968 ducem
2798 4953 2811 4975 .
2855 4911 3014 4968 habet
3039 4916 3128 4984 qui
3159 4930 3217 4971 se
3245 4917 3295 4970 in
3326 4918 3614 4988 praecipitia

2046 5005 2314 5074 conjiciat.
2347 5003 2783 5060 Adolescentulos
2809 5015 2983 5060 autem
3017 5003 3103 5060 hic
3129 5017 3388 5062 memorat
3416 5025 3520 5064 non
3560 5018 3613 5064 ut

2106 5188 2181 5261 (α)
2213 5194 2324 5261 "se
2357 5184 2643 5261 recteest-
2657 5181 3613 5261 enatauiutttelietil’rerabimz

2045 5243 2129 5299 ubi
2152 5243 2318 5300 contra
2337 5243 2650 5308 meretricum
2675 5243 2932 5308 illecebras
2953 5243 3266 5308 fallaciasque
3279 5245 3620 5295 adolescentes

2045 5311 2320 5361 communit.
2340 5307 2470 5366 Quod
2493 5313 2654 5356 autem
2677 5307 2755 5356 hic
2774 5308 2842 5356 ait
2863 5306 3620 5367 cornparando'Salomonemem

2047 5373 2231 5431 Elisaeo,
2255 5370 2387 5420 illum
2414 5381 2477 5419 ex
2503 5369 2754 5431 prudentia
2797 5366 3002 5431 humana
3040 5368 3288 5430 loquutum
3326 5379 3454 5431 esse,
3489 5366 3617 5417 hunc

2047 5447 2168 5495 vero
2191 5427 2255 5482 ex
2299 5433 2451 5495 gratia
2485 5427 2662 5495 divina,
2697 5431 2766 5480 sic
2789 5429 3049 5495 intelligas,
3074 5427 3173 5495 non
3207 5429 3342 5495 quasi
3379 5427 3616 5495 Salomon,

2047 5494 2162 5544 dum
2183 5488 2547 5545 Proverbia-um
2571 5491 2743 5542 librum
2774 5488 3029 5547 scriberet,
3056 5493 3206 5552 gratia
3225 5488 3621 5552 divinadestitu-

2050 5565 2128 5609 ωδ
2151 5563 2313 5616 esset;
2336 5555 2425 5606 sed
2449 5553 2574 5618 quod
2600 5565 2816 5618 ea,qu
2840 5549 3145 5618 experientia
3181 5557 3230 5599 et
3251 5549 3511 5618 sagacitate
3533 5563 3624 5603 sua

2050 5627 2267 5674 noverat,
2301 5612 2551 5678 dirigente
2583 5612 2754 5676 Spiritu
2793 5619 2974 5678 sancto,
3002 5612 3156 5660 literis
3199 5612 3474 5678 mandaret;
3513 5627 3624 5664 cum

2050 5691 2212 5728 contra
2236 5673 2428 5729 Ellsmus
2456 5676 2534 5726 illa
2566 5673 2751 5726 tantum
2784 5674 3040 5724 scriberet.
3064 5685 3175 5722 cute
3214 5673 3402 5724 amante
3425 5677 3624 5728 sumine

2051 5741 2282 5792 discebat.
