4018 6212
492 434 563 488 45
1179 424 1234 479 S.
1276 416 1551 477 JOAN‘NIS
1585 406 2049 482 CllliYSQSTUMI
2093 401 2402 461 MlClllEP.
2443 403 2971 462 CONSTANTINOP.
3702 419 3769 475 Η

502 561 712 608 ωιιιιεηι
753 549 966 618 culpet,
1011 543 1105 600 sed
1154 551 1208 596 ιιι
1248 540 1459 595 illorum
1498 532 1856 603 insipientiam
1911 527 2083 599 aptius

502 642 770 699 ostendat.
800 637 1068 706 Coutingit
1087 633 1228 690 enim
1263 630 1490 700 juvenes
1520 638 1640 680 esse
1667 620 1953 693 prudentes
1972 659 1987 684 ,
2034 626 2088 671 et

503 748 663 791 senes
703 733 755 788 in
803 728 1104 801 insipientia
1155 724 1351 778 vixisse
1400 737 1414 774 :
1460 731 1643 773 verum
1673 714 1796 785 quia
1835 711 1887 767 id
1916 710 2088 765 rarius

503 825 747 881 accidere
776 800 934 884 solet,
980 817 1072 873 sed
1098 812 1423 870 contrarium
1452 810 1768 880 plerumque
1792 800 2085 872 contingit;

503 918 625 971 ideo
668 914 787 970 illos
815 909 1126 980 insipientes
1155 901 1466 959 nominavit.
1496 899 1628 954 Nam
1677 906 1733 952 et
1774 892 2088 950 Timotheus

499 1007 710 1075 juvenis
735 1011 852 1060 erat
880 1021 895 1057 :
927 1003 972 1056 is
1016 1010 1191 1054 tamen
1238 992 1570 1064 sapientius,
1621 1001 1779 1058 quam
1826 982 2089 1040 innumeri

500 1112 691 1163 senes,
731 1094 1002 1151 Ecciesias
1050 1080 1471 1149 administravit;
1520 1088 1576 1138 et
1615 1079 1869 1136 Salomon
1920 1089 2091 1129 annos

503 1200 657 1246 natus
682 1186 961 1243 duodecim
993 1182 1103 1254 (α),
1152 1193 1272 1235 cum
1310 1178 1419 1232 Deo
1447 1173 1780 1244 loquebatur,
1817 1167 2091 1237 multaque

503 1291 619 1337 erat
641 1276 851 1335 dicendi
880 1274 1065 1329 fiducia
1100 1272 1413 1333 instructus,
1458 1279 1523 1319 ac
1552 1278 1643 1317 rex
1672 1259 1971 1316 declaratus
1995 1271 2087 1312 co-

504 1382 825 1440 mitatusque
872 1375 989 1430 est,
1038 1362 1402 1428 barbarosque
1446 1353 1631 1410 habuit
1666 1349 1940 1420 sapientia:
1980 1361 2092 1402 suae

503 1439 871 1533 spectatores;
921 1470 1094 1526 neque
1134 1452 1236 1506 viri
1283 1449 1456 1504 solum
1480 1488 1493 1510 ,
1547 1443 1642 1499 sed
1670 1452 1723 1498 et
1748 1439 1998 1496 mulieres
2024 1452 2089 1493 ex

508 1553 807 1627 longinquis
834 1546 1141 1619 regionibus
1166 1543 1461 1603 venientes,
1495 1535 1634 1590 hanc
1660 1532 1827 1587 solam
1855 1527 2091 1601 peregri-

507 1646 734 1703 nationis
773 1655 987 1696 causam
1042 1633 1330 1691 habebant,
1380 1641 1575 1696 nempe
1616 1632 1674 1678 ut
1713 1637 1778 1677 ex
1809 1619 1925 1690 ejus
1962 1630 2093 1671 voco

505 1736 773 1810 quidpiam
804 1731 1105 1788 ediscerent
1131 1733 1185 1780 et
1208 1722 1451 1787 audirent
1477 1735 1493 1773 :
1522 1716 1617 1772 sed
1665 1721 1724 1768 ut
1770 1710 1834 1765 ad
1882 1707 2090 1764 senium

509 1800 785 1897 pervenit,
829 1821 1055 1877 multum
1103 1815 1171 1872 de
1218 1815 1412 1869 virtute
1445 1805 1700 1864 detraxit.
1752 1800 1922 1870 Hujus
1966 1813 2095 1853 vero

509 1931 659 1990 pater
699 1916 886 1970 beatus
923 1907 1092 1966 David
1138 1918 1303 1978 grave
1340 1900 1470 1957 illud
1515 1905 1789 1968 peccatum
1824 1906 1933 1946 non
1971 1902 2093 1944 cum

506 2011 716 2081 juvenis
741 2016 794 2063 et
823 2019 954 2076 puer
981 2010 1158 2067 esset,
1181 1997 1275 2053 sed
1315 2009 1437 2050 cum
1468 1992 1613 2046 illam
1636 1996 1849 2043 :etatem
1873 1990 2095 2053 praeter-

508 2116 724 2175 gressus
773 2105 941 2154 esset.
969 2103 1093 2149 tunc
1135 2086 1391 2161 peccavit.
1448 2083 1583 2138 Cum
1627 2086 1806 2134 autem
1845 2072 2097 2145 puerulus

510 2165 649 2249 esset
670 2234 685 2259 ,
714 2187 953 2245 mirabile
983 2193 1239 2254 tropteum
1266 2177 1456 2240 erexit,
1485 2174 1764 2229 barbarum
1790 2165 2093 2238 prostravit,

509 2256 829 2352 omnemque
872 2277 1114 2334 exhibuit
1148 2267 1541 2345 philosophiam
1568 2307 1584 2331 ,
1641 2277 1813 2332 neque
1867 2256 2096 2329 impedi-

512 2387 693 2433 mento
738 2351 991 2444 juventus
1040 2366 1156 2431 fuit,
1212 2360 1495 2432 quominus
1519 2356 1635 2409 hare
1661 2351 1916 2423 praeclara
1946 2357 2097 2419 gesta

510 2469 712 2523 ederet.
756 2460 1042 2519 Jeremiam
1072 2468 1284 2529 quoque
1308 2451 1396 2521 qui
1436 2447 1605 2503 aetatis
1631 2444 1836 2500 obicem
1875 2438 2095 2508 objicie-

515 2564 605 2616 hat
654 2569 711 2614 ut
757 2562 1051 2618 recusaret,
1102 2564 1207 2604 non
1243 2544 1458 2600 admisit
1497 2542 1657 2605 Deus,
1705 2535 1799 2591 sed
1824 2532 2008 2589 eduxit
2030 2530 2095 2585 ad

515 2652 766 2723 populum
793 2647 1098 2705 Judaicum,
1118 2641 1290 2710 ipsum
1316 2634 1445 2690 nihil
1468 2631 1591 2686 inde
1621 2626 1860 2698 impediri
1889 2624 2095 2688 dicens,

513 2748 556 2800 si
587 2752 764 2798 mente
795 2739 944 2792 firma
974 2731 1226 2804 praeditus
1250 2735 1411 2783 esset.
1467 2723 1595 2788 liae,
1644 2721 1750 2774 imo
1796 2716 1965 2770 multo
1996 2713 2097 2766 nti-

517 2849 647 2889 uore
673 2838 850 2891 aetate,
877 2803 1033 2880 senes
1062 2819 1245 2876 Daniel
1271 2814 1548 2888 judicavit.
1597 2812 1663 2866 Et
1691 2807 1865 2865 iosias
1903 2822 1971 2860 ne
1999 2803 2097 2858 de-

515 2940 631 2980 cem
662 2920 875 2992 quidem
918 2928 1088 2970 anuos
1138 2920 1318 2971 natus,
1352 2908 1403 2961 in
1429 2905 1620 2960 solium
1653 2899 1798 2970 regni
1826 2893 2098 2958 ascendit,

518 2985 747 3083 tuncque
772 3007 1031 3070 ﬂorebat;
1084 3000 1180 3057 sed
1225 3008 1407 3070 postea
1440 2992 1702 3049 tantillum
1751 2989 1998 3057 delapsus
2049 2985 2103 3040 in

518 3073 807 3178 ignaviam,
839 3100 1093 3153 virtutem
1120 3091 1283 3147 animi
1313 3084 1670 3143 labefactavit.
1699 3078 1835 3148 Quid
1860 3089 1987 3133 vero
2008 3073 2102 3131 Jo-

519 3171 690 3268 52pm
738 3193 932 3250 Annon
972 3185 1205 3260 juvenis,
1253 3191 1310 3238 et
1334 3177 1619 3235 admodum
1643 3171 1894 3245 juvenis,
1940 3180 2103 3239 grave

520 3256 644 3346 illud
674 3287 870 3342 bellum
897 3256 1150 3350 suscepit,
1174 3290 1277 3332 non
1302 3272 1559 3328 adversus
1589 3264 1853 3330 homines,
1885 3260 1976 3316 sed
2004 3256 2103 3312 ad-

521 3396 705 3440 versus
746 3380 914 3450 ipsam
958 3382 1162 3430 natura:
1206 3364 1537 3440 tyrannidem
1577 3360 1896 3420 decertans,
1942 3361 1999 3408 et
2037 3365 2105 3407 ex

521 3474 694 3531 media
739 3470 953 3527 fornace
999 3464 1319 3531 flammaque
1366 3455 1572 3519 multo,
1628 3465 1786 3523 quam
1837 3446 1926 3502 illa
1979 3443 2107 3499 Per-

520 3570 628 3624 sica
662 3564 757 3637 (b),
786 3560 1054 3632 graviore,
1097 3555 1292 3609 illresns
1322 3546 1536 3611 exsiliit,
1583 3558 1687 3598 non
1721 3540 1917 3600 minus,
1949 3548 2108 3606 quam

524 3670 632 3713 tres
659 3657 731 3712 illi
763 3651 932 3724 pueri,
969 3651 1086 3705 sine
1128 3645 1324 3701 damno
1361 3627 2108 3702 maueus?Qucmadmodum

523 3750 662 3805 enim
692 3746 769 3800 illi
793 3755 1018 3812 corpora
1049 3753 1169 3794 cum
1188 3735 1317 3805 ipsis
1337 3729 1544 3801 capillis
1573 3725 1738 3780 illzesa
1764 3731 1891 3777 tunc
1909 3717 2108 3791 egressi

524 3811 902 3899 ostenderunt,
938 3847 1004 3888 ex
1055 3829 1197 3884 fonte
1227 3824 1406 3896 potius
1440 3833 1598 3891 quam
1637 3831 1705 3870 ex
1750 3811 1970 3866 fornace
2012 3825 2110 3864 ex-

526 3944 715 3988 euntes
746 3946 761 3982 :
790 3927 870 3982 sic
898 3933 951 3980 et
981 3923 1080 3977 iste
1110 3920 1162 3974 in
1191 3912 1503 3974 certamine,
1540 3923 1606 3963 ex
1633 3904 1897 3976 Egyptia:
1937 3898 2115 3955 mani-

527 4027 626 4080 bus
669 4020 884 4088 elapsus
914 4016 931 4047 ⁸
956 4056 972 4082 ,
1012 4012 1162 4074 exiit,
1192 4020 1364 4077 neque
1390 4018 1420 4057 a
1446 4010 1611 4068 tactu,
1643 4011 1819 4066 neque
1846 4008 1877 4049 a
1910 3991 2111 4055 verbis,

527 4127 702 4185 neque
727 4111 793 4165 ab
821 4113 1060 4177 asttectu,
1091 4114 1264 4171 neque
1292 4112 1322 4152 a
1347 4093 1696 4152 vestimentis,
1720 4101 1893 4157 neque
1916 4084 1983 4139 ab
2013 4099 2112 4137 un-

527 4204 758 4276 gueutis,
790 4212 908 4271 qua:
952 4192 1238 4253 sarmentis
1262 4197 1313 4245 et
1340 4187 1456 4258 pice
1481 4182 1839 4239 ardentiorem
1866 4174 2119 4245 concupi-

529 4268 745 4355 scentia:
765 4268 1033 4348 flammam
1061 4281 1459 4346 accendebant;
1502 4288 1675 4346 neque
1698 4272 1765 4328 ab
1786 4278 1942 4326 :etate
1969 4268 2118 4337 ejus-

533 4389 675 4447 modi
697 4385 967 4456 quidpiam
1005 4391 1194 4449 passus
1224 4384 1326 4440 est,
1369 4371 1529 4443 quale
1559 4378 1617 4422 ut
1644 4368 1805 4420 homo
1833 4363 1937 4434 pati
1960 4375 2118 4430 posse

536 4454 832 4534 videbatur.
880 4473 957 4527 Ac
986 4479 1095 4524 tres
1132 4467 1205 4522 illi
1236 4463 1408 4535 pueri,
1448 4463 1501 4516 in
1527 4461 1643 4528 ipso
1665 4455 1958 4526 juventutis
1987 4454 2119 4507 flore

537 4581 593 4626 et
617 4576 855 4623 ventrem
885 4565 1240 4630 superarunt,
1285 4562 1341 4609 et
1370 4551 1558 4608 mortis
1585 4546 1925 4603 formidinem
1949 4543 2123 4599 calca-

538 4670 690 4724 ruut,
742 4663 1052 4723 tantumque
1100 4646 1394 4705 exercitum
1436 4644 1777 4710 furoremque
1823 4636 1966 4707 regis
2009 4635 2122 4705 ipsa

540 4752 756 4806 fornace
798 4744 1156 4800 ardentiorem
1205 4738 1470 4798 vicerunt,
1524 4730 1760 4800 nihilque
1790 4728 1910 4784 illos
1946 4734 2131 4782 exter-'

541 4849 668 4906 ruit,
713 4838 810 4895 sed
853 4842 1165 4892 constanter
1192 4832 1509 4884 manserunt
1535 4821 1714 4878 animo
1753 4818 1973 4875 minime
2005 4829 2122 4871 ser-

541 4933 634 4987 vili
664 4928 928 4985 instructi.
946 4926 1063 4983 Non
1092 4924 1253 4995 igitur
1279 4927 1488 4975 aetatem
1519 4915 1801 4970 traducens
1828 4911 1942 4966 hmo
1965 4908 2121 4964 dicit:

610 5136 631 5164 ι
666 5128 848 5178 Boisius
868 5123 1012 5187 legit,
1032 5118 1237 5187 impuris
1254 5114 1488 5187 Egyptiie
1510 5109 1728 5163 omnibus
1749 5109 1956 5187 ehtpsus.

606 5167 1681 5256 (αἷυιτῖῖεζῗιῖιδί-ιιῆὧῆὶῦἴὸιιριοεονιιω
1712 5167 2132 5256 sementimws‘alo-

551 5232 1077 5307 mtifiétﬁtiédeﬂsést
1097 5254 1311 5307 regnare
1336 5232 1568 5307 coepisse,
1593 5247 1755 5298 eaque
1777 5232 2028 5307 sordentia:
2049 5242 2130 5279 ar-

551 5301 781 5381 ξξιῆιξυω
805 5308 1109 5381 exhibuisse:
1134 5301 1348 5381 ,ςῑιξαὶξε
1370 5301 1938 5381 muraenae;
1963 5304 2132 5381 "aee

550 5349 1113 5442 Sii-iiiéiés'itfr'agiéfoéi
1129 5349 1352 5429 ﬁnitum
1369 5349 1531 5414 virum
1558 5361 1707 5430 fuisse
1737 5358 1960 5442 censent.
1985 5349 2133 5423 certe

1137 5435 1175 5442 --
1209 5439 1303 5442 μμ-
1342 5436 1536 5442 μ---η
1562 5426 1702 5442 ω.-.
1750 5424 1796 5442 η.
1819 5428 1925 5442 ,......
1947 5421 2132 5442 ...........

548 5412 1540 5502 givdiib‘deva'uistrol—uairegnare
1561 5420 1724 5481 coepit,
1746 5412 2135 5502 et‘quadragiuta

550 5476 2135 5561 ῗιὶιῖἔῖποειιεῖνμεὲἰιῖιὶιῐίίδετξνιυξῖῖιρ,ἓξιιθξῑξίὶξξεξξέἑξὶδμαιξξίὶίιὶξῗ

552 5540 691 5621 suis
706 5540 1056 5621 ειῑιδςῑῖσθίεςίι,
1078 5540 1316 5618 quomoda
1338 5546 1484 5621 me
1499 5540 2136 5621 _w:_s.cryaeeesee

555 5602 827 5678 filiive—ai
836 5602 885 5679 ιζ
895 5602 997 5679 ῧξλ
1008 5602 1257 5679 tenuique
1269 5610 1380 5671 jam
1400 5617 1548 5658 senex
1566 5609 1709 5663 esset,
1733 5602 2046 5662 depravatum
2069 5602 2137 5647 est

560 5697 643 5736 cor
664 5675 770 5742 ejus
793 5675 878 5743 per
900 5675 1124 5728 mulieres
1140 5675 1164 5724 Υ

619 5723 705 5806 ibi
715 5723 1149 5806 Foiﬁicéiﬁeéit
1165 5733 1406 5806 νθτίείωηιν
1422 5728 1551 5806 “lat”
1569 5723 2138 5806 EPF‘PM91'1‘QEEWB

555 5784 1060 5865 trdi'paéii'aaﬁj‘ecii
1073 5784 1349 5865 simti‘tam
1394 5804 1527 5855 saepe
1568 5784 1788 5860 vidimus,
1816 5784 2050 5848 assyrium
2087 5788 2140 5834 et

557 5850 859 5930 iiabj'l'tntiam
881 5850 1127 5914 Persidem
1146 5875 1175 5912 a
1196 5850 1528 5923 (‘itryscstetito
1551 5850 1728 5903 vocari.

2195 524 2622 595 quandoquidem
2649 535 2699 580 et
2725 524 2920 581 Paulus
2947 538 3069 580 cum
3098 524 3174 579 ait
3225 541 3237 578 :
3284 522 3405 577 Non
3449 521 3773 593 neaphytum,

2193 632 2255 671 ne
2304 617 2357 670 in
2406 617 2692 688 superbiam
2728 617 2909 681 elatus,
2963 617 3015 670 in
3049 615 3306 687 judicium
3352 613 3544 670 incidat
3587 613 3776 667 diaboli

2195 708 2270 778 (Ι.
2299 707 2436 763 Tim.
2469 709 2524 764 5.
2550 708 2632 777 6).
2676 723 2782 764 ηοιι
2811 714 2969 764 aetate
2989 708 3242 778 juvenem
3270 706 3420 774 dicit,
3471 704 3566 761 sed
3587 719 3778 760 recens

2195 801 2508 873 p’lantatum,
2538 801 2590 856 id
2621 812 2723 868 est,
2765 801 3063 857 institutum
3097 816 3113 865 ;
3143 799 3384 869 plantare
3407 798 3607 871 quippe
3649 796 3780 850 dicit

2194 896 2461 952 catechesi
2510 897 2807 961 instituere,
2867 904 2923 951 et
2967 893 3197 958 docere;
3247 901 3306 948 ut
3343 907 3464 949 cum
3494 892 3568 945 ait
3607 908 3621 944 :
3665 887 3780 960 Ego

2199 989 2444 1059 plantavi,
2481 985 2665 1059 Apollo
2692 986 2871 1059 rigavit
2908 985 2985 1057 (1.
3015 983 3134 1040 Cor.
3163 983 3217 1040 3.
3245 982 3327 1053 6).
3365 976 3608 1040 Christus
3644 993 3781 1051 qum

2194 1093 2299 1149 que
2328 1077 2380 1133 id
2414 1077 2791 1147 plantationem
2817 1084 2971 1132 vocat
2998 1074 3182 1130 dicens
3232 1091 3245 1128 :
3291 1070 3470 1128 Omnis
3506 1071 3776 1142 plantatio,

2193 1184 2345 1237 quam
2381 1184 2482 1222 non
2517 1167 2763 1237 plantavit
2801 1165 2963 1221 Pater
2987 1181 3126 1219 meus
3151 1161 3397 1228 celestis,
3438 1159 3782 1215 eradicabitur

2197 1258 2411 1330 (Matth.
2445 1258 2665 1328 15.13).
2685 1256 2819 1313 Nam
2843 1257 2889 1312 si
2920 1256 3246 1328 necphytum
3268 1250 3776 1319 dixissetjuvenem,

2196 1348 2533 1406 Timotheum
2571 1352 2738 1416 certe,
2792 1348 2884 1418 qui
2907 1346 3118 1418 juvenis
3150 1352 3287 1409 erat,
3333 1350 3389 1399 et
3430 1342 3500 1396 ita
3538 1339 3774 1410 juvenis,

2198 1454 2253 1497 ut
2309 1441 2398 1496 ille
2440 1441 2682 1507 diceret,
2733 1438 2900 1495 Nemo
2937 1439 3249 1509 juventutem
3303 1444 3442 1490 tuam
3498 1440 3779 1487 contemnat

2199 1535 2277 1603 (l.
2324 1532 2457 1588 Tim.
2489 1533 2541 1588 4.
2579 1531 2664 1598 i2)
2689 1573 2704 1597 ,
2752 1531 2820 1587 ad
2860 1540 3062 1586 tantum
3106 1528 3324 1583 culmen
3363 1525 3634 1596 dignitatis
3672 1538 3777 1577 non

2197 1626 2482 1688 evexisset,
2513 1639 2613 1679 nec
2644 1632 2720 1679 tot
2746 1621 3101 1678 Ecclesiarum
3131 1618 3273 1674 ferre
3301 1632 3481 1672 curam
3509 1614 3782 1687 permisis-

2198 1726 2298 1774 set.
2344 1714 2410 1771 Et
2437 1716 2670 1773 illusores
2696 1714 3087 1771 dominabuntur
3110 1711 3202 1766 eis.
3254 1708 3412 1765 Vides
3454 1706 3625 1777 ipsum
3675 1719 3779 1759 non

2199 1809 2509 1879 simpliciter
2555 1818 2769 1864 aetatem
2819 1806 3134 1871 traducere,
3177 1800 3271 1857 sed
3312 1809 3619 1869 corruptum
3664 1797 3781 1851 aui-

2200 1902 2385 1957 mum?
2429 1903 2536 1957 llac
2561 1902 2701 1958 enim
2729 1899 2997 1955 additione
3023 1896 3073 1951 id
3099 1893 3293 1950 clarius
3317 1891 3499 1948 efficit.
3536 1891 3784 1945 lllusores

2200 1995 2341 2049 enim
2369 1992 2453 2048 hic
2480 2003 2631 2048 vocat
2656 1992 2990 2061 deceptores,
3035 1985 3391 2049 cavillatores,
3439 1981 3740 2042 adulatores
3764 2024 3780 2044 ,

2201 2098 2294 2139 eos
2334 2084 2421 2155 qui
2453 2083 2628 2138 verbis
2677 2081 2901 2153 gratiam
2931 2088 3204 2149 captantes
3233 2076 3379 2146 ipsos
3405 2073 3617 2129 diabolo
3661 2088 3784 2142 pro-

2201 2177 2468 2247 pinarent.
2520 2177 2571 2232 5.
2624 2175 2688 2229 Et
2725 2182 2923 2228 corruet
2953 2170 3189 2242 papulas,
3223 2171 3372 2222 homo
3400 2166 3468 2219 ad
3494 2164 3783 2227 hominem,

2201 2277 2248 2321 et
2294 2268 2442 2321 homo
2497 2266 2565 2319 ad
2618 2265 2900 2335 proximum
2944 2278 3114 2316 suum.
3163 2255 3616 2328 Quemadmodum
3642 2255 3783 2310 enim

2200 2360 2355 2429 lignis
2388 2374 2507 2428 qua}
2546 2356 2769 2412 aedilicia
2804 2353 3148 2410 continebant
3173 2348 3460 2420 corruptis,
3492 2355 3583 2402 aut
3610 2346 3789 2403 subla-

2203 2452 2288 2516 tis,
2340 2466 2560 2506 necesse
2589 2458 2670 2505 est
2696 2448 2856 2502 etiam
2885 2460 3066 2500 muros
3110 2442 3402 2514 perrumpi,
3452 2440 3599 2495 nullo
3647 2438 3786 2494 ultra

2201 2545 2463 2598 retinente
2516 2558 2530 2595 :
2582 2539 2661 2594 sic
2707 2539 2810 2593 illis
2862 2536 3103 2602 sublatis,
3130 2534 3220 2605 qui
3263 2547 3421 2603 supra
3469 2531 3596 2586 dicti
3638 2537 3783 2590 sunt,

2201 2634 2548 2707 principibus,
2601 2628 2938 2692 consiliariis,
2980 2625 3267 2697 judicibus,
3315 2621 3608 2695 prophetis.
3656 2619 3786 2674 nihil

2204 2728 2538 2802 prohibebat,
2585 2725 2708 2795 quin
2758 2721 2986 2793 populus
3013 2722 3065 2773 in
3099 2718 3354 2772 factiones
3383 2730 3442 2770 se
3478 2713 3744 2769 scinderet
3768 2751 3786 2778 ,

2203 2833 2257 2881 ct
2286 2835 2473 2891 magna
2511 2815 2838 2889 perturbatio
2868 2813 3120 2868 oriretur.

2274 2916 2331 2970 4.
2362 2911 2527 2967 Irruet
2569 2909 2809 2981 puerulus
2853 2904 3091 2959 adversus
3127 2917 3321 2964 senem,
3344 2909 3391 2955 et
3425 2897 3658 2970 ignobilis
3695 2896 3789 2949 ad-

2201 3020 2375 3062 versus
2413 2999 2649 3056 nobilem.
2698 2994 3112 3060 Adversabitur,
3150 2991 3359 3062 inquit,
3382 2989 3593 3060 juvenis
3635 2986 3787 3051 seni,

2201 3093 2501 3164 despiciet,
2549 3095 2853 3144 contemnet
2905 3084 3072 3138 illum.
3125 3081 3251 3136 [hec
3300 3080 3456 3134 etiam
3506 3088 3787 3146 antequam

2206 3184 2402 3240 bellum
2448 3182 2667 3235 instaret
2706 3174 2894 3247 quovis
2923 3173 3065 3229 bello
3103 3170 3340 3241 graviora
3370 3177 3540 3223 erant.
3568 3167 3791 3234 Quando

2207 3278 2347 3332 enim
2385 3281 2631 3330 scucctus
2674 3287 2702 3324 a
2744 3268 3021 3340 juventute
3063 3264 3408 3319 inhonoratnr
3431 3300 3447 3326 ,
3475 3259 3709 3327 vilesque
3738 3269 3792 3312 et

2207 3365 2400 3437 abjecti
2429 3362 2671 3418 homines
2698 3356 3035 3414 honorabiles
3061 3354 3207 3424 prius
3239 3352 3382 3406 viros
3410 3350 3616 3404 calcant
3639 3389 3652 3411 ,
3682 3363 3790 3401 non

2209 3456 2414 3513 meliori
2447 3455 2498 3509 iu
2527 3460 2666 3508 statu
2698 3458 2941 3504 versatur
2968 3441 3270 3514 hujusmodi
3309 3440 3497 3495 civitas
3519 3479 3535 3505 ,
3562 3452 3718 3507 quam
3746 3438 3792 3490 si

2212 3549 2448 3606 hariolos
2492 3545 2733 3600 haberet.
2774 3541 2827 3597 6.
2858 3540 2991 3608 Quia
3017 3534 3355 3608 apprehendat
3395 3532 3543 3585 homo
3586 3533 3793 3601 fratrem

2210 3658 2357 3697 suum
2397 3649 2486 3693 aut
2517 3634 2839 3690 domesticum
2869 3629 3027 3701 patris
3070 3628 3150 3680 sui
3189 3625 3359 3678 dicens
3386 3639 3405 3675 :
3440 3620 3794 3675 Vestimentum

2214 3731 2386 3797 habes,
2421 3728 2653 3798 princeps
2678 3730 2843 3776 noster
2868 3727 2992 3782 esto,
3022 3725 3070 3772 et
3098 3714 3235 3769 cibus
3261 3728 3399 3767 meus
3427 3712 3519 3765 sub
3548 3719 3594 3765 te
3617 3709 3703 3764 sit.
3736 3708 3790 3761 7.

2217 3822 2284 3878 Et
2312 3818 2617 3891 respondens
2637 3816 2691 3870 in
2716 3815 2797 3867 die
2820 3812 2910 3866 illa
2944 3810 3072 3863 dicet
3095 3823 3115 3862 :
3138 3805 3256 3861 Non
3283 3821 3367 3860 ero
3398 3804 3627 3875 princeps
3650 3816 3670 3853 :
3693 3815 3796 3853 non

2216 3915 2348 3970 enim
2374 3921 2447 3967 est
2485 3911 2538 3964 in
2578 3910 2725 3962 domo
2755 3915 2866 3958 utea
2902 3901 3047 3973 panis
3078 3914 3235 3969 neque
3271 3896 3635 3952 uestimentum.
3676 3889 3796 3945 Non

2218 4021 2304 4061 ero
2348 4002 2576 4075 princeps
2602 3996 2776 4070 pepuli
2805 3995 2977 4064 hujus.
3004 3990 3099 4045 Hie
3138 3987 3267 4043 mihi
3295 3985 3504 4041 videtur
3537 3991 3629 4037 aut
3656 3979 3798 4036 obsi—

2218 4097 2432 4153 dioncm
2461 4093 2689 4163 aliquam
2731 4084 3094 4160 gravissimam
3122 4078 3477 4144 subindicare,
3506 4091 3625 4146 qua:
3653 4074 3798 4144 ipsos

2221 4191 2273 4245 in
2302 4198 2596 4244 extremam
2642 4178 3010 4236 necessitatem
3059 4170 3469 4242 redegerit;aut
3497 4166 3614 4221 sine
3652 4163 3799 4218 obsi-

2221 4280 2380 4335 dione
2408 4278 2599 4331 famem
2628 4269 2908 4342 quamdam
2933 4262 3339 4327 iutolerabiletn,
3362 4259 3686 4327 multamque
3713 4270 3800 4309 re-

2221 4386 2338 4427 rum
2353 4364 2772 4424 necessariarum
2792 4357 3086 4429 penuriam.
3110 4353 3243 4410 Usus
3255 4360 3338 4408 est
3354 4359 3527 4404 autem
3538 4344 3806 4403 communi

2223 4456 2475 4530 loquendi
2520 4449 2958 4511 consuetudine:
2999 4454 3052 4500 et
3098 4444 3235 4499 sicut
3280 4439 3428 4494 multi
3477 4438 3703 4493 dicunt:
3747 4434 3805 4489 Si

2223 4529 2555 4620 contingeret
2581 4543 2766 4600 urbem
2799 4548 2961 4595 totam
2986 4535 3147 4593 obolo
3182 4529 3526 4595 venumdari,
3555 4542 3661 4582 non
3688 4539 3811 4596 pos-

2224 4659 2339 4701 sem
2367 4643 2509 4698 illam
2546 4650 2725 4695 emere
2745 4674 2759 4699 ,
2788 4642 3082 4689 extremam
3111 4627 3190 4682 sic
3218 4629 3581 4697 paupertatem
3622 4627 3808 4674 osten-

2227 4735 2363 4791 dens
2392 4748 2405 4785 :
2433 4730 2511 4786 sic
2550 4736 2604 4784 et
2650 4723 2908 4798 propheta
2946 4719 3075 4776 dicit
3102 4737 3118 4773 :
3143 4716 3203 4772 Si
3246 4712 3574 4787 principatus
3618 4715 3807 4764 veneat

2229 4824 2547 4882 vestimento
2570 4832 2678 4875 uno
2701 4857 2717 4883 ,
2740 4825 2831 4870 aut
2854 4827 2992 4885 pane
3013 4809 3128 4865 solo
3146 4849 3162 4874 ,
3187 4820 3346 4863 nemo
3384 4804 3485 4859 erit
3511 4801 3602 4871 qui
3627 4807 3769 4855 emat
3794 4815 3809 4852 :

2230 4926 2372 4974 tanta
2394 4927 2573 4970 rerum
2590 4906 3008 4965 necessariarum
3037 4899 3252 4972 penuria
3276 4896 3398 4953 erit.
3416 4894 3470 4951 8.
3495 4892 3629 4961 Quia
3648 4890 3814 4945 disso-

2233 5013 2342 5069 luta
2376 5018 2449 5065 est
2476 5003 2761 5062 Jerusalem
2786 5016 2805 5054 :
2825 5000 2928 5054 hoc
2954 5004 3058 5061 est,
3089 4992 3338 5049 derelicta
3367 4996 3422 5043 et
3449 4987 3658 5042 deserta
3688 4990 3771 5037 est
3794 5022 3813 5047 ,

2234 5103 2329 5159 Dei
2352 5095 2684 5173 providentia
2717 5089 3001 5148 denudata.
3034 5084 3102 5139 Et
3126 5083 3314 5138 Judtea
3336 5077 3595 5134 concidit:
3615 5083 3815 5145 pertur-

2234 5166 2468 5257 batione,
2496 5187 2666 5258 inquit
2690 5226 2704 5251 ,
2726 5190 2781 5238 et
2806 5178 3030 5236 tumultu
3058 5174 3255 5245 repleta
3281 5181 3364 5227 est
3383 5211 3399 5235 ,
3431 5166 3741 5224 confusione
3762 5172 3817 5216 et

2237 5252 2517 5342 seditione.
2548 5252 2615 5332 lit
2644 5276 2830 5345 lingute
2854 5285 3024 5325 eorum
3053 5281 3167 5319 cum
3194 5262 3459 5334 iniquitate
3483 5258 3561 5312 his
3585 5271 3697 5328 qua:
3716 5252 3817 5306 Do-

2239 5374 2363 5429 mini
2403 5380 2518 5425 sunt
2566 5383 2668 5421 non
2708 5363 3067 5429 obtemperant.
3113 5354 3312 5409 Deinde
3357 5364 3516 5405 causa
3559 5346 3818 5402 malorum

2241 5462 2590 5527 subnectitur,
2610 5457 2801 5527 lingua:
2823 5447 3247 5520 intemperantia.
3274 5444 3328 5499 Id
3357 5440 3496 5512 quod
3518 5439 3655 5493 Osee
3673 5452 3824 5491 coar-

2240 5558 2353 5630 guit
2392 5554 2611 5610 dicens:
2637 5544 2886 5619 Epltraim
2917 5543 2971 5597 in
3006 5539 3263 5595 interitum
3298 5534 3526 5588 abierunt
3562 5529 3617 5584 in
3654 5527 3826 5583 diebus

2242 5620 2652 5720 redargutionis;
2684 5641 2739 5695 in
2803 5636 3027 5691 tribubus
3075 5628 3241 5686 Israel
3287 5623 3484 5680 ostendi
3530 5621 3632 5691 ﬁde
3674 5620 3827 5690 digna

2246 5707 2477 5815 (οεεὶε.
2507 5735 2562 5809 9)
2591 5750 2607 5801 ;
2633 5707 2693 5788 et
2719 5725 3004 5785 Malacbias
3043 5719 3228 5776 eadem
3268 5717 3462 5772 iterum
3499 5714 3668 5772 dicit:
3695 5707 3823 5762 Pro-

2251 5803 2411 5906 pheta
2427 5803 2781 5903 exprobrantes
2806 5818 2866 5875 iis
2882 5816 2966 5889 qui
2984 5816 3371 5888 jwovocaverunt
3390 5804 3551 5860 Deum
3572 5803 3623 5857 in
3646 5818 3834 5858 :.ermo-
