4018 6212
433 228 495 280 45
1692 229 1755 282 ΙΝ
1797 229 1972 284 ISMA

2089 224 2234 285 CAP.
2282 231 2368 287 lll.
3641 234 3705 286 4η

423 345 560 396 nibus
587 341 683 414 (α).
716 340 785 397 Et
827 343 1026 397 dixistis
1050 359 1068 396 :
1091 341 1154 397 In
1184 360 1283 412 quo
1325 344 1701 411 prot‘ocut'intus
1747 343 1904 397 eunt?
1933 343 2000 397 In

418 449 472 486 eo
509 434 640 503 quod
683 433 888 488 dicitis:
913 433 1090 488 Omnis
1128 435 1214 504 qui
1242 435 1362 505 facit
1393 436 1616 501 malum,
1645 435 1802 489 bonus
1836 446 1910 489 est
1949 436 2000 488 in

414 533 675 594 conspectu
704 524 932 589 Domini,
961 536 1008 580 et
1045 527 1097 579 in
1121 527 1194 580 eis
1234 527 1344 594 ipse
1379 526 1472 580 sibi
1504 527 1626 580 bene
1672 527 1995 595 complacuit.

418 616 478 669 Et
518 617 598 670 ubi
625 625 698 671 est
723 615 864 672 Deus
887 619 1108 688 justititz
1131 619 1149 688 (
1173 616 1304 672 Mal.
1335 617 1388 670 2.
1423 619 1487 673 l7
1510 619 1570 688 )?
1599 619 1674 673 De
1709 619 1810 673 hoc
1854 629 2000 674 certe

416 723 469 766 et
529 711 641 782 ipse
687 721 950 777 accusat,
1001 711 1196 781 duplex
1245 711 1522 782 proferens
1563 713 1810 778 crimen,
1856 713 1998 782 quod

419 822 521 859 non
566 807 734 859 solum
779 821 886 860 non
930 805 1302 874 obtemperent
1332 845 1348 870 ,
1377 822 1476 860 nec
1519 807 1690 860 solum
1737 816 2002 876 transgre-

420 898 620 950 diattlut'
645 897 816 966 legem
843 914 856 959 ;
885 913 1005 952 cum
1034 896 1264 952 debeant
1301 898 1398 950 hac
1445 897 1512 951 de
1556 914 1613 952 re
1658 899 1856 966 pudore
1884 899 1996 952 suf-

419 991 553 1046 fundi
601 999 758 1060 atque
804 991 1156 1057 erubescere,
1189 1006 1307 1046 sese
1351 991 1548 1046 abdere
1578 1000 1630 1045 et
1666 1001 1820 1059 caput
1851 991 2001 1044 incli-

414 1097 568 1144 nare;
611 1081 683 1135 illi
727 1081 902 1151 priora
950 1081 1286 1137 accumulare
1334 1082 1698 1144 contendunt,
1733 1097 1833 1135 nec
1869 1083 1997 1136 satis

407 1173 665 1228 habentes
693 1183 953 1244 prrecepta
986 1174 1281 1242 transgredi
1310 1215 1323 1241 ,
1356 1189 1585 1231 onerosa
1625 1192 1834 1246 quoque
1875 1191 1997 1246 pro-

405 1265 580 1320 ferunt
607 1265 767 1320 verba
793 1283 806 1319 :
831 1266 976 1321 velut
1010 1266 1239 1322 famulus
1275 1268 1536 1338 quispiam
1579 1269 1848 1339 improbus
1869 1313 1882 1336 ,
1907 1271 1994 1339 qui

405 1353 513 1408 heri
552 1354 804 1409 mandata
835 1359 1247 1425 praztermittens
1268 1398 1283 1423 ,
1318 1358 1384 1412 ad
1421 1357 1536 1413 haec
1563 1359 1723 1414 etiam
1758 1360 1994 1414 ἰιιευΙριι-

403 1459 481 1502 ter
521 1449 655 1518 agit.
686 1447 738 1503 9.
773 1447 976 1503 Idcirco
1019 1467 1154 1503 nunc
1182 1450 1449 1505 Ituntiliata
1471 1462 1545 1506 est
1583 1452 1745 1521 gloria
1769 1454 1879 1524 ejus
1901 1495 1916 1519 ,
1948 1463 1994 1507 et

399 1543 635 1612 confusio
672 1543 822 1615 [aciei
863 1544 974 1614 ejus
1018 1544 1202 1598 resistit
1246 1545 1342 1599 eis.
1373 1544 1574 1600 Rursus
1623 1545 1797 1600 futura
1843 1547 1992 1616 quasi

400 1638 672 1708 prteterita
697 1638 850 1706 dixit,
878 1647 1131 1694 consueta
1158 1654 1285 1696 usus
1314 1639 1608 1710 prophetia
1639 1641 1778 1711 lege.
1809 1641 1924 1695 llun
1945 1641 1985 1696 i-

401 1728 673 1783 liationem
702 1737 880 1784 autem
905 1728 1090 1798 glorize
1115 1729 1472 1800 captivitatem
1500 1741 1673 1786 vocat.
1705 1731 1820 1786 Non
1850 1732 1991 1786 cn‘m

402 1821 632 1891 vulgaris
668 1821 899 1876 infamias
925 1831 1081 1888 erat,
1110 1837 1205 1878 eos
1228 1823 1320 1893 qui
1361 1838 1543 1894 regum
1571 1825 1719 1878 orbis
1748 1825 1990 1880 ordinem

403 1922 665 1976 tenerent,
692 1912 997 1969 hominibus
1023 1914 1258 1983 profanis
1283 1925 1337 1970 et
1360 1915 1601 1971 barbaris
1628 1916 1839 1987 subjici.
1862 1916 1994 1972 Con-

407 2003 668 2060 fusionem
693 2019 821 2059 vero
854 2005 1034 2060 vultus
1061 2005 1148 2060 hic
1181 2015 1336 2061 vocat
1366 2021 1484 2062 eam
1510 2049 1526 2074 ,
1554 2024 1674 2077 qua:
1701 2024 1730 2061 a
1762 2009 1991 2078 peccatis

410 2096 599 2148 oritur.
627 2095 767 2151 Talis
803 2097 1001 2167 quippe
1037 2105 1157 2152 erat
1193 2112 1378 2152 eorum
1415 2099 1542 2153 vita.
1567 2099 1700 2153 Cum
1747 2101 1889 2154 enim
1931 2114 1990 2155 se

407 2187 552 2256 prius
574 2187 986 2244 dedewmssent
1013 2204 1109 2258 per
1133 2197 1280 2259 gesta
1306 2205 1422 2258 sua,
1455 2191 1574 2247 ideo
1602 2192 1739 2247 Deus
1768 2207 1796 2245 a
1820 2192 1988 2262 gloria

401 2291 492 2332 sua
531 2278 656 2333 illos
684 2279 875 2349 dt-jecit
901 2320 916 2342 .
945 2279 1134 2336 leviori
1164 2281 1378 2337 tradens
1403 2283 1662 2352 supplicio
1685 2325 1700 2348 ,
1733 2299 1890 2354 quam
1938 2284 1988 2339 id

397 2370 539 2440 quod
577 2371 679 2441 ipsi
705 2372 806 2426 sibi
843 2370 1165 2428 indixerant.
1193 2372 1307 2428 Non
1335 2373 1476 2429 enim
1507 2375 1578 2428 ita
1610 2375 1989 2445 vituperabiles

395 2471 551 2517 erant
577 2478 701 2518 cum
730 2464 956 2520 alienam
985 2473 1183 2520 terram
1203 2465 1516 2532 incolerent,
1543 2483 1700 2538 quam
1727 2483 1847 2522 eum
1877 2483 1990 2524 me-

397 2554 652 2624 tropolim
677 2570 829 2610 suam
861 2555 1116 2613 habemes
1145 2559 1639 2627 praevaricarenmr.
1667 2559 1816 2615 Tune
1841 2561 1984 2615 enim

393 2662 587 2702 eorum
615 2648 849 2719 nequitia
875 2648 1360 2719 comprimebatur:
1385 2650 1438 2706 in
1466 2652 1635 2722 patria
1662 2667 1789 2707 vero
1817 2653 1988 2724 magis

392 2755 454 2796 ac
476 2742 658 2812 magis
684 2742 995 2812 angebatur.
1023 2741 1264 2814 Magnum
1287 2743 1446 2814 igitur
1474 2745 1576 2800 illis
1602 2745 1858 2816 propheta
1882 2745 1979 2801 do-

392 2843 708 2889 cumentum
741 2834 923 2897 tradit.
955 2835 1147 2906 ubique
1172 2837 1403 2892 suadens
1428 2846 1484 2892 ut
1510 2846 1633 2895 ante
1671 2840 1985 2910 supplicium

390 2925 692 2996 nequitiam
731 2924 968 2996 fugiant,
995 2942 1060 2983 ac
1083 2928 1288 2999 pudore
1313 2929 1614 3000 ruboreque
1655 2941 1942 2987 coerceant
1967 2951 1981 2988 :

388 3035 493 3074 non
521 3030 814 3091 postquam
838 3020 1045 3076 barbari
1076 3022 1194 3078 illos
1222 3031 1405 3093 captos
1428 3023 1710 3089 abducent,
1739 3025 1834 3081 sed
1861 3041 1982 3080 cum

386 3111 600 3179 peccati
623 3111 863 3179 tyrannis
884 3111 1004 3166 illos
1018 3112 1256 3182 captivos
1281 3113 1496 3169 tenebit.
1525 3113 1794 3169 Peccatum
1817 3129 1984 3170 autent

383 3218 558 3266 suum,
587 3209 641 3255 ut
664 3202 718 3256 in
739 3200 999 3269 Sodomis,
1020 3204 1382 3258 annuntiarunt
1401 3216 1446 3259 et
1467 3206 1808 3260 ostenderunt.
1832 3208 1982 3276 Quod

384 3308 526 3364 sa-pe
578 3293 729 3362 dixi,
761 3310 902 3352 nunc
943 3297 1103 3352 etiam
1131 3297 1252 3353 dico
1281 3299 1461 3369 :quod
1507 3299 1765 3371 propheta
1793 3317 1982 3372 nempe

384 3384 475 3440 Dei
514 3386 866 3442 clementiam
895 3387 1214 3455 ostendens,
1246 3405 1351 3445 non
1379 3406 1440 3446 ea
1471 3406 1588 3462 qua:
1618 3395 1822 3462 passuri
1859 3405 1984 3451 sunt

382 3477 668 3545 praedicat,
713 3479 808 3534 sed
851 3494 914 3534 ea
963 3495 1084 3551 qua:
1113 3480 1256 3552 digni
1295 3483 1502 3538 fuerant
1547 3492 1603 3538 ut
1649 3494 1977 3554 paterentur.

379 3567 615 3624 Peccata
661 3570 858 3640 quippe
896 3571 1134 3642 ipsorum
1171 3571 1562 3630 Sodomitarum
1594 3577 1805 3647 flagitiis
1833 3580 1979 3647 paria

376 3671 563 3727 erant,
595 3663 911 3732 supplicium
933 3675 1111 3720 autem
1137 3665 1323 3721 levius.
1345 3666 1460 3722 Non
1489 3669 1631 3724 enim
1661 3671 1807 3740 ipsos
1838 3673 1981 3727 radi-

373 3755 515 3809 citus
570 3755 801 3821 evulsit,
831 3772 1005 3826 neque
1045 3772 1076 3812 a
1117 3757 1478 3816 fundamentis
1521 3763 1705 3818 urbem
1732 3765 1932 3821 diruit'
1957 3811 1971 3834 ,

375 3859 563 3914 neque
587 3845 840 3916 reliquias
864 3847 1076 3917 generis
1099 3848 1314 3904 delevit.
1348 3850 1481 3906 illud
1515 3864 1691 3910 autem
1714 3896 1730 3921 ,
1760 3857 1976 3912 Annuu-

368 3935 578 3988 (ἐπιθυ
604 3945 655 3988 et
691 3937 1052 4007 ostenderunt,
1082 3939 1381 3997 humaniori
1422 3959 1572 4000 more
1611 3946 1814 4003 dictum
1855 3950 1974 4007 fuit.

371 4023 564 4094 Neque
593 4025 740 4080 enim
773 4026 910 4082 Deus
933 4043 1054 4099 quae
1081 4028 1218 4085 facta
1242 4039 1372 4086 sunt
1394 4041 1518 4090 tunc
1536 4034 1712 4101 discit,
1735 4054 1856 4094 cum
1885 4041 1972 4096 illa

370 4115 533 4181 (inut,
579 4117 893 4187 (qutomodo
933 4121 1098 4189 enim,
1135 4136 1257 4178 cum
1300 4124 1480 4179 omnia
1523 4126 1654 4181 sciat
1689 4139 1972 4199 antequam

367 4213 598 4283 ﬁant?)
646 4213 741 4269 sed
786 4223 844 4271 ut
878 4217 1197 4276 calamitatis
1223 4223 1644 4294 magnitudinem
1688 4227 1970 4296 ostendat,

365 4303 439 4356 ita
470 4303 734 4372 loquutus
755 4315 857 4362 est.

438 4393 499 4446 5.
532 4393 994 4462 Quemadmodum
1014 4399 1156 4456 enim
1181 4402 1308 4458 alibi
1335 4403 1492 4462 dicit:
1521 4407 1759 4464 Ascendit
1783 4410 1973 4467 clamor

365 4488 591 4542 malitia
613 4504 788 4544 eorum
814 4493 882 4546 ad
907 4509 987 4548 nte
1006 4493 1157 4566 (Gen.
1184 4494 1274 4551 l8.
1300 4497 1393 4569 20)
1409 4541 1423 4564 ,
1450 4515 1556 4555 non
1587 4501 1752 4558 Deum
1782 4506 1971 4574 procul

364 4578 708 4635 habitantem
735 4585 1101 4651 constituens,
1128 4597 1184 4643 et
1227 4589 1278 4643 in
1321 4590 1454 4646 casio
1483 4592 1928 4652 circumscribens
1952 4640 1966 4666 ,

359 4671 487 4724 haec
521 4671 696 4739 dicit,
728 4675 822 4730 sed
853 4679 1058 4746 peccati
1089 4680 1506 4752 magnitudinem
1544 4685 1824 4743 declarans
1851 4707 1864 4743 :
1892 4691 1970 4747 sic

348 4773 410 4816 et
447 4762 562 4817 hoc
589 4765 709 4820 loco
734 4807 748 4830 ,
781 4767 1157 4824 Annuutiarunt
1181 4812 1196 4836 ,
1231 4776 1479 4846 nequitia:
1521 4779 1833 4848 gravitatem
1877 4799 1968 4838 os-

352 4855 604 4914 tendens
631 4857 781 4914 dicit.
818 4859 1041 4917 Leviora
1073 4864 1216 4919 enim
1259 4878 1471 4937 peccata
1503 4869 1667 4926 latere
1705 4883 1964 4942 possunt;

347 4964 444 5017 grta
464 4946 688 5003 vissima
729 4961 911 5007 autem
955 4964 1010 5009 et
1051 4957 1280 5011 maxima
1310 4961 1558 5016 omnibus
1592 4973 1716 5018 sunt
1745 4976 1868 5020 nota
1912 4977 1968 5023 et

347 5041 662 5109 tonspieua
690 5083 708 5109 ,
737 5047 838 5099 etsi
883 5060 1043 5101 nemo
1083 5061 1294 5105 accuset
1320 5053 1400 5107 vel
1439 5065 1639 5124 arguat.
1668 5055 1783 5125 Ipsa
1822 5060 1964 5115 enim

359 5144 496 5185 sese
529 5134 844 5190 aununtiant
886 5147 940 5190 et
982 5137 1277 5196 declarant.
1308 5141 1511 5198 Volens
1539 5160 1667 5216 ergo
1707 5149 1962 5220 propheta

362 5222 800 5290 magnitudinem
845 5229 1103 5286 malorum
1133 5233 1418 5288 ostendere
1441 5276 1455 5298 ,
1479 5235 1609 5292 dixit
1634 5279 1650 5302 ,
1683 5239 1967 5296 Annuntia-

366 5324 492 5368 nou
517 5325 570 5369 et
593 5319 934 5390 (afﬂuunt,
965 5324 1015 5380 id
1036 5335 1153 5396 est,
1183 5326 1316 5382 Cum
1345 5327 1561 5384 audacia
1583 5372 1598 5397 ,
1629 5347 1750 5387 cum
1780 5349 1968 5405 super-

442 5468 584 5551 ‘nllf
605 5479 1536 5551 voegs,ggt_teque_a_fu_ndamentis_t_trbem
1567 5479 1724 5551 diruit
1743 5520 1756 5542 ,
1781 5488 1960 5537 desunt

377 5531 429 5579 in
455 5531 586 5596 Rcs-
612 5541 665 5583 et
691 5531 966 5593 Saiil..'sed
994 5531 1243 5596 tiab'entur
1268 5531 1318 5591 in
1350 5531 1522 5592 Morel.
1548 5551 1600 5593 et
1628 5531 1801 5596 una:

376 5652 394 5668 η
423 5657 426 5660 ,
447 5595 528 5650 ta)
561 5596 606 5668 in
631 5596 855 5669 yalacltia
877 5595 1082 5664 legitu};
1100 5595 1153 5659 ⁷οι
1181 5604 1523 5669 «ambiunt;
1543 5609 1625 5654 τὸν
1646 5610 1770 5669 θεὸν
1792 5595 1840 5657 ἓν
1861 5611 1957 5667 τοῖς

380 5666 548 5714 ’κτοις
565 5666 710 5715 υμῶν.
733 5669 811 5720 qm
831 5671 1163 5731 Prorocat'istis
1189 5666 1348 5723 Deum
1375 5666 1424 5717 in
1446 5667 1739 5720 sermonibus
1764 5671 1947 5722 vestris.

2111 344 2194 398 hia
2241 361 2426 416 magna
2452 390 2468 414 ,
2501 351 2635 404 mala
2669 353 3045 422 perpetrabant
3089 354 3204 412 sine
3232 355 3339 411 ullo
3372 355 3570 426 pudore
3615 357 3696 412 vel

2108 437 2321 502 rubore;
2353 439 2446 494 sed
2478 440 2544 496 de
2575 442 2830 497 industria
2863 446 3151 516 nequitiam
3183 449 3558 516 Operaliantnr.

2176 526 2404 601 [inprobi
2431 533 2603 587 virtuti
2620 546 2736 589 sunt
2760 536 2964 605 infensi,
2994 541 3248 609 ipsiusque
3272 541 3350 595 vel
3377 542 3695 612 presentimn

2103 637 2237 692 (agre
2265 627 2468 695 ferunt;
2490 627 2708 696 nequitia
2735 628 2788 681 in
2804 631 2968 699 seipse
3002 630 3307 702 supplicium
3330 633 3497 686 habet.
3518 663 3578 672 —-
3610 631 3697 686 Vtc

2105 717 2289 771 animm
2315 733 2506 782 eorum,
2530 721 2647 788 quia
2676 721 2894 776 inierunt
2926 723 3193 778 consilium
3221 724 3495 796 malignum
3523 735 3694 778 contra

2104 809 2412 878 semetipsos,
2445 811 2663 865 dicentes
2691 827 2710 865 :
2739 813 2823 867 10.
2850 813 3130 885 Alligemus
3145 815 3347 886 justum
3373 816 3492 886 quia
3510 817 3692 869 noxius

2102 909 2178 953 est
2205 900 2362 954 nobis.
2388 901 2768 972 Exsuperantia
2787 906 3059 976 nequitia),
3080 921 3200 962 cum
3229 923 3333 961 non
3365 907 3538 963 solum
3562 922 3692 976 pce-

2105 1003 2224 1046 cant
2247 1034 2261 1057 ,
2298 1009 2470 1064 neque
2495 996 2668 1050 solum
2707 1012 2826 1052 cum
2867 998 3086 1054 audacia
3115 1011 3336 1070 peccant
3362 1041 3376 1063 ,
3406 1001 3500 1056 sed
3530 1003 3688 1056 etiam

2101 1097 2195 1138 eos
2220 1084 2308 1153 qui
2331 1085 2452 1140 talia
2477 1087 2761 1142 emendare
2791 1099 3031 1158 possunt,
3049 1091 3318 1160 rejiciunt.
3343 1093 3692 1159 Quemadmoo

2101 1174 2226 1229 dum
2255 1177 2396 1230 enim
2426 1177 2725 1246 phrenitide
2752 1182 2982 1250 correpti
3008 1195 3154 1252 smpe
3192 1184 3454 1238 medicum
3496 1185 3687 1239 verbe-

2102 1276 2305 1333 rarunt,
2336 1269 2413 1324 sic
2443 1280 2496 1324 et
2528 1271 2579 1324 hi
2610 1271 2915 1328 incurabllis
2943 1273 3113 1328 morbi
3145 1275 3434 1329 maximum
3468 1275 3572 1330 hoc
3597 1293 3688 1328 ar-

2098 1371 2407 1431 gumentum
2449 1364 2808 1429 exhibebant,
2841 1365 2980 1435 quod
3021 1366 3194 1436 justus
3234 1369 3510 1437 ejicerent.
3545 1369 3688 1428 Talis

2071 1459 2076 1464 ‘
2100 1451 2295 1520 quippe
2318 1453 2482 1508 virtus
2507 1464 2590 1509 est
2614 1473 2626 1509 :
2651 1454 2730 1509 vel
2759 1455 2929 1510 solum
2949 1470 3009 1510 se
3029 1466 3356 1522 monstrans,
3381 1459 3431 1512 in
3456 1459 3686 1528 nequitia

2101 1542 2365 1597 viventem
2393 1543 2578 1600 dolore
2605 1544 2794 1599 afficit.
2821 1545 2965 1602 Talis
2993 1555 3077 1602 est
3107 1547 3342 1617 nequitia
3367 1564 3379 1600 :
3405 1562 3471 1603 ne
3500 1564 3684 1617 repre-

2100 1633 2262 1688 lmnsa
2310 1635 2522 1705 quidem
2570 1652 2748 1707 smpe,
2777 1637 2860 1693 vel
2901 1640 3241 1708 praesentiam
3266 1655 3450 1694 eorum
3493 1642 3584 1711 qui
3634 1642 3685 1696 in

2097 1725 2348 1794 mquitate
2392 1725 2573 1781 vivunt
2614 1729 2836 1783 moleste
2875 1727 2998 1784 fert.
3028 1729 3230 1801 Duplex
3257 1738 3435 1788 autem
3476 1730 3563 1786 hic
3604 1746 3685 1786 est

2096 1824 2384 1886 accusatio,
2406 1830 2462 1876 et
2485 1821 2626 1892 quod
2650 1822 2853 1892 justum
2877 1822 3116 1893 alligent,
3145 1831 3200 1879 et
3219 1823 3361 1894 quod
3387 1839 3509 1880 eum
3536 1825 3688 1898 quasi

2099 1913 2311 1967 noxium
2341 1911 2578 1982 alligent.
2609 1911 2833 1980 Quando
2872 1913 3032 1984 igitur
3059 1914 3180 1985 quis
3217 1914 3362 1970 utilia
3387 1931 3495 1970 non
3527 1916 3685 1970 modo

2097 2019 2203 2058 non
2241 2003 2512 2071 admittit,
2540 2005 2634 2060 sed
2665 2006 2823 2061 noxia
2845 2006 2948 2062 sibi
2983 2015 3164 2076 putat,
3195 2023 3439 2077 quamam
3467 2008 3683 2064 demam

2095 2098 2410 2168 relinquitur
2454 2098 2840 2154 emendationis
2873 2099 3130 2154 occasio?
3158 2098 3517 2166 Quamobrem
3563 2116 3686 2170 pro-

2097 2190 2254 2258 pheta
2286 2188 2470 2244 videns
2495 2204 2589 2244 eos
2617 2189 2684 2244 ad
2713 2199 2952 2245 extrema
2977 2190 3291 2259 prorupisse
3315 2231 3330 2256 ,
3361 2205 3393 2245 a
3419 2190 3683 2246 lamenta-

2097 2278 2240 2334 tione
2273 2279 2464 2333 iterum
2493 2278 2675 2350 ineipit
2697 2320 2711 2346 ,
2739 2295 2844 2335 non
2874 2279 2949 2356 ab.
2969 2281 3311 2336 accusatione
3347 2291 3403 2336 et
3443 2281 3678 2352 increpa-

2096 2371 2238 2426 tione
2261 2412 2276 2436 ,
2305 2370 2490 2426 dicens
2517 2390 2529 2424 :
2565 2370 2650 2426 Va:
2673 2372 2858 2427 animi:
2882 2389 3057 2427 eorum
3078 2387 3097 2436 ;
3124 2371 3266 2444 quod
3291 2375 3532 2444 sequitur
3557 2390 3669 2429 cun:

2094 2462 2259 2518 multa
2291 2464 2566 2532 prudentia
2592 2464 2838 2530 additur,
2873 2464 3006 2532 Quia
3027 2466 3247 2520 inierunt
3273 2467 3538 2520 consilium
3571 2483 3680 2520 nta-

2094 2556 2286 2627 lignum
2328 2567 2506 2610 contra
2551 2557 2864 2628 semetipsos.
2894 2557 3055 2626 Atqui
3094 2572 3158 2613 ea
3187 2573 3307 2629 quae
3350 2559 3484 2613 facta
3515 2568 3680 2624 sunt,

2092 2645 2339 2702 videntur
2364 2657 2548 2702 contra
2573 2647 2774 2716 justum
2799 2658 3044 2718 suscepta
3071 2662 3192 2704 esse
3215 2665 3228 2702 ε
3253 2649 3346 2704 sed
3378 2649 3422 2704 si
3452 2649 3571 2721 quis
3591 2666 3681 2705 ac-

2091 2750 2274 2796 curate
2301 2741 2674 2810 exploraverit,
2695 2755 2802 2796 non
2824 2748 3008 2796 contra
3035 2741 3347 2810 patientem,
3370 2739 3463 2796 sed
3493 2750 3676 2796 contra

2091 2846 2185 2886 eos
2236 2831 2324 2900 qui
2374 2831 2425 2886 id
2465 2831 2909 2902 aggrediehantur
2953 2832 3232 2888 consilium
3281 2834 3526 2888 vertitur.
3582 2833 3680 2887 HIC

2089 2922 2343 2977 discimus
2366 2922 2536 2976 virum
2567 2923 2810 2994 probum,
2837 2923 2938 2979 etsi
2965 2932 3215 2978 sexcenta
3244 2923 3380 2978 mala
3410 2924 3636 2994 patiatur
3659 2967 3675 2990 ,

2092 3013 2143 3068 in
2171 3015 2316 3069 nullo
2341 3015 2408 3069 ab
2433 3016 2497 3070 iis
2522 3016 2609 3085 qui
2634 3031 2696 3071 se
2723 3015 3034 3071 adoriuntur
3061 3015 3358 3071 laedendum
3388 3031 3508 3072 esse
3532 3033 3547 3081 ;
3579 3017 3674 3072 sed

2087 3119 2185 3160 eos
2213 3106 2300 3174 qui
2330 3106 2428 3175 ipsi
2457 3106 2772 3162 insidiantur
2798 3108 2974 3178 potius
3005 3107 3055 3162 in
3083 3108 3290 3174 seipsos
3315 3107 3547 3178 gladium
3575 3108 3674 3164 im-

2089 3199 2336 3268 pulsuros
2360 3213 2514 3260 sese;
2542 3205 2600 3252 ut
2637 3209 2692 3254 et
2727 3197 2782 3253 lti
2824 3198 3107 3255 faciebant.
3133 3198 3342 3254 iustum
3371 3198 3513 3253 enim
3541 3199 3676 3254 nihil

2089 3291 2370 3356 Ledebant,
2389 3307 2508 3346 cum
2525 3292 2819 3363 alligarent,
2831 3291 2927 3348 sed
2943 3292 3147 3362 seipsos
3168 3291 3219 3346 in
3244 3293 3430 3364 majori
3449 3293 3675 3364 caligine

2087 3393 2142 3437 et
2165 3383 2450 3439 Solitudine
2474 3383 3024 3447 constituebant,dum
3051 3384 3321 3440 lucernam
3340 3386 3406 3440 ab
3422 3399 3480 3440 se
3502 3400 3676 3439 remo-

2085 3484 2292 3530 verent.
2339 3474 2506 3545 Igitur
2534 3478 2728 3546 fructus
2755 3491 2963 3546 operum
2987 3492 3194 3532 suorum
3220 3477 3498 3530 comedent.
3530 3475 3673 3530 Talis

2085 3565 2279 3635 quippe
2299 3575 2380 3620 est
2401 3565 2630 3636 nequitia
2656 3585 2668 3620 :
2693 3568 2746 3620 in
2771 3565 2945 3636 scipsa
2972 3567 3286 3636 supplicium
3314 3566 3492 3621 habet.
3521 3566 3672 3632 Quod

2083 3666 2261 3712 autem
2289 3656 2376 3712 hic
2391 3657 2540 3723 dicit,
2564 3656 2666 3713 hoc
2685 3657 2785 3712 sibi
2807 3658 2945 3712 vult:
2965 3656 3243 3712 Fructibus
3263 3657 3373 3711 suis
3395 3657 3670 3712 donabun-

2085 3756 2192 3812 tur,
2212 3747 2262 3801 in
2283 3748 2468 3817 majori
2489 3763 2547 3804 se
2559 3747 2842 3804 solitudine
2858 3747 3266 3815 constituentes,
3285 3748 3554 3817 multaque
3569 3747 3669 3803 sibi

2085 3841 2374 3910 prwcipitia
2401 3841 2742 3898 adornantes.
2773 3842 2860 3897 ll.
2896 3841 2980 3897 νω
3006 3843 3178 3912 iniquo
3203 3841 3378 3897 :mala
3398 3843 3530 3896 enim
3550 3859 3672 3898 con-

2083 3931 2272 4003 tingent
2291 3933 2337 3986 ei
2360 3934 2638 3987 secundum
2662 3950 2816 4001 opera
2842 3951 3082 3988 manuum
3111 3936 3238 4004 ejus.
3266 3935 3449 3988 Viden‘
3467 3952 3497 3989 a
3516 3935 3672 3991 nobis

2081 4036 2296 4092 semper
2323 4039 2627 4078 mensuram
2665 4035 2715 4080 et
2744 4025 2892 4080 initia
2918 4027 3162 4097 supplicii
3192 4028 3364 4082 oriri?
3392 4027 3516 4083 Ideo
3545 4045 3674 4099 proc

2083 4112 2237 4182 pheta
2265 4130 2474 4170 rursum
2500 4116 2659 4186 luget.
2681 4117 2998 4173 lamentatur
3015 4134 3242 4188 seseque
3267 4130 3520 4188 macerat,
3545 4122 3667 4190 quia

2079 4204 2247 4260 Judmi
2292 4207 2636 4278 sibimetipsis
2675 4208 3060 4264 insidiabantur
3083 4249 3099 4275 ,
3125 4220 3180 4264 et
3216 4211 3452 4266 atrocius
3503 4229 3664 4284 quam

2078 4297 2300 4368 quilibet
2329 4297 2497 4353 hostis
2520 4299 2743 4354 salutem
2769 4315 2918 4356 suam
2951 4301 3382 4371 pessumdabant,
3405 4319 3512 4374 quo
3539 4307 3665 4375 quid

2078 4387 2434 4443 miserabilius
2481 4387 2674 4444 luerit?
2705 4389 2791 4445 12.
2823 4389 3022 4460 Papulc
3069 4393 3138 4445 mi
3165 4433 3180 4458 ,
3211 4403 3470 4450 exactores
3516 4398 3664 4451 vestri

2078 4480 2330 4534 demetunt
2359 4496 2466 4536 vos.
2496 4480 2692 4551 Optimi
2728 4483 2965 4538 doctoris
2999 4493 3082 4539 est
3101 4527 3114 4550 ,
3145 4487 3409 4542 sermonis
3441 4491 3669 4544 varieta-

2079 4581 2183 4629 tem
2225 4573 2415 4630 al'l’errc
2437 4591 2658 4646 ,meque
2697 4590 3016 4650 exasperare
3042 4587 3244 4634 tantum
3269 4622 3281 4644 ,
3311 4597 3480 4650 neque
3499 4583 3667 4638 etiam

2077 4682 2290 4738 semper
2330 4680 2665 4724 mansuetum
2713 4671 2969 4738 reddere;
2996 4671 3090 4727 sed
3139 4687 3280 4728 nunc
3323 4673 3449 4728 illud
3476 4713 3491 4736 .
3523 4691 3663 4730 nunc

2075 4757 2218 4812 aliud
2266 4768 2497 4814 tractare
2534 4759 2780 4830 loquendi
2821 4775 3024 4832 genus,
3058 4771 3116 4816 ut
3149 4777 3215 4816 ex
3262 4761 3362 4820 hac
3403 4764 3661 4825 mixtione

2076 4849 2239 4904 multa
2267 4860 2517 4920 exsurgat
2554 4852 2777 4907 utilitas.
2807 4851 3008 4908 Idcirco
3050 4853 3312 4924 prepheta
3355 4870 3463 4912 non
3500 4860 3660 4915 modo

2075 4939 2298 5005 incusat,
2329 4939 2424 4996 sed
2448 4941 2606 4995 etiam
2635 4943 2798 5013 luget,
2820 4943 2961 5014 quod
2977 4945 3194 5016 gravius
3220 4955 3302 5002 est
3331 4947 3445 5017 ipsa
3473 4949 3656 5004 crimi-

2075 5030 2308 5093 natione,
2333 5029 2428 5084 sed
2455 5031 2718 5086 minorem
2747 5033 2885 5103 parit
2909 5031 3152 5090 dolorem
3178 5053 3191 5089 :
3214 5037 3465 5110 quodque
3493 5041 3658 5095 mira-

2072 5120 2178 5176 bile
2203 5130 2286 5177 est
2309 5163 2324 5187 ,
2350 5123 2405 5177 in
2442 5123 2685 5193 graviore
2727 5126 2984 5185 incisione
3018 5129 3346 5189 moderatior
3372 5142 3456 5190 est
3479 5132 3650 5189 dolor.

2071 5211 2255 5284 Neque
2282 5216 2452 5271 solum
2483 5216 2643 5286 luget,
2662 5217 2756 5274 sed
2777 5221 2936 5275 etiam
2960 5233 3132 5288 sanat,
3155 5224 3424 5296 aliumque
3445 5241 3650 5280 rursum

2073 5306 2370 5362 mirabilem
2414 5307 2672 5364 doctrina:
2716 5309 2909 5382 ingerit
2950 5315 3189 5372 modum.
3227 5315 3358 5385 Quis
3397 5316 3488 5371 ille
3529 5317 3656 5372 est?

2069 5398 2221 5464 Quod
2251 5414 2356 5454 non
2383 5399 2541 5456 simul
2567 5415 2754 5458 omnes
2780 5405 3035 5474 increpet,
3061 5407 3157 5464 sed
3185 5408 3432 5478 pepulum
3454 5422 3484 5461 a
3507 5409 3657 5479 prin-

2070 5489 2278 5558 cipibus
2300 5489 2530 5559 dividat,
2559 5504 2614 5549 et
2644 5495 2694 5550 in
2741 5496 2951 5552 illorum
2981 5510 3142 5569 caput
3169 5498 3390 5554 crimina
3425 5514 3655 5558 conver-

2072 5589 2166 5636 tat.
2195 5580 2422 5638 Tantum
2447 5584 2589 5640 enim
2613 5597 2694 5643 est
2725 5588 2776 5643 in
2807 5587 2904 5644 hac
2931 5590 3186 5659 arguendi
3215 5589 3395 5659 specie
3423 5591 3652 5662 lucrum,

2079 5683 2135 5728 ut
2164 5671 2212 5727 id
2245 5671 2453 5745 Moyses
2493 5681 2719 5738 maxime
2746 5682 3108 5754 frctptentat'it.
3136 5683 3183 5740 ls
3208 5681 3350 5739 enim
3375 5703 3498 5745 cum
3527 5709 3647 5747 om-
