4010 6218
369 228 435 284 rt
1115 240 1170 298 ε.
1212 241 1488 298 ,ιοΑΝΝιε
1513 209 1941 303 Cttnvsosrot;

2047 249 2328 313 .RCHIEP.
2377 257 2904 327 CONSTANTINOP.
3591 288 3656 344 48

368 369 462 410 nes
487 361 667 411 essent
685 353 996 410 criminibus
1021 354 1253 421 obnoxii,
1277 357 1342 412 ad
1368 359 1632 430 principes
1653 375 1955 417 sermonem

363 447 524 500 vrrlit
547 463 562 500 :
589 447 702 516 ipse
731 461 858 502 vero
888 446 1098 517 Moyses
1125 461 1246 502 cum
1275 448 1405 502 vidit
1433 451 1683 519 populum
1720 453 1956 507 maxime

365 537 821 606 praevaricationis
861 535 1024 592 fuisse
1049 547 1320 592 auctorem
1346 580 1362 604 ,
1392 541 1658 594 Aaronem
1688 557 1813 596 vero
1851 557 1954 597 non

361 639 510 686 tanta
556 629 917 700 increpatione
945 631 1162 701 dignum
1189 646 1308 685 esse
1333 673 1347 696 ,
1377 631 1609 686 dimissis
1654 634 1716 687 iis
1744 635 1833 704 qui
1862 635 1954 689 ad-

361 720 579 775 modum
621 719 697 774 rci
727 729 902 787 erant,
930 720 996 775 ad
1027 721 1204 774 minus
1234 737 1383 775 reum
1414 725 1806 778 accusationem
1836 740 1955 780 ver-

363 814 458 880 tit,
485 828 580 883 per
602 813 826 867 erimina
855 813 952 882 ipsi
982 812 1188 882 objecta
1218 815 1557 870 conscientiae
1597 815 1832 885 ipsorum
1862 833 1953 874 re-

359 907 606 975 linquens
630 944 647 969 ,
676 913 731 957 ut
767 918 826 957 se
855 902 1056 972 majore
1085 905 1346 974 supplicio
1387 905 1576 976 dignos
1609 907 1946 976 judicarent:

355 997 498 1068 quod
523 999 680 1052 etiam
707 997 901 1051 evenit.
933 995 1112 1066 Neque
1141 998 1283 1056 enim
1306 1013 1438 1068 Opus
1461 999 1774 1056 habuitaliis
1797 1001 1953 1056 dein-

355 1103 482 1158 ceps
517 1081 854 1143 Sermonibus
893 1088 1148 1158 populum
1182 1088 1411 1160 alloqui;
1439 1090 1532 1157 sed
1562 1091 1692 1145 satis
1734 1090 1950 1147 fuerunt

357 1195 523 1250 pauca
572 1181 659 1234 illa
705 1180 866 1234 verba
912 1181 1109 1235 Aaroni
1153 1179 1329 1245 dicta,
1360 1189 1417 1235 ιιι
1466 1191 1542 1236 tot
1570 1183 1764 1249 millia,
1796 1185 1949 1253 quasi

353 1291 517 1329 unum
560 1274 828 1327 hominem
875 1273 1331 1341 comprimerent;
1364 1281 1419 1328 et
1455 1289 1485 1328 a
1533 1273 1621 1328 tali
1670 1271 1948 1330 ferocitate

351 1369 679 1439 audaciaque
708 1368 760 1423 in
786 1381 1081 1425 extremum
1113 1371 1360 1426 timorem
1391 1386 1750 1442 angoremqne
1778 1371 1945 1428 dedu-

353 1471 557 1517 cerent.
584 1462 736 1529 Quod
759 1478 878 1516 cum
910 1462 1226 1533 przevideret
1247 1463 1475 1535 Moyses,
1510 1466 1688 1518 statim
1718 1463 1944 1519 descen-

354 1558 484 1613 dens
509 1555 712 1609 tabulas
739 1555 989 1626 projecit,
1017 1565 1070 1609 et
1103 1555 1302 1610 Aaroni
1328 1556 1496 1611 dixit:
1527 1555 1662 1621 Quid
1691 1555 1808 1625 fecit
1855 1555 1946 1609 tibi

352 1647 571 1714 deputas
596 1647 679 1700 hie
707 1687 721 1714 ,
752 1647 870 1716 quia
899 1647 1063 1718 fecisti
1089 1663 1201 1700 eum
1227 1647 1472 1719 gaudium
1499 1647 1715 1701 inimicis
1745 1645 1940 1718 (Exod.

353 1739 440 1792 5e.
472 1737 602 1809 21)?

423 1829 476 1884 6.
509 1830 618 1884 lloc
642 1841 696 1885 et
723 1830 806 1885 hic
829 1831 1084 1902 pr0phela
1116 1831 1258 1898 facit,
1290 1841 1638 1902 sanctumque
1669 1831 1816 1887 illum
1844 1831 1944 1888 du-

353 1921 474 1988 plici
502 1922 662 1976 modo
685 1922 938 1976 imitatur.
971 1923 1087 1978 Non
1118 1924 1261 1978 enim
1301 1924 1474 1978 solum
1519 1933 1648 1978 tunc
1672 1924 1943 1980 accusavit

351 2013 578 2085 Moyses,
608 2014 714 2068 imo
735 2016 895 2070 etiam
918 2015 1147 2070 dolentis
1175 2030 1456 2085 personam
1483 2016 1806 2086 assumpsit,
1834 2017 1941 2072 sic-

347 2119 451 2175 que
477 2105 866 2160 accusationem
897 2107 1142 2160 instituit.
1171 2105 1245 2159 lta
1275 2115 1329 2160 et
1350 2106 1434 2160 hic
1457 2115 1740 2176 utrumque
1767 2107 1939 2161 imita-

344 2206 430 2250 tus
462 2203 545 2249 est
570 2194 754 2250 dit-ens
784 2212 798 2248 :
833 2194 1034 2264 I’opule
1063 2196 1132 2248 mi
1156 2236 1172 2261 ,
1215 2206 1470 2250 exactores
1499 2197 1648 2251 vestri
1688 2197 1942 2251 demetunt

341 2303 446 2341 vos.
487 2285 619 2340 Nam
649 2296 702 2340 et
735 2286 854 2341 illos
884 2287 1146 2341 incusavit
1171 2327 1186 2352 ,
1215 2295 1270 2341 et
1291 2287 1441 2356 quasi
1468 2301 1589 2342 cum
1619 2288 1815 2358 populo
1837 2288 1938 2344 do-

343 2378 458 2431 lens
491 2376 607 2432 lucc
641 2376 794 2431 dixit.
843 2377 1130 2432 Exactores
1156 2386 1335 2432 autem
1375 2377 1460 2431 hic
1488 2392 1681 2432 vocare
1710 2378 1937 2444 videtur,

342 2483 436 2523 eos
485 2467 574 2538 qui
620 2476 912 2538 repetunt:
944 2484 1044 2540 ego
1082 2483 1208 2524 vero
1249 2479 1378 2538 puto
1417 2468 1590 2539 ipsum
1621 2481 1858 2540 raptores
1887 2480 1942 2526 et

305 2623 316 2637 _
343 2578 538 2618 avaros
563 2579 748 2619 eorum
774 2561 1148 2626 snbindicare;
1197 2562 1279 2616 sin
1309 2561 1484 2615 minus
1515 2562 1637 2630 hoc,
1667 2572 1813 2619 certe
1841 2563 1939 2618 tri-

279 2635 288 2658 .
313 2635 316 2637 ’
346 2659 597 2712 buturum
627 2658 964 2713 collectores.
1003 2655 1100 2710 llic
1137 2654 1255 2724 ejus
1281 2654 1404 2709 vide
1435 2655 1788 2726 prudentiam.
1820 2654 1936 2710 Non

349 2752 491 2806 enim
519 2767 633 2806 rem
657 2751 940 2820 improbat,
963 2749 1057 2805 sed
1085 2747 1482 2804 immoderatam
1511 2750 1796 2805 rationem.
1821 2748 1938 2805 Non

347 2842 544 2911 quippe
571 2840 736 2908 dixit,
762 2839 1022 2910 Exigunt,
1051 2838 1145 2894 sed
1166 2880 1180 2906 ,
1216 2837 1519 2904 Demetunt;
1567 2839 1618 2894 id
1647 2848 1748 2907 est,
1779 2839 1885 2895 Vos
1907 2855 1939 2896 a

350 2933 685 2988 facultatibus
717 2932 1012 2997 denudant,
1052 2927 1342 2987 exaetionis
1377 2930 1600 2985 obtentu
1641 2945 1740 2987 vos
1765 2929 1941 2985 omni-

350 3025 450 3080 bus
492 3025 742 3094 spoliant.
795 3023 906 3078 lloc
936 3031 1112 3077 autem
1151 3021 1370 3089 protulit
1405 3021 1624 3077 verbum
1654 3037 1721 3076 ex
1762 3031 1937 3078 meta-

350 3119 516 3189 phora
537 3117 936 3172 dentetentium.
967 3115 1244 3170 Demetere
1266 3113 1408 3168 enim
1435 3113 1628 3168 dicitur
1653 3123 1772 3184 post
1797 3128 1940 3170 mes-

348 3226 464 3268 sem
495 3213 669 3281 lapsas
693 3226 723 3265 e
750 3209 993 3264 manibus
1021 3209 1335 3262 metentinm
1362 3207 1537 3277 spicas
1559 3206 1835 3278 colligere,
1882 3215 1938 3263 et

349 3303 482 3358 nihil
511 3303 730 3357 Omnino
761 3302 810 3355 in
841 3315 971 3356 arvo
999 3301 1298 3370 relinquere
1325 3315 1343 3355 :
1371 3297 1512 3370 quod
1536 3299 1589 3353 hi
1622 3310 1746 3355 tunc
1766 3298 1931 3353 facie-

349 3396 498 3460 bant,
526 3395 802 3451 universas
827 3392 1100 3448 facultates
1123 3392 1467 3463 abripientes,
1505 3405 1568 3447 ac
1593 3391 1764 3445 nudos
1790 3390 1934 3460 ipsos

349 3487 730 3557 relinquentes.
761 3485 830 3540 Et
854 3495 1109 3540 exactores
1137 3485 1462 3538 dominantur
1481 3484 1650 3538 vestri.
1677 3481 1938 3553 Quodque

350 3577 562 3648 gravius
590 3586 721 3643 erat,
771 3591 944 3647 neque
970 3575 1056 3631 hic
1092 3575 1330 3630 avaritia:
1368 3575 1579 3630 termini
1618 3581 1790 3638 erant,
1841 3571 1937 3628 sed

350 3670 686 3742 tyrannidem
707 3671 842 3726 ultra
868 3669 1288 3741 promovebant,
1316 3667 1556 3724 servituti
1594 3667 1936 3737 snbjicientes

350 3778 445 3822 eos
465 3763 552 3832 qui
583 3762 733 3817 liberi
763 3770 931 3816 erant.
967 3760 1165 3832 Popule
1191 3761 1261 3814 nti
1281 3802 1294 3823 ,
1321 3760 1407 3832 qui
1437 3776 1522 3814 vos
1547 3759 1721 3812 dicunt
1745 3759 1934 3822 beatos,

350 3853 603 3924 decipiunt
638 3867 741 3906 vos.
785 3851 881 3906 Hic
909 3851 1040 3906 mihi
1064 3850 1271 3906 videtur
1299 3848 1788 3920 pseudoprophetas
1813 3847 1937 3904 sub-

353 3943 616 4008 indicare,
664 3943 746 3996 vel
773 3956 866 3998 eos
905 3942 995 4011 qui
1034 3941 1100 3996 ad
1144 3940 1366 4011 gratiam
1397 3940 1526 4010 ipsis
1561 3939 1935 4010 loquebantur,

349 4033 490 4103 quod
503 4042 756 4089 extrema:
777 4033 1094 4102 corruptela:
1119 4032 1313 4102 ubique
1330 4045 1488 4086 causa
1517 4039 1618 4086 est.
1639 4029 1939 4084 Nocumen-

351 4140 464 4185 tum
490 4129 652 4201 igitur
687 4128 811 4183 inde
847 4127 1169 4197 proveniens
1206 4137 1263 4181 ut
1291 4125 1588 4181 declararet
1618 4122 1933 4193 subjunxit:

353 4219 420 4274 Et
444 4220 675 4274 semitam
717 4218 902 4290 pedum
944 4227 1220 4272 uestrorum
1261 4216 1461 4270 turbant
1493 4232 1512 4269 :
1545 4215 1645 4269 hoc
1673 4222 1788 4280 est,
1819 4212 1936 4268 Non

349 4312 531 4366 sinunt
551 4319 699 4366 recte
725 4308 991 4380 progredi,
1020 4309 1388 4364 subvertentes
1407 4349 1423 4373 ,
1452 4307 1822 4372 dissolvenles,
1853 4319 1938 4360 se-

349 4403 562 4474 gniores
586 4414 682 4455 vos
710 4399 1014 4454 reddentes.

421 4491 561 4546 Deus
572 4493 659 4562 jus
688 4491 858 4544 dicens
881 4489 942 4542 ab
971 4487 1110 4543 Isaia
1135 4488 1410 4542 inducitur.
1443 4487 1674 4558 Stupidis
1707 4487 1937 4540 accusari

349 4599 450 4637 non
472 4598 655 4654 grave,
687 4581 837 4648 plecti
866 4580 1100 4634 terribile.
1143 4578 1362 4633 Peccata
1393 4578 1672 4648 principum
1701 4587 1748 4630 et
1774 4579 1939 4631 senio.

350 4692 462 4730 rum
505 4676 704 4746 majora
743 4673 1056 4744 privatorum
1085 4674 1394 4742 peccatis.—
1425 4671 1509 4725 15.
1535 4669 1640 4724 Sed
1665 4685 1798 4722 nunc
1817 4685 1938 4722 con-

349 4767 585 4820 stituetur
611 4765 664 4820 in
681 4765 937 4838 judicium
961 4761 1207 4818 Dominus
1225 4801 1242 4824 ,
1269 4773 1315 4817 et
1337 4772 1512 4817 statuet
1535 4761 1774 4832 papulum
1789 4777 1939 4813 suum

351 4859 418 4912 ad
438 4857 692 4930 judicium
723 4873 742 4912 :
769 4857 853 4912 M.
883 4857 989 4928 ipse
1017 4856 1260 4911 Dominus
1279 4856 1345 4908 ad
1373 4855 1618 4924 judicium
1645 4853 1799 4906 veniet
1825 4869 1938 4906 cum

349 4948 630 5004 senioribus
671 4949 877 5021 pepuli,
921 4959 967 5003 et
992 4965 1106 5002 cum
1128 4947 1437 5018 principibus
1468 4947 1715 5016 ipsorum.
1749 4944 1940 5000 Adhuc

353 5044 405 5098 in
452 5041 639 5099 eadem
689 5051 890 5112 perstat
936 5042 1282 5098 correctionis
1323 5041 1531 5110 Specie,
1578 5055 1606 5093 a
1632 5041 1830 5111 populo
1869 5039 1936 5094 ad

351 5133 594 5190 seniores
618 5142 674 5189 et
714 5131 782 5186 ad
826 5132 1092 5202 principes
1137 5132 1554 5201 increpationem
1601 5139 1835 5194 vertens,
1874 5143 1937 5184 ac

354 5239 659 5282 sermonem
689 5223 919 5280 reddens
949 5224 1355 5289 terribiliorem;
1406 5223 1580 5294 ipsum
1615 5235 1740 5277 vero
1767 5221 1936 5277 Deum

357 5319 558 5376 inducit
571 5318 662 5388 jus
677 5319 944 5375 dicentem
964 5328 1020 5374 et
1037 5318 1482 5376 condemnantem
1511 5333 1526 5371 :
1543 5330 1605 5371 ac
1621 5313 1688 5370 de
1701 5315 1938 5386 peccatis

351 5421 538 5468 contra
563 5411 817 5482 populum
837 5408 1158 5481 perpetratis
1181 5417 1516 5463 accusantem
1539 5421 1634 5462 eos
1652 5407 1743 5478 qui
1773 5421 1940 5477 popu-

354 5507 464 5562 lum
498 5505 764 5561 lzedebant
786 5504 826 5558 ⁸.
877 5502 1231 5572 Quamobrem
1276 5502 1485 5558 dicebat
1513 5520 1526 5556 :
1558 5501 1626 5556 Et
1653 5517 1785 5557 nunc
1813 5519 1936 5556 con-

420 5666 437 5696 ¹
474 5672 562 5713 Pro
585 5664 755 5722 verbo,
776 5659 1036 5722 tradebant,
1061 5658 1198 5711 Savil.
1215 5661 1277 5724 _i_n
1301 5666 1441 5724 textu
1464 5657 1625 5724 effert,
1650 5657 1936 5724 aﬂligebant,

359 5729 404 5776 in
430 5734 541 5776 uota
583 5719 751 5776 autem
781 5719 1034 5789 proﬁtetur
1053 5737 1110 5776 se
1133 5719 1296 5784 malle,
1319 5722 1664 5786 gubernabant.

2067 367 2300 424 stituetur
2325 371 2394 424 ad
2411 374 2664 444 judicium
2703 379 2784 437 Do
2796 384 2973 440 minus.
3023 387 3156 456 Quia
3181 392 3322 449 enim
3351 404 3652 456 accusando

2065 473 2368 518 sermonem
2391 473 2758 540 consumpsit,
2802 475 2866 531 iis
2896 492 3019 532 vero
3055 480 3144 550 qui
3175 484 3356 541 animo
3382 499 3508 544 sunt
3533 502 3652 546 stu-

2063 553 2187 622 pido
2212 560 2446 614 accusari
2486 577 2592 616 non
2632 564 2918 624 admodum
2957 586 3118 640 grave
3157 585 3275 638 est,
3321 581 3490 647 puniri
3522 595 3646 638 vero

2062 648 2296 703 terribile
2319 691 2333 713 ,
2361 651 2467 717 ait,
2504 653 2608 709 lies
2636 671 2741 710 non
2771 658 2822 712 in
2861 665 3202 719 accusatione
3231 675 3439 724 tantum
3466 676 3639 727 consi-

2059 748 2195 806 stet,
2228 742 2321 796 sed
2363 743 2731 822 ultio'peccata
2765 763 3035 821 sequetur,
3069 757 3157 810 illo
3185 759 3274 829 qui
3301 760 3647 821 damnaturus

2059 840 2140 885 est
2167 847 2352 901 poenas
2380 835 2594 892 demum
2619 840 2896 910 exigente,
2929 855 2984 899 et
3022 849 3276 905 adversus
3323 857 3645 922 praevarica-

2059 932 2202 978 tores
2238 925 2324 996 jus
2365 927 2596 987 dicente.
2642 932 2795 1001 Quod
2831 948 2978 992 certe
3019 946 3512 1012 attemperationem
3555 949 3644 1004 Dei

2055 1016 2274 1109 multam
2297 1021 2562 1089 ostendit,
2592 1025 2681 1095 qui
2712 1027 2836 1081 velit
2865 1029 3026 1084 etiam
3055 1046 3177 1088 cum
3208 1036 3271 1089 iis
3299 1038 3480 1094 subire
3503 1040 3644 1109 judi-

2053 1108 2192 1199 cium
2217 1149 2231 1174 ,
2265 1120 2327 1164 ac
2356 1127 2658 1170 sermonem
2697 1119 2857 1174 vertit
2882 1121 2946 1175 ad
2975 1124 3314 1181 excitandum
3361 1108 3641 1199 pudorem,

2054 1197 2106 1252 id
2144 1200 2286 1270 quod
2325 1213 2471 1258 certe
2519 1205 2865 1280 intelligentia
2896 1212 3149 1282 praeditos
3178 1217 3228 1270 in
3255 1197 3521 1274 summum
3544 1197 3638 1277 an;

2050 1303 2232 1358 gorem
2263 1293 2531 1363 conjicere
2560 1298 2715 1354 solet.
2772 1300 2955 1372 Neque
2984 1304 3157 1360 solum
3197 1307 3266 1362 ob
3295 1324 3412 1364 eam
3436 1351 3452 1377 ,
3483 1327 3640 1381 quam

2049 1393 2210 1451 supra
2235 1381 2361 1449 dixi,
2386 1400 2598 1442 causam
2620 1389 2684 1443 ad
2707 1389 2974 1463 principes
3000 1403 3054 1450 et
3077 1397 3315 1453 seniores
3333 1416 3638 1459 sermonem

2048 1479 2354 1534 convertit:
2385 1480 2482 1535 sed
2531 1490 2587 1536 ut
2613 1496 2801 1540 omnes
2834 1484 3054 1552 doceat,
3106 1491 3376 1558 graviores
3419 1493 3640 1549 daturos

2049 1580 2168 1620 esse
2195 1581 2380 1637 poenas
2406 1570 2705 1642 principes,
2733 1590 2892 1646 quam
2926 1578 3185 1634 subditos.
3215 1580 3468 1638 Subditus
3494 1584 3635 1640 enim

2049 1668 2147 1725 pro
2175 1671 2234 1713 se
2269 1668 2470 1715 tantum
2493 1703 2508 1728 ,
2551 1664 2798 1736 princeps
2837 1683 2962 1723 vero
3002 1685 3098 1739 pro
3126 1672 3304 1742 seipse
3332 1684 3386 1730 et
3415 1691 3510 1745 pro
3540 1692 3637 1746 po-

2048 1749 2194 1819 pulo,
2225 1751 2276 1806 in
2303 1767 2464 1824 quem
2492 1755 2589 1826 ipsi
2614 1758 2894 1829 imperium
2924 1762 3172 1818 traditum
3204 1776 3320 1832 est,
3350 1767 3440 1821 dat
3470 1771 3635 1823 ratio-

2047 1857 2170 1898 nem
2209 1860 2227 1898 :
2261 1853 2315 1899 et
2355 1859 2387 1900 a
2430 1848 2729 1905 senioribus
2772 1867 2985 1924 quoque
3028 1869 3131 1909 non
3182 1856 3446 1912 immerito
3495 1868 3634 1914 tanta

2049 1935 2337 2005 requiritur
2363 1935 2652 2010 diligentia.
2707 1941 2861 2008 Quod
2903 1945 3044 1999 enim
3079 1946 3182 2001 illis
3209 1956 3293 2003 est
3330 1949 3632 2019 imperium,

2046 2025 2273 2095 idipsum
2302 2027 2416 2082 istis
2441 2038 2589 2084 tetas.
2626 2031 2823 2102 Dignus
2847 2035 2988 2089 enim
3021 2044 3104 2091 est
3130 2037 3289 2092 etiam
3305 2038 3489 2109 junior
3513 2055 3635 2095 cor-

2045 2117 2286 2188 reptione
2313 2119 2358 2173 si
2383 2120 2616 2189 graviter
2651 2133 2866 2192 peccet;
2917 2127 3011 2181 sed
3059 2127 3150 2183 ille
3183 2130 3274 2199 qui
3305 2145 3404 2200 per
3423 2141 3634 2188 aetatem

2045 2208 2436 2266 immunitatem
2456 2221 2538 2267 est
2562 2211 2816 2285 adeptus,
2846 2231 3018 2286 neque
3050 2228 3126 2273 tot
3151 2219 3435 2276 affectuum
3459 2221 3634 2277 llucti-

2045 2299 2145 2354 bus
2169 2300 2462 2366 obsidetur,
2489 2303 2576 2356 cui
2606 2312 2896 2374 temperate
2918 2307 3099 2364 vivere
3121 2308 3328 2366 facilius
3355 2321 3458 2375 est,
3492 2313 3635 2368 etab

2043 2391 2162 2447 aliis
2199 2393 2546 2449 smcularibus
2592 2394 2757 2450 rebus
2795 2397 2941 2452 nullo
2979 2399 3196 2469 negotio
3242 2401 3513 2457 abstinere
3541 2418 3635 2472 po-

2045 2492 2168 2551 test,
2197 2492 2251 2540 et
2293 2499 2472 2540 rerum
2510 2487 2834 2556 experientia
2863 2488 3121 2559 majorem
3152 2491 3382 2560 adeptus
3403 2493 3634 2562 pruden-

2046 2580 2169 2634 tiam
2191 2596 2205 2645 ;
2228 2579 2349 2649 jure
2372 2582 2573 2650 majore
2595 2596 2753 2652 quam
2771 2581 2858 2636 alii
2879 2598 3066 2638 omnes
3081 2584 3423 2641 damnatione
3442 2585 3632 2656 dignus

2044 2681 2145 2735 est,
2173 2679 2357 2740 utpote
2384 2671 2473 2741 qui
2511 2671 2777 2742 juvenum
2807 2673 3073 2727 lasciviam
3104 2676 3156 2728 in
3185 2685 3432 2744 provecta
3474 2685 3629 2730 relate

2042 2761 2362 2818 exhibuerit.
2400 2762 2500 2818 Vos
2525 2773 2696 2818 autem
2719 2781 2810 2817 cur
2847 2765 3139 2820 incendistis
3159 2767 3353 2820 vineam
3373 2784 3553 2832 meant,
3585 2777 3630 2822 et

2041 2855 2225 2922 rapina
2263 2855 2500 2924 pauperis
2539 2866 2612 2909 est
2654 2856 2707 2909 in
2747 2857 2977 2910 domibus
3021 2857 3237 2910 uestris?
3289 2857 3495 2928 Ubique
3522 2860 3630 2914 Deo

2043 2961 2232 3016 magna
2257 2946 2582 3014 providentia
2605 2956 2687 3002 est
2709 2962 2833 3019 erga
2854 2963 2948 3003 eos
2971 2950 3059 3019 qui
3084 2949 3272 3018 injuria
3294 2949 3625 3007 afficiuntur:

2041 3051 2105 3092 ac
2129 3052 2234 3092 non
2261 3037 2435 3092 minus
2455 3080 2469 3103 ,
2500 3039 2608 3092 imo
2632 3039 2916 3110 aliquando
2957 3041 3076 3110 plus
3101 3039 3402 3112 indignatur
3422 3042 3490 3097 de
3509 3058 3631 3114 pec-

2041 3133 2175 3188 catis
2213 3146 2337 3203 erga
2383 3145 2710 3198 conservos,
2755 3147 2917 3203 quam
2957 3131 3025 3188 de
3068 3135 3298 3204 peccatis
3329 3135 3382 3188 in
3432 3135 3624 3202 ipsum.

2043 3221 2252 3278 Etenim
2280 3222 2518 3292 permisit
2539 3231 2594 3276 ut
2618 3222 2664 3278 is
2683 3223 2774 3292 qui
2793 3222 3130 3278 fornicariam
3149 3223 3368 3280 haberet
3385 3240 3626 3285 uxorem.

2041 3312 2186 3368 illam
2215 3312 2508 3382 expelleret
2528 3311 2741 3384 (Matth.
2762 3313 2815 3368 5.
2839 3313 2951 3383 52),
2983 3315 3230 3383 gentilem
3249 3330 3376 3370 vero
3401 3331 3628 3371 uxorem

2040 3419 2231 3472 secus;
2269 3405 2393 3460 licet
2425 3405 2526 3460 hoc
2553 3411 2829 3476 peccatum
2861 3415 3044 3460 contra
3075 3406 3245 3476 ipsum
3275 3416 3457 3474 esset,
3485 3408 3626 3462 aliud

2042 3499 2116 3571 (1.
2147 3498 2264 3554 Cor.
2294 3500 2346 3554 7.
2377 3498 2467 3568 12)
2495 3513 2623 3553 vero
2645 3508 2829 3554 contra
2863 3497 3153 3553 hominem.
3197 3498 3264 3552 Et
3291 3499 3462 3554 hostia
3491 3517 3629 3568 pra:-

2041 3599 2213 3658 sente,
2239 3589 2397 3660 jussit
2419 3589 2716 3660 relinquere
2745 3604 2962 3656 munus,
2992 3605 3089 3644 nec
3115 3599 3237 3644 ante
3263 3590 3389 3644 illud
3409 3591 3625 3653 offerre,

2041 3698 2198 3755 quam
2229 3697 2349 3737 cum
2395 3680 2556 3736 fratre
2603 3681 3038 3736 reconciliaretur
3079 3682 3158 3744 is,
3207 3684 3296 3752 qui
3327 3683 3627 3752 proximum

2041 3777 2334 3834 offenderat
2363 3775 2572 3844 (Matth.
2604 3776 2658 3831 5.
2685 3775 2776 3830 25.
2803 3774 2920 3846 24).
2971 3776 3178 3829 Etcum
3203 3775 3270 3830 de
3311 3776 3403 3829 illo
3424 3775 3628 3844 judica-

2039 3870 2117 3926 vit
2141 3869 2232 3941 qui
2259 3869 2436 3924 decies
2462 3867 2608 3922 mille
2636 3867 2828 3921 talenta
2857 3865 3235 3933 devoraverat,
3254 3881 3377 3920 cum
3405 3866 3473 3921 de
3501 3881 3626 3935 pec-

2041 3962 2173 4018 catis
2197 3969 2381 4016 contra
2409 3973 2466 4013 se
2495 3958 2793 4012 commissis
2827 3957 2974 4012 illum
3004 3967 3298 4024 accusaret,
3330 3973 3434 4012 non
3454 3958 3624 4026 ipsum

2041 4067 2269 4124 nequam
2304 4050 2619 4122 appellavit,
2665 4048 2759 4104 sed
2801 4049 2906 4104 cito
2947 4063 3066 4104 cum
3114 4047 3204 4102 illo
3254 4049 3623 4104 reconciliatus

2041 4157 2144 4214 est,
2175 4156 2449 4216 totumque
2472 4143 2711 4200 debitum
2746 4142 2948 4198 dimisit
2975 4142 3055 4208 ei;
3091 4150 3147 4196 at
3173 4152 3292 4196 cum
3323 4140 3388 4196 de
3409 4151 3624 4197 centum

2041 4239 2274 4297 denariis
2294 4246 2568 4308 ageretur,
2595 4243 2650 4291 et
2669 4235 2880 4290 Servum
2911 4249 3134 4304 nequam
3162 4242 3334 4298 vocat,
3371 4241 3425 4288 et
3454 4242 3620 4288 tortu-

2042 4333 2188 4390 ribus
2210 4330 2396 4386 tradit:
2415 4343 2512 4382 nec
2539 4328 2683 4397 prius
2702 4342 2822 4381 eum
2846 4340 2904 4380 se
2924 4326 3265 4380 dimissurum
3289 4324 3443 4391 dixit,
3469 4338 3622 4395 quam

2033 4434 2209 4494 totum
2233 4420 2480 4476 redderet
2503 4417 2746 4474 debitum
2775 4415 2979 4489 (Matth.
3014 4415 3131 4486 35).

2113 4515 2167 4568 7.
2201 4511 2318 4582 Ipse
2346 4522 2557 4580 quoque
2583 4507 2829 4564 Christus
2868 4522 2989 4562 cum
3029 4506 3268 4577 colaphis
3309 4505 3624 4571 caaderetur,

2044 4605 2172 4661 nihil
2200 4617 2356 4658 servo
2381 4599 2698 4671 percutienti
2720 4600 2916 4654 malum
2944 4599 3142 4664 retulit,
3175 4599 3268 4653 sed
3295 4598 3455 4652 etiam
3486 4613 3630 4652 man-

2042 4711 2192 4754 suete
2227 4697 2500 4769 respondit
2532 4716 2545 4753 :
2573 4695 2632 4752 Si
2660 4697 2791 4751 male
2831 4695 3069 4766 loquutus
3105 4711 3246 4759 sum,
3291 4694 3627 4748 testimonium

2043 4791 2246 4862 perhibe
2268 4790 2331 4845 de
2359 4791 2493 4846 malo
2516 4805 2535 4854 ,°
2575 4790 2619 4843 si
2644 4797 2812 4842 autem
2837 4788 2987 4852 bene,
3013 4786 3135 4855 quid
3162 4803 3240 4839 me
3266 4786 3415 4839 cwdis
3448 4783 3625 4853 (Joan.

2045 4883 2132 4938 18.
2172 4881 2304 4953 23)?
2357 4883 2489 4937 Cum
2528 4889 2705 4936 autem
2748 4879 3030 4935 Jeroboam
3074 4891 3289 4931 manum
3333 4874 3630 4930 extendens

2041 4975 2354 5047 prophetam
2386 4975 2474 5046 qui
2508 4989 2567 5028 se
2607 4983 2730 5027 tunc
2758 4968 3444 5042 arguebat‘apprehendere
3470 4981 3630 5023 cona-

2045 5068 2232 5133 batur,
2275 5081 2490 5121 manum
2520 5065 2634 5134 rjtts
2661 5063 2864 5118 aridam
2904 5061 3137 5118 reddidit
3163 5061 3237 5131 (5.
3266 5059 3396 5130 Reg.
3430 5059 3518 5115 15.
3547 5060 3628 5129 4),

2047 5169 2098 5216 te
2126 5159 2375 5216 erudiens
2398 5199 2414 5223 ,
2465 5167 2523 5212 ut
2566 5157 2786 5227 injurias
2817 5155 2909 5210 tibi
2939 5154 3114 5208 illatas
3157 5160 3434 5208 mansuete
3464 5149 3626 5214 feras,

2045 5265 2137 5305 eas
2182 5265 2312 5305 vero
2364 5263 2483 5318 qua).
2535 5248 2760 5302 Domino
2811 5244 3111 5300 inferuntur
3157 5241 3630 5297 vehementissime

2046 5342 2336 5398 ulciscaris.
2383 5339 2510 5395 ldeo
2534 5340 2634 5394 etsi
2659 5354 2781 5394 cum
2808 5338 2976 5408 legem
3008 5334 3206 5401 ferret,
3237 5333 3476 5389 secundo
3515 5333 3632 5388 loco

2044 5434 2282 5505 posuerit
2329 5445 2567 5486 amorem
2613 5444 2737 5500 erga
2783 5429 3080 5498 proximum
3108 5466 3124 5492 ,
3174 5433 3351 5478 tamen
3401 5423 3630 5478 similem

2045 5525 2178 5581 dixit
2205 5521 2368 5594 priori
2395 5538 2408 5574 :
2438 5535 2499 5575 ac
2539 5521 2675 5575 sicut
2705 5519 2850 5574 illum
2883 5515 3280 5572 accuratissime
3322 5513 3524 5582 exigit,
3555 5513 3629 5568 sic

2047 5628 2098 5673 et
2129 5617 2268 5672 hunc
2293 5628 2524 5685 quoque.
2573 5613 2649 5666 De
2676 5611 2766 5667 illo
2796 5610 2936 5664 enim
2964 5608 3062 5671 ait,
3113 5605 3195 5659 Ea:
3215 5614 3316 5658 toto
3342 5604 3494 5657 corde
3523 5614 3630 5664 tuo.

2041 5718 2088 5764 ct
2119 5724 2179 5762 ea-
2208 5717 2308 5762 totu
2350 5705 2521 5760 anima
2560 5713 2684 5770 tua;
2729 5701 2797 5759 de
2839 5701 2940 5756 hoc
2978 5706 3186 5764 autem,
3242 5696 3386 5751 Sicut
3417 5696 3632 5763 teipsum
