  <div class='ocr_page' id='page_1' title='image "/cluster/home/n/w/nwhite01/storage/ocr_20150623/56/hvd.32044048208490/056.png"; bbox 0 0 4018 6212; ppageno 0'>
   <div class='ocr_carea' id='block_1_1' title="bbox 261 247 1823 319">
    <p class='ocr_par' dir='ltr' id='par_1_1' title="bbox 261 247 1808 319">
     <span class='ocr_line' id='line_1_1' title="bbox 261 247 1808 319; baseline -0.01 0"><span class='ocrx_word' id='word_1_1' title='bbox 261 265 319 319; x_wconf 73' lang='grc'><strong>40</strong></span> <span class='ocrx_word' id='word_1_2' title='bbox 1456 247 1518 303; x_wconf 73' lang='lat' dir='ltr'><strong>IN</strong></span> <span class='ocrx_word' id='word_1_3' title='bbox 1557 247 1808 305; x_wconf 70' lang='lat' dir='ltr'><strong>ISAIAM.</strong></span> 
     </span>
    </p>
   </div>
   <div class='ocr_carea' id='block_1_2' title="bbox 1932 247 3516 319">
    <p class='ocr_par' dir='ltr' id='par_1_2' title="bbox 1932 247 3516 306">
     <span class='ocr_line' id='line_1_2' title="bbox 1932 247 3516 306; baseline 0.001 -2"><span class='ocrx_word' id='word_1_4' title='bbox 1932 248 2000 305; x_wconf 89' lang='lat' dir='ltr'><strong>.P.</strong></span> <span class='ocrx_word' id='word_1_5' title='bbox 2041 248 2130 305; x_wconf 80' lang='lat' dir='ltr'><strong>ili.</strong></span> <span class='ocrx_word' id='word_1_6' title='bbox 3447 247 3516 306; x_wconf 72' lang='lat'><strong>50</strong></span> 
     </span>
    </p>
   </div>
   <div class='ocr_carea' id='block_1_3' title="bbox 255 361 1819 445">
    <p class='ocr_par' dir='ltr' id='par_1_3' title="bbox 255 361 1819 445">
     <span class='ocr_line' id='line_1_3' title="bbox 255 361 1819 445; baseline -0.008 -16"><span class='ocrx_word' id='word_1_7' title='bbox 255 376 449 445; x_wconf 72' lang='lat' dir='ltr'><strong>(Matth.</strong></span> <span class='ocrx_word' id='word_1_8' title='bbox 472 372 557 429; x_wconf 75' lang='lat'><strong>22.</strong></span> <span class='ocrx_word' id='word_1_9' title='bbox 591 373 679 428; x_wconf 82' lang='grc'><strong>57.</strong></span> <span class='ocrx_word' id='word_1_10' title='bbox 710 371 824 442; x_wconf 79' lang='lat'><strong>&#39;59).</strong></span> <span class='ocrx_word' id='word_1_11' title='bbox 859 370 922 426; x_wconf 82' lang='lat' dir='ltr'><strong>Et</strong></span> <span class='ocrx_word' id='word_1_12' title='bbox 939 369 1063 424; x_wconf 89' lang='lat' dir='ltr'><strong>alibi</strong></span> <span class='ocrx_word' id='word_1_13' title='bbox 1077 380 1286 437; x_wconf 85' lang='lat' dir='ltr'><strong>quoque</strong></span> <span class='ocrx_word' id='word_1_14' title='bbox 1312 378 1453 432; x_wconf 71' lang='lat' dir='ltr'><strong>smpe</strong></span> <span class='ocrx_word' id='word_1_15' title='bbox 1481 361 1660 417; x_wconf 81' lang='lat' dir='ltr'><strong>videre</strong></span> <span class='ocrx_word' id='word_1_16' title='bbox 1682 361 1819 432; x_wconf 86' lang='lat' dir='ltr'><strong>quis-</strong></span> 
     </span>
    </p>
   </div>
   <div class='ocr_carea' id='block_1_4' title="bbox 253 454 1818 538">
    <p class='ocr_par' dir='ltr' id='par_1_4' title="bbox 253 454 1818 538">
     <span class='ocr_line' id='line_1_4' title="bbox 253 454 1818 538; baseline -0.007 -20"><span class='ocrx_word' id='word_1_17' title='bbox 253 485 346 538; x_wconf 86' lang='lat' dir='ltr'><strong>que</strong></span> <span class='ocrx_word' id='word_1_18' title='bbox 385 466 542 536; x_wconf 89' lang='lat' dir='ltr'><strong>possit</strong></span> <span class='ocrx_word' id='word_1_19' title='bbox 582 472 834 534; x_wconf 75' lang='lat' dir='ltr'><strong>quantam</strong></span> <span class='ocrx_word' id='word_1_20' title='bbox 883 462 1022 517; x_wconf 89' lang='lat' dir='ltr'><strong>Deus</strong></span> <span class='ocrx_word' id='word_1_21' title='bbox 1049 475 1078 514; x_wconf 90' lang='lat' dir='ltr'><strong>a</strong></span> <span class='ocrx_word' id='word_1_22' title='bbox 1109 459 1262 514; x_wconf 88' lang='lat' dir='ltr'><strong>nobis</strong></span> <span class='ocrx_word' id='word_1_23' title='bbox 1291 457 1467 525; x_wconf 88' lang='lat' dir='ltr'><strong>exigat</strong></span> <span class='ocrx_word' id='word_1_24' title='bbox 1493 454 1818 523; x_wconf 75' lang='lat' dir='ltr'><strong>diligentiam</strong></span> 
     </span>
    </p>
   </div>
   <div class='ocr_carea' id='block_1_5' title="bbox 252 546 1819 626">
    <p class='ocr_par' dir='ltr' id='par_1_5' title="bbox 252 546 1819 626">
     <span class='ocr_line' id='line_1_5' title="bbox 252 546 1819 626; baseline -0.01 -13"><span class='ocrx_word' id='word_1_25' title='bbox 252 560 380 614; x_wconf 76' lang='lat' dir='ltr'><strong>circa</strong></span> <span class='ocrx_word' id='word_1_26' title='bbox 403 572 461 612; x_wconf 87' lang='lat' dir='ltr'><strong>ea</strong></span> <span class='ocrx_word' id='word_1_27' title='bbox 489 570 608 626; x_wconf 67' lang='lat' dir='ltr'><strong>qua:</strong></span> <span class='ocrx_word' id='word_1_28' title='bbox 650 555 801 610; x_wconf 87' lang='lat' dir='ltr'><strong>nobis</strong></span> <span class='ocrx_word' id='word_1_29' title='bbox 831 562 1016 608; x_wconf 88' lang='lat' dir='ltr'><strong>mutuo</strong></span> <span class='ocrx_word' id='word_1_30' title='bbox 1047 551 1304 607; x_wconf 86' lang='lat' dir='ltr'><strong>debemus</strong></span> <span class='ocrx_word' id='word_1_31' title='bbox 1344 547 1538 603; x_wconf 88' lang='lat' dir='ltr'><strong>officia.</strong></span> <span class='ocrx_word' id='word_1_32' title='bbox 1584 546 1819 601; x_wconf 84' lang='lat' dir='ltr'><strong>Observa</strong></span> 
     </span>
    </p>
   </div>
   <div class='ocr_carea' id='block_1_6' title="bbox 249 638 1820 722">
    <p class='ocr_par' dir='ltr' id='par_1_6' title="bbox 249 638 1820 722">
     <span class='ocr_line' id='line_1_6' title="bbox 249 638 1820 722; baseline -0.009 -17"><span class='ocrx_word' id='word_1_33' title='bbox 249 652 395 722; x_wconf 90' lang='lat' dir='ltr'><strong>igitur</strong></span> <span class='ocrx_word' id='word_1_34' title='bbox 415 649 496 703; x_wconf 80' lang='lat' dir='ltr'><strong>hic</strong></span> <span class='ocrx_word' id='word_1_35' title='bbox 513 647 712 702; x_wconf 78' lang='lat' dir='ltr'><strong>acriter</strong></span> <span class='ocrx_word' id='word_1_36' title='bbox 731 646 1038 708; x_wconf 73' lang='lat' dir='ltr'><strong>instantem,</strong></span> <span class='ocrx_word' id='word_1_37' title='bbox 1061 651 1116 701; x_wconf 89' lang='lat' dir='ltr'><strong>et</strong></span> <span class='ocrx_word' id='word_1_38' title='bbox 1134 641 1525 698; x_wconf 84' lang='lat' dir='ltr'><strong>accusationem</strong></span> <span class='ocrx_word' id='word_1_39' title='bbox 1546 638 1820 694; x_wconf 87' lang='lat' dir='ltr'><strong>acerrimis</strong></span> 
     </span>
    </p>
   </div>
   <div class='ocr_carea' id='block_1_7' title="bbox 249 729 1820 810">
    <p class='ocr_par' dir='ltr' id='par_1_7' title="bbox 249 729 1820 810">
     <span class='ocr_line' id='line_1_7' title="bbox 249 729 1820 810; baseline -0.01 -13"><span class='ocrx_word' id='word_1_40' title='bbox 249 741 417 797; x_wconf 80' lang='lat' dir='ltr'><strong>verbis</strong></span> <span class='ocrx_word' id='word_1_41' title='bbox 447 745 753 810; x_wconf 81' lang='lat' dir='ltr'><strong>augentem,</strong></span> <span class='ocrx_word' id='word_1_42' title='bbox 768 752 891 792; x_wconf 89' lang='lat' dir='ltr'><strong>cum</strong></span> <span class='ocrx_word' id='word_1_43' title='bbox 909 735 1071 792; x_wconf 85' lang='lat' dir='ltr'><strong>dicit:</strong></span> <span class='ocrx_word' id='word_1_44' title='bbox 1099 735 1189 789; x_wconf 80' lang='lat' dir='ltr'><strong>Vos</strong></span> <span class='ocrx_word' id='word_1_45' title='bbox 1206 741 1380 787; x_wconf 86' lang='lat' dir='ltr'><strong>autem</strong></span> <span class='ocrx_word' id='word_1_46' title='bbox 1399 747 1490 784; x_wconf 86' lang='lat' dir='ltr'><strong>cur</strong></span> <span class='ocrx_word' id='word_1_47' title='bbox 1529 729 1820 785; x_wconf 90' lang='lat' dir='ltr'><strong>incendistis</strong></span> 
     </span>
    </p>
   </div>
   <div class='ocr_carea' id='block_1_8' title="bbox 243 820 1816 894">
    <p class='ocr_par' dir='ltr' id='par_1_8' title="bbox 243 820 1816 894">
     <span class='ocr_line' id='line_1_8' title="bbox 243 820 1816 894; baseline -0.008 -8"><span class='ocrx_word' id='word_1_48' title='bbox 243 834 432 887; x_wconf 66' lang='lat' dir='ltr'><strong>vineam</strong></span> <span class='ocrx_word' id='word_1_49' title='bbox 456 845 612 883; x_wconf 85' lang='lat' dir='ltr'><strong>meam</strong></span> <span class='ocrx_word' id='word_1_50' title='bbox 631 829 658 882; x_wconf 82' lang='lat'><strong>.’</strong></span> <span class='ocrx_word' id='word_1_51' title='bbox 702 827 855 894; x_wconf 85' lang='lat' dir='ltr'><strong>Quod</strong></span> <span class='ocrx_word' id='word_1_52' title='bbox 884 827 1145 881; x_wconf 85' lang='lat' dir='ltr'><strong>immanes</strong></span> <span class='ocrx_word' id='word_1_53' title='bbox 1173 823 1387 894; x_wconf 90' lang='lat' dir='ltr'><strong>quidam</strong></span> <span class='ocrx_word' id='word_1_54' title='bbox 1413 821 1595 876; x_wconf 82' lang='lat' dir='ltr'><strong>hostes</strong></span> <span class='ocrx_word' id='word_1_55' title='bbox 1624 831 1676 876; x_wconf 90' lang='lat' dir='ltr'><strong>et</strong></span> <span class='ocrx_word' id='word_1_56' title='bbox 1699 820 1816 875; x_wconf 84' lang='lat' dir='ltr'><strong>bar-</strong></span> 
     </span>
    </p>
   </div>
   <div class='ocr_carea' id='block_1_9' title="bbox 245 911 1821 989">
    <p class='ocr_par' dir='ltr' id='par_1_9' title="bbox 245 911 1821 989">
     <span class='ocr_line' id='line_1_9' title="bbox 245 911 1821 989; baseline -0.007 -11"><span class='ocrx_word' id='word_1_57' title='bbox 245 923 356 978; x_wconf 86' lang='lat' dir='ltr'><strong>bari</strong></span> <span class='ocrx_word' id='word_1_58' title='bbox 382 922 623 987; x_wconf 80' lang='lat' dir='ltr'><strong>iecerint,</strong></span> <span class='ocrx_word' id='word_1_59' title='bbox 665 919 768 976; x_wconf 89' lang='lat' dir='ltr'><strong>hoc</strong></span> <span class='ocrx_word' id='word_1_60' title='bbox 809 934 905 974; x_wconf 86' lang='lat' dir='ltr'><strong>vos</strong></span> <span class='ocrx_word' id='word_1_61' title='bbox 932 933 1055 989; x_wconf 85' lang='lat' dir='ltr'><strong>erga</strong></span> <span class='ocrx_word' id='word_1_62' title='bbox 1081 917 1373 975; x_wconf 78' lang='lat' dir='ltr'><strong>familiares</strong></span> <span class='ocrx_word' id='word_1_63' title='bbox 1397 922 1604 970; x_wconf 87' lang='lat' dir='ltr'><strong>vestros</strong></span> <span class='ocrx_word' id='word_1_64' title='bbox 1628 911 1821 968; x_wconf 76' lang='lat' dir='ltr'><strong>admit-</strong></span> 
     </span>
    </p>
   </div>
   <div class='ocr_carea' id='block_1_10' title="bbox 247 1004 1820 1083">
    <p class='ocr_par' dir='ltr' id='par_1_10' title="bbox 247 1004 1820 1083">
     <span class='ocr_line' id='line_1_10' title="bbox 247 1004 1820 1083; baseline -0.008 -13"><span class='ocrx_word' id='word_1_65' title='bbox 247 1016 369 1071; x_wconf 92' lang='lat' dir='ltr'><strong>titis.</strong></span> <span class='ocrx_word' id='word_1_66' title='bbox 401 1012 612 1068; x_wconf 78' lang='lat' dir='ltr'><strong>Vineam</strong></span> <span class='ocrx_word' id='word_1_67' title='bbox 645 1026 810 1083; x_wconf 86' lang='lat' dir='ltr'><strong>porro</strong></span> <span class='ocrx_word' id='word_1_68' title='bbox 836 1019 992 1066; x_wconf 90' lang='lat' dir='ltr'><strong>vocat</strong></span> <span class='ocrx_word' id='word_1_69' title='bbox 1013 1009 1270 1080; x_wconf 88' lang='lat' dir='ltr'><strong>populum</strong></span> <span class='ocrx_word' id='word_1_70' title='bbox 1295 1049 1311 1075; x_wconf 93' lang='lat'><strong>,</strong></span> <span class='ocrx_word' id='word_1_71' title='bbox 1340 1005 1482 1078; x_wconf 88' lang='lat' dir='ltr'><strong>quod</strong></span> <span class='ocrx_word' id='word_1_72' title='bbox 1510 1020 1631 1061; x_wconf 90' lang='lat' dir='ltr'><strong>eum</strong></span> <span class='ocrx_word' id='word_1_73' title='bbox 1654 1004 1820 1058; x_wconf 89' lang='lat' dir='ltr'><strong>multo</strong></span> 
     </span>
    </p>
   </div>
   <div class='ocr_carea' id='block_1_11' title="bbox 245 1095 1847 1173">
    <p class='ocr_par' dir='ltr' id='par_1_11' title="bbox 245 1095 1847 1173">
     <span class='ocr_line' id='line_1_11' title="bbox 245 1095 1847 1173; baseline -0.007 -13"><span class='ocrx_word' id='word_1_74' title='bbox 245 1105 408 1160; x_wconf 72' lang='lat' dir='ltr'><strong>studio</strong></span> <span class='ocrx_word' id='word_1_75' title='bbox 442 1111 495 1158; x_wconf 91' lang='lat' dir='ltr'><strong>et</strong></span> <span class='ocrx_word' id='word_1_76' title='bbox 531 1118 763 1173; x_wconf 88' lang='lat' dir='ltr'><strong>superna</strong></span> <span class='ocrx_word' id='word_1_77' title='bbox 796 1100 1128 1172; x_wconf 80' lang='lat' dir='ltr'><strong>providentia</strong></span> <span class='ocrx_word' id='word_1_78' title='bbox 1172 1105 1475 1154; x_wconf 84' lang='lat' dir='ltr'><strong>conservet.</strong></span> <span class='ocrx_word' id='word_1_79' title='bbox 1526 1095 1594 1150; x_wconf 88' lang='lat' dir='ltr'><strong>Et</strong></span> <span class='ocrx_word' id='word_1_80' title='bbox 1620 1095 1847 1164; x_wconf 67' lang='lat' dir='ltr'><strong>augens‘</strong></span> 
     </span>
    </p>
   </div>
   <div class='ocr_carea' id='block_1_12' title="bbox 243 1185 1816 1260">
    <p class='ocr_par' dir='ltr' id='par_1_12' title="bbox 243 1185 1816 1260">
     <span class='ocr_line' id='line_1_12' title="bbox 243 1185 1816 1260; baseline -0.008 -9"><span class='ocrx_word' id='word_1_81' title='bbox 243 1197 620 1251; x_wconf 81' lang='lat' dir='ltr'><strong>accusationem</strong></span> <span class='ocrx_word' id='word_1_82' title='bbox 644 1236 660 1259; x_wconf 92' lang='lat'><strong>,</strong></span> <span class='ocrx_word' id='word_1_83' title='bbox 693 1208 799 1248; x_wconf 91' lang='lat' dir='ltr'><strong>non</strong></span> <span class='ocrx_word' id='word_1_84' title='bbox 825 1194 993 1260; x_wconf 91' lang='lat' dir='ltr'><strong>dixit,</strong></span> <span class='ocrx_word' id='word_1_85' title='bbox 1035 1193 1143 1248; x_wconf 90' lang='lat' dir='ltr'><strong>Cur</strong></span> <span class='ocrx_word' id='word_1_86' title='bbox 1166 1203 1453 1246; x_wconf 86' lang='lat' dir='ltr'><strong>conservos</strong></span> <span class='ocrx_word' id='word_1_87' title='bbox 1474 1229 1488 1254; x_wconf 91' lang='lat'><strong>,</strong></span> <span class='ocrx_word' id='word_1_88' title='bbox 1522 1185 1816 1257; x_wconf 86' lang='lat' dir='ltr'><strong>proximos,</strong></span> 
     </span>
    </p>
   </div>
   <div class='ocr_carea' id='block_1_13' title="bbox 246 1277 1822 1356">
    <p class='ocr_par' dir='ltr' id='par_1_13' title="bbox 246 1277 1822 1356">
     <span class='ocr_line' id='line_1_13' title="bbox 246 1277 1822 1356; baseline -0.008 -12"><span class='ocrx_word' id='word_1_89' title='bbox 246 1290 459 1355; x_wconf 71' lang='lat' dir='ltr'><strong>fratres;</strong></span> <span class='ocrx_word' id='word_1_90' title='bbox 489 1289 609 1355; x_wconf 92' lang='lat' dir='ltr'><strong>sed,</strong></span> <span class='ocrx_word' id='word_1_91' title='bbox 635 1287 772 1356; x_wconf 83' lang='lat' dir='ltr'><strong>Quid</strong></span> <span class='ocrx_word' id='word_1_92' title='bbox 797 1301 938 1353; x_wconf 90' lang='lat' dir='ltr'><strong>mea,</strong></span> <span class='ocrx_word' id='word_1_93' title='bbox 964 1285 1154 1356; x_wconf 89' lang='lat' dir='ltr'><strong>inquit,</strong></span> <span class='ocrx_word' id='word_1_94' title='bbox 1180 1281 1504 1354; x_wconf 83' lang='lat' dir='ltr'><strong>perdidistis,</strong></span> <span class='ocrx_word' id='word_1_95' title='bbox 1534 1293 1650 1333; x_wconf 90' lang='lat' dir='ltr'><strong>mea</strong></span> <span class='ocrx_word' id='word_1_96' title='bbox 1673 1277 1822 1332; x_wconf 91' lang='lat' dir='ltr'><strong>labe-</strong></span> 
     </span>
    </p>
   </div>
   <div class='ocr_carea' id='block_1_14' title="bbox 246 1368 1815 1445">
    <p class='ocr_par' dir='ltr' id='par_1_14' title="bbox 246 1368 1815 1445">
     <span class='ocr_line' id='line_1_14' title="bbox 246 1368 1815 1445; baseline -0.011 -9"><span class='ocrx_word' id='word_1_97' title='bbox 246 1381 501 1436; x_wconf 74' lang='lat' dir='ltr'><strong>factastis&#39;!</strong></span> <span class='ocrx_word' id='word_1_98' title='bbox 559 1379 762 1434; x_wconf 83' lang='lat' dir='ltr'><strong>Deinde</strong></span> <span class='ocrx_word' id='word_1_99' title='bbox 808 1376 1041 1434; x_wconf 88' lang='lat' dir='ltr'><strong>incendii</strong></span> <span class='ocrx_word' id='word_1_100' title='bbox 1088 1375 1323 1445; x_wconf 84' lang='lat' dir='ltr'><strong>speciem</strong></span> <span class='ocrx_word' id='word_1_101' title='bbox 1362 1370 1669 1435; x_wconf 88' lang='lat' dir='ltr'><strong>ostendens,</strong></span> <span class='ocrx_word' id='word_1_102' title='bbox 1695 1368 1815 1422; x_wconf 86' lang='lat' dir='ltr'><strong>ait:</strong></span> 
     </span>
    </p>
   </div>
   <div class='ocr_carea' id='block_1_15' title="bbox 242 1459 1819 1546">
    <p class='ocr_par' dir='ltr' id='par_1_15' title="bbox 242 1459 1819 1546">
     <span class='ocr_line' id='line_1_15' title="bbox 242 1459 1819 1546; baseline -0.011 -16"><span class='ocrx_word' id='word_1_103' title='bbox 242 1476 433 1546; x_wconf 80' lang='lat' dir='ltr'><strong>Rapina</strong></span> <span class='ocrx_word' id='word_1_104' title='bbox 459 1473 701 1546; x_wconf 78' lang='lat' dir='ltr'><strong>pauperis</strong></span> <span class='ocrx_word' id='word_1_105' title='bbox 721 1481 795 1527; x_wconf 87' lang='lat' dir='ltr'><strong>est</strong></span> <span class='ocrx_word' id='word_1_106' title='bbox 822 1471 874 1526; x_wconf 89' lang='lat' dir='ltr'><strong>in</strong></span> <span class='ocrx_word' id='word_1_107' title='bbox 909 1469 1140 1524; x_wconf 78' lang='lat' dir='ltr'><strong>domibus</strong></span> <span class='ocrx_word' id='word_1_108' title='bbox 1167 1467 1360 1522; x_wconf 85' lang='lat' dir='ltr'><strong>vestris.</strong></span> <span class='ocrx_word' id='word_1_109' title='bbox 1411 1464 1526 1519; x_wconf 89' lang='lat' dir='ltr'><strong>Non</strong></span> <span class='ocrx_word' id='word_1_110' title='bbox 1567 1462 1707 1518; x_wconf 88' lang='lat' dir='ltr'><strong>enim</strong></span> <span class='ocrx_word' id='word_1_111' title='bbox 1748 1459 1819 1514; x_wconf 87' lang='lat' dir='ltr'><strong>ita</strong></span> 
     </span>
    </p>
   </div>
   <div class='ocr_carea' id='block_1_16' title="bbox 240 1554 1822 1638">
    <p class='ocr_par' dir='ltr' id='par_1_16' title="bbox 240 1554 1822 1638">
     <span class='ocr_line' id='line_1_16' title="bbox 240 1554 1822 1638; baseline -0.009 -17"><span class='ocrx_word' id='word_1_112' title='bbox 240 1568 363 1622; x_wconf 87' lang='lat' dir='ltr'><strong>solet</strong></span> <span class='ocrx_word' id='word_1_113' title='bbox 388 1565 594 1638; x_wconf 87' lang='lat' dir='ltr'><strong>grando</strong></span> <span class='ocrx_word' id='word_1_114' title='bbox 621 1565 806 1620; x_wconf 83' lang='lat' dir='ltr'><strong>vineas</strong></span> <span class='ocrx_word' id='word_1_115' title='bbox 831 1570 1071 1627; x_wconf 84' lang='lat' dir='ltr'><strong>vastare,</strong></span> <span class='ocrx_word' id='word_1_116' title='bbox 1114 1569 1173 1616; x_wconf 89' lang='lat' dir='ltr'><strong>ut</strong></span> <span class='ocrx_word' id='word_1_117' title='bbox 1209 1557 1457 1628; x_wconf 72' lang='lat' dir='ltr'><strong>iniquitas</strong></span> <span class='ocrx_word' id='word_1_118' title='bbox 1483 1554 1734 1628; x_wconf 89' lang='lat' dir='ltr'><strong>pauperis</strong></span> <span class='ocrx_word' id='word_1_119' title='bbox 1767 1561 1822 1608; x_wconf 86' lang='lat' dir='ltr'><strong>et</strong></span> 
     </span>
    </p>
   </div>
   <div class='ocr_carea' id='block_1_17' title="bbox 241 1643 1820 1727">
    <p class='ocr_par' dir='ltr' id='par_1_17' title="bbox 241 1643 1820 1727">
     <span class='ocr_line' id='line_1_17' title="bbox 241 1643 1820 1727; baseline -0.009 -14"><span class='ocrx_word' id='word_1_120' title='bbox 241 1659 402 1727; x_wconf 87' lang='lat' dir='ltr'><strong>inopis</strong></span> <span class='ocrx_word' id='word_1_121' title='bbox 445 1655 690 1711; x_wconf 69' lang='lat' dir='ltr'><strong>animum</strong></span> <span class='ocrx_word' id='word_1_122' title='bbox 740 1651 1104 1716; x_wconf 83' lang='lat' dir='ltr'><strong>succendere,</strong></span> <span class='ocrx_word' id='word_1_123' title='bbox 1146 1657 1320 1704; x_wconf 90' lang='lat' dir='ltr'><strong>morte</strong></span> <span class='ocrx_word' id='word_1_124' title='bbox 1371 1647 1668 1718; x_wconf 80' lang='lat' dir='ltr'><strong>graviorem</strong></span> <span class='ocrx_word' id='word_1_125' title='bbox 1718 1643 1820 1713; x_wconf 90' lang='lat' dir='ltr'><strong>ipsi</strong></span> 
     </span>
    </p>
   </div>
   <div class='ocr_carea' id='block_1_18' title="bbox 242 1737 1816 1814">
    <p class='ocr_par' dir='ltr' id='par_1_18' title="bbox 242 1737 1816 1814">
     <span class='ocr_line' id='line_1_18' title="bbox 242 1737 1816 1814; baseline -0.01 -10"><span class='ocrx_word' id='word_1_126' title='bbox 242 1763 515 1805; x_wconf 67' lang='lat' dir='ltr'><strong>utmorem</strong></span> <span class='ocrx_word' id='word_1_127' title='bbox 541 1746 797 1802; x_wconf 82' lang='lat' dir='ltr'><strong>inferens.</strong></span> <span class='ocrx_word' id='word_1_128' title='bbox 832 1744 1037 1814; x_wconf 85' lang='lat' dir='ltr'><strong>Ubique</strong></span> <span class='ocrx_word' id='word_1_129' title='bbox 1067 1742 1224 1813; x_wconf 86' lang='lat' dir='ltr'><strong>igitur</strong></span> <span class='ocrx_word' id='word_1_130' title='bbox 1259 1739 1444 1810; x_wconf 90' lang='lat' dir='ltr'><strong>rapina</strong></span> <span class='ocrx_word' id='word_1_131' title='bbox 1464 1737 1671 1792; x_wconf 84' lang='lat' dir='ltr'><strong>malum</strong></span> <span class='ocrx_word' id='word_1_132' title='bbox 1701 1743 1816 1796; x_wconf 88' lang='lat' dir='ltr'><strong>est;</strong></span> 
     </span>
    </p>
   </div>
   <div class='ocr_carea' id='block_1_19' title="bbox 241 1827 1822 1895">
    <p class='ocr_par' dir='ltr' id='par_1_19' title="bbox 241 1827 1822 1895">
     <span class='ocr_line' id='line_1_19' title="bbox 241 1827 1822 1895; baseline -0.01 0"><span class='ocrx_word' id='word_1_133' title='bbox 241 1841 458 1895; x_wconf 84' lang='lat' dir='ltr'><strong>maxime</strong></span> <span class='ocrx_word' id='word_1_134' title='bbox 487 1852 620 1893; x_wconf 85' lang='lat' dir='ltr'><strong>vero</strong></span> <span class='ocrx_word' id='word_1_135' title='bbox 649 1852 771 1893; x_wconf 89' lang='lat' dir='ltr'><strong>cum</strong></span> <span class='ocrx_word' id='word_1_136' title='bbox 799 1835 845 1890; x_wconf 91' lang='lat' dir='ltr'><strong>is</strong></span> <span class='ocrx_word' id='word_1_137' title='bbox 880 1835 965 1890; x_wconf 89' lang='lat' dir='ltr'><strong>cui</strong></span> <span class='ocrx_word' id='word_1_138' title='bbox 1004 1833 1257 1888; x_wconf 88' lang='lat' dir='ltr'><strong>damnum</strong></span> <span class='ocrx_word' id='word_1_139' title='bbox 1297 1829 1520 1885; x_wconf 88' lang='lat' dir='ltr'><strong>inlertur</strong></span> <span class='ocrx_word' id='word_1_140' title='bbox 1551 1827 1604 1881; x_wconf 93' lang='lat' dir='ltr'><strong>in</strong></span> <span class='ocrx_word' id='word_1_141' title='bbox 1643 1834 1822 1880; x_wconf 81' lang='lat' dir='ltr'><strong>extre-</strong></span> 
     </span>
    </p>
   </div>
   <div class='ocr_carea' id='block_1_20' title="bbox 243 1919 1818 2001">
    <p class='ocr_par' dir='ltr' id='par_1_20' title="bbox 243 1919 1818 2001">
     <span class='ocr_line' id='line_1_20' title="bbox 243 1919 1818 2001; baseline -0.011 -13"><span class='ocrx_word' id='word_1_142' title='bbox 243 1949 374 1989; x_wconf 86' lang='lat' dir='ltr'><strong>mam</strong></span> <span class='ocrx_word' id='word_1_143' title='bbox 401 1933 650 1988; x_wconf 89' lang='lat' dir='ltr'><strong>redactus</strong></span> <span class='ocrx_word' id='word_1_144' title='bbox 678 1939 762 1986; x_wconf 86' lang='lat' dir='ltr'><strong>est</strong></span> <span class='ocrx_word' id='word_1_145' title='bbox 786 1935 1171 2001; x_wconf 85' lang='lat' dir='ltr'><strong>paupertatem.</strong></span> <span class='ocrx_word' id='word_1_146' title='bbox 1200 1924 1385 1994; x_wconf 86' lang='lat' dir='ltr'><strong>Neque</strong></span> <span class='ocrx_word' id='word_1_147' title='bbox 1411 1930 1614 1977; x_wconf 89' lang='lat' dir='ltr'><strong>tantum</strong></span> <span class='ocrx_word' id='word_1_148' title='bbox 1643 1919 1818 1974; x_wconf 83' lang='lat' dir='ltr'><strong>incre-</strong></span> 
     </span>
    </p>
   </div>
   <div class='ocr_carea' id='block_1_21' title="bbox 242 2008 1819 2096">
    <p class='ocr_par' dir='ltr' id='par_1_21' title="bbox 242 2008 1819 2096">
     <span class='ocr_line' id='line_1_21' title="bbox 242 2008 1819 2096; baseline -0.011 -16"><span class='ocrx_word' id='word_1_149' title='bbox 242 2034 330 2096; x_wconf 89' lang='lat' dir='ltr'><strong>pat</strong></span> <span class='ocrx_word' id='word_1_150' title='bbox 355 2024 469 2079; x_wconf 70' lang='lat' dir='ltr'><strong>haec</strong></span> <span class='ocrx_word' id='word_1_151' title='bbox 493 2021 722 2078; x_wconf 90' lang='lat' dir='ltr'><strong>dicendo</strong></span> <span class='ocrx_word' id='word_1_152' title='bbox 741 2061 758 2087; x_wconf 91' lang='lat'><strong>,</strong></span> <span class='ocrx_word' id='word_1_153' title='bbox 804 2018 902 2076; x_wconf 88' lang='lat' dir='ltr'><strong>sed</strong></span> <span class='ocrx_word' id='word_1_154' title='bbox 929 2018 1089 2074; x_wconf 91' lang='lat' dir='ltr'><strong>etiam</strong></span> <span class='ocrx_word' id='word_1_155' title='bbox 1119 2015 1359 2086; x_wconf 90' lang='lat' dir='ltr'><strong>corrigit,</strong></span> <span class='ocrx_word' id='word_1_156' title='bbox 1388 2013 1606 2067; x_wconf 89' lang='lat' dir='ltr'><strong>mittens</strong></span> <span class='ocrx_word' id='word_1_157' title='bbox 1632 2023 1727 2065; x_wconf 88' lang='lat' dir='ltr'><strong>eos</strong></span> <span class='ocrx_word' id='word_1_158' title='bbox 1752 2008 1819 2062; x_wconf 91' lang='lat' dir='ltr'><strong>ad</strong></span> 
     </span>
    </p>
   </div>
   <div class='ocr_carea' id='block_1_22' title="bbox 243 2102 1818 2187">
    <p class='ocr_par' dir='ltr' id='par_1_22' title="bbox 243 2102 1818 2187">
     <span class='ocr_line' id='line_1_22' title="bbox 243 2102 1818 2187; baseline -0.01 -15"><span class='ocrx_word' id='word_1_159' title='bbox 243 2117 438 2187; x_wconf 63' lang='lat' dir='ltr'><strong>rapinae</strong></span> <span class='ocrx_word' id='word_1_160' title='bbox 481 2113 859 2185; x_wconf 82' lang='lat' dir='ltr'><strong>spectaculum.</strong></span> <span class='ocrx_word' id='word_1_161' title='bbox 905 2111 1029 2168; x_wconf 85' lang='lat' dir='ltr'><strong>Post</strong></span> <span class='ocrx_word' id='word_1_162' title='bbox 1073 2106 1374 2179; x_wconf 79' lang='lat' dir='ltr'><strong>ltujusmodi</strong></span> <span class='ocrx_word' id='word_1_163' title='bbox 1413 2104 1612 2160; x_wconf 90' lang='lat' dir='ltr'><strong>dictum</strong></span> <span class='ocrx_word' id='word_1_164' title='bbox 1650 2102 1818 2168; x_wconf 90' lang='lat' dir='ltr'><strong>enim,</strong></span> 
     </span>
    </p>
   </div>
   <div class='ocr_carea' id='block_1_23' title="bbox 240 2201 1822 2280">
    <p class='ocr_par' dir='ltr' id='par_1_23' title="bbox 240 2201 1822 2280">
     <span class='ocr_line' id='line_1_23' title="bbox 240 2201 1822 2280; baseline -0.01 -15"><span class='ocrx_word' id='word_1_165' title='bbox 240 2218 478 2280; x_wconf 86' lang='lat' dir='ltr'><strong>aspectus</strong></span> <span class='ocrx_word' id='word_1_166' title='bbox 518 2207 599 2262; x_wconf 86' lang='lat' dir='ltr'><strong>rei</strong></span> <span class='ocrx_word' id='word_1_167' title='bbox 640 2205 741 2262; x_wconf 85' lang='lat' dir='ltr'><strong>sub</strong></span> <span class='ocrx_word' id='word_1_168' title='bbox 787 2203 959 2261; x_wconf 91' lang='lat' dir='ltr'><strong>oculis</strong></span> <span class='ocrx_word' id='word_1_169' title='bbox 1003 2201 1192 2274; x_wconf 68' lang='lat' dir='ltr'><strong>posita:</strong></span> <span class='ocrx_word' id='word_1_170' title='bbox 1234 2211 1598 2270; x_wconf 89' lang='lat' dir='ltr'><strong>compungere</strong></span> <span class='ocrx_word' id='word_1_171' title='bbox 1645 2202 1822 2264; x_wconf 87' lang='lat' dir='ltr'><strong>potest</strong></span> 
     </span>
    </p>
   </div>
   <div class='ocr_carea' id='block_1_24' title="bbox 237 2285 1822 2371">
    <p class='ocr_par' dir='ltr' id='par_1_24' title="bbox 237 2285 1822 2371">
     <span class='ocr_line' id='line_1_24' title="bbox 237 2285 1822 2371; baseline -0.012 -13"><span class='ocrx_word' id='word_1_172' title='bbox 237 2317 375 2368; x_wconf 89' lang='lat' dir='ltr'><strong>eum,</strong></span> <span class='ocrx_word' id='word_1_173' title='bbox 412 2300 500 2371; x_wconf 88' lang='lat' dir='ltr'><strong>qui</strong></span> <span class='ocrx_word' id='word_1_174' title='bbox 537 2313 645 2354; x_wconf 86' lang='lat' dir='ltr'><strong>non</strong></span> <span class='ocrx_word' id='word_1_175' title='bbox 673 2293 1141 2368; x_wconf 89' lang='lat' dir='ltr'><strong>impudentissimo</strong></span> <span class='ocrx_word' id='word_1_176' title='bbox 1171 2290 1328 2347; x_wconf 91' lang='lat' dir='ltr'><strong>fuerit</strong></span> <span class='ocrx_word' id='word_1_177' title='bbox 1365 2290 1566 2344; x_wconf 89' lang='lat' dir='ltr'><strong>animo.</strong></span> <span class='ocrx_word' id='word_1_178' title='bbox 1599 2287 1686 2342; x_wconf 80' lang='grc'><strong>15.</strong></span> <span class='ocrx_word' id='word_1_179' title='bbox 1717 2285 1822 2340; x_wconf 84' lang='lat' dir='ltr'><strong>Cur</strong></span> 
     </span>
    </p>
   </div>
   <div class='ocr_carea' id='block_1_25' title="bbox 234 2380 1820 2466">
    <p class='ocr_par' dir='ltr' id='par_1_25' title="bbox 234 2380 1820 2466">
     <span class='ocr_line' id='line_1_25' title="bbox 234 2380 1820 2466; baseline -0.011 -15"><span class='ocrx_word' id='word_1_180' title='bbox 234 2412 315 2451; x_wconf 65' lang='lat' dir='ltr'><strong>vos</strong></span> <span class='ocrx_word' id='word_1_181' title='bbox 341 2394 531 2466; x_wconf 78' lang='lat' dir='ltr'><strong>injuria</strong></span> <span class='ocrx_word' id='word_1_182' title='bbox 567 2391 764 2462; x_wconf 60' lang='lat' dir='ltr'><strong>apicitis</strong></span> <span class='ocrx_word' id='word_1_183' title='bbox 802 2388 1047 2460; x_wconf 85' lang='lat' dir='ltr'><strong>papulum</strong></span> <span class='ocrx_word' id='word_1_184' title='bbox 1072 2385 1284 2440; x_wconf 83' lang='lat' dir='ltr'><strong>meum?</strong></span> <span class='ocrx_word' id='word_1_185' title='bbox 1332 2383 1386 2437; x_wconf 92' lang='lat' dir='ltr'><strong>In</strong></span> <span class='ocrx_word' id='word_1_186' title='bbox 1414 2380 1606 2437; x_wconf 88' lang='lat' dir='ltr'><strong>eodem</strong></span> <span class='ocrx_word' id='word_1_187' title='bbox 1634 2393 1820 2435; x_wconf 87' lang='lat' dir='ltr'><strong>rursus</strong></span> 
     </span>
    </p>
   </div>
   <div class='ocr_carea' id='block_1_26' title="bbox 236 2471 1817 2558">
    <p class='ocr_par' dir='ltr' id='par_1_26' title="bbox 236 2471 1817 2558">
     <span class='ocr_line' id='line_1_26' title="bbox 236 2471 1817 2558; baseline -0.014 -15"><span class='ocrx_word' id='word_1_188' title='bbox 236 2494 534 2558; x_wconf 84' lang='lat' dir='ltr'><strong>perseverat</strong></span> <span class='ocrx_word' id='word_1_189' title='bbox 563 2480 777 2538; x_wconf 89' lang='lat' dir='ltr'><strong>dicendi</strong></span> <span class='ocrx_word' id='word_1_190' title='bbox 804 2493 1002 2552; x_wconf 87' lang='lat' dir='ltr'><strong>genere</strong></span> <span class='ocrx_word' id='word_1_191' title='bbox 1032 2495 1045 2530; x_wconf 90' lang='lat'>:</span> <span class='ocrx_word' id='word_1_192' title='bbox 1077 2476 1217 2532; x_wconf 90' lang='lat' dir='ltr'><strong>sicut</strong></span> <span class='ocrx_word' id='word_1_193' title='bbox 1236 2475 1374 2539; x_wconf 87' lang='lat' dir='ltr'><strong>illic,</strong></span> <span class='ocrx_word' id='word_1_194' title='bbox 1410 2471 1615 2527; x_wconf 79' lang='lat' dir='ltr'><strong>Vincunt</strong></span> <span class='ocrx_word' id='word_1_195' title='bbox 1635 2485 1817 2535; x_wconf 88' lang='lat' dir='ltr'><strong>meam,</strong></span> 
     </span>
    </p>
   </div>
   <div class='ocr_carea' id='block_1_27' title="bbox 231 2564 1821 2645">
    <p class='ocr_par' dir='ltr' id='par_1_27' title="bbox 231 2564 1821 2645">
     <span class='ocr_line' id='line_1_27' title="bbox 231 2564 1821 2645; baseline -0.014 -10"><span class='ocrx_word' id='word_1_196' title='bbox 231 2581 296 2636; x_wconf 86' lang='lat' dir='ltr'><strong>ita</strong></span> <span class='ocrx_word' id='word_1_197' title='bbox 322 2567 425 2642; x_wconf 78' lang='lat' dir='ltr'><strong>hic,</strong></span> <span class='ocrx_word' id='word_1_198' title='bbox 457 2576 730 2645; x_wconf 81' lang='lat' dir='ltr'><strong>Populum</strong></span> <span class='ocrx_word' id='word_1_199' title='bbox 749 2588 933 2637; x_wconf 87' lang='lat' dir='ltr'><strong>meum,</strong></span> <span class='ocrx_word' id='word_1_200' title='bbox 961 2569 1108 2625; x_wconf 88' lang='lat' dir='ltr'><strong>dicit.</strong></span> <span class='ocrx_word' id='word_1_201' title='bbox 1140 2567 1207 2622; x_wconf 84' lang='lat' dir='ltr'><strong>Et</strong></span> <span class='ocrx_word' id='word_1_202' title='bbox 1229 2567 1385 2638; x_wconf 77' lang='lat' dir='ltr'><strong>{acies</strong></span> <span class='ocrx_word' id='word_1_203' title='bbox 1406 2564 1674 2618; x_wconf 75' lang='lat' dir='ltr'><strong>humilium</strong></span> <span class='ocrx_word' id='word_1_204' title='bbox 1698 2577 1821 2615; x_wconf 87' lang='lat' dir='ltr'><strong>cou-</strong></span> 
     </span>
    </p>
   </div>
   <div class='ocr_carea' id='block_1_28' title="bbox 233 2652 1816 2744">
    <p class='ocr_par' dir='ltr' id='par_1_28' title="bbox 233 2652 1816 2744">
     <span class='ocr_line' id='line_1_28' title="bbox 233 2652 1816 2744; baseline -0.014 -18"><span class='ocrx_word' id='word_1_205' title='bbox 233 2669 472 2744; x_wconf 61' lang='lat' dir='ltr'><strong>(auditis?</strong></span> <span class='ocrx_word' id='word_1_206' title='bbox 513 2668 668 2736; x_wconf 84' lang='lat' dir='ltr'><strong>Quos</strong></span> <span class='ocrx_word' id='word_1_207' title='bbox 690 2665 959 2735; x_wconf 78' lang='lat' dir='ltr'><strong>corrigere</strong></span> <span class='ocrx_word' id='word_1_208' title='bbox 985 2659 1299 2732; x_wconf 84' lang='lat' dir='ltr'><strong>oportebat,</strong></span> <span class='ocrx_word' id='word_1_209' title='bbox 1351 2656 1450 2712; x_wconf 85' lang='lat' dir='ltr'><strong>hos</strong></span> <span class='ocrx_word' id='word_1_210' title='bbox 1504 2652 1816 2724; x_wconf 89' lang='lat' dir='ltr'><strong>impellitis;</strong></span> 
     </span>
    </p>
   </div>
   <div class='ocr_carea' id='block_1_29' title="bbox 231 2745 1817 2834">
    <p class='ocr_par' dir='ltr' id='par_1_29' title="bbox 231 2745 1817 2834">
     <span class='ocr_line' id='line_1_29' title="bbox 231 2745 1817 2834; baseline -0.015 -15"><span class='ocrx_word' id='word_1_211' title='bbox 231 2778 356 2834; x_wconf 88' lang='lat' dir='ltr'><strong>quos</strong></span> <span class='ocrx_word' id='word_1_212' title='bbox 390 2762 610 2833; x_wconf 82' lang='lat' dir='ltr'><strong>erigere</strong></span> <span class='ocrx_word' id='word_1_213' title='bbox 634 2800 651 2825; x_wconf 93' lang='lat'><strong>,</strong></span> <span class='ocrx_word' id='word_1_214' title='bbox 693 2757 799 2812; x_wconf 87' lang='lat' dir='ltr'><strong>hos</strong></span> <span class='ocrx_word' id='word_1_215' title='bbox 833 2751 1189 2822; x_wconf 85' lang='lat' dir='ltr'><strong>confringitis.</strong></span> <span class='ocrx_word' id='word_1_216' title='bbox 1219 2748 1368 2804; x_wconf 73' lang='lat' dir='ltr'><strong>Nam</strong></span> <span class='ocrx_word' id='word_1_217' title='bbox 1403 2755 1522 2818; x_wconf 92' lang='lat' dir='ltr'><strong>post</strong></span> <span class='ocrx_word' id='word_1_218' title='bbox 1556 2745 1817 2814; x_wconf 86' lang='lat' dir='ltr'><strong>rapinam,</strong></span> 
     </span>
    </p>
   </div>
   <div class='ocr_carea' id='block_1_30' title="bbox 234 2833 1821 2920">
    <p class='ocr_par' dir='ltr' id='par_1_30' title="bbox 234 2833 1821 2920">
     <span class='ocr_line' id='line_1_30' title="bbox 234 2833 1821 2920; baseline -0.013 -14"><span class='ocrx_word' id='word_1_219' title='bbox 234 2833 436 2908; x_wconf 74' lang='lat' dir='ltr'><strong>viliores</strong></span> <span class='ocrx_word' id='word_1_220' title='bbox 464 2849 822 2920; x_wconf 84' lang='lat' dir='ltr'><strong>respuebant,</strong></span> <span class='ocrx_word' id='word_1_221' title='bbox 852 2853 906 2901; x_wconf 83' lang='lat' dir='ltr'><strong>et</strong></span> <span class='ocrx_word' id='word_1_222' title='bbox 932 2841 1198 2913; x_wconf 86' lang='lat' dir='ltr'><strong>indignius</strong></span> <span class='ocrx_word' id='word_1_223' title='bbox 1224 2853 1386 2911; x_wconf 88' lang='lat' dir='ltr'><strong>quam</strong></span> <span class='ocrx_word' id='word_1_224' title='bbox 1414 2833 1694 2904; x_wconf 80' lang='lat' dir='ltr'><strong>mancipiis</strong></span> <span class='ocrx_word' id='word_1_225' title='bbox 1716 2833 1821 2887; x_wconf 91' lang='lat' dir='ltr'><strong>illis</strong></span> 
     </span>
    </p>
   </div>
   <div class='ocr_carea' id='block_1_31' title="bbox 234 2931 1820 3012">
    <p class='ocr_par' dir='ltr' id='par_1_31' title="bbox 234 2931 1820 3012">
     <span class='ocr_line' id='line_1_31' title="bbox 234 2931 1820 3012; baseline -0.013 -12"><span class='ocrx_word' id='word_1_226' title='bbox 234 2945 541 3008; x_wconf 86' lang='lat' dir='ltr'><strong>utebantur,</strong></span> <span class='ocrx_word' id='word_1_227' title='bbox 576 2949 772 3012; x_wconf 53' lang='lat' dir='ltr'><strong>praeter</strong></span> <span class='ocrx_word' id='word_1_228' title='bbox 798 2935 1073 2993; x_wconf 87' lang='lat' dir='ltr'><strong>avaritiam</strong></span> <span class='ocrx_word' id='word_1_229' title='bbox 1100 2931 1456 3003; x_wconf 88' lang='lat' dir='ltr'><strong>arrogantiam</strong></span> <span class='ocrx_word' id='word_1_230' title='bbox 1483 2942 1692 2998; x_wconf 85' lang='lat' dir='ltr'><strong>quoque</strong></span> <span class='ocrx_word' id='word_1_231' title='bbox 1721 2941 1820 2980; x_wconf 87' lang='lat' dir='ltr'><strong>au-</strong></span> 
     </span>
    </p>
   </div>
   <div class='ocr_carea' id='block_1_32' title="bbox 231 3020 1823 3108">
    <p class='ocr_par' dir='ltr' id='par_1_32' title="bbox 231 3020 1823 3108">
     <span class='ocr_line' id='line_1_32' title="bbox 231 3020 1823 3108; baseline -0.014 -14"><span class='ocrx_word' id='word_1_232' title='bbox 231 3047 436 3108; x_wconf 84' lang='lat' dir='ltr'><strong>gentes,</strong></span> <span class='ocrx_word' id='word_1_233' title='bbox 481 3044 550 3092; x_wconf 87' lang='lat' dir='ltr'><strong>et</strong></span> <span class='ocrx_word' id='word_1_234' title='bbox 597 3049 692 3105; x_wconf 88' lang='lat' dir='ltr'><strong>per</strong></span> <span class='ocrx_word' id='word_1_235' title='bbox 730 3030 939 3087; x_wconf 88' lang='lat' dir='ltr'><strong>divitias</strong></span> <span class='ocrx_word' id='word_1_236' title='bbox 982 3027 1162 3098; x_wconf 90' lang='lat' dir='ltr'><strong>inique</strong></span> <span class='ocrx_word' id='word_1_237' title='bbox 1201 3033 1380 3096; x_wconf 89' lang='lat' dir='ltr'><strong>partas</strong></span> <span class='ocrx_word' id='word_1_238' title='bbox 1405 3021 1570 3077; x_wconf 89' lang='lat' dir='ltr'><strong>multa</strong></span> <span class='ocrx_word' id='word_1_239' title='bbox 1607 3020 1823 3088; x_wconf 86' lang='lat' dir='ltr'><strong>insuper</strong></span> 
     </span>
    </p>
   </div>
   <div class='ocr_carea' id='block_1_33' title="bbox 231 3111 1821 3193">
    <p class='ocr_par' dir='ltr' id='par_1_33' title="bbox 231 3111 1821 3193">
     <span class='ocr_line' id='line_1_33' title="bbox 231 3111 1821 3193; baseline -0.015 -6"><span class='ocrx_word' id='word_1_240' title='bbox 231 3144 345 3186; x_wconf 84' lang='lat' dir='ltr'><strong>sese</strong></span> <span class='ocrx_word' id='word_1_241' title='bbox 383 3127 681 3184; x_wconf 78' lang='lat' dir='ltr'><strong>eﬂereutes</strong></span> <span class='ocrx_word' id='word_1_242' title='bbox 709 3119 1032 3193; x_wconf 86' lang='lat' dir='ltr'><strong>arrogantia.</strong></span> <span class='ocrx_word' id='word_1_243' title='bbox 1076 3115 1328 3173; x_wconf 78' lang='lat' dir='ltr'><strong>Avaritia:</strong></span> <span class='ocrx_word' id='word_1_244' title='bbox 1369 3113 1512 3169; x_wconf 90' lang='lat' dir='ltr'><strong>enim</strong></span> <span class='ocrx_word' id='word_1_245' title='bbox 1559 3111 1821 3181; x_wconf 74' lang='lat' dir='ltr'><strong>superbia:</strong></span> 
     </span>
    </p>
   </div>
   <div class='ocr_carea' id='block_1_34' title="bbox 231 3201 1822 3288">
    <p class='ocr_par' dir='ltr' id='par_1_34' title="bbox 231 3201 1822 3288">
     <span class='ocr_line' id='line_1_34' title="bbox 231 3201 1822 3288; baseline -0.013 -13"><span class='ocrx_word' id='word_1_246' title='bbox 231 3221 440 3276; x_wconf 87' lang='lat' dir='ltr'><strong>morbus</strong></span> <span class='ocrx_word' id='word_1_247' title='bbox 475 3215 796 3288; x_wconf 71' lang='lat' dir='ltr'><strong>adiungitur</strong></span> <span class='ocrx_word' id='word_1_248' title='bbox 824 3230 837 3268; x_wconf 89' lang='lat'><strong>:</strong></span> <span class='ocrx_word' id='word_1_249' title='bbox 869 3222 923 3267; x_wconf 90' lang='lat' dir='ltr'><strong>et</strong></span> <span class='ocrx_word' id='word_1_250' title='bbox 952 3219 1153 3280; x_wconf 89' lang='lat' dir='ltr'><strong>quanto</strong></span> <span class='ocrx_word' id='word_1_251' title='bbox 1193 3207 1311 3278; x_wconf 87' lang='lat' dir='ltr'><strong>plus</strong></span> <span class='ocrx_word' id='word_1_252' title='bbox 1350 3205 1559 3261; x_wconf 85' lang='lat' dir='ltr'><strong>divitias</strong></span> <span class='ocrx_word' id='word_1_253' title='bbox 1585 3201 1704 3272; x_wconf 92' lang='lat' dir='ltr'><strong>quis</strong></span> <span class='ocrx_word' id='word_1_254' title='bbox 1729 3215 1822 3255; x_wconf 85' lang='lat' dir='ltr'><strong>eu-</strong></span> 
     </span>
    </p>
   </div>
   <div class='ocr_carea' id='block_1_35' title="bbox 231 3290 1822 3376">
    <p class='ocr_par' dir='ltr' id='par_1_35' title="bbox 231 3290 1822 3376">
     <span class='ocr_line' id='line_1_35' title="bbox 231 3290 1822 3376; baseline -0.016 -8"><span class='ocrx_word' id='word_1_255' title='bbox 231 3313 453 3376; x_wconf 83' lang='lat' dir='ltr'><strong>mularit,</strong></span> <span class='ocrx_word' id='word_1_256' title='bbox 495 3319 658 3365; x_wconf 77' lang='lat' dir='ltr'><strong>tanto</strong></span> <span class='ocrx_word' id='word_1_257' title='bbox 685 3305 855 3375; x_wconf 83' lang='lat' dir='ltr'><strong>magis</strong></span> <span class='ocrx_word' id='word_1_258' title='bbox 880 3301 1102 3358; x_wconf 89' lang='lat' dir='ltr'><strong>morbus</strong></span> <span class='ocrx_word' id='word_1_259' title='bbox 1131 3297 1219 3354; x_wconf 84' lang='lat' dir='ltr'><strong>hic</strong></span> <span class='ocrx_word' id='word_1_260' title='bbox 1244 3294 1550 3353; x_wconf 87' lang='lat' dir='ltr'><strong>increverit.</strong></span> <span class='ocrx_word' id='word_1_261' title='bbox 1596 3291 1710 3346; x_wconf 85' lang='lat' dir='ltr'><strong>Hoc</strong></span> <span class='ocrx_word' id='word_1_262' title='bbox 1737 3290 1822 3344; x_wconf 81' lang='lat' dir='ltr'><strong>di-</strong></span> 
     </span>
    </p>
   </div>
   <div class='ocr_carea' id='block_1_36' title="bbox 228 3383 1819 3465">
    <p class='ocr_par' dir='ltr' id='par_1_36' title="bbox 228 3383 1819 3465">
     <span class='ocr_line' id='line_1_36' title="bbox 228 3383 1819 3465; baseline -0.014 -8"><span class='ocrx_word' id='word_1_263' title='bbox 228 3406 288 3456; x_wconf 86' lang='lat' dir='ltr'><strong>cit</strong></span> <span class='ocrx_word' id='word_1_264' title='bbox 315 3403 597 3465; x_wconf 82' lang='lat' dir='ltr'><strong>Dominus,</strong></span> <span class='ocrx_word' id='word_1_265' title='bbox 629 3396 892 3462; x_wconf 78' lang='lat' dir='ltr'><strong>Dominus,</strong></span> <span class='ocrx_word' id='word_1_266' title='bbox 920 3392 1170 3448; x_wconf 89' lang='lat' dir='ltr'><strong>Dominus</strong></span> <span class='ocrx_word' id='word_1_267' title='bbox 1197 3388 1525 3445; x_wconf 73' lang='lat' dir='ltr'><strong>exercituum.</strong></span> <span class='ocrx_word' id='word_1_268' title='bbox 1552 3383 1687 3452; x_wconf 87' lang='lat' dir='ltr'><strong>Quid</strong></span> <span class='ocrx_word' id='word_1_269' title='bbox 1717 3389 1819 3446; x_wconf 88' lang='lat' dir='ltr'><strong>est,</strong></span> 
     </span>
    </p>
   </div>
   <div class='ocr_carea' id='block_1_37' title="bbox 230 3478 1820 3559">
    <p class='ocr_par' dir='ltr' id='par_1_37' title="bbox 230 3478 1820 3559">
     <span class='ocr_line' id='line_1_37' title="bbox 230 3478 1820 3559; baseline -0.013 -12"><span class='ocrx_word' id='word_1_270' title='bbox 230 3492 604 3548; x_wconf 74' lang='lat' dir='ltr'><strong>Exercitnum?</strong></span> <span class='ocrx_word' id='word_1_271' title='bbox 628 3489 950 3559; x_wconf 76' lang='lat' dir='ltr'><strong>Angelorum</strong></span> <span class='ocrx_word' id='word_1_272' title='bbox 975 3483 1124 3550; x_wconf 88' lang='lat' dir='ltr'><strong>dicit,</strong></span> <span class='ocrx_word' id='word_1_273' title='bbox 1151 3478 1609 3550; x_wconf 86' lang='lat' dir='ltr'><strong>archangelornm,</strong></span> <span class='ocrx_word' id='word_1_274' title='bbox 1632 3488 1820 3544; x_wconf 90' lang='lat' dir='ltr'><strong>super-</strong></span> 
     </span>
    </p>
   </div>
   <div class='ocr_carea' id='block_1_38' title="bbox 230 3564 1824 3646">
    <p class='ocr_par' dir='ltr' id='par_1_38' title="bbox 230 3564 1824 3646">
     <span class='ocr_line' id='line_1_38' title="bbox 230 3564 1824 3646; baseline -0.014 -7"><span class='ocrx_word' id='word_1_275' title='bbox 230 3601 405 3640; x_wconf 87' lang='lat' dir='ltr'><strong>narum</strong></span> <span class='ocrx_word' id='word_1_276' title='bbox 431 3584 702 3638; x_wconf 81' lang='lat' dir='ltr'><strong>virtutum</strong></span> <span class='ocrx_word' id='word_1_277' title='bbox 724 3621 739 3646; x_wconf 90' lang='lat'><strong>,</strong></span> <span class='ocrx_word' id='word_1_278' title='bbox 769 3594 801 3634; x_wconf 89' lang='lat' dir='ltr'><strong>a</strong></span> <span class='ocrx_word' id='word_1_279' title='bbox 831 3587 974 3634; x_wconf 87' lang='lat' dir='ltr'><strong>terra</strong></span> <span class='ocrx_word' id='word_1_280' title='bbox 1002 3573 1071 3631; x_wconf 90' lang='lat' dir='ltr'><strong>ad</strong></span> <span class='ocrx_word' id='word_1_281' title='bbox 1111 3571 1300 3629; x_wconf 71' lang='lat' dir='ltr'><strong>catlum</strong></span> <span class='ocrx_word' id='word_1_282' title='bbox 1331 3569 1628 3624; x_wconf 89' lang='lat' dir='ltr'><strong>auditorem</strong></span> <span class='ocrx_word' id='word_1_283' title='bbox 1658 3564 1824 3619; x_wconf 88' lang='lat' dir='ltr'><strong>addu-</strong></span> 
     </span>
    </p>
   </div>
   <div class='ocr_carea' id='block_1_39' title="bbox 227 3658 1820 3745">
    <p class='ocr_par' dir='ltr' id='par_1_39' title="bbox 227 3658 1820 3745">
     <span class='ocr_line' id='line_1_39' title="bbox 227 3658 1820 3745; baseline -0.013 -14"><span class='ocrx_word' id='word_1_284' title='bbox 227 3693 346 3731; x_wconf 83' lang='lat' dir='ltr'><strong>cens</strong></span> <span class='ocrx_word' id='word_1_285' title='bbox 365 3717 380 3741; x_wconf 93' lang='lat'><strong>,</strong></span> <span class='ocrx_word' id='word_1_286' title='bbox 406 3686 465 3730; x_wconf 92' lang='lat' dir='ltr'><strong>ut</strong></span> <span class='ocrx_word' id='word_1_287' title='bbox 496 3674 612 3745; x_wconf 86' lang='lat' dir='ltr'><strong>ipsi</strong></span> <span class='ocrx_word' id='word_1_288' title='bbox 645 3671 1021 3742; x_wconf 84' lang='lat' dir='ltr'><strong>cogitationem</strong></span> <span class='ocrx_word' id='word_1_289' title='bbox 1047 3665 1224 3737; x_wconf 86' lang='lat' dir='ltr'><strong>magni</strong></span> <span class='ocrx_word' id='word_1_290' title='bbox 1254 3663 1395 3718; x_wconf 90' lang='lat' dir='ltr'><strong>illius</strong></span> <span class='ocrx_word' id='word_1_291' title='bbox 1421 3661 1568 3732; x_wconf 84' lang='lat' dir='ltr'><strong>regni</strong></span> <span class='ocrx_word' id='word_1_292' title='bbox 1600 3658 1820 3728; x_wconf 88' lang='lat' dir='ltr'><strong>injiciat,</strong></span> 
     </span>
    </p>
   </div>
   <div class='ocr_carea' id='block_1_40' title="bbox 229 3749 1820 3834">
    <p class='ocr_par' dir='ltr' id='par_1_40' title="bbox 229 3749 1820 3834">
     <span class='ocr_line' id='line_1_40' title="bbox 229 3749 1820 3834; baseline -0.015 -9"><span class='ocrx_word' id='word_1_293' title='bbox 229 3781 284 3824; x_wconf 90' lang='lat' dir='ltr'><strong>ut</strong></span> <span class='ocrx_word' id='word_1_294' title='bbox 325 3769 475 3824; x_wconf 86' lang='lat' dir='ltr'><strong>illum</strong></span> <span class='ocrx_word' id='word_1_295' title='bbox 533 3766 620 3820; x_wconf 78' lang='lat' dir='ltr'><strong>sic</strong></span> <span class='ocrx_word' id='word_1_296' title='bbox 671 3765 1028 3834; x_wconf 85' lang='lat' dir='ltr'><strong>stup&#39;elactum</strong></span> <span class='ocrx_word' id='word_1_297' title='bbox 1066 3755 1500 3828; x_wconf 90' lang='lat' dir='ltr'><strong>temperatiorem</strong></span> <span class='ocrx_word' id='word_1_298' title='bbox 1552 3749 1820 3814; x_wconf 84' lang='lat' dir='ltr'><strong>redderet,</strong></span> 
     </span>
    </p>
   </div>
   <div class='ocr_carea' id='block_1_41' title="bbox 228 3839 1823 3927">
    <p class='ocr_par' dir='ltr' id='par_1_41' title="bbox 228 3839 1823 3927">
     <span class='ocr_line' id='line_1_41' title="bbox 228 3839 1823 3927; baseline -0.015 -10"><span class='ocrx_word' id='word_1_299' title='bbox 228 3860 647 3927; x_wconf 75' lang='lat' dir='ltr'><strong>ostenderetque</strong></span> <span class='ocrx_word' id='word_1_300' title='bbox 673 3862 872 3910; x_wconf 80' lang='lat' dir='ltr'><strong>tantam</strong></span> <span class='ocrx_word' id='word_1_301' title='bbox 894 3851 1200 3923; x_wconf 88' lang='lat' dir='ltr'><strong>patientiam</strong></span> <span class='ocrx_word' id='word_1_302' title='bbox 1229 3862 1334 3903; x_wconf 92' lang='lat' dir='ltr'><strong>non</strong></span> <span class='ocrx_word' id='word_1_303' title='bbox 1357 3842 1698 3906; x_wconf 83' lang='lat' dir='ltr'><strong>infirmitatis,</strong></span> <span class='ocrx_word' id='word_1_304' title='bbox 1728 3839 1823 3895; x_wconf 91' lang='lat' dir='ltr'><strong>sed</strong></span> 
     </span>
    </p>
   </div>
   <div class='ocr_carea' id='block_1_42' title="bbox 227 3931 1824 4006">
    <p class='ocr_par' dir='ltr' id='par_1_42' title="bbox 227 3931 1824 4006">
     <span class='ocr_line' id='line_1_42' title="bbox 227 3931 1824 4006; baseline -0.014 1"><span class='ocrx_word' id='word_1_305' title='bbox 227 3951 434 4006; x_wconf 80' lang='lat' dir='ltr'><strong>maximi</strong></span> <span class='ocrx_word' id='word_1_306' title='bbox 473 3947 655 4006; x_wconf 84' lang='lat' dir='ltr'><strong>animi</strong></span> <span class='ocrx_word' id='word_1_307' title='bbox 694 3959 836 4002; x_wconf 85' lang='lat' dir='ltr'><strong>esse.</strong></span> <span class='ocrx_word' id='word_1_308' title='bbox 886 3942 976 3999; x_wconf 74' lang='lat' dir='ltr'><strong>l6.</strong></span> <span class='ocrx_word' id='word_1_309' title='bbox 1010 3940 1134 3996; x_wconf 66' lang='lat' dir='ltr'><strong>Hac</strong></span> <span class='ocrx_word' id='word_1_310' title='bbox 1169 3938 1290 3993; x_wconf 85' lang='lat' dir='ltr'><strong>dicit</strong></span> <span class='ocrx_word' id='word_1_311' title='bbox 1320 3936 1586 3990; x_wconf 89' lang='lat' dir='ltr'><strong>Dominus.</strong></span> <span class='ocrx_word' id='word_1_312' title='bbox 1633 3931 1740 3986; x_wconf 87' lang='lat' dir='ltr'><strong>Pro</strong></span> <span class='ocrx_word' id='word_1_313' title='bbox 1767 3946 1824 3985; x_wconf 88' lang='lat' dir='ltr'><strong>eo</strong></span> 
     </span>
    </p>
   </div>
   <div class='ocr_carea' id='block_1_43' title="bbox 229 4024 1825 4110">
    <p class='ocr_par' dir='ltr' id='par_1_43' title="bbox 229 4024 1825 4110">
     <span class='ocr_line' id='line_1_43' title="bbox 229 4024 1825 4110; baseline -0.011 -15"><span class='ocrx_word' id='word_1_314' title='bbox 229 4043 354 4110; x_wconf 74' lang='lat' dir='ltr'><strong>quod</strong></span> <span class='ocrx_word' id='word_1_315' title='bbox 385 4041 639 4097; x_wconf 66' lang='lat' dir='ltr'><strong>caullator</strong></span> <span class='ocrx_word' id='word_1_316' title='bbox 674 4045 792 4093; x_wconf 79' lang='lat' dir='ltr'><strong>sunt</strong></span> <span class='ocrx_word' id='word_1_317' title='bbox 833 4034 958 4105; x_wconf 69' lang='lat' dir='ltr'><strong>ﬁlia:</strong></span> <span class='ocrx_word' id='word_1_318' title='bbox 996 4032 1160 4100; x_wconf 84' lang='lat' dir='ltr'><strong>Sion,</strong></span> <span class='ocrx_word' id='word_1_319' title='bbox 1203 4039 1250 4084; x_wconf 89' lang='lat' dir='ltr'><strong>et</strong></span> <span class='ocrx_word' id='word_1_320' title='bbox 1288 4042 1499 4100; x_wconf 78' lang='lat' dir='ltr'><strong>egresste</strong></span> <span class='ocrx_word' id='word_1_321' title='bbox 1531 4033 1650 4080; x_wconf 85' lang='lat' dir='ltr'><strong>sunt</strong></span> <span class='ocrx_word' id='word_1_322' title='bbox 1693 4024 1825 4078; x_wconf 85' lang='lat' dir='ltr'><strong>elato</strong></span> 
     </span>
    </p>
   </div>
   <div class='ocr_carea' id='block_1_44' title="bbox 227 4117 1825 4200">
    <p class='ocr_par' dir='ltr' id='par_1_44' title="bbox 227 4117 1825 4200">
     <span class='ocr_line' id='line_1_44' title="bbox 227 4117 1825 4200; baseline -0.014 -9"><span class='ocrx_word' id='word_1_323' title='bbox 227 4137 373 4200; x_wconf 85' lang='lat' dir='ltr'><strong>collo,</strong></span> <span class='ocrx_word' id='word_1_324' title='bbox 402 4145 452 4190; x_wconf 91' lang='lat' dir='ltr'><strong>et</strong></span> <span class='ocrx_word' id='word_1_325' title='bbox 480 4131 696 4189; x_wconf 79' lang='lat' dir='ltr'><strong>nauibus</strong></span> <span class='ocrx_word' id='word_1_326' title='bbox 727 4130 991 4186; x_wconf 74' lang='lat' dir='ltr'><strong>oculorum</strong></span> <span class='ocrx_word' id='word_1_327' title='bbox 1012 4168 1028 4191; x_wconf 94' lang='lat'><strong>,</strong></span> <span class='ocrx_word' id='word_1_328' title='bbox 1069 4135 1115 4180; x_wconf 89' lang='lat' dir='ltr'><strong>et</strong></span> <span class='ocrx_word' id='word_1_329' title='bbox 1148 4125 1344 4178; x_wconf 84' lang='lat' dir='ltr'><strong>incessu</strong></span> <span class='ocrx_word' id='word_1_330' title='bbox 1369 4119 1552 4191; x_wconf 77' lang='lat' dir='ltr'><strong>pedum</strong></span> <span class='ocrx_word' id='word_1_331' title='bbox 1577 4117 1825 4172; x_wconf 79' lang='lat' dir='ltr'><strong>trahentes</strong></span> 
     </span>
    </p>
   </div>
   <div class='ocr_carea' id='block_1_45' title="bbox 229 4210 1826 4292">
    <p class='ocr_par' dir='ltr' id='par_1_45' title="bbox 229 4210 1826 4292">
     <span class='ocr_line' id='line_1_45' title="bbox 229 4210 1826 4292; baseline -0.011 -11"><span class='ocrx_word' id='word_1_332' title='bbox 229 4227 374 4282; x_wconf 79' lang='lat' dir='ltr'><strong>simul</strong></span> <span class='ocrx_word' id='word_1_333' title='bbox 399 4227 607 4281; x_wconf 79' lang='lat' dir='ltr'><strong>tunicas</strong></span> <span class='ocrx_word' id='word_1_334' title='bbox 627 4264 644 4290; x_wconf 93' lang='lat'><strong>,</strong></span> <span class='ocrx_word' id='word_1_335' title='bbox 670 4222 916 4292; x_wconf 86' lang='lat' dir='ltr'><strong>simulque</strong></span> <span class='ocrx_word' id='word_1_336' title='bbox 938 4217 1145 4291; x_wconf 84' lang='lat' dir='ltr'><strong>pedibus</strong></span> <span class='ocrx_word' id='word_1_337' title='bbox 1166 4215 1413 4292; x_wconf 77' lang='lat' dir='ltr'><strong>ludentes.</strong></span> <span class='ocrx_word' id='word_1_338' title='bbox 1445 4213 1533 4268; x_wconf 80' lang='grc'><strong>17.</strong></span> <span class='ocrx_word' id='word_1_339' title='bbox 1560 4210 1628 4265; x_wconf 80' lang='lat' dir='ltr'><strong>Et</strong></span> <span class='ocrx_word' id='word_1_340' title='bbox 1655 4210 1826 4264; x_wconf 86' lang='lat' dir='ltr'><strong>humi-</strong></span> 
     </span>
    </p>
   </div>
   <div class='ocr_carea' id='block_1_46' title="bbox 233 4287 1826 4381">
    <p class='ocr_par' dir='ltr' id='par_1_46' title="bbox 233 4287 1826 4381">
     <span class='ocr_line' id='line_1_46' title="bbox 233 4287 1826 4381; baseline -0.014 -7"><span class='ocrx_word' id='word_1_341' title='bbox 233 4318 369 4373; x_wconf 82' lang='lat' dir='ltr'><strong>liabit</strong></span> <span class='ocrx_word' id='word_1_342' title='bbox 391 4317 540 4373; x_wconf 89' lang='lat' dir='ltr'><strong>Deus</strong></span> <span class='ocrx_word' id='word_1_343' title='bbox 563 4287 923 4371; x_wconf 79' lang='lat' dir='ltr'><strong>dominatrices</strong></span> <span class='ocrx_word' id='word_1_344' title='bbox 938 4287 1085 4381; x_wconf 64' lang='grc' dir='ltr'><strong>⁷Ῑὶιὶειδ</strong></span> <span class='ocrx_word' id='word_1_345' title='bbox 1106 4308 1257 4372; x_wconf 90' lang='lat' dir='ltr'><strong>Sion,</strong></span> <span class='ocrx_word' id='word_1_346' title='bbox 1290 4287 1337 4360; x_wconf 71' lang='lat' dir='ltr'><strong>et</strong></span> <span class='ocrx_word' id='word_1_347' title='bbox 1362 4303 1609 4359; x_wconf 85' lang='lat' dir='ltr'><strong>Dominus</strong></span> <span class='ocrx_word' id='word_1_348' title='bbox 1633 4301 1826 4355; x_wconf 79' lang='lat' dir='ltr'><strong>revela-</strong></span> 
     </span>
    </p>
   </div>
   <div class='ocr_carea' id='block_1_47' title="bbox 230 4393 1828 4469">
    <p class='ocr_par' dir='ltr' id='par_1_47' title="bbox 230 4393 1828 4469">
     <span class='ocr_line' id='line_1_47' title="bbox 230 4393 1828 4469; baseline -0.013 -2"><span class='ocrx_word' id='word_1_349' title='bbox 230 4413 294 4466; x_wconf 84' lang='lat' dir='ltr'><strong>bit</strong></span> <span class='ocrx_word' id='word_1_350' title='bbox 320 4413 555 4466; x_wconf 74' lang='lat' dir='ltr'><strong>habitum</strong></span> <span class='ocrx_word' id='word_1_351' title='bbox 591 4423 768 4465; x_wconf 77' lang='lat' dir='ltr'><strong>eorum</strong></span> <span class='ocrx_word' id='word_1_352' title='bbox 796 4407 849 4460; x_wconf 88' lang='lat' dir='ltr'><strong>in</strong></span> <span class='ocrx_word' id='word_1_353' title='bbox 874 4406 956 4460; x_wconf 89' lang='lat' dir='ltr'><strong>die</strong></span> <span class='ocrx_word' id='word_1_354' title='bbox 978 4402 1091 4459; x_wconf 84' lang='lat' dir='ltr'><strong>illa.</strong></span> <span class='ocrx_word' id='word_1_355' title='bbox 1136 4401 1223 4456; x_wconf 75' lang='grc'><strong>18.</strong></span> <span class='ocrx_word' id='word_1_356' title='bbox 1256 4398 1324 4458; x_wconf 75' lang='lat' dir='ltr'><strong>Et</strong></span> <span class='ocrx_word' id='word_1_357' title='bbox 1357 4401 1552 4469; x_wconf 77' lang='lat' dir='ltr'><strong>auferet</strong></span> <span class='ocrx_word' id='word_1_358' title='bbox 1575 4393 1828 4448; x_wconf 83' lang='lat' dir='ltr'><strong>Dominus</strong></span> 
     </span>
    </p>
   </div>
   <div class='ocr_carea' id='block_1_48' title="bbox 230 4487 1826 4576">
    <p class='ocr_par' dir='ltr' id='par_1_48' title="bbox 230 4487 1826 4576">
     <span class='ocr_line' id='line_1_48' title="bbox 230 4487 1826 4576; baseline -0.013 -17"><span class='ocrx_word' id='word_1_359' title='bbox 230 4505 445 4576; x_wconf 73' lang='lat' dir='ltr'><strong>gloriam</strong></span> <span class='ocrx_word' id='word_1_360' title='bbox 470 4501 755 4559; x_wconf 72' lang='lat' dir='ltr'><strong>vestimenti</strong></span> <span class='ocrx_word' id='word_1_361' title='bbox 781 4514 978 4563; x_wconf 85' lang='lat' dir='ltr'><strong>eorum,</strong></span> <span class='ocrx_word' id='word_1_362' title='bbox 1014 4506 1062 4550; x_wconf 89' lang='lat' dir='ltr'><strong>et</strong></span> <span class='ocrx_word' id='word_1_363' title='bbox 1081 4504 1315 4550; x_wconf 86' lang='lat' dir='ltr'><strong>ornatum</strong></span> <span class='ocrx_word' id='word_1_364' title='bbox 1335 4506 1509 4546; x_wconf 85' lang='lat' dir='ltr'><strong>earum</strong></span> <span class='ocrx_word' id='word_1_365' title='bbox 1534 4487 1636 4560; x_wconf 90' lang='lat' dir='ltr'><strong>(a),</strong></span> <span class='ocrx_word' id='word_1_366' title='bbox 1652 4497 1696 4542; x_wconf 87' lang='lat' dir='ltr'><strong>ct</strong></span> <span class='ocrx_word' id='word_1_367' title='bbox 1716 4487 1826 4540; x_wconf 88' lang='lat' dir='ltr'><strong>cin-</strong></span> 
     </span>
    </p>
   </div>
   <div class='ocr_carea' id='block_1_49' title="bbox 231 4578 1829 4662">
    <p class='ocr_par' dir='ltr' id='par_1_49' title="bbox 231 4578 1829 4662">
     <span class='ocr_line' id='line_1_49' title="bbox 231 4578 1829 4662; baseline -0.014 -8"><span class='ocrx_word' id='word_1_368' title='bbox 231 4601 403 4652; x_wconf 84' lang='lat' dir='ltr'><strong>cinnos</strong></span> <span class='ocrx_word' id='word_1_369' title='bbox 441 4612 657 4661; x_wconf 80' lang='lat' dir='ltr'><strong>eorum,</strong></span> <span class='ocrx_word' id='word_1_370' title='bbox 701 4603 746 4650; x_wconf 87' lang='lat' dir='ltr'><strong>et</strong></span> <span class='ocrx_word' id='word_1_371' title='bbox 778 4590 1036 4662; x_wconf 82' lang='lat' dir='ltr'><strong>corymbos</strong></span> <span class='ocrx_word' id='word_1_372' title='bbox 1057 4629 1074 4655; x_wconf 92' lang='lat'><strong>,</strong></span> <span class='ocrx_word' id='word_1_373' title='bbox 1105 4597 1150 4642; x_wconf 86' lang='lat' dir='ltr'><strong>et</strong></span> <span class='ocrx_word' id='word_1_374' title='bbox 1182 4585 1386 4640; x_wconf 80' lang='lat' dir='ltr'><strong>luuulas</strong></span> <span class='ocrx_word' id='word_1_375' title='bbox 1406 4624 1421 4649; x_wconf 93' lang='lat'><strong>,</strong></span> <span class='ocrx_word' id='word_1_376' title='bbox 1455 4581 1542 4638; x_wconf 76' lang='lat' dir='ltr'><strong>i9.</strong></span> <span class='ocrx_word' id='word_1_377' title='bbox 1575 4589 1620 4634; x_wconf 85' lang='lat' dir='ltr'><strong>et</strong></span> <span class='ocrx_word' id='word_1_378' title='bbox 1645 4578 1829 4632; x_wconf 81' lang='lat' dir='ltr'><strong>monile</strong></span> 
     </span>
    </p>
   </div>
   <div class='ocr_carea' id='block_1_50' title="bbox 231 4672 1831 4756">
    <p class='ocr_par' dir='ltr' id='par_1_50' title="bbox 231 4672 1831 4756">
     <span class='ocr_line' id='line_1_50' title="bbox 231 4672 1831 4756; baseline -0.014 -11"><span class='ocrx_word' id='word_1_379' title='bbox 231 4706 405 4744; x_wconf 79' lang='lat' dir='ltr'><strong>eorum</strong></span> <span class='ocrx_word' id='word_1_380' title='bbox 425 4729 443 4756; x_wconf 97' lang='lat'><strong>,</strong></span> <span class='ocrx_word' id='word_1_381' title='bbox 477 4697 528 4742; x_wconf 81' lang='lat' dir='ltr'><strong>et</strong></span> <span class='ocrx_word' id='word_1_382' title='bbox 559 4695 793 4741; x_wconf 87' lang='lat' dir='ltr'><strong>ornatum</strong></span> <span class='ocrx_word' id='word_1_383' title='bbox 819 4682 966 4755; x_wconf 81' lang='lat' dir='ltr'><strong>[aciei</strong></span> <span class='ocrx_word' id='word_1_384' title='bbox 995 4695 1169 4735; x_wconf 88' lang='lat' dir='ltr'><strong>earum</strong></span> <span class='ocrx_word' id='word_1_385' title='bbox 1191 4719 1208 4745; x_wconf 93' lang='lat'><strong>,</strong></span> <span class='ocrx_word' id='word_1_386' title='bbox 1240 4685 1289 4731; x_wconf 89' lang='lat' dir='ltr'><strong>et</strong></span> <span class='ocrx_word' id='word_1_387' title='bbox 1314 4672 1720 4745; x_wconf 82' lang='lat' dir='ltr'><strong>compositionem</strong></span> <span class='ocrx_word' id='word_1_388' title='bbox 1747 4686 1831 4724; x_wconf 85' lang='lat' dir='ltr'><strong>or-</strong></span> 
     </span>
    </p>
   </div>
   <div class='ocr_carea' id='block_1_51' title="bbox 232 4762 1824 4851">
    <p class='ocr_par' dir='ltr' id='par_1_51' title="bbox 232 4762 1824 4851">
     <span class='ocr_line' id='line_1_51' title="bbox 232 4762 1824 4851; baseline -0.014 -15"><span class='ocrx_word' id='word_1_389' title='bbox 232 4781 460 4837; x_wconf 79' lang='lat' dir='ltr'><strong>namenti</strong></span> <span class='ocrx_word' id='word_1_390' title='bbox 487 4780 689 4851; x_wconf 73' lang='lat' dir='ltr'><strong>glorise,</strong></span> <span class='ocrx_word' id='word_1_391' title='bbox 710 4787 758 4831; x_wconf 86' lang='lat' dir='ltr'><strong>et</strong></span> <span class='ocrx_word' id='word_1_392' title='bbox 779 4774 1033 4839; x_wconf 85' lang='lat' dir='ltr'><strong>armillas,</strong></span> <span class='ocrx_word' id='word_1_393' title='bbox 1055 4781 1102 4826; x_wconf 92' lang='lat' dir='ltr'><strong>et</strong></span> <span class='ocrx_word' id='word_1_394' title='bbox 1129 4780 1350 4841; x_wconf 83' lang='lat' dir='ltr'><strong>torques,</strong></span> <span class='ocrx_word' id='word_1_395' title='bbox 1372 4767 1464 4822; x_wconf 72' lang='grc'><strong>20.</strong></span> <span class='ocrx_word' id='word_1_396' title='bbox 1484 4774 1530 4820; x_wconf 89' lang='lat' dir='ltr'><strong>et</strong></span> <span class='ocrx_word' id='word_1_397' title='bbox 1547 4762 1824 4826; x_wconf 86' lang='lat' dir='ltr'><strong>reticulum,</strong></span> 
     </span>
    </p>
   </div>
   <div class='ocr_carea' id='block_1_52' title="bbox 233 4862 1830 4938">
    <p class='ocr_par' dir='ltr' id='par_1_52' title="bbox 233 4862 1830 4938">
     <span class='ocr_line' id='line_1_52' title="bbox 233 4862 1830 4938; baseline -0.014 -8"><span class='ocrx_word' id='word_1_398' title='bbox 233 4888 277 4930; x_wconf 79' lang='lat' dir='ltr'><strong>et</strong></span> <span class='ocrx_word' id='word_1_399' title='bbox 299 4876 554 4938; x_wconf 70' lang='lat' dir='ltr'><strong>annuos,</strong></span> <span class='ocrx_word' id='word_1_400' title='bbox 594 4881 640 4927; x_wconf 88' lang='lat' dir='ltr'><strong>et</strong></span> <span class='ocrx_word' id='word_1_401' title='bbox 664 4869 898 4935; x_wconf 81' lang='lat' dir='ltr'><strong>cellaria,</strong></span> <span class='ocrx_word' id='word_1_402' title='bbox 925 4877 973 4921; x_wconf 90' lang='lat' dir='ltr'><strong>et</strong></span> <span class='ocrx_word' id='word_1_403' title='bbox 997 4867 1220 4928; x_wconf 86' lang='lat' dir='ltr'><strong>inaures,</strong></span> <span class='ocrx_word' id='word_1_404' title='bbox 1255 4862 1343 4916; x_wconf 77' lang='grc'><strong>21.</strong></span> <span class='ocrx_word' id='word_1_405' title='bbox 1372 4869 1417 4915; x_wconf 90' lang='lat' dir='ltr'><strong>et</strong></span> <span class='ocrx_word' id='word_1_406' title='bbox 1446 4873 1672 4930; x_wconf 84' lang='lat' dir='ltr'><strong>purpura</strong></span> <span class='ocrx_word' id='word_1_407' title='bbox 1696 4869 1830 4925; x_wconf 69' lang='lat' dir='ltr'><strong>pra!-</strong></span> 
     </span>
    </p>
   </div>
   <div class='ocr_carea' id='block_1_53' title="bbox 236 4945 1830 5032">
    <p class='ocr_par' dir='ltr' id='par_1_53' title="bbox 236 4945 1830 5032">
     <span class='ocr_line' id='line_1_53' title="bbox 236 4945 1830 5032; baseline -0.015 -11"><span class='ocrx_word' id='word_1_408' title='bbox 236 4977 399 5020; x_wconf 70' lang='lat' dir='ltr'><strong>textas</strong></span> <span class='ocrx_word' id='word_1_409' title='bbox 419 5005 436 5029; x_wconf 92' lang='lat'><strong>,</strong></span> <span class='ocrx_word' id='word_1_410' title='bbox 487 4973 539 5018; x_wconf 84' lang='lat' dir='ltr'><strong>et</strong></span> <span class='ocrx_word' id='word_1_411' title='bbox 568 4977 760 5032; x_wconf 86' lang='lat' dir='ltr'><strong>pannos</strong></span> <span class='ocrx_word' id='word_1_412' title='bbox 788 4975 878 5030; x_wconf 86' lang='lat' dir='ltr'><strong>per</strong></span> <span class='ocrx_word' id='word_1_413' title='bbox 906 4957 1143 5021; x_wconf 89' lang='lat' dir='ltr'><strong>domum,</strong></span> <span class='ocrx_word' id='word_1_414' title='bbox 1190 4962 1236 5007; x_wconf 90' lang='lat' dir='ltr'><strong>et</strong></span> <span class='ocrx_word' id='word_1_415' title='bbox 1264 4951 1529 5024; x_wconf 84' lang='lat' dir='ltr'><strong>perspicua</strong></span> <span class='ocrx_word' id='word_1_416' title='bbox 1558 4945 1830 5009; x_wconf 87' lang='lat' dir='ltr'><strong>Laconica,</strong></span> 
     </span>
    </p>
   </div>
   <div class='ocr_carea' id='block_1_54' title="bbox 234 5038 1835 5126">
    <p class='ocr_par' dir='ltr' id='par_1_54' title="bbox 234 5038 1835 5126">
     <span class='ocr_line' id='line_1_54' title="bbox 234 5038 1835 5126; baseline -0.014 -14"><span class='ocrx_word' id='word_1_417' title='bbox 234 5056 322 5111; x_wconf 68' lang='lat'><strong>22.</strong></span> <span class='ocrx_word' id='word_1_418' title='bbox 366 5065 418 5110; x_wconf 84' lang='lat' dir='ltr'><strong>et</strong></span> <span class='ocrx_word' id='word_1_419' title='bbox 446 5053 675 5126; x_wconf 64' lang='lat' dir='ltr'><strong>byssina,</strong></span> <span class='ocrx_word' id='word_1_420' title='bbox 704 5061 750 5106; x_wconf 87' lang='lat' dir='ltr'><strong>et</strong></span> <span class='ocrx_word' id='word_1_421' title='bbox 775 5048 1104 5121; x_wconf 78' lang='lat' dir='ltr'><strong>hyacinthina</strong></span> <span class='ocrx_word' id='word_1_422' title='bbox 1125 5061 1145 5109; x_wconf 89' lang='lat'><strong>;</strong></span> <span class='ocrx_word' id='word_1_423' title='bbox 1175 5044 1264 5100; x_wconf 72' lang='lat'><strong>25.</strong></span> <span class='ocrx_word' id='word_1_424' title='bbox 1285 5043 1534 5107; x_wconf 88' lang='lat' dir='ltr'><strong>coccinea,</strong></span> <span class='ocrx_word' id='word_1_425' title='bbox 1561 5049 1609 5093; x_wconf 89' lang='lat' dir='ltr'><strong>et</strong></span> <span class='ocrx_word' id='word_1_426' title='bbox 1635 5038 1835 5108; x_wconf 81' lang='lat' dir='ltr'><strong>byssum</strong></span> 
     </span>
    </p>
   </div>
   <div class='ocr_carea' id='block_1_55' title="bbox 236 5130 1835 5216">
    <p class='ocr_par' dir='ltr' id='par_1_55' title="bbox 236 5130 1835 5216">
     <span class='ocr_line' id='line_1_55' title="bbox 236 5130 1835 5216; baseline -0.013 -13"><span class='ocrx_word' id='word_1_427' title='bbox 236 5166 350 5202; x_wconf 75' lang='lat' dir='ltr'><strong>cum</strong></span> <span class='ocrx_word' id='word_1_428' title='bbox 378 5161 517 5202; x_wconf 74' lang='lat' dir='ltr'><strong>auro</strong></span> <span class='ocrx_word' id='word_1_429' title='bbox 545 5155 590 5200; x_wconf 87' lang='lat' dir='ltr'><strong>et</strong></span> <span class='ocrx_word' id='word_1_430' title='bbox 609 5143 881 5216; x_wconf 76' lang='lat' dir='ltr'><strong>hyacintho</strong></span> <span class='ocrx_word' id='word_1_431' title='bbox 918 5149 1221 5204; x_wconf 72' lang='lat' dir='ltr'><strong>contextam,</strong></span> <span class='ocrx_word' id='word_1_432' title='bbox 1252 5146 1299 5192; x_wconf 89' lang='lat' dir='ltr'><strong>et</strong></span> <span class='ocrx_word' id='word_1_433' title='bbox 1329 5135 1561 5190; x_wconf 88' lang='lat' dir='ltr'><strong>theristra</strong></span> <span class='ocrx_word' id='word_1_434' title='bbox 1585 5148 1711 5186; x_wconf 90' lang='lat' dir='ltr'><strong>auro</strong></span> <span class='ocrx_word' id='word_1_435' title='bbox 1736 5130 1835 5184; x_wconf 84' lang='lat' dir='ltr'><strong>ad-</strong></span> 
     </span>
    </p>
   </div>
   <div class='ocr_carea' id='block_1_56' title="bbox 238 5229 1840 5308">
    <p class='ocr_par' dir='ltr' id='par_1_56' title="bbox 238 5229 1840 5308">
     <span class='ocr_line' id='line_1_56' title="bbox 238 5229 1840 5308; baseline -0.012 -12"><span class='ocrx_word' id='word_1_436' title='bbox 238 5246 430 5297; x_wconf 83' lang='lat' dir='ltr'><strong>stricta.</strong></span> <span class='ocrx_word' id='word_1_437' title='bbox 476 5239 575 5295; x_wconf 56' lang='lat'><strong>21.</strong></span> <span class='ocrx_word' id='word_1_438' title='bbox 599 5237 666 5293; x_wconf 81' lang='lat' dir='ltr'><strong>Et</strong></span> <span class='ocrx_word' id='word_1_439' title='bbox 687 5238 782 5293; x_wconf 85' lang='lat' dir='ltr'><strong>erit</strong></span> <span class='ocrx_word' id='word_1_440' title='bbox 807 5252 900 5308; x_wconf 85' lang='lat' dir='ltr'><strong>pro</strong></span> <span class='ocrx_word' id='word_1_441' title='bbox 923 5233 1068 5290; x_wconf 80' lang='lat' dir='ltr'><strong>suavi</strong></span> <span class='ocrx_word' id='word_1_442' title='bbox 1093 5233 1248 5287; x_wconf 87' lang='lat' dir='ltr'><strong>odore</strong></span> <span class='ocrx_word' id='word_1_443' title='bbox 1283 5229 1477 5301; x_wconf 85' lang='lat' dir='ltr'><strong>pulvis,</strong></span> <span class='ocrx_word' id='word_1_444' title='bbox 1503 5235 1553 5281; x_wconf 89' lang='lat' dir='ltr'><strong>et</strong></span> <span class='ocrx_word' id='word_1_445' title='bbox 1591 5240 1682 5296; x_wconf 86' lang='lat' dir='ltr'><strong>pro</strong></span> <span class='ocrx_word' id='word_1_446' title='bbox 1707 5238 1840 5278; x_wconf 78' lang='lat' dir='ltr'><strong>zona</strong></span> 
     </span>
    </p>
   </div>
   <div class='ocr_carea' id='block_1_57' title="bbox 244 5317 1839 5404">
    <p class='ocr_par' dir='ltr' id='par_1_57' title="bbox 244 5317 1839 5404">
     <span class='ocr_line' id='line_1_57' title="bbox 244 5317 1839 5404; baseline -0.011 -16"><span class='ocrx_word' id='word_1_447' title='bbox 244 5336 477 5404; x_wconf 75' lang='lat' dir='ltr'><strong>funiculo</strong></span> <span class='ocrx_word' id='word_1_448' title='bbox 505 5333 719 5403; x_wconf 83' lang='lat' dir='ltr'><strong>cingeris</strong></span> <span class='ocrx_word' id='word_1_449' title='bbox 741 5372 756 5396; x_wconf 92' lang='lat'><strong>,</strong></span> <span class='ocrx_word' id='word_1_450' title='bbox 784 5341 832 5385; x_wconf 84' lang='lat' dir='ltr'><strong>et</strong></span> <span class='ocrx_word' id='word_1_451' title='bbox 858 5345 952 5400; x_wconf 88' lang='lat' dir='ltr'><strong>pro</strong></span> <span class='ocrx_word' id='word_1_452' title='bbox 981 5333 1274 5383; x_wconf 87' lang='lat' dir='ltr'><strong>ornamento</strong></span> <span class='ocrx_word' id='word_1_453' title='bbox 1293 5322 1472 5392; x_wconf 86' lang='lat' dir='ltr'><strong>capitis</strong></span> <span class='ocrx_word' id='word_1_454' title='bbox 1495 5321 1566 5374; x_wconf 87' lang='lat' dir='ltr'><strong>tui</strong></span> <span class='ocrx_word' id='word_1_455' title='bbox 1590 5317 1839 5373; x_wconf 86' lang='lat' dir='ltr'><strong>calvitiem</strong></span> 
     </span>
    </p>
   </div>
   <div class='ocr_carea' id='block_1_58' title="bbox 246 5407 1840 5493">
    <p class='ocr_par' dir='ltr' id='par_1_58' title="bbox 246 5407 1840 5493">
     <span class='ocr_line' id='line_1_58' title="bbox 246 5407 1840 5493; baseline -0.009 -15"><span class='ocrx_word' id='word_1_456' title='bbox 246 5427 453 5480; x_wconf 75' lang='lat' dir='ltr'><strong>habebis</strong></span> <span class='ocrx_word' id='word_1_457' title='bbox 483 5435 688 5493; x_wconf 85' lang='lat' dir='ltr'><strong>propter</strong></span> <span class='ocrx_word' id='word_1_458' title='bbox 712 5439 866 5492; x_wconf 82' lang='lat' dir='ltr'><strong>opera</strong></span> <span class='ocrx_word' id='word_1_459' title='bbox 895 5431 982 5474; x_wconf 83' lang='lat' dir='ltr'><strong>tua</strong></span> <span class='ocrx_word' id='word_1_460' title='bbox 1006 5461 1020 5484; x_wconf 92' lang='lat'><strong>,</strong></span> <span class='ocrx_word' id='word_1_461' title='bbox 1063 5426 1112 5474; x_wconf 84' lang='lat' dir='ltr'><strong>et</strong></span> <span class='ocrx_word' id='word_1_462' title='bbox 1133 5433 1228 5490; x_wconf 80' lang='lat' dir='ltr'><strong>pro</strong></span> <span class='ocrx_word' id='word_1_463' title='bbox 1257 5415 1426 5469; x_wconf 85' lang='lat' dir='ltr'><strong>tunica</strong></span> <span class='ocrx_word' id='word_1_464' title='bbox 1467 5425 1696 5483; x_wconf 84' lang='lat' dir='ltr'><strong>purpura</strong></span> <span class='ocrx_word' id='word_1_465' title='bbox 1732 5407 1840 5464; x_wconf 84' lang='lat' dir='ltr'><strong>cla-</strong></span> 
     </span>
    </p>
   </div>
   <div class='ocr_carea' id='block_1_59' title="bbox 247 5505 1836 5587">
    <p class='ocr_par' dir='ltr' id='par_1_59' title="bbox 247 5505 1836 5587">
     <span class='ocr_line' id='line_1_59' title="bbox 247 5505 1836 5587; baseline -0.012 -14"><span class='ocrx_word' id='word_1_466' title='bbox 247 5529 358 5573; x_wconf 77' lang='lat' dir='ltr'><strong>rata</strong></span> <span class='ocrx_word' id='word_1_467' title='bbox 398 5517 482 5587; x_wconf 71' lang='grc' dir='ltr'><strong>(ὁ)</strong></span> <span class='ocrx_word' id='word_1_468' title='bbox 538 5514 939 5586; x_wconf 77' lang='lat' dir='ltr'><strong>circumcingeris</strong></span> <span class='ocrx_word' id='word_1_469' title='bbox 983 5527 1150 5568; x_wconf 87' lang='lat' dir='ltr'><strong>sacco.</strong></span> <span class='ocrx_word' id='word_1_470' title='bbox 1198 5509 1326 5564; x_wconf 68' lang='lat' dir='ltr'><strong>llaec</strong></span> <span class='ocrx_word' id='word_1_471' title='bbox 1367 5505 1453 5560; x_wconf 83' lang='lat' dir='ltr'><strong>tibi</strong></span> <span class='ocrx_word' id='word_1_472' title='bbox 1502 5521 1593 5576; x_wconf 86' lang='lat' dir='ltr'><strong>pro</strong></span> <span class='ocrx_word' id='word_1_473' title='bbox 1635 5509 1836 5559; x_wconf 78' lang='lat' dir='ltr'><strong>ornatu.</strong></span> 
     </span>
    </p>
   </div>
   <div class='ocr_carea' id='block_1_60' title="bbox 307 5641 1686 5716">
    <p class='ocr_par' dir='ltr' id='par_1_60' title="bbox 307 5641 1686 5716">
     <span class='ocr_line' id='line_1_60' title="bbox 307 5641 1686 5716; baseline -0.009 -13"><span class='ocrx_word' id='word_1_474' title='bbox 307 5655 385 5716; x_wconf 75' lang='grc' dir='ltr'><strong>(α)</strong></span> <span class='ocrx_word' id='word_1_475' title='bbox 421 5661 516 5716; x_wconf 56' lang='grc' dir='ltr'><strong>ηιξ</strong></span> <span class='ocrx_word' id='word_1_476' title='bbox 538 5665 696 5716; x_wconf 76' lang='lat' dir='ltr'><strong>votes,</strong></span> <span class='ocrx_word' id='word_1_477' title='bbox 720 5658 765 5702; x_wconf 77' lang='lat' dir='ltr'><strong>et</strong></span> <span class='ocrx_word' id='word_1_478' title='bbox 783 5657 998 5716; x_wconf 84' lang='lat' dir='ltr'><strong>ornatum</strong></span> <span class='ocrx_word' id='word_1_479' title='bbox 1021 5663 1204 5706; x_wconf 84' lang='lat' dir='ltr'><strong>earum,</strong></span> <span class='ocrx_word' id='word_1_480' title='bbox 1228 5647 1412 5716; x_wconf 65' lang='lat' dir='ltr'><strong>desunt</strong></span> <span class='ocrx_word' id='word_1_481' title='bbox 1433 5646 1480 5716; x_wconf 79' lang='lat' dir='ltr'><strong>in</strong></span> <span class='ocrx_word' id='word_1_482' title='bbox 1505 5641 1686 5716; x_wconf 72' lang='lat' dir='ltr'><strong>Bihliis-</strong></span> 
     </span>
    </p>
   </div>
   <div class='ocr_carea' id='block_1_61' title="bbox 309 5707 1625 5777">
    <p class='ocr_par' dir='ltr' id='par_1_61' title="bbox 309 5707 1625 5777">
     <span class='ocr_line' id='line_1_61' title="bbox 309 5707 1625 5777; baseline -0.005 -15"><span class='ocrx_word' id='word_1_483' title='bbox 309 5707 384 5772; x_wconf 68' lang='grc' dir='ltr'>ω</span> <span class='ocrx_word' id='word_1_484' title='bbox 421 5715 560 5765; x_wconf 76' lang='lat' dir='ltr'><strong>Vide</strong></span> <span class='ocrx_word' id='word_1_485' title='bbox 580 5707 880 5777; x_wconf 56' lang='lat' dir='ltr'><strong>Antiduitat&#39;ts</strong></span> <span class='ocrx_word' id='word_1_486' title='bbox 903 5723 1072 5768; x_wconf 76' lang='lat' dir='ltr'><strong>nostra:</strong></span> <span class='ocrx_word' id='word_1_487' title='bbox 1114 5723 1245 5767; x_wconf 84' lang='lat' dir='ltr'><strong>&#39;l‘otu.</strong></span> <span class='ocrx_word' id='word_1_488' title='bbox 1272 5714 1322 5770; x_wconf 76' lang='grc' dir='ltr'><strong>ὅ,</strong></span> <span class='ocrx_word' id='word_1_489' title='bbox 1348 5709 1434 5759; x_wconf 78' lang='lat' dir='ltr'><strong>lib.</strong></span> <span class='ocrx_word' id='word_1_490' title='bbox 1463 5708 1504 5766; x_wconf 86' lang='lat' dir='ltr'><strong>l,</strong></span> <span class='ocrx_word' id='word_1_491' title='bbox 1525 5721 1570 5758; x_wconf 89' lang='lat' dir='ltr'><strong>c.</strong></span> <span class='ocrx_word' id='word_1_492' title='bbox 1593 5707 1625 5753; x_wconf 85' lang='lat'><strong><em>8</em></strong></span> 
     </span>
    </p>
   </div>
   <div class='ocr_carea' id='block_1_62' title="bbox 1929 359 3516 435">
    <p class='ocr_par' dir='ltr' id='par_1_62' title="bbox 1929 359 3516 435">
     <span class='ocr_line' id='line_1_62' title="bbox 1929 359 3516 435; baseline 0.003 -22"><span class='ocrx_word' id='word_1_493' title='bbox 1929 359 2022 413; x_wconf 72' lang='lat'><strong>25.</strong></span> <span class='ocrx_word' id='word_1_494' title='bbox 2056 359 2122 413; x_wconf 82' lang='lat' dir='ltr'><strong>Et</strong></span> <span class='ocrx_word' id='word_1_495' title='bbox 2163 360 2302 428; x_wconf 80' lang='lat' dir='ltr'><strong>ﬁlius</strong></span> <span class='ocrx_word' id='word_1_496' title='bbox 2335 369 2449 416; x_wconf 87' lang='lat' dir='ltr'><strong>tuus</strong></span> <span class='ocrx_word' id='word_1_497' title='bbox 2487 361 2853 430; x_wconf 82' lang='lat' dir='ltr'><strong>pulcherrimus</strong></span> <span class='ocrx_word' id='word_1_498' title='bbox 2873 401 2887 426; x_wconf 95' lang='lat'><strong>,</strong></span> <span class='ocrx_word' id='word_1_499' title='bbox 2931 376 3077 431; x_wconf 82' lang='lat' dir='ltr'><strong>quem</strong></span> <span class='ocrx_word' id='word_1_500' title='bbox 3102 362 3274 433; x_wconf 81' lang='lat' dir='ltr'><strong>diligis</strong></span> <span class='ocrx_word' id='word_1_501' title='bbox 3294 403 3310 430; x_wconf 91' lang='lat'><strong>,</strong></span> <span class='ocrx_word' id='word_1_502' title='bbox 3338 363 3516 435; x_wconf 79' lang='lat' dir='ltr'><strong>gladia</strong></span> 
     </span>
    </p>
   </div>
   <div class='ocr_carea' id='block_1_63' title="bbox 1926 451 3508 524">
    <p class='ocr_par' dir='ltr' id='par_1_63' title="bbox 1926 451 3508 524">
     <span class='ocr_line' id='line_1_63' title="bbox 1926 451 3508 524; baseline 0.005 -20"><span class='ocrx_word' id='word_1_503' title='bbox 1926 451 2066 505; x_wconf 87' lang='lat' dir='ltr'><strong>cadet</strong></span> <span class='ocrx_word' id='word_1_504' title='bbox 2091 467 2109 515; x_wconf 81' lang='lat'><strong>,&#39;</strong></span> <span class='ocrx_word' id='word_1_505' title='bbox 2154 462 2200 506; x_wconf 89' lang='lat' dir='ltr'><strong>et</strong></span> <span class='ocrx_word' id='word_1_506' title='bbox 2226 456 2378 522; x_wconf 80' lang='lat' dir='ltr'><strong>fortes</strong></span> <span class='ocrx_word' id='word_1_507' title='bbox 2405 454 2555 508; x_wconf 81' lang='lat' dir='ltr'><strong>vestri</strong></span> <span class='ocrx_word' id='word_1_508' title='bbox 2592 454 2764 524; x_wconf 81' lang='lat' dir='ltr'><strong>gladio</strong></span> <span class='ocrx_word' id='word_1_509' title='bbox 2786 454 2984 522; x_wconf 85' lang='lat' dir='ltr'><strong>cadent,</strong></span> <span class='ocrx_word' id='word_1_510' title='bbox 3016 463 3060 508; x_wconf 88' lang='lat' dir='ltr'><strong>et</strong></span> <span class='ocrx_word' id='word_1_511' title='bbox 3086 455 3508 512; x_wconf 85' lang='lat' dir='ltr'><strong>humiliabuntur.</strong></span> 
     </span>
    </p>
   </div>
   <div class='ocr_carea' id='block_1_64' title="bbox 1924 538 3508 614">
    <p class='ocr_par' dir='ltr' id='par_1_64' title="bbox 1924 538 3508 614">
     <span class='ocr_line' id='line_1_64' title="bbox 1924 538 3508 614; baseline 0.004 -20"><span class='ocrx_word' id='word_1_512' title='bbox 1924 538 2013 596; x_wconf 78' lang='grc'><strong>26.</strong></span> <span class='ocrx_word' id='word_1_513' title='bbox 2042 541 2106 595; x_wconf 88' lang='lat' dir='ltr'><strong>Et</strong></span> <span class='ocrx_word' id='word_1_514' title='bbox 2133 544 2366 612; x_wconf 79' lang='lat' dir='ltr'><strong>lugebant</strong></span> <span class='ocrx_word' id='word_1_515' title='bbox 2391 545 2545 597; x_wconf 71' lang='lat' dir='ltr'><strong>them</strong></span> <span class='ocrx_word' id='word_1_516' title='bbox 2566 555 2770 597; x_wconf 88' lang='lat' dir='ltr'><strong>ornatus</strong></span> <span class='ocrx_word' id='word_1_517' title='bbox 2790 545 2956 611; x_wconf 86' lang='lat' dir='ltr'><strong>vestri,</strong></span> <span class='ocrx_word' id='word_1_518' title='bbox 2987 553 3032 599; x_wconf 88' lang='lat' dir='ltr'><strong>et</strong></span> <span class='ocrx_word' id='word_1_519' title='bbox 3059 545 3354 614; x_wconf 81' lang='lat' dir='ltr'><strong>relinqueris</strong></span> <span class='ocrx_word' id='word_1_520' title='bbox 3377 548 3508 612; x_wconf 87' lang='lat' dir='ltr'><strong>sola,</strong></span> 
     </span>
    </p>
   </div>
   <div class='ocr_carea' id='block_1_65' title="bbox 1926 633 3510 709">
    <p class='ocr_par' dir='ltr' id='par_1_65' title="bbox 1926 633 3510 709">
     <span class='ocr_line' id='line_1_65' title="bbox 1926 633 3510 709; baseline 0.004 -22"><span class='ocrx_word' id='word_1_521' title='bbox 1926 643 1970 687; x_wconf 85' lang='lat' dir='ltr'><strong>et</strong></span> <span class='ocrx_word' id='word_1_522' title='bbox 2001 633 2050 688; x_wconf 87' lang='lat' dir='ltr'><strong>in</strong></span> <span class='ocrx_word' id='word_1_523' title='bbox 2093 644 2275 688; x_wconf 88' lang='lat' dir='ltr'><strong>terram</strong></span> <span class='ocrx_word' id='word_1_524' title='bbox 2319 636 2645 704; x_wconf 69' lang='lat' dir='ltr'><strong>prostat-ueris</strong></span> <span class='ocrx_word' id='word_1_525' title='bbox 2680 635 2777 709; x_wconf 86' lang='grc' dir='ltr'><strong>(α).</strong></span> <span class='ocrx_word' id='word_1_526' title='bbox 2815 636 3082 693; x_wconf 87' lang='lat' dir='ltr'><strong>Insolitam</strong></span> <span class='ocrx_word' id='word_1_527' title='bbox 3111 654 3224 694; x_wconf 89' lang='lat' dir='ltr'><strong>rem</strong></span> <span class='ocrx_word' id='word_1_528' title='bbox 3250 639 3510 709; x_wconf 85' lang='lat' dir='ltr'><strong>propheta</strong></span> 
     </span>
    </p>
   </div>
   <div class='ocr_carea' id='block_1_66' title="bbox 1925 724 3508 802">
    <p class='ocr_par' dir='ltr' id='par_1_66' title="bbox 1925 724 3508 802">
     <span class='ocr_line' id='line_1_66' title="bbox 1925 724 3508 802; baseline 0.004 -22"><span class='ocrx_word' id='word_1_529' title='bbox 1925 724 2079 793; x_wconf 88' lang='lat' dir='ltr'><strong>fecit,</strong></span> <span class='ocrx_word' id='word_1_530' title='bbox 2123 727 2336 797; x_wconf 86' lang='lat' dir='ltr'><strong>longum</strong></span> <span class='ocrx_word' id='word_1_531' title='bbox 2362 727 2427 782; x_wconf 89' lang='lat' dir='ltr'><strong>ad</strong></span> <span class='ocrx_word' id='word_1_532' title='bbox 2465 729 2712 784; x_wconf 88' lang='lat' dir='ltr'><strong>mulieres</strong></span> <span class='ocrx_word' id='word_1_533' title='bbox 2737 728 2972 800; x_wconf 85' lang='lat' dir='ltr'><strong>dirigens</strong></span> <span class='ocrx_word' id='word_1_534' title='bbox 3002 745 3305 787; x_wconf 89' lang='lat' dir='ltr'><strong>sermonem</strong></span> <span class='ocrx_word' id='word_1_535' title='bbox 3323 775 3337 799; x_wconf 93' lang='lat'><strong>,</strong></span> <span class='ocrx_word' id='word_1_536' title='bbox 3366 731 3508 802; x_wconf 89' lang='lat' dir='ltr'><strong>quod</strong></span> 
     </span>
    </p>
   </div>
   <div class='ocr_carea' id='block_1_67' title="bbox 1926 821 3510 896">
    <p class='ocr_par' dir='ltr' id='par_1_67' title="bbox 1926 821 3510 896">
     <span class='ocr_line' id='line_1_67' title="bbox 1926 821 3510 896; baseline 0.005 -24"><span class='ocrx_word' id='word_1_537' title='bbox 1926 833 2185 889; x_wconf 86' lang='lat' dir='ltr'><strong>nusquam</strong></span> <span class='ocrx_word' id='word_1_538' title='bbox 2225 821 2276 874; x_wconf 89' lang='lat' dir='ltr'><strong>in</strong></span> <span class='ocrx_word' id='word_1_539' title='bbox 2313 821 2599 890; x_wconf 89' lang='lat' dir='ltr'><strong>Scripturis</strong></span> <span class='ocrx_word' id='word_1_540' title='bbox 2643 821 2838 876; x_wconf 77' lang='lat' dir='ltr'><strong>factum</strong></span> <span class='ocrx_word' id='word_1_541' title='bbox 2881 822 3141 879; x_wconf 90' lang='lat' dir='ltr'><strong>videmus.</strong></span> <span class='ocrx_word' id='word_1_542' title='bbox 3190 823 3320 893; x_wconf 76' lang='lat' dir='ltr'><strong>Qua:</strong></span> <span class='ocrx_word' id='word_1_543' title='bbox 3352 825 3510 896; x_wconf 86' lang='lat' dir='ltr'><strong>igitur</strong></span> 
     </span>
    </p>
   </div>
   <div class='ocr_carea' id='block_1_68' title="bbox 1929 913 2592 968">
    <p class='ocr_par' dir='ltr' id='par_1_68' title="bbox 1929 913 2592 968">
     <span class='ocr_line' id='line_1_68' title="bbox 1929 913 2592 968; baseline 0 -2"><span class='ocrx_word' id='word_1_544' title='bbox 1929 926 2082 967; x_wconf 85' lang='lat' dir='ltr'><strong>causa</strong></span> <span class='ocrx_word' id='word_1_545' title='bbox 2109 920 2193 966; x_wconf 89' lang='lat' dir='ltr'><strong>est</strong></span> <span class='ocrx_word' id='word_1_546' title='bbox 2220 913 2446 967; x_wconf 80' lang='lat' dir='ltr'><strong>insolitae</strong></span> <span class='ocrx_word' id='word_1_547' title='bbox 2477 913 2592 968; x_wconf 84' lang='lat' dir='ltr'><strong>rei?</strong></span> 
     </span>
    </p>
   </div>
   <div class='ocr_carea' id='block_1_69' title="bbox 1996 1001 3508 1076">
    <p class='ocr_par' dir='ltr' id='par_1_69' title="bbox 1996 1001 3508 1076">
     <span class='ocr_line' id='line_1_69' title="bbox 1996 1001 3508 1076; baseline 0.003 -20"><span class='ocrx_word' id='word_1_548' title='bbox 1996 1001 2049 1056; x_wconf 90' lang='lat'><strong>8.</strong></span> <span class='ocrx_word' id='word_1_549' title='bbox 2079 1001 2298 1056; x_wconf 84' lang='lat' dir='ltr'><strong>Videtur</strong></span> <span class='ocrx_word' id='word_1_550' title='bbox 2324 1003 2451 1057; x_wconf 86' lang='lat' dir='ltr'><strong>mihi</strong></span> <span class='ocrx_word' id='word_1_551' title='bbox 2479 1012 2605 1058; x_wconf 91' lang='lat' dir='ltr'><strong>tunc</strong></span> <span class='ocrx_word' id='word_1_552' title='bbox 2631 1006 2882 1074; x_wconf 89' lang='lat' dir='ltr'><strong>temporis</strong></span> <span class='ocrx_word' id='word_1_553' title='bbox 2917 1003 3160 1076; x_wconf 83' lang='lat' dir='ltr'><strong>magnam</strong></span> <span class='ocrx_word' id='word_1_554' title='bbox 3197 1006 3360 1061; x_wconf 88' lang='lat' dir='ltr'><strong>fuisse</strong></span> <span class='ocrx_word' id='word_1_555' title='bbox 3389 1022 3508 1060; x_wconf 84' lang='lat' dir='ltr'><strong>mu-</strong></span> 
     </span>
    </p>
   </div>
   <div class='ocr_carea' id='block_1_70' title="bbox 1886 1091 3506 1165">
    <p class='ocr_par' dir='ltr' id='par_1_70' title="bbox 1886 1091 3506 1165">
     <span class='ocr_line' id='line_1_70' title="bbox 1886 1091 3506 1165; baseline 0.004 -20"><span class='ocrx_word' id='word_1_556' title='bbox 1886 1092 1893 1100; x_wconf 88' lang='grc'><strong>’</strong></span> <span class='ocrx_word' id='word_1_557' title='bbox 1923 1091 2113 1147; x_wconf 90' lang='lat' dir='ltr'><strong>lierum</strong></span> <span class='ocrx_word' id='word_1_558' title='bbox 2145 1095 2438 1159; x_wconf 89' lang='lat' dir='ltr'><strong>mollitiem,</strong></span> <span class='ocrx_word' id='word_1_559' title='bbox 2468 1097 2796 1165; x_wconf 90' lang='lat' dir='ltr'><strong>multumque</strong></span> <span class='ocrx_word' id='word_1_560' title='bbox 2822 1097 3108 1152; x_wconf 89' lang='lat' dir='ltr'><strong>contulisse</strong></span> <span class='ocrx_word' id='word_1_561' title='bbox 3130 1097 3248 1151; x_wconf 91' lang='lat' dir='ltr'><strong>illas</strong></span> <span class='ocrx_word' id='word_1_562' title='bbox 3277 1097 3343 1151; x_wconf 89' lang='lat' dir='ltr'><strong>ad</strong></span> <span class='ocrx_word' id='word_1_563' title='bbox 3370 1098 3506 1152; x_wconf 85' lang='lat' dir='ltr'><strong>viro-</strong></span> 
     </span>
    </p>
   </div>
   <div class='ocr_carea' id='block_1_71' title="bbox 1924 1185 3508 1258">
    <p class='ocr_par' dir='ltr' id='par_1_71' title="bbox 1924 1185 3508 1258">
     <span class='ocr_line' id='line_1_71' title="bbox 1924 1185 3508 1258; baseline 0.003 -20"><span class='ocrx_word' id='word_1_564' title='bbox 1924 1198 2042 1238; x_wconf 87' lang='lat' dir='ltr'><strong>rum</strong></span> <span class='ocrx_word' id='word_1_565' title='bbox 2082 1185 2392 1254; x_wconf 88' lang='lat' dir='ltr'><strong>nequitiam.</strong></span> <span class='ocrx_word' id='word_1_566' title='bbox 2434 1185 2558 1242; x_wconf 91' lang='lat' dir='ltr'><strong>ldeo</strong></span> <span class='ocrx_word' id='word_1_567' title='bbox 2589 1187 2708 1242; x_wconf 90' lang='lat' dir='ltr'><strong>illas</strong></span> <span class='ocrx_word' id='word_1_568' title='bbox 2747 1187 3024 1257; x_wconf 88' lang='lat' dir='ltr'><strong>speciatim</strong></span> <span class='ocrx_word' id='word_1_569' title='bbox 3061 1187 3348 1257; x_wconf 88' lang='lat' dir='ltr'><strong>redarguit,</strong></span> <span class='ocrx_word' id='word_1_570' title='bbox 3389 1203 3508 1258; x_wconf 79' lang='lat' dir='ltr'><strong>gra-</strong></span> 
     </span>
    </p>
   </div>
   <div class='ocr_carea' id='block_1_72' title="bbox 1925 1276 3510 1349">
    <p class='ocr_par' dir='ltr' id='par_1_72' title="bbox 1925 1276 3510 1349">
     <span class='ocr_line' id='line_1_72' title="bbox 1925 1276 3510 1349; baseline 0.001 -18"><span class='ocrx_word' id='word_1_571' title='bbox 1925 1276 2139 1332; x_wconf 85' lang='lat' dir='ltr'><strong>vissima</strong></span> <span class='ocrx_word' id='word_1_572' title='bbox 2172 1278 2276 1332; x_wconf 88' lang='lat' dir='ltr'><strong>illis</strong></span> <span class='ocrx_word' id='word_1_573' title='bbox 2304 1279 2534 1334; x_wconf 85' lang='lat' dir='ltr'><strong>offerens</strong></span> <span class='ocrx_word' id='word_1_574' title='bbox 2559 1279 2804 1346; x_wconf 88' lang='lat' dir='ltr'><strong>crimina,</strong></span> <span class='ocrx_word' id='word_1_575' title='bbox 2835 1294 3244 1348; x_wconf 88' lang='lat' dir='ltr'><strong>sermonemque</strong></span> <span class='ocrx_word' id='word_1_576' title='bbox 3275 1279 3339 1334; x_wconf 88' lang='lat' dir='ltr'><strong>ad</strong></span> <span class='ocrx_word' id='word_1_577' title='bbox 3365 1280 3510 1349; x_wconf 85' lang='lat' dir='ltr'><strong>prin-</strong></span> 
     </span>
    </p>
   </div>
   <div class='ocr_carea' id='block_1_73' title="bbox 1925 1368 3507 1440">
    <p class='ocr_par' dir='ltr' id='par_1_73' title="bbox 1925 1368 3507 1440">
     <span class='ocr_line' id='line_1_73' title="bbox 1925 1368 3507 1440; baseline 0.001 -17"><span class='ocrx_word' id='word_1_578' title='bbox 1925 1368 2120 1438; x_wconf 87' lang='lat' dir='ltr'><strong>cipium</strong></span> <span class='ocrx_word' id='word_1_579' title='bbox 2148 1381 2384 1436; x_wconf 84' lang='lat' dir='ltr'><strong>revocat,</strong></span> <span class='ocrx_word' id='word_1_580' title='bbox 2417 1387 2479 1426; x_wconf 87' lang='lat' dir='ltr'><strong>ex</strong></span> <span class='ocrx_word' id='word_1_581' title='bbox 2509 1386 2736 1439; x_wconf 84' lang='lat' dir='ltr'><strong>persona</strong></span> <span class='ocrx_word' id='word_1_582' title='bbox 2768 1370 2860 1425; x_wconf 88' lang='lat' dir='ltr'><strong>Dei</strong></span> <span class='ocrx_word' id='word_1_583' title='bbox 2893 1369 3080 1425; x_wconf 84' lang='lat' dir='ltr'><strong>iterum</strong></span> <span class='ocrx_word' id='word_1_584' title='bbox 3110 1370 3353 1440; x_wconf 92' lang='lat' dir='ltr'><strong>loquens.</strong></span> <span class='ocrx_word' id='word_1_585' title='bbox 3381 1369 3507 1424; x_wconf 80' lang='lat' dir='ltr'><strong>llwe</strong></span> 
     </span>
    </p>
   </div>
   <div class='ocr_carea' id='block_1_74' title="bbox 1926 1461 3506 1534">
    <p class='ocr_par' dir='ltr' id='par_1_74' title="bbox 1926 1461 3506 1534">
     <span class='ocr_line' id='line_1_74' title="bbox 1926 1461 3506 1534; baseline -0.001 -18"><span class='ocrx_word' id='word_1_586' title='bbox 1926 1463 2046 1516; x_wconf 85' lang='lat' dir='ltr'><strong>dicit</strong></span> <span class='ocrx_word' id='word_1_587' title='bbox 2076 1462 2324 1517; x_wconf 88' lang='lat' dir='ltr'><strong>Dominus</strong></span> <span class='ocrx_word' id='word_1_588' title='bbox 2349 1481 2369 1518; x_wconf 90' lang='lat'><strong><em>:</em></strong></span> <span class='ocrx_word' id='word_1_589' title='bbox 2398 1463 2502 1517; x_wconf 88' lang='lat' dir='ltr'><strong>Pro</strong></span> <span class='ocrx_word' id='word_1_590' title='bbox 2531 1480 2588 1518; x_wconf 90' lang='lat' dir='ltr'><strong>eo</strong></span> <span class='ocrx_word' id='word_1_591' title='bbox 2629 1463 2765 1534; x_wconf 89' lang='lat' dir='ltr'><strong>quod</strong></span> <span class='ocrx_word' id='word_1_592' title='bbox 2803 1462 3037 1518; x_wconf 74' lang='lat' dir='ltr'><strong>exaltata:</strong></span> <span class='ocrx_word' id='word_1_593' title='bbox 3067 1472 3186 1518; x_wconf 89' lang='lat' dir='ltr'><strong>sunt</strong></span> <span class='ocrx_word' id='word_1_594' title='bbox 3212 1463 3333 1532; x_wconf 73' lang='lat' dir='ltr'><strong>ﬁlia:</strong></span> <span class='ocrx_word' id='word_1_595' title='bbox 3359 1461 3506 1526; x_wconf 84' lang='lat' dir='ltr'><strong>Sion,</strong></span> 
     </span>
    </p>
   </div>
   <div class='ocr_carea' id='block_1_75' title="bbox 1927 1552 3512 1622">
    <p class='ocr_par' dir='ltr' id='par_1_75' title="bbox 1927 1552 3512 1622">
     <span class='ocr_line' id='line_1_75' title="bbox 1927 1552 3512 1622; baseline 0 -16"><span class='ocrx_word' id='word_1_596' title='bbox 1927 1561 1972 1606; x_wconf 90' lang='lat' dir='ltr'><strong>et</strong></span> <span class='ocrx_word' id='word_1_597' title='bbox 2010 1553 2385 1607; x_wconf 87' lang='lat' dir='ltr'><strong>ambulaverunt</strong></span> <span class='ocrx_word' id='word_1_598' title='bbox 2413 1555 2544 1608; x_wconf 88' lang='lat' dir='ltr'><strong>elato</strong></span> <span class='ocrx_word' id='word_1_599' title='bbox 2570 1555 2720 1608; x_wconf 89' lang='lat' dir='ltr'><strong>collo.</strong></span> <span class='ocrx_word' id='word_1_600' title='bbox 2764 1553 2933 1622; x_wconf 88' lang='lat' dir='ltr'><strong>Caput</strong></span> <span class='ocrx_word' id='word_1_601' title='bbox 2960 1553 3219 1608; x_wconf 88' lang='lat' dir='ltr'><strong>malorum</strong></span> <span class='ocrx_word' id='word_1_602' title='bbox 3252 1552 3380 1622; x_wconf 86' lang='lat' dir='ltr'><strong>ipsis</strong></span> <span class='ocrx_word' id='word_1_603' title='bbox 3403 1552 3512 1606; x_wconf 87' lang='lat' dir='ltr'><strong>cri-</strong></span> 
     </span>
    </p>
   </div>
   <div class='ocr_carea' id='block_1_76' title="bbox 1926 1643 3509 1716">
    <p class='ocr_par' dir='ltr' id='par_1_76' title="bbox 1926 1643 3509 1716">
     <span class='ocr_line' id='line_1_76' title="bbox 1926 1643 3509 1716; baseline -0.001 -18"><span class='ocrx_word' id='word_1_604' title='bbox 1926 1644 2053 1698; x_wconf 91' lang='lat' dir='ltr'><strong>mini</strong></span> <span class='ocrx_word' id='word_1_605' title='bbox 2091 1644 2217 1712; x_wconf 89' lang='lat' dir='ltr'><strong>dat,</strong></span> <span class='ocrx_word' id='word_1_606' title='bbox 2251 1645 2548 1716; x_wconf 71' lang='lat' dir='ltr'><strong>supezbiam</strong></span> <span class='ocrx_word' id='word_1_607' title='bbox 2580 1654 2634 1700; x_wconf 90' lang='lat' dir='ltr'><strong>et</strong></span> <span class='ocrx_word' id='word_1_608' title='bbox 2661 1644 3039 1715; x_wconf 84' lang='lat' dir='ltr'><strong>arrogantiam.</strong></span> <span class='ocrx_word' id='word_1_609' title='bbox 3088 1644 3198 1698; x_wconf 91' lang='lat' dir='ltr'><strong>lloc</strong></span> <span class='ocrx_word' id='word_1_610' title='bbox 3223 1643 3364 1698; x_wconf 89' lang='lat' dir='ltr'><strong>enim</strong></span> <span class='ocrx_word' id='word_1_611' title='bbox 3392 1643 3509 1698; x_wconf 84' lang='lat' dir='ltr'><strong>ubi-</strong></span> 
     </span>
    </p>
   </div>
   <div class='ocr_carea' id='block_1_77' title="bbox 1926 1734 3508 1804">
    <p class='ocr_par' dir='ltr' id='par_1_77' title="bbox 1926 1734 3508 1804">
     <span class='ocr_line' id='line_1_77' title="bbox 1926 1734 3508 1804; baseline -0.001 -16"><span class='ocrx_word' id='word_1_612' title='bbox 1926 1749 2028 1804; x_wconf 90' lang='lat' dir='ltr'><strong>que</strong></span> <span class='ocrx_word' id='word_1_613' title='bbox 2069 1750 2231 1804; x_wconf 82' lang='lat' dir='ltr'><strong>grave</strong></span> <span class='ocrx_word' id='word_1_614' title='bbox 2271 1745 2380 1800; x_wconf 88' lang='lat' dir='ltr'><strong>est,</strong></span> <span class='ocrx_word' id='word_1_615' title='bbox 2432 1736 2663 1791; x_wconf 84' lang='lat' dir='ltr'><strong>maxime</strong></span> <span class='ocrx_word' id='word_1_616' title='bbox 2689 1751 2814 1790; x_wconf 84' lang='lat' dir='ltr'><strong>vero</strong></span> <span class='ocrx_word' id='word_1_617' title='bbox 2841 1751 2959 1790; x_wconf 88' lang='lat' dir='ltr'><strong>cum</strong></span> <span class='ocrx_word' id='word_1_618' title='bbox 2996 1736 3047 1789; x_wconf 93' lang='lat' dir='ltr'><strong>in</strong></span> <span class='ocrx_word' id='word_1_619' title='bbox 3091 1734 3332 1790; x_wconf 83' lang='lat' dir='ltr'><strong>muliebri</strong></span> <span class='ocrx_word' id='word_1_620' title='bbox 3378 1749 3508 1788; x_wconf 81' lang='lat' dir='ltr'><strong>sexu</strong></span> 
     </span>
    </p>
   </div>
   <div class='ocr_carea' id='block_1_78' title="bbox 1927 1825 3512 1896">
    <p class='ocr_par' dir='ltr' id='par_1_78' title="bbox 1927 1825 3512 1896">
     <span class='ocr_line' id='line_1_78' title="bbox 1927 1825 3512 1896; baseline -0.001 -16"><span class='ocrx_word' id='word_1_621' title='bbox 1927 1825 2182 1880; x_wconf 81' lang='lat' dir='ltr'><strong>exoritur.</strong></span> <span class='ocrx_word' id='word_1_622' title='bbox 2236 1827 2359 1880; x_wconf 86' lang='lat' dir='ltr'><strong>Alto</strong></span> <span class='ocrx_word' id='word_1_623' title='bbox 2398 1827 2539 1881; x_wconf 84' lang='lat' dir='ltr'><strong>enim</strong></span> <span class='ocrx_word' id='word_1_624' title='bbox 2569 1826 2757 1896; x_wconf 88' lang='lat' dir='ltr'><strong>spiritu</strong></span> <span class='ocrx_word' id='word_1_625' title='bbox 2789 1825 2947 1896; x_wconf 91' lang='lat' dir='ltr'><strong>plena</strong></span> <span class='ocrx_word' id='word_1_626' title='bbox 2973 1826 3192 1892; x_wconf 90' lang='lat' dir='ltr'><strong>mulier,</strong></span> <span class='ocrx_word' id='word_1_627' title='bbox 3223 1834 3407 1894; x_wconf 87' lang='lat' dir='ltr'><strong>utpote</strong></span> <span class='ocrx_word' id='word_1_628' title='bbox 3438 1826 3512 1879; x_wconf 88' lang='lat' dir='ltr'><strong>lc-</strong></span> 
     </span>
    </p>
   </div>
   <div class='ocr_carea' id='block_1_79' title="bbox 1925 1915 3512 1986">
    <p class='ocr_par' dir='ltr' id='par_1_79' title="bbox 1925 1915 3512 1986">
     <span class='ocr_line' id='line_1_79' title="bbox 1925 1915 3512 1986; baseline -0.001 -16"><span class='ocrx_word' id='word_1_629' title='bbox 1925 1916 2043 1970; x_wconf 89' lang='lat' dir='ltr'><strong>vior</strong></span> <span class='ocrx_word' id='word_1_630' title='bbox 2066 1925 2121 1971; x_wconf 90' lang='lat' dir='ltr'><strong>et</strong></span> <span class='ocrx_word' id='word_1_631' title='bbox 2150 1916 2595 1984; x_wconf 80' lang='lat' dir='ltr'><strong>irrationabilior,</strong></span> <span class='ocrx_word' id='word_1_632' title='bbox 2626 1917 2780 1972; x_wconf 86' lang='lat' dir='ltr'><strong>facile</strong></span> <span class='ocrx_word' id='word_1_633' title='bbox 2811 1917 3135 1986; x_wconf 88' lang='lat' dir='ltr'><strong>pervertitur</strong></span> <span class='ocrx_word' id='word_1_634' title='bbox 3158 1957 3172 1980; x_wconf 91' lang='lat'><strong>,</strong></span> <span class='ocrx_word' id='word_1_635' title='bbox 3210 1915 3512 1984; x_wconf 85' lang='lat' dir='ltr'><strong>submergi—</strong></span> 
     </span>
    </p>
   </div>
   <div class='ocr_carea' id='block_1_80' title="bbox 1929 2005 3509 2078">
    <p class='ocr_par' dir='ltr' id='par_1_80' title="bbox 1929 2005 3509 2078">
     <span class='ocr_line' id='line_1_80' title="bbox 1929 2005 3509 2078; baseline 0 -19"><span class='ocrx_word' id='word_1_636' title='bbox 1929 2013 2044 2071; x_wconf 91' lang='lat' dir='ltr'><strong>tur,</strong></span> <span class='ocrx_word' id='word_1_637' title='bbox 2094 2005 2425 2078; x_wconf 84' lang='lat' dir='ltr'><strong>naufragium</strong></span> <span class='ocrx_word' id='word_1_638' title='bbox 2471 2009 2704 2076; x_wconf 88' lang='lat' dir='ltr'><strong>patitur,</strong></span> <span class='ocrx_word' id='word_1_639' title='bbox 2755 2007 2823 2061; x_wconf 91' lang='lat' dir='ltr'><strong>ab</strong></span> <span class='ocrx_word' id='word_1_640' title='bbox 2867 2007 3011 2062; x_wconf 92' lang='lat' dir='ltr'><strong>omni</strong></span> <span class='ocrx_word' id='word_1_641' title='bbox 3049 2007 3277 2076; x_wconf 88' lang='lat' dir='ltr'><strong>maligno</strong></span> <span class='ocrx_word' id='word_1_642' title='bbox 3325 2006 3509 2074; x_wconf 89' lang='lat' dir='ltr'><strong>spiritu</strong></span> 
     </span>
    </p>
   </div>
   <div class='ocr_carea' id='block_1_81' title="bbox 1927 2095 3511 2169">
    <p class='ocr_par' dir='ltr' id='par_1_81' title="bbox 1927 2095 3511 2169">
     <span class='ocr_line' id='line_1_81' title="bbox 1927 2095 3511 2169; baseline -0.003 -17"><span class='ocrx_word' id='word_1_643' title='bbox 1927 2097 2174 2167; x_wconf 87' lang='lat' dir='ltr'><strong>impulsa,</strong></span> <span class='ocrx_word' id='word_1_644' title='bbox 2208 2098 2341 2152; x_wconf 90' lang='lat' dir='ltr'><strong>fastu</strong></span> <span class='ocrx_word' id='word_1_645' title='bbox 2374 2108 2428 2154; x_wconf 91' lang='lat' dir='ltr'><strong>et</strong></span> <span class='ocrx_word' id='word_1_646' title='bbox 2458 2098 2755 2169; x_wconf 84' lang='lat' dir='ltr'><strong>arrogantia</strong></span> <span class='ocrx_word' id='word_1_647' title='bbox 2789 2098 2953 2167; x_wconf 78' lang='lat' dir='ltr'><strong>ipsam</strong></span> <span class='ocrx_word' id='word_1_648' title='bbox 2986 2096 3382 2166; x_wconf 86' lang='lat' dir='ltr'><strong>submergente.</strong></span> <span class='ocrx_word' id='word_1_649' title='bbox 3420 2095 3511 2148; x_wconf 79' lang='lat' dir='ltr'><strong>Vi-</strong></span> 
     </span>
    </p>
   </div>
   <div class='ocr_carea' id='block_1_82' title="bbox 1925 2187 3509 2262">
    <p class='ocr_par' dir='ltr' id='par_1_82' title="bbox 1925 2187 3509 2262">
     <span class='ocr_line' id='line_1_82' title="bbox 1925 2187 3509 2262; baseline -0.004 -15"><span class='ocrx_word' id='word_1_650' title='bbox 1925 2191 2082 2247; x_wconf 90' lang='lat' dir='ltr'><strong>detur</strong></span> <span class='ocrx_word' id='word_1_651' title='bbox 2123 2207 2283 2262; x_wconf 90' lang='lat' dir='ltr'><strong>porro</strong></span> <span class='ocrx_word' id='word_1_652' title='bbox 2322 2191 2795 2261; x_wconf 84' lang='lat' dir='ltr'><strong>Jerosolymitanas</strong></span> <span class='ocrx_word' id='word_1_653' title='bbox 2843 2189 3095 2244; x_wconf 89' lang='lat' dir='ltr'><strong>mulieres</strong></span> <span class='ocrx_word' id='word_1_654' title='bbox 3139 2188 3336 2257; x_wconf 85' lang='lat' dir='ltr'><strong>alloqui</strong></span> <span class='ocrx_word' id='word_1_655' title='bbox 3371 2206 3384 2241; x_wconf 88' lang='lat'><strong>:</strong></span> <span class='ocrx_word' id='word_1_656' title='bbox 3424 2187 3509 2240; x_wconf 87' lang='lat' dir='ltr'><strong>id-</strong></span> 
     </span>
    </p>
   </div>
   <div class='ocr_carea' id='block_1_83' title="bbox 1925 2279 3507 2357">
    <p class='ocr_par' dir='ltr' id='par_1_83' title="bbox 1925 2279 3507 2357">
     <span class='ocr_line' id='line_1_83' title="bbox 1925 2279 3507 2357; baseline -0.005 -16"><span class='ocrx_word' id='word_1_657' title='bbox 1925 2300 2096 2357; x_wconf 87' lang='lat' dir='ltr'><strong>eoque</strong></span> <span class='ocrx_word' id='word_1_658' title='bbox 2125 2285 2258 2338; x_wconf 88' lang='lat' dir='ltr'><strong>filias</strong></span> <span class='ocrx_word' id='word_1_659' title='bbox 2288 2285 2414 2341; x_wconf 89' lang='lat' dir='ltr'><strong>Sion</strong></span> <span class='ocrx_word' id='word_1_660' title='bbox 2445 2287 2671 2339; x_wconf 86' lang='lat' dir='ltr'><strong>vocavit.</strong></span> <span class='ocrx_word' id='word_1_661' title='bbox 2701 2282 2764 2336; x_wconf 86' lang='lat' dir='ltr'><strong>Et</strong></span> <span class='ocrx_word' id='word_1_662' title='bbox 2789 2282 3170 2336; x_wconf 86' lang='lat' dir='ltr'><strong>ambulaverunt</strong></span> <span class='ocrx_word' id='word_1_663' title='bbox 3197 2281 3327 2334; x_wconf 88' lang='lat' dir='ltr'><strong>elato</strong></span> <span class='ocrx_word' id='word_1_664' title='bbox 3353 2279 3507 2334; x_wconf 87' lang='lat' dir='ltr'><strong>collo.</strong></span> 
     </span>
    </p>
   </div>
   <div class='ocr_carea' id='block_1_84' title="bbox 1928 2369 3508 2441">
    <p class='ocr_par' dir='ltr' id='par_1_84' title="bbox 1928 2369 3508 2441">
     <span class='ocr_line' id='line_1_84' title="bbox 1928 2369 3508 2441; baseline -0.006 -10"><span class='ocrx_word' id='word_1_665' title='bbox 1928 2376 2022 2431; x_wconf 85' lang='lat' dir='ltr'><strong>Hic</strong></span> <span class='ocrx_word' id='word_1_666' title='bbox 2050 2376 2170 2430; x_wconf 92' lang='lat' dir='ltr'><strong>illas</strong></span> <span class='ocrx_word' id='word_1_667' title='bbox 2192 2374 2439 2441; x_wconf 87' lang='lat' dir='ltr'><strong>traducit,</strong></span> <span class='ocrx_word' id='word_1_668' title='bbox 2479 2388 2541 2430; x_wconf 89' lang='lat' dir='ltr'><strong>ac</strong></span> <span class='ocrx_word' id='word_1_669' title='bbox 2568 2373 2879 2428; x_wconf 89' lang='lat' dir='ltr'><strong>muliebrem</strong></span> <span class='ocrx_word' id='word_1_670' title='bbox 2908 2369 3144 2426; x_wconf 89' lang='lat' dir='ltr'><strong>ostendit</strong></span> <span class='ocrx_word' id='word_1_671' title='bbox 3173 2371 3385 2431; x_wconf 87' lang='lat' dir='ltr'><strong>fastum,</strong></span> <span class='ocrx_word' id='word_1_672' title='bbox 3419 2369 3508 2437; x_wconf 87' lang='lat' dir='ltr'><strong>qui</strong></span> 
     </span>
    </p>
   </div>
   <div class='ocr_carea' id='block_1_85' title="bbox 1927 2461 3509 2539">
    <p class='ocr_par' dir='ltr' id='par_1_85' title="bbox 1927 2461 3509 2539">
     <span class='ocr_line' id='line_1_85' title="bbox 1927 2461 3509 2539; baseline -0.007 -14"><span class='ocrx_word' id='word_1_673' title='bbox 1927 2485 2032 2525; x_wconf 91' lang='lat' dir='ltr'><strong>non</strong></span> <span class='ocrx_word' id='word_1_674' title='bbox 2065 2475 2240 2539; x_wconf 86' lang='lat' dir='ltr'><strong>potest</strong></span> <span class='ocrx_word' id='word_1_675' title='bbox 2282 2469 2335 2523; x_wconf 94' lang='lat' dir='ltr'><strong>in</strong></span> <span class='ocrx_word' id='word_1_676' title='bbox 2382 2467 2560 2521; x_wconf 89' lang='lat' dir='ltr'><strong>animo</strong></span> <span class='ocrx_word' id='word_1_677' title='bbox 2586 2480 2645 2521; x_wconf 89' lang='lat' dir='ltr'><strong>se</strong></span> <span class='ocrx_word' id='word_1_678' title='bbox 2680 2464 2955 2520; x_wconf 92' lang='lat' dir='ltr'><strong>continere</strong></span> <span class='ocrx_word' id='word_1_679' title='bbox 2976 2504 2993 2528; x_wconf 93' lang='lat'><strong>,</strong></span> <span class='ocrx_word' id='word_1_680' title='bbox 3026 2461 3120 2518; x_wconf 92' lang='lat' dir='ltr'><strong>sed</strong></span> <span class='ocrx_word' id='word_1_681' title='bbox 3149 2461 3414 2531; x_wconf 89' lang='lat' dir='ltr'><strong>erumpit,</strong></span> <span class='ocrx_word' id='word_1_682' title='bbox 3446 2475 3509 2515; x_wconf 89' lang='lat' dir='ltr'><strong>ac</strong></span> 
     </span>
    </p>
   </div>
   <div class='ocr_carea' id='block_1_86' title="bbox 1925 2552 3505 2632">
    <p class='ocr_par' dir='ltr' id='par_1_86' title="bbox 1925 2552 3505 2632">
     <span class='ocr_line' id='line_1_86' title="bbox 1925 2552 3505 2632; baseline -0.008 -15"><span class='ocrx_word' id='word_1_683' title='bbox 1925 2575 2023 2632; x_wconf 89' lang='lat' dir='ltr'><strong>per</strong></span> <span class='ocrx_word' id='word_1_684' title='bbox 2045 2574 2335 2630; x_wconf 89' lang='lat' dir='ltr'><strong>corporeos</strong></span> <span class='ocrx_word' id='word_1_685' title='bbox 2373 2569 2548 2614; x_wconf 91' lang='lat' dir='ltr'><strong>motus</strong></span> <span class='ocrx_word' id='word_1_686' title='bbox 2569 2572 2688 2613; x_wconf 89' lang='lat' dir='ltr'><strong>sese</strong></span> <span class='ocrx_word' id='word_1_687' title='bbox 2714 2555 2911 2626; x_wconf 88' lang='lat' dir='ltr'><strong>prodit.</strong></span> <span class='ocrx_word' id='word_1_688' title='bbox 2938 2553 3046 2609; x_wconf 81' lang='lat' dir='ltr'><strong>Nec</strong></span> <span class='ocrx_word' id='word_1_689' title='bbox 3081 2553 3131 2607; x_wconf 92' lang='lat' dir='ltr'><strong>iu</strong></span> <span class='ocrx_word' id='word_1_690' title='bbox 3153 2552 3505 2622; x_wconf 82' lang='lat' dir='ltr'><strong>arrogantiam</strong></span> 
     </span>
    </p>
   </div>
   <div class='ocr_carea' id='block_1_87' title="bbox 1926 2645 3503 2718">
    <p class='ocr_par' dir='ltr' id='par_1_87' title="bbox 1926 2645 3503 2718">
     <span class='ocr_line' id='line_1_87' title="bbox 1926 2645 3503 2718; baseline -0.005 -10"><span class='ocrx_word' id='word_1_691' title='bbox 1926 2653 2120 2718; x_wconf 91' lang='lat' dir='ltr'><strong>modo,</strong></span> <span class='ocrx_word' id='word_1_692' title='bbox 2171 2651 2266 2708; x_wconf 88' lang='lat' dir='ltr'><strong>sed</strong></span> <span class='ocrx_word' id='word_1_693' title='bbox 2312 2651 2471 2707; x_wconf 88' lang='lat' dir='ltr'><strong>etiam</strong></span> <span class='ocrx_word' id='word_1_694' title='bbox 2517 2651 2569 2706; x_wconf 91' lang='lat' dir='ltr'><strong>in</strong></span> <span class='ocrx_word' id='word_1_695' title='bbox 2615 2649 2886 2705; x_wconf 89' lang='lat' dir='ltr'><strong>lasciviam</strong></span> <span class='ocrx_word' id='word_1_696' title='bbox 2918 2648 3035 2702; x_wconf 89' lang='lat' dir='ltr'><strong>illas</strong></span> <span class='ocrx_word' id='word_1_697' title='bbox 3061 2646 3281 2718; x_wconf 88' lang='lat' dir='ltr'><strong>dcjicit;</strong></span> <span class='ocrx_word' id='word_1_698' title='bbox 3327 2645 3428 2699; x_wconf 80' lang='lat' dir='ltr'><strong>ltoe</strong></span> <span class='ocrx_word' id='word_1_699' title='bbox 3456 2646 3503 2700; x_wconf 91' lang='lat' dir='ltr'><strong>in</strong></span> 
     </span>
    </p>
   </div>
   <div class='ocr_carea' id='block_1_88' title="bbox 1927 2737 3506 2816">
    <p class='ocr_par' dir='ltr' id='par_1_88' title="bbox 1927 2737 3506 2816">
     <span class='ocr_line' id='line_1_88' title="bbox 1927 2737 3506 2816; baseline -0.007 -16"><span class='ocrx_word' id='word_1_700' title='bbox 1927 2744 2270 2816; x_wconf 82' lang='lat' dir='ltr'><strong>sequentibus</strong></span> <span class='ocrx_word' id='word_1_701' title='bbox 2296 2743 2424 2799; x_wconf 92' lang='lat' dir='ltr'><strong>dicit</strong></span> <span class='ocrx_word' id='word_1_702' title='bbox 2450 2752 2504 2799; x_wconf 91' lang='lat' dir='ltr'><strong>et</strong></span> <span class='ocrx_word' id='word_1_703' title='bbox 2529 2743 2781 2798; x_wconf 88' lang='lat' dir='ltr'><strong>declarat.</strong></span> <span class='ocrx_word' id='word_1_704' title='bbox 2832 2739 3009 2811; x_wconf 83' lang='lat' dir='ltr'><strong>Pergit</strong></span> <span class='ocrx_word' id='word_1_705' title='bbox 3042 2740 3201 2809; x_wconf 83' lang='lat' dir='ltr'><strong>igitur</strong></span> <span class='ocrx_word' id='word_1_706' title='bbox 3230 2756 3243 2792; x_wconf 90' lang='lat'><strong>:</strong></span> <span class='ocrx_word' id='word_1_707' title='bbox 3272 2737 3340 2792; x_wconf 86' lang='lat' dir='ltr'><strong>Et</strong></span> <span class='ocrx_word' id='word_1_708' title='bbox 3368 2739 3506 2792; x_wconf 81' lang='lat' dir='ltr'><strong>nuti-</strong></span> 
     </span>
    </p>
   </div>
   <div class='ocr_carea' id='block_1_89' title="bbox 1926 2832 3507 2906">
    <p class='ocr_par' dir='ltr' id='par_1_89' title="bbox 1926 2832 3507 2906">
     <span class='ocr_line' id='line_1_89' title="bbox 1926 2832 3507 2906; baseline -0.006 -15"><span class='ocrx_word' id='word_1_709' title='bbox 1926 2836 2017 2892; x_wconf 89' lang='lat' dir='ltr'><strong>bus</strong></span> <span class='ocrx_word' id='word_1_710' title='bbox 2038 2835 2331 2902; x_wconf 86' lang='lat' dir='ltr'><strong>oculorum,</strong></span> <span class='ocrx_word' id='word_1_711' title='bbox 2363 2835 2413 2890; x_wconf 91' lang='lat' dir='ltr'><strong>id</strong></span> <span class='ocrx_word' id='word_1_712' title='bbox 2451 2835 2590 2906; x_wconf 91' lang='lat' dir='ltr'><strong>quod</strong></span> <span class='ocrx_word' id='word_1_713' title='bbox 2615 2834 2937 2889; x_wconf 89' lang='lat' dir='ltr'><strong>amasiarum</strong></span> <span class='ocrx_word' id='word_1_714' title='bbox 2963 2832 3236 2902; x_wconf 86' lang='lat' dir='ltr'><strong>proprium</strong></span> <span class='ocrx_word' id='word_1_715' title='bbox 3259 2839 3371 2895; x_wconf 86' lang='lat' dir='ltr'><strong>est,</strong></span> <span class='ocrx_word' id='word_1_716' title='bbox 3411 2845 3507 2898; x_wconf 89' lang='lat' dir='ltr'><strong>pu-</strong></span> 
     </span>
    </p>
   </div>
   <div class='ocr_carea' id='block_1_90' title="bbox 1927 2919 3506 3000">
    <p class='ocr_par' dir='ltr' id='par_1_90' title="bbox 1927 2919 3506 3000">
     <span class='ocr_line' id='line_1_90' title="bbox 1927 2919 3506 3000; baseline -0.005 -18"><span class='ocrx_word' id='word_1_717' title='bbox 1927 2929 2081 3000; x_wconf 90' lang='lat' dir='ltr'><strong>pillas</strong></span> <span class='ocrx_word' id='word_1_718' title='bbox 2107 2935 2336 2992; x_wconf 86' lang='lat' dir='ltr'><strong>vertere,</strong></span> <span class='ocrx_word' id='word_1_719' title='bbox 2363 2926 2742 2997; x_wconf 88' lang='lat' dir='ltr'><strong>mollitiemque</strong></span> <span class='ocrx_word' id='word_1_720' title='bbox 2773 2924 2989 2980; x_wconf 89' lang='lat' dir='ltr'><strong>multam</strong></span> <span class='ocrx_word' id='word_1_721' title='bbox 3011 2933 3064 2979; x_wconf 90' lang='lat' dir='ltr'><strong>et</strong></span> <span class='ocrx_word' id='word_1_722' title='bbox 3094 2922 3362 2976; x_wconf 81' lang='lat' dir='ltr'><strong>lasciviam</strong></span> <span class='ocrx_word' id='word_1_723' title='bbox 3384 2919 3506 2974; x_wconf 86' lang='lat' dir='ltr'><strong>hinc</strong></span> 
     </span>
    </p>
   </div>
   <div class='ocr_carea' id='block_1_91' title="bbox 1926 3012 3507 3091">
    <p class='ocr_par' dir='ltr' id='par_1_91' title="bbox 1926 3012 3507 3091">
     <span class='ocr_line' id='line_1_91' title="bbox 1926 3012 3507 3091; baseline -0.008 -14"><span class='ocrx_word' id='word_1_724' title='bbox 1926 3020 2262 3091; x_wconf 81' lang='lat' dir='ltr'><strong>exprimere;</strong></span> <span class='ocrx_word' id='word_1_725' title='bbox 2312 3019 2553 3074; x_wconf 85' lang='lat' dir='ltr'><strong>mollitiei</strong></span> <span class='ocrx_word' id='word_1_726' title='bbox 2581 3028 2755 3073; x_wconf 90' lang='lat' dir='ltr'><strong>autem</strong></span> <span class='ocrx_word' id='word_1_727' title='bbox 2795 3032 2858 3072; x_wconf 88' lang='lat' dir='ltr'><strong>ac</strong></span> <span class='ocrx_word' id='word_1_728' title='bbox 2901 3015 3130 3071; x_wconf 75' lang='lat' dir='ltr'><strong>lascivia:</strong></span> <span class='ocrx_word' id='word_1_729' title='bbox 3171 3015 3373 3067; x_wconf 89' lang='lat' dir='ltr'><strong>nullum</strong></span> <span class='ocrx_word' id='word_1_730' title='bbox 3407 3012 3507 3066; x_wconf 87' lang='lat' dir='ltr'><strong>hoc</strong></span> 
     </span>
    </p>
   </div>
   <div class='ocr_carea' id='block_1_92' title="bbox 1928 3103 3510 3181">
    <p class='ocr_par' dir='ltr' id='par_1_92' title="bbox 1928 3103 3510 3181">
     <span class='ocr_line' id='line_1_92' title="bbox 1928 3103 3510 3181; baseline -0.006 -16"><span class='ocrx_word' id='word_1_731' title='bbox 1928 3111 2099 3181; x_wconf 89' lang='lat' dir='ltr'><strong>majus</strong></span> <span class='ocrx_word' id='word_1_732' title='bbox 2137 3108 2387 3164; x_wconf 88' lang='lat' dir='ltr'><strong>indicium</strong></span> <span class='ocrx_word' id='word_1_733' title='bbox 2436 3107 2674 3163; x_wconf 83' lang='lat' dir='ltr'><strong>habetur.</strong></span> <span class='ocrx_word' id='word_1_734' title='bbox 2727 3106 2792 3160; x_wconf 83' lang='lat' dir='ltr'><strong>Et</strong></span> <span class='ocrx_word' id='word_1_735' title='bbox 2823 3107 3021 3160; x_wconf 84' lang='lat' dir='ltr'><strong>incessu</strong></span> <span class='ocrx_word' id='word_1_736' title='bbox 3048 3103 3229 3174; x_wconf 88' lang='lat' dir='ltr'><strong>pedum</strong></span> <span class='ocrx_word' id='word_1_737' title='bbox 3258 3103 3510 3155; x_wconf 76' lang='lat' dir='ltr'><strong>trahentes</strong></span> 
     </span>
    </p>
   </div>
   <div class='ocr_carea' id='block_1_93' title="bbox 1927 3191 3506 3267">
    <p class='ocr_par' dir='ltr' id='par_1_93' title="bbox 1927 3191 3506 3267">
     <span class='ocr_line' id='line_1_93' title="bbox 1927 3191 3506 3267; baseline -0.008 -9"><span class='ocrx_word' id='word_1_738' title='bbox 1927 3203 2077 3258; x_wconf 86' lang='lat' dir='ltr'><strong>simul</strong></span> <span class='ocrx_word' id='word_1_739' title='bbox 2107 3201 2319 3254; x_wconf 81' lang='lat' dir='ltr'><strong>tunicas.</strong></span> <span class='ocrx_word' id='word_1_740' title='bbox 2352 3198 2466 3253; x_wconf 87' lang='lat' dir='ltr'><strong>Non</strong></span> <span class='ocrx_word' id='word_1_741' title='bbox 2488 3199 2674 3267; x_wconf 78' lang='lat' dir='ltr'><strong>exigua</strong></span> <span class='ocrx_word' id='word_1_742' title='bbox 2697 3198 2812 3252; x_wconf 66' lang='lat' dir='ltr'><strong>lure</strong></span> <span class='ocrx_word' id='word_1_743' title='bbox 2831 3205 2915 3251; x_wconf 88' lang='lat' dir='ltr'><strong>est</strong></span> <span class='ocrx_word' id='word_1_744' title='bbox 2933 3194 3236 3249; x_wconf 90' lang='lat' dir='ltr'><strong>criminatio</strong></span> <span class='ocrx_word' id='word_1_745' title='bbox 3257 3234 3271 3257; x_wconf 92' lang='lat'><strong>,</strong></span> <span class='ocrx_word' id='word_1_746' title='bbox 3299 3191 3506 3248; x_wconf 69' lang='lat' dir='ltr'><strong>etiamsi</strong></span> 
     </span>
    </p>
   </div>
   <div class='ocr_carea' id='block_1_94' title="bbox 1928 3283 3506 3365">
    <p class='ocr_par' dir='ltr' id='par_1_94' title="bbox 1928 3283 3506 3365">
     <span class='ocr_line' id='line_1_94' title="bbox 1928 3283 3506 3365; baseline -0.009 -16"><span class='ocrx_word' id='word_1_747' title='bbox 1928 3309 2092 3365; x_wconf 84' lang='lat' dir='ltr'><strong>parva</strong></span> <span class='ocrx_word' id='word_1_748' title='bbox 2119 3290 2362 3348; x_wconf 90' lang='lat' dir='ltr'><strong>videatur</strong></span> <span class='ocrx_word' id='word_1_749' title='bbox 2389 3305 2508 3345; x_wconf 90' lang='lat' dir='ltr'><strong>esse</strong></span> <span class='ocrx_word' id='word_1_750' title='bbox 2532 3329 2548 3355; x_wconf 93' lang='lat'><strong>,</strong></span> <span class='ocrx_word' id='word_1_751' title='bbox 2593 3287 2688 3344; x_wconf 89' lang='lat' dir='ltr'><strong>sed</strong></span> <span class='ocrx_word' id='word_1_752' title='bbox 2728 3297 2983 3341; x_wconf 79' lang='lat' dir='ltr'><strong>extrema:</strong></span> <span class='ocrx_word' id='word_1_753' title='bbox 3021 3295 3102 3341; x_wconf 91' lang='lat' dir='ltr'><strong>est</strong></span> <span class='ocrx_word' id='word_1_754' title='bbox 3151 3283 3506 3352; x_wconf 89' lang='lat' dir='ltr'><strong>corruptionis</strong></span> 
     </span>
    </p>
   </div>
   <div class='ocr_carea' id='block_1_95' title="bbox 1928 3371 3504 3456">
    <p class='ocr_par' dir='ltr' id='par_1_95' title="bbox 1928 3371 3504 3456">
     <span class='ocr_line' id='line_1_95' title="bbox 1928 3371 3504 3456; baseline -0.011 -17"><span class='ocrx_word' id='word_1_755' title='bbox 1928 3393 2297 3456; x_wconf 89' lang='lat' dir='ltr'><strong>argumentum</strong></span> <span class='ocrx_word' id='word_1_756' title='bbox 2312 3425 2326 3450; x_wconf 90' lang='lat'><strong>,</strong></span> <span class='ocrx_word' id='word_1_757' title='bbox 2353 3381 2590 3437; x_wconf 91' lang='lat' dir='ltr'><strong>mollitici</strong></span> <span class='ocrx_word' id='word_1_758' title='bbox 2612 3395 2823 3451; x_wconf 88' lang='lat' dir='ltr'><strong>nempe,</strong></span> <span class='ocrx_word' id='word_1_759' title='bbox 2849 3378 3096 3442; x_wconf 63' lang='lat' dir='ltr'><strong>lasciviae,</strong></span> <span class='ocrx_word' id='word_1_760' title='bbox 3119 3371 3504 3434; x_wconf 86' lang='lat' dir='ltr'><strong>dissolutionis,</strong></span> 
     </span>
    </p>
   </div>
   <div class='ocr_carea' id='block_1_96' title="bbox 1932 3469 3509 3542">
    <p class='ocr_par' dir='ltr' id='par_1_96' title="bbox 1932 3469 3509 3542">
     <span class='ocr_line' id='line_1_96' title="bbox 1932 3469 3509 3542; baseline -0.009 -9"><span class='ocrx_word' id='word_1_761' title='bbox 1932 3480 2104 3534; x_wconf 86' lang='lat' dir='ltr'><strong>tunica</strong></span> <span class='ocrx_word' id='word_1_762' title='bbox 2137 3477 2402 3532; x_wconf 88' lang='lat' dir='ltr'><strong>diffluens.</strong></span> <span class='ocrx_word' id='word_1_763' title='bbox 2453 3475 2566 3531; x_wconf 82' lang='lat' dir='ltr'><strong>Hoc</strong></span> <span class='ocrx_word' id='word_1_764' title='bbox 2600 3484 2914 3529; x_wconf 82' lang='lat' dir='ltr'><strong>exterarum</strong></span> <span class='ocrx_word' id='word_1_765' title='bbox 2957 3471 3217 3542; x_wconf 89' lang='lat' dir='ltr'><strong>quispiam</strong></span> <span class='ocrx_word' id='word_1_766' title='bbox 3261 3469 3509 3524; x_wconf 79' lang='lat' dir='ltr'><strong>adversa-</strong></span> 
     </span>
    </p>
   </div>
   <div class='ocr_carea' id='block_1_97' title="bbox 1929 3561 3510 3636">
    <p class='ocr_par' dir='ltr' id='par_1_97' title="bbox 1929 3561 3510 3636">
     <span class='ocr_line' id='line_1_97' title="bbox 1929 3561 3510 3636; baseline -0.008 -10"><span class='ocrx_word' id='word_1_767' title='bbox 1929 3571 2066 3626; x_wconf 90' lang='lat' dir='ltr'><strong>rium</strong></span> <span class='ocrx_word' id='word_1_768' title='bbox 2089 3584 2242 3625; x_wconf 89' lang='lat' dir='ltr'><strong>suum</strong></span> <span class='ocrx_word' id='word_1_769' title='bbox 2266 3569 2545 3622; x_wconf 83' lang='lat' dir='ltr'><strong>traducens</strong></span> <span class='ocrx_word' id='word_1_770' title='bbox 2574 3565 2651 3622; x_wconf 92' lang='lat' dir='ltr'><strong>sic</strong></span> <span class='ocrx_word' id='word_1_771' title='bbox 2676 3565 2936 3636; x_wconf 71' lang='lat' dir='ltr'><strong>eXpressit</strong></span> <span class='ocrx_word' id='word_1_772' title='bbox 2964 3581 2976 3616; x_wconf 91' lang='lat'><strong>:</strong></span> <span class='ocrx_word' id='word_1_773' title='bbox 3007 3562 3229 3616; x_wconf 86' lang='lat' dir='ltr'><strong>Pallium</strong></span> <span class='ocrx_word' id='word_1_774' title='bbox 3249 3561 3510 3614; x_wconf 79' lang='lat' dir='ltr'><strong>demitteus</strong></span> 
     </span>
    </p>
   </div>
   <div class='ocr_carea' id='block_1_98' title="bbox 1930 3649 3508 3734">
    <p class='ocr_par' dir='ltr' id='par_1_98' title="bbox 1930 3649 3508 3734">
     <span class='ocr_line' id='line_1_98' title="bbox 1930 3649 3508 3734; baseline -0.008 -18"><span class='ocrx_word' id='word_1_775' title='bbox 1930 3679 2085 3734; x_wconf 78' lang='lat' dir='ltr'><strong>usque</strong></span> <span class='ocrx_word' id='word_1_776' title='bbox 2113 3661 2180 3715; x_wconf 89' lang='lat' dir='ltr'><strong>ad</strong></span> <span class='ocrx_word' id='word_1_777' title='bbox 2204 3660 2330 3714; x_wconf 87' lang='lat' dir='ltr'><strong>talos</strong></span> <span class='ocrx_word' id='word_1_778' title='bbox 2363 3660 2460 3731; x_wconf 90' lang='lat' dir='ltr'><strong>(b).</strong></span> <span class='ocrx_word' id='word_1_779' title='bbox 2507 3657 2771 3728; x_wconf 86' lang='lat' dir='ltr'><strong>Simulque</strong></span> <span class='ocrx_word' id='word_1_780' title='bbox 2804 3654 3008 3727; x_wconf 83' lang='lat' dir='ltr'><strong>pedibus</strong></span> <span class='ocrx_word' id='word_1_781' title='bbox 3043 3654 3287 3707; x_wconf 86' lang='lat' dir='ltr'><strong>ludentes.</strong></span> <span class='ocrx_word' id='word_1_782' title='bbox 3318 3651 3382 3706; x_wconf 80' lang='lat' dir='ltr'><strong>Et</strong></span> <span class='ocrx_word' id='word_1_783' title='bbox 3408 3649 3508 3704; x_wconf 87' lang='lat' dir='ltr'><strong>hoc</strong></span> 
     </span>
    </p>
   </div>
   <div class='ocr_carea' id='block_1_99' title="bbox 1931 3742 3510 3821">
    <p class='ocr_par' dir='ltr' id='par_1_99' title="bbox 1931 3742 3510 3821">
     <span class='ocr_line' id='line_1_99' title="bbox 1931 3742 3510 3821; baseline -0.008 -13"><span class='ocrx_word' id='word_1_784' title='bbox 1931 3767 2140 3808; x_wconf 80' lang='lat' dir='ltr'><strong>rursum</strong></span> <span class='ocrx_word' id='word_1_785' title='bbox 2169 3750 2406 3821; x_wconf 88' lang='lat' dir='ltr'><strong>ejusdem</strong></span> <span class='ocrx_word' id='word_1_786' title='bbox 2448 3749 2790 3819; x_wconf 88' lang='lat' dir='ltr'><strong>turpitudinis</strong></span> <span class='ocrx_word' id='word_1_787' title='bbox 2830 3745 3212 3802; x_wconf 81' lang='lat' dir='ltr'><strong>demonstratio</strong></span> <span class='ocrx_word' id='word_1_788' title='bbox 3250 3752 3351 3798; x_wconf 91' lang='lat' dir='ltr'><strong>est.</strong></span> <span class='ocrx_word' id='word_1_789' title='bbox 3408 3742 3510 3796; x_wconf 83' lang='lat' dir='ltr'><strong>Per</strong></span> 
     </span>
    </p>
   </div>
   <div class='ocr_carea' id='block_1_100' title="bbox 1931 3835 3510 3910">
    <p class='ocr_par' dir='ltr' id='par_1_100' title="bbox 1931 3835 3510 3910">
     <span class='ocr_line' id='line_1_100' title="bbox 1931 3835 3510 3910; baseline -0.008 -12"><span class='ocrx_word' id='word_1_790' title='bbox 1931 3842 2047 3898; x_wconf 73' lang='lat' dir='ltr'><strong>haze</strong></span> <span class='ocrx_word' id='word_1_791' title='bbox 2073 3843 2214 3898; x_wconf 92' lang='lat' dir='ltr'><strong>enim</strong></span> <span class='ocrx_word' id='word_1_792' title='bbox 2259 3841 2467 3905; x_wconf 88' lang='lat' dir='ltr'><strong>omnia,</strong></span> <span class='ocrx_word' id='word_1_793' title='bbox 2523 3855 2617 3910; x_wconf 91' lang='lat' dir='ltr'><strong>per</strong></span> <span class='ocrx_word' id='word_1_794' title='bbox 2645 3837 2861 3902; x_wconf 85' lang='lat' dir='ltr'><strong>oculos,</strong></span> <span class='ocrx_word' id='word_1_795' title='bbox 2903 3852 3000 3907; x_wconf 91' lang='lat' dir='ltr'><strong>per</strong></span> <span class='ocrx_word' id='word_1_796' title='bbox 3030 3835 3371 3899; x_wconf 85' lang='lat' dir='ltr'><strong>vestimenta,</strong></span> <span class='ocrx_word' id='word_1_797' title='bbox 3417 3846 3510 3901; x_wconf 88' lang='lat' dir='ltr'><strong>per</strong></span> 
     </span>
    </p>
   </div>
   <div class='ocr_carea' id='block_1_101' title="bbox 1931 3923 3509 4010">
    <p class='ocr_par' dir='ltr' id='par_1_101' title="bbox 1931 3923 3509 4010">
     <span class='ocr_line' id='line_1_101' title="bbox 1931 3923 3509 4010; baseline -0.009 -18"><span class='ocrx_word' id='word_1_798' title='bbox 1931 3936 2092 4010; x_wconf 87' lang='lat' dir='ltr'><strong>pedes</strong></span> <span class='ocrx_word' id='word_1_799' title='bbox 2117 3977 2132 4004; x_wconf 93' lang='lat'><strong>,</strong></span> <span class='ocrx_word' id='word_1_800' title='bbox 2167 3951 2261 4006; x_wconf 89' lang='lat' dir='ltr'><strong>per</strong></span> <span class='ocrx_word' id='word_1_801' title='bbox 2289 3935 2553 3989; x_wconf 88' lang='lat' dir='ltr'><strong>incessum</strong></span> <span class='ocrx_word' id='word_1_802' title='bbox 2581 3973 2594 3996; x_wconf 91' lang='lat'><strong>,</strong></span> <span class='ocrx_word' id='word_1_803' title='bbox 2641 3947 2733 3986; x_wconf 84' lang='lat' dir='ltr'><strong>seu</strong></span> <span class='ocrx_word' id='word_1_804' title='bbox 2763 3931 2978 3984; x_wconf 87' lang='lat' dir='ltr'><strong>castitas</strong></span> <span class='ocrx_word' id='word_1_805' title='bbox 3010 3942 3106 3983; x_wconf 91' lang='lat' dir='ltr'><strong>seu</strong></span> <span class='ocrx_word' id='word_1_806' title='bbox 3149 3923 3360 3981; x_wconf 86' lang='lat' dir='ltr'><strong>lascivia</strong></span> <span class='ocrx_word' id='word_1_807' title='bbox 3389 3937 3509 3979; x_wconf 80' lang='lat' dir='ltr'><strong>sese</strong></span> 
     </span>
    </p>
   </div>
   <div class='ocr_carea' id='block_1_102' title="bbox 1931 4021 3512 4100">
    <p class='ocr_par' dir='ltr' id='par_1_102' title="bbox 1931 4021 3512 4100">
     <span class='ocr_line' id='line_1_102' title="bbox 1931 4021 3512 4100; baseline -0.009 -18"><span class='ocrx_word' id='word_1_808' title='bbox 1931 4027 2130 4100; x_wconf 85' lang='lat' dir='ltr'><strong>prodit.</strong></span> <span class='ocrx_word' id='word_1_809' title='bbox 2175 4026 2306 4081; x_wconf 84' lang='lat' dir='ltr'><strong>Nam</strong></span> <span class='ocrx_word' id='word_1_810' title='bbox 2349 4025 2491 4080; x_wconf 90' lang='lat' dir='ltr'><strong>intus</strong></span> <span class='ocrx_word' id='word_1_811' title='bbox 2534 4021 2772 4078; x_wconf 88' lang='lat' dir='ltr'><strong>sedentis</strong></span> <span class='ocrx_word' id='word_1_812' title='bbox 2810 4021 3002 4075; x_wconf 76' lang='lat' dir='ltr'><strong>anima:</strong></span> <span class='ocrx_word' id='word_1_813' title='bbox 3044 4031 3295 4074; x_wconf 88' lang='lat' dir='ltr'><strong>sensuum</strong></span> <span class='ocrx_word' id='word_1_814' title='bbox 3337 4025 3512 4070; x_wconf 87' lang='lat' dir='ltr'><strong>motus</strong></span> 
     </span>
    </p>
   </div>
   <div class='ocr_carea' id='block_1_103' title="bbox 1931 4105 3510 4191">
    <p class='ocr_par' dir='ltr' id='par_1_103' title="bbox 1931 4105 3510 4191">
     <span class='ocr_line' id='line_1_103' title="bbox 1931 4105 3510 4191; baseline -0.01 -17"><span class='ocrx_word' id='word_1_815' title='bbox 1931 4119 2080 4191; x_wconf 88' lang='lat' dir='ltr'><strong>quasi</strong></span> <span class='ocrx_word' id='word_1_816' title='bbox 2125 4132 2398 4190; x_wconf 74' lang='lat' dir='ltr'><strong>prtecoues</strong></span> <span class='ocrx_word' id='word_1_817' title='bbox 2425 4115 2640 4188; x_wconf 90' lang='lat' dir='ltr'><strong>quidam</strong></span> <span class='ocrx_word' id='word_1_818' title='bbox 2671 4121 2813 4169; x_wconf 88' lang='lat' dir='ltr'><strong>sunt.</strong></span> <span class='ocrx_word' id='word_1_819' title='bbox 2848 4114 2924 4167; x_wconf 78' lang='lat' dir='ltr'><strong>Ac</strong></span> <span class='ocrx_word' id='word_1_820' title='bbox 2947 4107 3394 4182; x_wconf 88' lang='lat' dir='ltr'><strong>quemadmodum</strong></span> <span class='ocrx_word' id='word_1_821' title='bbox 3427 4105 3510 4174; x_wconf 87' lang='lat' dir='ltr'><strong>pi-</strong></span> 
     </span>
    </p>
   </div>
   <div class='ocr_carea' id='block_1_104' title="bbox 1933 4199 3511 4280">
    <p class='ocr_par' dir='ltr' id='par_1_104' title="bbox 1933 4199 3511 4280">
     <span class='ocr_line' id='line_1_104' title="bbox 1933 4199 3511 4280; baseline -0.013 -10"><span class='ocrx_word' id='word_1_822' title='bbox 1933 4224 2110 4270; x_wconf 89' lang='lat' dir='ltr'><strong>ctores</strong></span> <span class='ocrx_word' id='word_1_823' title='bbox 2129 4212 2338 4268; x_wconf 82' lang='lat' dir='ltr'><strong>eolores</strong></span> <span class='ocrx_word' id='word_1_824' title='bbox 2361 4208 2618 4280; x_wconf 90' lang='lat' dir='ltr'><strong>quosdam</strong></span> <span class='ocrx_word' id='word_1_825' title='bbox 2643 4207 2946 4266; x_wconf 78' lang='lat' dir='ltr'><strong>miscentes,</strong></span> <span class='ocrx_word' id='word_1_826' title='bbox 2978 4199 3237 4270; x_wconf 89' lang='lat' dir='ltr'><strong>imagines</strong></span> <span class='ocrx_word' id='word_1_827' title='bbox 3264 4214 3396 4268; x_wconf 90' lang='lat' dir='ltr'><strong>quas</strong></span> <span class='ocrx_word' id='word_1_828' title='bbox 3421 4211 3511 4251; x_wconf 90' lang='lat' dir='ltr'><strong>vo-</strong></span> 
     </span>
    </p>
   </div>
   <div class='ocr_carea' id='block_1_105' title="bbox 1933 4288 3510 4374">
    <p class='ocr_par' dir='ltr' id='par_1_105' title="bbox 1933 4288 3510 4374">
     <span class='ocr_line' id='line_1_105' title="bbox 1933 4288 3510 4374; baseline -0.015 -11"><span class='ocrx_word' id='word_1_829' title='bbox 1933 4306 2049 4365; x_wconf 85' lang='lat' dir='ltr'><strong>lunt</strong></span> <span class='ocrx_word' id='word_1_830' title='bbox 2076 4302 2380 4374; x_wconf 85' lang='lat' dir='ltr'><strong>exprimunt</strong></span> <span class='ocrx_word' id='word_1_831' title='bbox 2414 4317 2430 4356; x_wconf 85' lang='lat'><strong>:</strong></span> <span class='ocrx_word' id='word_1_832' title='bbox 2465 4300 2543 4355; x_wconf 89' lang='lat' dir='ltr'><strong>sic</strong></span> <span class='ocrx_word' id='word_1_833' title='bbox 2567 4307 2621 4354; x_wconf 88' lang='lat' dir='ltr'><strong>et</strong></span> <span class='ocrx_word' id='word_1_834' title='bbox 2647 4305 2822 4351; x_wconf 87' lang='lat' dir='ltr'><strong>motus</strong></span> <span class='ocrx_word' id='word_1_835' title='bbox 2852 4294 3217 4351; x_wconf 89' lang='lat' dir='ltr'><strong>membrorum</strong></span> <span class='ocrx_word' id='word_1_836' title='bbox 3247 4288 3510 4359; x_wconf 89' lang='lat' dir='ltr'><strong>corporis,</strong></span> 
     </span>
    </p>
   </div>
   <div class='ocr_carea' id='block_1_106' title="bbox 1934 4378 3512 4458">
    <p class='ocr_par' dir='ltr' id='par_1_106' title="bbox 1934 4378 3512 4458">
     <span class='ocr_line' id='line_1_106' title="bbox 1934 4378 3512 4458; baseline -0.013 -4"><span class='ocrx_word' id='word_1_837' title='bbox 1934 4397 2096 4454; x_wconf 88' lang='lat' dir='ltr'><strong>animi</strong></span> <span class='ocrx_word' id='word_1_838' title='bbox 2126 4397 2463 4452; x_wconf 87' lang='lat' dir='ltr'><strong>characteres</strong></span> <span class='ocrx_word' id='word_1_839' title='bbox 2491 4390 2633 4447; x_wconf 90' lang='lat' dir='ltr'><strong>foras</strong></span> <span class='ocrx_word' id='word_1_840' title='bbox 2670 4395 2993 4458; x_wconf 79' lang='lat' dir='ltr'><strong>expromunt</strong></span> <span class='ocrx_word' id='word_1_841' title='bbox 3015 4426 3032 4451; x_wconf 92' lang='lat'><strong>,</strong></span> <span class='ocrx_word' id='word_1_842' title='bbox 3081 4392 3134 4439; x_wconf 92' lang='lat' dir='ltr'><strong>et</strong></span> <span class='ocrx_word' id='word_1_843' title='bbox 3173 4391 3298 4436; x_wconf 90' lang='lat' dir='ltr'><strong>ante</strong></span> <span class='ocrx_word' id='word_1_844' title='bbox 3325 4378 3512 4435; x_wconf 83' lang='lat' dir='ltr'><strong>oculos</strong></span> 
     </span>
    </p>
   </div>
   <div class='ocr_carea' id='block_1_107' title="bbox 1936 4473 3516 4559">
    <p class='ocr_par' dir='ltr' id='par_1_107' title="bbox 1936 4473 3516 4559">
     <span class='ocr_line' id='line_1_107' title="bbox 1936 4473 3516 4559; baseline -0.013 -13"><span class='ocrx_word' id='word_1_845' title='bbox 1936 4501 2146 4546; x_wconf 86' lang='lat' dir='ltr'><strong>nostros</strong></span> <span class='ocrx_word' id='word_1_846' title='bbox 2188 4497 2413 4559; x_wconf 92' lang='lat' dir='ltr'><strong>ponunt.</strong></span> <span class='ocrx_word' id='word_1_847' title='bbox 2463 4482 2820 4553; x_wconf 87' lang='lat' dir='ltr'><strong>Quamobrem</strong></span> <span class='ocrx_word' id='word_1_848' title='bbox 2851 4481 2985 4535; x_wconf 90' lang='lat' dir='ltr'><strong>alius</strong></span> <span class='ocrx_word' id='word_1_849' title='bbox 3011 4477 3274 4549; x_wconf 90' lang='lat' dir='ltr'><strong>quispiam</strong></span> <span class='ocrx_word' id='word_1_850' title='bbox 3299 4473 3516 4544; x_wconf 88' lang='lat' dir='ltr'><strong>sapiens</strong></span> 
     </span>
    </p>
   </div>
   <div class='ocr_carea' id='block_1_108' title="bbox 1935 4568 3517 4642">
    <p class='ocr_par' dir='ltr' id='par_1_108' title="bbox 1935 4568 3517 4642">
     <span class='ocr_line' id='line_1_108' title="bbox 1935 4568 3517 4642; baseline -0.012 -5"><span class='ocrx_word' id='word_1_851' title='bbox 1935 4581 2145 4637; x_wconf 90' lang='lat' dir='ltr'><strong>dicebat</strong></span> <span class='ocrx_word' id='word_1_852' title='bbox 2171 4595 2185 4633; x_wconf 93' lang='lat'>:</span> <span class='ocrx_word' id='word_1_853' title='bbox 2208 4578 2432 4633; x_wconf 78' lang='lat' dir='ltr'><strong>Amictus</strong></span> <span class='ocrx_word' id='word_1_854' title='bbox 2462 4576 2573 4642; x_wconf 76' lang='lat' dir='ltr'><strong>viri,</strong></span> <span class='ocrx_word' id='word_1_855' title='bbox 2602 4585 2652 4630; x_wconf 86' lang='lat' dir='ltr'><strong>et</strong></span> <span class='ocrx_word' id='word_1_856' title='bbox 2675 4575 2805 4628; x_wconf 91' lang='lat' dir='ltr'><strong>risus</strong></span> <span class='ocrx_word' id='word_1_857' title='bbox 2833 4572 3076 4637; x_wconf 79' lang='lat' dir='ltr'><strong>dentiant,</strong></span> <span class='ocrx_word' id='word_1_858' title='bbox 3108 4578 3153 4623; x_wconf 86' lang='lat' dir='ltr'><strong>et</strong></span> <span class='ocrx_word' id='word_1_859' title='bbox 3180 4568 3399 4622; x_wconf 83' lang='lat' dir='ltr'><strong>incessus</strong></span> <span class='ocrx_word' id='word_1_860' title='bbox 3429 4579 3517 4634; x_wconf 74' lang='grc' dir='ltr'><strong>νο-</strong></span> 
     </span>
    </p>
   </div>
   <div class='ocr_carea' id='block_1_109' title="bbox 1937 4659 3514 4739">
    <p class='ocr_par' dir='ltr' id='par_1_109' title="bbox 1937 4659 3514 4739">
     <span class='ocr_line' id='line_1_109' title="bbox 1937 4659 3514 4739; baseline -0.011 -12"><span class='ocrx_word' id='word_1_861' title='bbox 1937 4672 2020 4727; x_wconf 86' lang='lat' dir='ltr'><strong>dis</strong></span> <span class='ocrx_word' id='word_1_862' title='bbox 2041 4677 2488 4739; x_wconf 76' lang='lat' dir='ltr'><strong>annuntiantqutz</strong></span> <span class='ocrx_word' id='word_1_863' title='bbox 2513 4665 2583 4719; x_wconf 90' lang='lat' dir='ltr'><strong>ad</strong></span> <span class='ocrx_word' id='word_1_864' title='bbox 2603 4665 2775 4733; x_wconf 86' lang='lat' dir='ltr'><strong>ipsum</strong></span> <span class='ocrx_word' id='word_1_865' title='bbox 2795 4671 3048 4731; x_wconf 87' lang='lat' dir='ltr'><strong>spectant.</strong></span> <span class='ocrx_word' id='word_1_866' title='bbox 3073 4661 3256 4731; x_wconf 76' lang='lat' dir='ltr'><strong>(Eccli.</strong></span> <span class='ocrx_word' id='word_1_867' title='bbox 3284 4661 3368 4714; x_wconf 81' lang='lat' dir='ltr'><strong>l9.</strong></span> <span class='ocrx_word' id='word_1_868' title='bbox 3396 4659 3514 4728; x_wconf 70' lang='lat'><strong>9.7.)</strong></span> 
     </span>
    </p>
   </div>
   <div class='ocr_carea' id='block_1_110' title="bbox 2023 4807 3386 4884">
    <p class='ocr_par' dir='ltr' id='par_1_110' title="bbox 2023 4807 3386 4884">
     <span class='ocr_line' id='line_1_110' title="bbox 2023 4807 3386 4884; baseline -0.012 -13"><span class='ocrx_word' id='word_1_869' title='bbox 2023 4819 2075 4884; x_wconf 72' lang='grc' dir='ltr'><strong>ᾳ)</strong></span> <span class='ocrx_word' id='word_1_870' title='bbox 2095 4819 2192 4884; x_wconf 67' lang='lat' dir='ltr'><strong>ilic.</strong></span> <span class='ocrx_word' id='word_1_871' title='bbox 2210 4819 2338 4884; x_wconf 63' lang='lat' dir='ltr'><strong>Reg,</strong></span> <span class='ocrx_word' id='word_1_872' title='bbox 2360 4813 2618 4878; x_wconf 83' lang='lat' dir='ltr'><strong>subjungit</strong></span> <span class='ocrx_word' id='word_1_873' title='bbox 2637 4818 2802 4884; x_wconf 55' lang='lat' dir='ltr'><strong>totum</strong></span> <span class='ocrx_word' id='word_1_874' title='bbox 2814 4815 2964 4874; x_wconf 86' lang='lat' dir='ltr'><strong>caput</strong></span> <span class='ocrx_word' id='word_1_875' title='bbox 2982 4815 3210 4884; x_wconf 62' lang='lat' dir='ltr'><strong>quartum</strong></span> <span class='ocrx_word' id='word_1_876' title='bbox 3236 4807 3386 4857; x_wconf 71' lang='lat' dir='ltr'><strong>Isaias.</strong></span> 
     </span>
    </p>
   </div>
   <div class='ocr_carea' id='block_1_111' title="bbox 2027 4869 3519 4944">
    <p class='ocr_par' dir='ltr' id='par_1_111' title="bbox 2027 4869 3519 4944">
     <span class='ocr_line' id='line_1_111' title="bbox 2027 4869 3519 4944; baseline -0.01 -12"><span class='ocrx_word' id='word_1_877' title='bbox 2103 4869 2156 4930; x_wconf 87' lang='lat' dir='ltr'><strong>lu</strong></span> <span class='ocrx_word' id='word_1_878' title='bbox 2179 4869 2317 4944; x_wconf 65' lang='lat' dir='ltr'><strong>hunc</strong></span> <span class='ocrx_word' id='word_1_879' title='bbox 2329 4869 2488 4928; x_wconf 80' lang='lat' dir='ltr'><strong>locum</strong></span> <span class='ocrx_word' id='word_1_880' title='bbox 2508 4869 2649 4944; x_wconf 64' lang='lat' dir='ltr'><strong>notat</strong></span> <span class='ocrx_word' id='word_1_881' title='bbox 2675 4869 3020 4944; x_wconf 68' lang='lat' dir='ltr'><strong>Boisius&#39;apud</strong></span> <span class='ocrx_word' id='word_1_882' title='bbox 3041 4869 3276 4919; x_wconf 72' lang='lat' dir='ltr'><strong>SaVillum</strong></span> <span class='ocrx_word' id='word_1_883' title='bbox 3309 4885 3321 4918; x_wconf 91' lang='lat'><strong>:</strong></span> <span class='ocrx_word' id='word_1_884' title='bbox 3349 4884 3373 4940; x_wconf 35' lang='grc' dir='ltr'><strong>,ι</strong></span> <span class='ocrx_word' id='word_1_885' title='bbox 3406 4869 3519 4944; x_wconf 59' lang='lat' dir='ltr'><strong>ipse</strong></span> 
     </span>
    </p>
   </div>
   <div class='ocr_carea' id='block_1_112' title="bbox 1939 4928 3519 4995">
    <p class='ocr_par' dir='ltr' id='par_1_112' title="bbox 1939 4928 3519 4995">
     <span class='ocr_line' id='line_1_112' title="bbox 1939 4928 3519 4995; baseline -0.011 -1"><span class='ocrx_word' id='word_1_886' title='bbox 1939 4928 2080 4995; x_wconf 67' lang='grc' dir='ltr'><strong>1οέὗὲ</strong></span> <span class='ocrx_word' id='word_1_887' title='bbox 2101 4928 2314 4991; x_wconf 71' lang='lat' dir='ltr'><strong>nondum</strong></span> <span class='ocrx_word' id='word_1_888' title='bbox 2334 4940 2566 4993; x_wconf 88' lang='lat' dir='ltr'><strong>occurrit,</strong></span> <span class='ocrx_word' id='word_1_889' title='bbox 2590 4949 2686 4986; x_wconf 90' lang='lat' dir='ltr'><strong>nec</strong></span> <span class='ocrx_word' id='word_1_890' title='bbox 2715 4940 2852 4984; x_wconf 83' lang='lat' dir='ltr'><strong>vacat.</strong></span> <span class='ocrx_word' id='word_1_891' title='bbox 2874 4928 3003 4982; x_wconf 82' lang='lat' dir='ltr'><strong>nunc</strong></span> <span class='ocrx_word' id='word_1_892' title='bbox 3025 4944 3253 4994; x_wconf 64' lang='lat' dir='ltr'><strong>quaerere</strong></span> <span class='ocrx_word' id='word_1_893' title='bbox 3282 4945 3300 4995; x_wconf 13' lang='lat'><strong>:7</strong></span> <span class='ocrx_word' id='word_1_894' title='bbox 3320 4928 3519 4980; x_wconf 30' lang='lat' dir='ltr'><strong>siml—lli-</strong></span> 
     </span>
    </p>
   </div>
   <div class='ocr_carea' id='block_1_113' title="bbox 1940 4994 3521 5061">
    <p class='ocr_par' dir='ltr' id='par_1_113' title="bbox 1940 4994 3521 5061">
     <span class='ocr_line' id='line_1_113' title="bbox 1940 4994 3521 5061; baseline -0.011 -6"><span class='ocrx_word' id='word_1_895' title='bbox 1940 4994 2017 5055; x_wconf 89' lang='lat' dir='ltr'><strong>ma</strong></span> <span class='ocrx_word' id='word_1_896' title='bbox 2042 5011 2207 5054; x_wconf 84' lang='lat' dir='ltr'><strong>tamen</strong></span> <span class='ocrx_word' id='word_1_897' title='bbox 2229 5009 2346 5052; x_wconf 88' lang='lat' dir='ltr'><strong>sunt</strong></span> <span class='ocrx_word' id='word_1_898' title='bbox 2367 5008 2418 5050; x_wconf 92' lang='lat' dir='ltr'><strong>et</strong></span> <span class='ocrx_word' id='word_1_899' title='bbox 2450 4999 2672 5061; x_wconf 84' lang='lat' dir='ltr'><strong>ejusdem</strong></span> <span class='ocrx_word' id='word_1_900' title='bbox 2715 4999 2860 5058; x_wconf 88' lang='lat' dir='ltr'><strong>plane</strong></span> <span class='ocrx_word' id='word_1_901' title='bbox 2899 5003 3129 5061; x_wconf 56' lang='lat' dir='ltr'><strong>monetae,</strong></span> <span class='ocrx_word' id='word_1_902' title='bbox 3152 5005 3264 5053; x_wconf 69' lang='lat' dir='ltr'><strong>qua:</strong></span> <span class='ocrx_word' id='word_1_903' title='bbox 3289 4994 3339 5040; x_wconf 93' lang='lat' dir='ltr'><strong>in</strong></span> <span class='ocrx_word' id='word_1_904' title='bbox 3357 5004 3521 5061; x_wconf 77' lang='lat' dir='ltr'><strong>unum</strong></span> 
     </span>
    </p>
   </div>
   <div class='ocr_carea' id='block_1_114' title="bbox 1941 5055 3520 5128">
    <p class='ocr_par' dir='ltr' id='par_1_114' title="bbox 1941 5055 3520 5128">
     <span class='ocr_line' id='line_1_114' title="bbox 1941 5055 3520 5128; baseline -0.012 -10"><span class='ocrx_word' id='word_1_905' title='bbox 1941 5067 2146 5128; x_wconf 80' lang='lat' dir='ltr'><strong>collegit</strong></span> <span class='ocrx_word' id='word_1_906' title='bbox 2169 5055 2831 5128; x_wconf 58' lang='lat' dir='ltr'><strong>doctissimus&#39;l‘asaubonus</strong></span> <span class='ocrx_word' id='word_1_907' title='bbox 2848 5055 3402 5128; x_wconf 53' lang='lat' dir='ltr'><strong>nosteLCommettlario</strong></span> <span class='ocrx_word' id='word_1_908' title='bbox 3427 5067 3520 5128; x_wconf 74' lang='lat' dir='ltr'><strong>suo</strong></span> 
     </span>
    </p>
   </div>
   <div class='ocr_carea' id='block_1_115' title="bbox 1942 5117 3518 5188">
    <p class='ocr_par' dir='ltr' id='par_1_115' title="bbox 1942 5117 3518 5188">
     <span class='ocr_line' id='line_1_115' title="bbox 1942 5117 3518 5188; baseline -0.012 -9"><span class='ocrx_word' id='word_1_909' title='bbox 1942 5117 2002 5179; x_wconf 83' lang='lat' dir='ltr'><strong>ad</strong></span> <span class='ocrx_word' id='word_1_910' title='bbox 2022 5117 2353 5188; x_wconf 59' lang='lat' dir='ltr'><strong>Tl&#39;ieophrasti</strong></span> <span class='ocrx_word' id='word_1_911' title='bbox 2369 5125 2693 5188; x_wconf 69' lang='lat' dir='ltr'><strong>Characteres</strong></span> <span class='ocrx_word' id='word_1_912' title='bbox 2711 5121 2872 5188; x_wconf 66' lang='lat' dir='ltr'><strong>capite</strong></span> <span class='ocrx_word' id='word_1_913' title='bbox 2897 5120 2976 5188; x_wconf 81' lang='lat' dir='ltr'><strong>cui</strong></span> <span class='ocrx_word' id='word_1_914' title='bbox 3001 5117 3197 5188; x_wconf 74' lang='lat' dir='ltr'><strong>Graecus</strong></span> <span class='ocrx_word' id='word_1_915' title='bbox 3220 5117 3396 5188; x_wconf 73' lang='lat' dir='ltr'><strong>titulus</strong></span> <span class='ocrx_word' id='word_1_916' title='bbox 3421 5119 3518 5188; x_wconf 70' lang='lat' dir='ltr'><strong>est,</strong></span> 
     </span>
    </p>
   </div>
   <div class='ocr_carea' id='block_1_116' title="bbox 1942 5172 3522 5252">
    <p class='ocr_par' dir='ltr' id='par_1_116' title="bbox 1942 5172 3522 5252">
     <span class='ocr_line' id='line_1_116' title="bbox 1942 5172 3522 5252; baseline -0.012 -11"><span class='ocrx_word' id='word_1_917' title='bbox 1942 5172 2404 5252; x_wconf 54' lang='lat' dir='ltr'><strong>ii,t&#39;.;;,;{.;a;;u&#39;bi</strong></span> <span class='ocrx_word' id='word_1_918' title='bbox 2417 5183 2488 5235; x_wconf 83' lang='lat' dir='ltr'><strong>sic</strong></span> <span class='ocrx_word' id='word_1_919' title='bbox 2508 5181 2680 5252; x_wconf 85' lang='lat' dir='ltr'><strong>scribit</strong></span> <span class='ocrx_word' id='word_1_920' title='bbox 2703 5195 2715 5230; x_wconf 88' lang='lat'><strong>:</strong></span> <span class='ocrx_word' id='word_1_921' title='bbox 2739 5172 3154 5252; x_wconf 69' lang='lat' dir='ltr'><strong>Quemadmodum</strong></span> <span class='ocrx_word' id='word_1_922' title='bbox 3180 5175 3331 5252; x_wconf 65' lang='lat' dir='ltr'><strong>vestis</strong></span> <span class='ocrx_word' id='word_1_923' title='bbox 3350 5172 3522 5248; x_wconf 75' lang='lat' dir='ltr'><strong>brevi-</strong></span> 
     </span>
    </p>
   </div>
   <div class='ocr_carea' id='block_1_117' title="bbox 1944 5237 3522 5303">
    <p class='ocr_par' dir='ltr' id='par_1_117' title="bbox 1944 5237 3522 5303">
     <span class='ocr_line' id='line_1_117' title="bbox 1944 5237 3522 5303; baseline -0.013 -1"><span class='ocrx_word' id='word_1_924' title='bbox 1944 5237 2030 5303; x_wconf 61' lang='lat' dir='ltr'><strong>i3;</strong></span> <span class='ocrx_word' id='word_1_925' title='bbox 2044 5237 2130 5300; x_wconf 57' lang='lat' dir='ltr'><strong>ait“</strong></span> <span class='ocrx_word' id='word_1_926' title='bbox 2141 5237 2356 5298; x_wconf 75' lang='lat' dir='ltr'><strong>sordium</strong></span> <span class='ocrx_word' id='word_1_927' title='bbox 2378 5249 2742 5303; x_wconf 79' lang='lat' dir='ltr'><strong>argumentum,</strong></span> <span class='ocrx_word' id='word_1_928' title='bbox 2757 5237 2853 5291; x_wconf 64' lang='grc' dir='ltr'><strong>ἐἰς</strong></span> <span class='ocrx_word' id='word_1_929' title='bbox 2876 5243 3028 5290; x_wconf 85' lang='lat' dir='ltr'><strong>vestis</strong></span> <span class='ocrx_word' id='word_1_930' title='bbox 3053 5240 3112 5288; x_wconf 84' lang='lat' dir='ltr'><strong>sd</strong></span> <span class='ocrx_word' id='word_1_931' title='bbox 3135 5239 3263 5303; x_wconf 80' lang='lat' dir='ltr'><strong>talos</strong></span> <span class='ocrx_word' id='word_1_932' title='bbox 3280 5237 3522 5303; x_wconf 73' lang='lat' dir='ltr'><strong>demissa,</strong></span> 
     </span>
    </p>
   </div>
   <div class='ocr_carea' id='block_1_118' title="bbox 1945 5295 3523 5376">
    <p class='ocr_par' dir='ltr' id='par_1_118' title="bbox 1945 5295 3523 5376">
     <span class='ocr_line' id='line_1_118' title="bbox 1945 5295 3523 5376; baseline -0.011 -14"><span class='ocrx_word' id='word_1_933' title='bbox 1945 5295 2670 5376; x_wconf 18' lang='lat' dir='ltr'><strong>vitm&#39;delicpit—afaietrdissoluta,</strong></span> <span class='ocrx_word' id='word_1_934' title='bbox 2767 5303 2895 5374; x_wconf 80' lang='lat' dir='ltr'><strong>apud</strong></span> <span class='ocrx_word' id='word_1_935' title='bbox 2919 5303 3174 5376; x_wconf 60' lang='lat' dir='ltr'><strong>Platonem</strong></span> <span class='ocrx_word' id='word_1_936' title='bbox 3195 5297 3252 5376; x_wconf 56' lang='lat' dir='ltr'><strong>i‘n</strong></span> <span class='ocrx_word' id='word_1_937' title='bbox 3266 5295 3523 5376; x_wconf 40' lang='lat' dir='ltr'><strong>plcitum]?</strong></span> 
     </span>
    </p>
   </div>
   <div class='ocr_carea' id='block_1_119' title="bbox 1946 5359 3520 5438">
    <p class='ocr_par' dir='ltr' id='par_1_119' title="bbox 1946 5359 3520 5438">
     <span class='ocr_line' id='line_1_119' title="bbox 1946 5359 3520 5438; baseline -0.011 -15"><span class='ocrx_word' id='word_1_938' title='bbox 1946 5359 2112 5438; x_wconf 72' lang='lat' dir='ltr'><strong>priore</strong></span> <span class='ocrx_word' id='word_1_939' title='bbox 2125 5359 2135 5361; x_wconf 43' lang='grc'>⁷</span> <span class='ocrx_word' id='word_1_940' title='bbox 2150 5359 2341 5438; x_wconf 40' lang='lat' dir='ltr'><strong>mitique</strong></span> <span class='ocrx_word' id='word_1_941' title='bbox 2357 5366 2620 5438; x_wconf 68' lang='lat' dir='ltr'><strong>protractio</strong></span> <span class='ocrx_word' id='word_1_942' title='bbox 2655 5359 2892 5438; x_wconf 84' lang='lat' dir='ltr'><strong>ind_l_eiu_m</strong></span> <span class='ocrx_word' id='word_1_943' title='bbox 2916 5360 3331 5438; x_wconf 31' lang='grc' dir='ltr'><strong>Διιιομὶεξεξςμξςιιέξ</strong></span> <span class='ocrx_word' id='word_1_944' title='bbox 3352 5359 3520 5438; x_wconf 36' lang='lat' dir='ltr'><strong>flor-alt.</strong></span> 
     </span>
    </p>
   </div>
   <div class='ocr_carea' id='block_1_120' title="bbox 1949 5415 3525 5497">
    <p class='ocr_par' dir='ltr' id='par_1_120' title="bbox 1949 5415 3525 5497">
     <span class='ocr_line' id='line_1_120' title="bbox 1949 5415 3525 5497; baseline 0 0"><span class='ocrx_word' id='word_1_945' title='bbox 1949 5415 2403 5497; x_wconf 57' lang='grc' dir='ltr'><strong>ἱὲ;ἰἱόδῖιη””ὄᾶῗβῗ’</strong></span> <span class='ocrx_word' id='word_1_946' title='bbox 2423 5415 2630 5497; x_wconf 51' lang='lat' dir='ltr'><strong>suam</strong></span> <span class='ocrx_word' id='word_1_947' title='bbox 2653 5415 2870 5497; x_wconf 56' lang='grc' dir='ltr'><strong>ὦειίςηιε</strong></span> <span class='ocrx_word' id='word_1_948' title='bbox 2910 5432 2954 5476; x_wconf 72' lang='grc' dir='ltr'><strong>τε</strong></span> <span class='ocrx_word' id='word_1_949' title='bbox 2971 5423 3102 5497; x_wconf 62' lang='lat' dir='ltr'><strong>Pist?!</strong></span> <span class='ocrx_word' id='word_1_950' title='bbox 3127 5435 3238 5497; x_wconf 64' lang='lat'><strong>9!&quot;!</strong></span> <span class='ocrx_word' id='word_1_951' title='bbox 3251 5417 3334 5497; x_wconf 63' lang='lat' dir='ltr'><strong>Pii</strong></span> <span class='ocrx_word' id='word_1_952' title='bbox 3344 5427 3429 5497; x_wconf 71' lang='grc' dir='ltr'><strong>,ιεῖ</strong></span> <span class='ocrx_word' id='word_1_953' title='bbox 3429 5415 3525 5497; x_wconf 57' lang='lat'><strong>15?;</strong></span> 
     </span>
    </p>
   </div>
   <div class='ocr_carea' id='block_1_121' title="bbox 1949 5475 3530 5558">
    <p class='ocr_par' dir='ltr' id='par_1_121' title="bbox 1949 5475 3530 5558">
     <span class='ocr_line' id='line_1_121' title="bbox 1949 5475 3530 5558; baseline 0.012 -10"><span class='ocrx_word' id='word_1_954' title='bbox 1949 5475 2452 5558; x_wconf 49' lang='lat' dir='ltr'><strong>narrantia;</strong></span> <span class='ocrx_word' id='word_1_955' title='bbox 2464 5475 2680 5558; x_wconf 46' lang='lat' dir='ltr'><strong>nam</strong></span> <span class='ocrx_word' id='word_1_956' title='bbox 2689 5475 3110 5558; x_wconf 46' lang='lat' dir='ltr'><strong>Eueninae</strong></span> <span class='ocrx_word' id='word_1_957' title='bbox 3127 5475 3530 5558; x_wconf 46' lang='lat' dir='ltr'><strong>pinnatae???</strong></span> 
     </span>
    </p>
   </div>
   <div class='ocr_carea' id='block_1_122' title="bbox 1950 5542 3532 5623">
    <p class='ocr_par' dir='ltr' id='par_1_122' title="bbox 1950 5542 3532 5623">
     <span class='ocr_line' id='line_1_122' title="bbox 1950 5542 3532 5623; baseline -0.015 -15"><span class='ocrx_word' id='word_1_958' title='bbox 1950 5542 2184 5623; x_wconf 54' lang='lat' dir='ltr'><strong>usquead</strong></span> <span class='ocrx_word' id='word_1_959' title='bbox 2348 5542 2531 5623; x_wconf 62' lang='lat' dir='ltr'><strong>restent</strong></span> <span class='ocrx_word' id='word_1_960' title='bbox 2542 5550 2823 5623; x_wconf 72' lang='lat' dir='ltr'><strong>demitteret.</strong></span> <span class='ocrx_word' id='word_1_961' title='bbox 2844 5563 2862 5596; x_wconf 68' lang='grc' dir='ltr'><strong>ι</strong></span> <span class='ocrx_word' id='word_1_962' title='bbox 2889 5542 3532 5623; x_wconf 11' lang='grc' dir='ltr'><strong>Ηίεῄξίξᾱὶὶςξξηςξςςςοξςιη</strong></span> 
     </span>
    </p>
   </div>
   <div class='ocr_carea' id='block_1_123' title="bbox 1951 5603 3530 5690">
    <p class='ocr_par' dir='ltr' id='par_1_123' title="bbox 1951 5603 3530 5690">
     <span class='ocr_line' id='line_1_123' title="bbox 1951 5603 3530 5690; baseline -0.011 17"><span class='ocrx_word' id='word_1_963' title='bbox 1951 5603 2363 5690; x_wconf 49' lang='grc' dir='ltr'><strong>ῖιῖέιῖπέιῖέιέίῑίίιξ</strong></span> <span class='ocrx_word' id='word_1_964' title='bbox 2377 5603 2582 5690; x_wconf 45' lang='lat' dir='ltr'><strong>incolis</strong></span> <span class='ocrx_word' id='word_1_965' title='bbox 2595 5603 3530 5690; x_wconf 50' lang='lat' dir='ltr'><strong>,eF‘W‘iﬁi‘fﬁ.‘l“§’i‘l¥ﬁ§°§f§§t33&quot;:</strong></span> 
     </span>
    </p>
   </div>
   <div class='ocr_carea' id='block_1_124' title="bbox 1952 5659 3528 5740">
    <p class='ocr_par' dir='ltr' id='par_1_124' title="bbox 1952 5659 3528 5740">
     <span class='ocr_line' id='line_1_124' title="bbox 1952 5659 3528 5740; baseline -0.018 -3"><span class='ocrx_word' id='word_1_966' title='bbox 2138 5659 2629 5740; x_wconf 46' lang='lat' dir='ltr'><strong>aediﬁcationes;</strong></span> <span class='ocrx_word' id='word_1_967' title='bbox 2637 5659 2754 5728; x_wconf 60' lang='lat' dir='ltr'><strong>iiii;</strong></span> <span class='ocrx_word' id='word_1_968' title='bbox 2765 5659 2982 5731; x_wconf 66' lang='lat' dir='ltr'><strong>amictui,</strong></span> <span class='ocrx_word' id='word_1_969' title='bbox 2994 5681 3087 5718; x_wconf 87' lang='lat' dir='ltr'><strong>non</strong></span> <span class='ocrx_word' id='word_1_970' title='bbox 3103 5661 3242 5729; x_wconf 81' lang='lat' dir='ltr'><strong>togis.</strong></span> <span class='ocrx_word' id='word_1_971' title='bbox 3257 5663 3310 5714; x_wconf 82' lang='lat' dir='ltr'><strong>in</strong></span> <span class='ocrx_word' id='word_1_972' title='bbox 3322 5659 3468 5714; x_wconf 85' lang='lat' dir='ltr'><strong>Catil.</strong></span> <span class='ocrx_word' id='word_1_973' title='bbox 3480 5660 3528 5709; x_wconf 63' lang='grc' dir='ltr'><strong>Β.</strong></span> 
     </span>
    </p>
   </div>
  </div>
