4010 6218
480 281 540 338 51
1221 283 1276 336 S.
1317 282 1594 336 101Nle
1633 271 2109 335 CllliYSllSTOMl
2151 270 2463 328 ARCIIIEP.
2506 271 3039 329 CONbTANTlNUI’.
3697 263 3764 319 3‘2

483 400 543 452 Ιιί
577 395 870 451 humiliubit
897 396 1032 448 Deus
1057 394 1425 448 dominatrices
1469 391 1609 461 ﬁlias
1645 390 1773 446 Sion
1799 409 1816 445 :
1846 401 1893 446 et
1943 393 2054 446 Do-

482 493 654 544 minus
683 488 924 543 reuelabit
955 487 1187 541 habitum
1221 503 1402 540 earum
1424 487 1480 539 in
1514 487 1598 539 die
1619 486 1733 539 illa.
1757 486 1823 539 Et
1851 489 2054 557 auferet

481 583 737 636 Dominus
753 581 974 652 gloriam
990 578 1280 634 vestimenti
1297 594 1502 632 eorum.
1517 577 1736 632 Duobus
1751 577 1942 647 positis
1957 576 2059 633 cri-

484 675 734 738 minibus,
772 674 1074 743 arrogantia
1095 682 1148 727 et
1174 672 1410 734 lascivia,
1443 671 1663 739 singulis
1683 673 2064 736 congruentem

483 766 700 820 adhibet
721 765 1034 820 medicinam
1053 806 1066 828 ,
1099 763 1270 832 primo
1295 761 1545 831 primam,
1574 756 1812 814 secundo
1832 769 2064 824 sequen-

485 865 589 910 tem
622 874 635 910 :
672 855 1020 924 arrogantia,
1062 852 1522 917 humiliationem;
1571 848 1788 904 ornatui
1829 847 2063 911 habitus,

483 948 646 1018 ipsius
665 947 1051 1016 abreptionem.
1076 945 1246 1009 Bello,
1270 943 1460 1014 inquit,
1486 952 1610 997 tunc
1626 949 1868 1011 urgente.
1891 938 2070 993 omnia

483 1037 808 1092 auferentur.
868 1037 998 1104 Quae
1050 1038 1192 1092 enim
1243 1035 1518 1090 tumebant
1564 1043 1619 1090 et
1663 1031 2064 1103 superbiebant,

483 1140 627 1183 metu
667 1144 1023 1199 compressae,
1063 1129 1129 1184 ab
1167 1129 1268 1183 hoc
1293 1128 1482 1182 morbo
1511 1125 1873 1181 liberabuntur
1905 1141 1918 1178 ε
1951 1138 2070 1194 qua:

484 1221 705 1276 mollitie
733 1232 787 1276 et
813 1222 937 1276 luxu
967 1223 1182 1276 omnino
1202 1221 1532 1286 difﬂuebant,
1561 1221 1612 1274 in
1640 1219 1958 1288 captivitatis
1980 1218 2078 1287 ju-'

483 1328 605 1382 gum
641 1312 954 1380 incidentes,
979 1313 1046 1368 ab
1067 1313 1210 1368 omni
1234 1313 1320 1366 illa
1352 1311 1571 1367 mollitie
1593 1319 1867 1366 eruentur.

558 1402 832 1456 Mulierum
887 1403 1150 1457 luxus.—
1185 1401 1254 1459 Ut
1301 1411 1478 1456 autem
1530 1401 1894 1456 onerosiorem
1941 1397 2072 1467 ipsis

487 1502 692 1548 texeret
722 1508 1044 1559 sermonem,
1079 1503 1130 1547 et
1160 1493 1460 1547 auditomm
1493 1502 1721 1546 mentem
1753 1489 2075 1560 perstringe-

489 1592 968 1646 ret,ornamentnm
993 1585 1214 1636 vestium
1239 1584 1513 1637 mulierum
1539 1583 1747 1636 illarum
1775 1579 2072 1633 minutatim

488 1681 762 1739 recenset,
793 1681 916 1742 puta
943 1689 1224 1727 aureorum
1245 1688 1262 1738 ;
1287 1673 1408 1742 quid
1440 1676 1488 1726 in
1518 1673 1703 1736 oculis,
1737 1671 1859 1741 quid
1903 1671 1954 1724 in
1984 1685 2074 1726 re-

490 1763 636 1834 liquo
656 1779 880 1834 corpore
907 1781 922 1818 :
952 1764 1075 1818 hinc
1099 1767 1338 1834 procedit
1361 1766 1425 1818 ad
1450 1766 1639 1820 domus
1664 1775 1928 1818 ornatum.
1956 1763 2071 1817 Non

488 1857 660 1912 solum
683 1857 822 1910 enim
854 1872 1075 1925 corpora
1103 1861 1431 1912 ornamentis
1457 1858 1798 1922 decorabant,
1821 1855 1913 1910 sed
1938 1857 2074 1910 hanc

489 1950 863 2004 contumeliam
895 1967 1060 2018 usque
1090 1951 1154 2004 ad
1195 1951 1423 2018 parietes
1448 1949 1842 2012 extendebant,
1883 1963 2072 2017 super-

491 2043 609 2097 ﬂuis
645 2044 976 2111 sumptibus;
1016 2052 1070 2097 et
1110 2043 1416 2096 calamistro
1461 2043 1682 2111 capillus
1727 2051 2032 2111 torquentes
2057 2082 2071 2104 ,

489 2132 602 2186 alas
631 2132 646 2163 ¹
689 2131 990 2200 huiusmodi
1037 2131 1258 2186 fallacia:
1290 2133 1483 2203 ubique
1503 2132 1882 2188 extendebant.
1929 2132 2076 2186 llanc

491 2221 666 2292 itaque
696 2222 920 2276 intentat
953 2223 1343 2276 accusationem
1373 2237 1492 2276 cum
1524 2223 1652 2283 dicit
1681 2240 1694 2276 :
1726 2223 1930 2290 Auferet
1959 2222 2073 2292 glo-

487 2315 615 2367 riam
639 2313 914 2368 vestimenti
939 2330 1146 2378 earum,
1173 2322 1217 2365 et
1246 2323 1480 2366 ornatum
1507 2330 1678 2367 earum
1702 2355 1716 2380 ,
1747 2322 1791 2366 et
1819 2313 2076 2366 cincinnos

490 2421 682 2469 eorum,
713 2415 761 2458 et
787 2403 1068 2475 corymbos.
1102 2405 1397 2476 Corymbos
1421 2415 1599 2460 autem
1625 2405 1774 2471 dicit,
1803 2406 1885 2459 vel
1914 2420 2075 2460 orna-

491 2509 600 2551 tum
624 2497 926 2567 quempiam
949 2497 1157 2566 capitis,
1186 2497 1267 2551 vel
1292 2497 1435 2552 vitta:
1455 2507 1613 2568 caput
1637 2498 1942 2568 stringentis
1969 2497 2077 2552 for-

490 2603 651 2641 niam.
689 2586 753 2640 Et
793 2587 999 2641 lunulas
1030 2603 1048 2640 :
1076 2596 1447 2643 ornamentum
1485 2588 1689 2644 scilicet
1712 2589 1852 2644 circa
1879 2589 2074 2644 collum

488 2678 657 2733 lunari
702 2678 892 2733 forma.
947 2679 1015 2732 Et
1063 2681 1312 2735 cat/tenta.
1363 2681 1520 2737 Forte
1568 2683 1872 2738 theristrum
1925 2682 2075 2738 dicit.

490 2771 558 2826 Et
599 2780 832 2825 ornatum
881 2772 1030 2841 faciei
1076 2789 1266 2828 earum.
1317 2774 1413 2830 Hic
1464 2775 1592 2830 mihi
1635 2775 1845 2830 videtur
1899 2775 2074 2830 fucum

490 2873 543 2916 et
573 2863 838 2933 pigmenta
863 2863 1218 2918 subindicare.
1251 2864 1314 2918 Et
1345 2867 1755 2937 compositionem
1795 2867 2076 2920 ornamenti

489 2954 685 3024 gloriae.
735 2953 846 3009 Hoc
883 2969 1015 3010 auro
1062 2955 1451 3012 circumdatum
1503 2958 1652 3012 dicit.
1700 2957 1764 3011 Et
1810 2959 2078 3014 armillas:

489 3045 640 3101 aurei
666 3061 856 3117 nempe
895 3056 1113 3102 ornatus
1149 3049 1287 3103 circa
1314 3049 1548 3104 brachia.
1583 3049 1650 3103 Et
1689 3049 2078 3106 dextroc/reria:

491 3141 630 3195 circa
668 3155 917 3194 manuum
939 3140 1234 3211 juncturas.
1278 3141 1344 3195 Et
1373 3143 1678 3196 reticulum:
1707 3152 2076 3197 ornamentum

490 3246 709 3286 aureum
737 3232 876 3286 circa
907 3242 1084 3302 caput.
1116 3231 1184 3286 Et
1208 3233 1442 3298 annulos,
1476 3235 1844 3301 dextrocheria,
1875 3245 1920 3289 et
1948 3251 2078 3304 prce-

491 3333 626 3377 texta
647 3341 894 3393 purpura,
913 3336 958 3378 et
975 3327 1170 3378 elacata
1192 3343 1436 3396 purpura,
1460 3337 1504 3381 et
1530 3345 1724 3398 pannos
1745 3346 1834 3400 per
1849 3330 2074 3394 domum,

491 3423 538 3465 et
577 3412 828 3482 prllucida
870 3412 1141 3468 Laconica.
1174 3416 1399 3470 Tantum
1445 3418 1586 3472 enim
1619 3419 1748 3487 ipsis
1790 3418 1960 3474 inerat
1998 3419 2078 3474 la-

487 3505 666 3559 scivia:
696 3505 928 3558 studium
953 3546 969 3572 ,
1023 3515 1078 3559 ut
1109 3521 1213 3560 non
1253 3508 1411 3562 modo
1439 3509 1503 3562 iis
1541 3518 1816 3564 uterentur
1837 3550 1852 3574 ,
1879 3525 1996 3580 quae
2026 3509 2078 3563 in

487 3609 581 3648 sua
612 3594 828 3664 regione
866 3603 1052 3662 erant,
1087 3597 1180 3651 sed
1211 3599 1373 3652 etiam
1405 3615 1471 3653 ex
1499 3600 1673 3654 aliena
1705 3609 1844 3654 terra
1893 3601 2072 3670 procul

489 3686 605 3739 illas
649 3686 837 3740 advehi
893 3700 1140 3742 curarent
1186 3705 1279 3758 per
1309 3691 1695 3746 transmarinos
1724 3703 2074 3749 commeatus.

489 3777 708 3831 Multum
740 3779 881 3832 enim
913 3781 1140 3849 spatium
1181 3791 1236 3835 et
1265 3783 1481 3854 pelagus
1511 3785 1827 3840 immensum
1869 3795 1953 3841 est
1979 3787 2078 3841 Pa-

487 3869 746 3923 ltestinatn
775 3869 912 3924 inter
936 3880 989 3924 et
1021 3870 1476 3928 Lacedremonem.

561 3961 614 4016 9.
656 3961 772 4016 Non
811 3964 927 4018 sine
970 3978 1127 4018 causa
1159 3965 1314 4034 igitur
1346 3967 1617 4036 regionem
1654 3968 1864 4037 posuit,
1912 3970 2075 4024 misso

485 4051 921 4106 vestimentorum
961 4055 1208 4117 nomine,
1247 4056 1340 4110 sed
1375 4064 1431 4110 ut
1470 4057 1735 4126 ingentem
1776 4075 1957 4114 earum
1991 4060 2072 4113 Ιιι-

483 4157 608 4196 xum
635 4142 1046 4201 demonstraret.
1080 4144 1146 4200 Et
1171 4147 1372 4217 byssina
1397 4159 1441 4202 et
1469 4150 1816 4220 hyacinthina,
1844 4164 1890 4206 et
1914 4153 2070 4206 cocci-

485 4251 609 4299 nea,
646 4243 690 4287 et
715 4235 918 4305 byssum
959 4253 1072 4290 cum
1108 4255 1234 4291 auro
1269 4249 1314 4292 et
1348 4241 1619 4311 hyacintho
1659 4254 1945 4298 contextam
1969 4285 1984 4308 ,
2025 4255 2076 4299 et

484 4324 718 4377 theristra
752 4341 880 4379 auro
925 4328 1185 4380 adstricta.
1227 4329 1438 4384 Nullam
1465 4333 1607 4386 enim
1633 4349 1715 4402 spt
1730 4335 1865 4389 ciem
1907 4335 1989 4389 vel
2019 4335 2072 4389 in

488 4413 816 4467 vestimentis
836 4414 917 4468 vel
940 4415 992 4469 in
1012 4415 1118 4470 alio
1141 4429 1331 4472 ornatu
1355 4421 1713 4491 reliquerunt;
1744 4425 1835 4479 sed
1858 4440 2071 4479 omnem

484 4503 639 4557 luxus
659 4505 799 4558 viam
825 4514 1116 4572 tentarunt,
1143 4523 1208 4562 ex
1236 4509 1464 4564 lascivite
1492 4514 1767 4582 tyrannide
1790 4515 2074 4587 lymphatis

481 4595 702 4648 similes.

559 4684 838 4740 Mulierum
861 4687 1068 4741 lascivia
1100 4699 1321 4760 tempore
1351 4689 1712 4762 Cltrysostami.
1748 4725 1811 4734 —
1830 4695 1997 4750 Porro
2024 4698 2068 4752 si

486 4777 568 4833 ha:
608 4787 734 4833 tunc
757 4779 1155 4836 criminationes
1181 4781 1541 4838 otl‘erehantur
1571 4796 1693 4841 ante
1726 4788 1982 4856 gratiam,
2016 4798 2070 4843 et

481 4876 606 4924 ante
635 4878 833 4924 tantam
858 4869 1245 4942 philosoirhiam
1268 4915 1282 4939 ,
1308 4891 1462 4944 quam
1493 4877 1698 4930 veniam
1730 4893 2067 4948 consequan-

482 4968 566 5014 tur
596 4958 718 5023 illze,
749 4975 866 5029 qute
894 4978 1034 5018 nunc
1065 4964 1117 5018 in
1142 4965 1329 5018 cmlum
1361 4977 1634 5031 vocantur,
1654 4978 1708 5022 et
1735 4969 1801 5022 ad
1833 4970 2067 5039 loiigiora

478 5048 791 5114 certamina,
818 5066 1040 5122 qumque
1059 5054 1124 5108 ad
1145 5055 1452 5125 angelorum
1480 5057 1824 5113 imitationem
1851 5061 2069 5116 trahun-

481 5147 586 5204 tur,
615 5147 670 5191 et
695 5137 852 5208 longe
882 5143 1049 5211 magis
1074 5142 1212 5199 hanc
1241 5160 1492 5215 superare
1525 5161 1744 5217 possunt
1773 5151 2063 5222 lasciviam,

478 5238 535 5285 et
571 5239 748 5285 tamen
779 5245 872 5284 eas
899 5248 1018 5302 qua:
1043 5235 1096 5288 in
1124 5239 1298 5292 scenis
1322 5248 1377 5292 et
1419 5239 1638 5296 theatris
1666 5256 1946 5299 versantur
1987 5246 2066 5299 la-

479 5322 645 5378 scivia
674 5323 934 5380 vincunt?
959 5326 1216 5399 Quodque
1236 5333 1451 5400 gravius
1479 5344 1577 5400 est,
1613 5351 1680 5391 ne
1702 5351 1926 5406 peccare
1948 5340 2066 5410 qui-

536 5447 743 5512 {Juxta
763 5453 928 5501 notam
951 5452 1010 5502 ad
1043 5464 1175 5502 oram
1198 5453 1312 5504 libri
1335 5454 1546 5506 Lutetiae
1567 5472 1693 5506 anno
1727 5459 1842 5508 1588
1871 5461 2040 5512 excusi

474 5510 701 5584 positam,
732 5510 1008 5584 legendum
1033 5521 1144 5584 est,_
1166 5513 1418 5577 indagines
1439 5518 1889 5584 (aspersi-donata),
1935 5510 2040 5584 pro,

471 5570 702 5644 alqs_(1¢‘z
717 5570 932 5644 λεξερά).
979 5576 1077 5626 Sed
1117 5570 1236 5627 'htec
1275 5570 1481 5644 mutatio
1518 5570 1734 5631 minime.
1759 5570 2040 5644 necessaria

476 5632 910 5709 :vllldetursBoisius
938 5650 1104 5709 vocem
1143 5641 1294 5701 πτερά
1327 5644 1510 5709 retinet
1534 5655 1545 5688 :
1572 5650 1650 5691 est
1688 5643 1837 5700 enim,
1881 5632 2043 5709 inquit

473 5693 577 5754 ille,
594 5695 798 5759 elegans
817 5699 995 5751 allusio
1007 5699 1064 5751 ad
1081 5693 1265 5763 pennas
1289 5705 1694 5764 pavonisercrtas
1715 5693 1836 5756 ιιιωὲ
1847 5693 2037 5769 parias.

2175 385 2296 440 dem
2324 399 2382 440 se
2411 395 2614 456 putant.
2646 385 2771 441 Ideo
2809 386 3062 440 adversus
3100 386 3212 440 illas
3241 402 3339 440 vnx
3367 385 3641 456 prophetae
3671 402 3759 452 op-

2175 480 2417 550 ponenda
2457 489 2557 535 est.
2593 479 2707 534 Non
2754 481 2925 534 solum
2958 480 3099 534 enim
3137 480 3395 533 adversus
3440 479 3559 533 illas
3590 480 3717 534 olim
3742 524 3757 546 ,

2174 571 2268 625 sed
2308 571 2468 624 etiam
2506 570 2762 626 adversus
2801 573 2895 624 has
2941 569 3366 638 pronuntiabitur
3398 569 3446 623 id
3489 570 3630 640 quod
3675 586 3761 623 se-

2176 662 2356 731 quitur
2387 678 2400 715 :
2436 661 2547 714 Erit
2592 677 2684 731 pro
2712 664 2854 717 suavi
2889 663 3043 716 odore
3076 662 3259 732 pultis.
3298 661 3483 717 Viden'
3499 663 3764 732 quomodo

2178 753 2455 808 unctiones
2485 755 2643 808 etiam
2673 764 3057 823 unguentorum
3091 753 3374 824 reprobet,
3408 769 3763 823 magnumque

2179 843 2278 912 ipsi
2307 844 2576 899 adseribat
2613 846 2971 915 supplicium?
3006 845 3285 900 Pulverem
3327 845 3470 900 enim
3512 844 3597 898 hic
3637 843 3766 897 dicit

2176 950 2295 989 eum
2323 937 2410 1006 qui
2437 938 2698 992 excitatur
2722 947 2842 1008 post
2871 937 3056 993 urbem
3077 951 3321 994 eversam
3342 946 3396 992 et
3416 936 3764 991 barbarorum

2179 1027 2558 1086 incursionem.
2590 1030 2722 1086 Nam
2751 1033 2894 1086 illam
2925 1031 3030 1102 igni
3067 1041 3120 1086 et
3145 1029 3287 1086 ferro
3314 1041 3437 1085 tunc
3461 1029 3763 1091 diruerant,

2179 1121 2324 1176 aliud
2374 1121 2688 1187 diruentes,
2727 1123 2870 1177 aliud
2917 1123 3024 1194 igni
3081 1121 3373 1178 tradentes.
3417 1121 3542 1177 Hmc
3589 1123 3768 1192 itaque

2179 1215 2539 1283 prmnuntians
2557 1215 2766 1270 dicebat
2790 1235 2802 1270 :
2828 1215 2930 1270 Pro
2954 1215 3098 1270 suavi
3118 1215 3271 1270 odore
3287 1214 3447 1286 pulvis
3470 1214 3584 1275 erit,
3608 1225 3654 1267 et
3677 1230 3768 1281 pro

2179 1321 2308 1358 sono
2337 1307 2562 1377 funiculo
2592 1307 2804 1378 cingcris
2819 1325 2840 1374 ;
2869 1307 2970 1362 sub
3001 1309 3184 1363 oculos
3213 1320 3417 1378 ponens
3445 1305 3769 1376 captivitatis

2181 1396 2405 1451 formam
2431 1440 2444 1464 ,
2476 1406 2530 1452 et
2567 1398 2938 1455 abductionem
2969 1400 3018 1454 in
3052 1399 3398 1454 barbarorum
3440 1407 3658 1454 terram.
3701 1397 3767 1451 Et

2179 1505 2271 1558 pro
2291 1499 2584 1544 ornamento
2603 1490 2782 1558 capitis
2804 1492 2877 1544 tui
2899 1491 3143 1546 calvitiem
3166 1489 3402 1554 habebis;
3430 1489 3542 1544 sive
3560 1489 3768 1559 capillis

2179 1581 2248 1636 ob
2274 1582 2544 1636 miseriam
2571 1582 2948 1648 deﬂuentibus,
2982 1583 3094 1638 sive
3121 1583 3172 1636 id
3199 1583 3477 1653 agentibus
3502 1582 3766 1644 hostibus,

2180 1671 2293 1726 sive
2323 1671 2450 1740 ipsis
2481 1673 2683 1743 seipsas
2709 1673 3069 1729 tondentibus.
3095 1673 3206 1730 Mos
3231 1674 3372 1728 enim
3414 1683 3530 1728 erat
3557 1673 3686 1728 olim
3716 1674 3770 1727 in

2183 1761 2328 1816 luctu
2363 1771 2417 1820 et
2453 1765 2752 1819 calamitate
2797 1781 2916 1820 sese
2957 1764 3177 1820 tondere
3203 1775 3256 1820 et
3287 1765 3497 1822 radere.
3544 1765 3759 1820 Etenim

2179 1852 2310 1918 Job,
2337 1855 2514 1908 audita
2549 1855 2837 1909 liberorum
2860 1855 3177 1919 calamitate,
3203 1864 3360 1927 caput
3385 1855 3611 1910 totondit
3637 1855 3772 1923 (Job

2184 1945 2232 1999 Ι.
2259 1946 2330 2000 20
2352 1944 2390 2016 ).
2423 1947 2487 2000 Et
2520 1947 2572 2000 in
2603 1947 2945 2017 sequentilats
2971 1947 3043 2002 ait
3075 1949 3348 2017 propheta,
3383 1963 3501 2002 cum
3531 1963 3686 2002 sacco
3715 1959 3770 2001 et

2181 2035 2322 2091 luctu
2342 2038 2501 2090 etiam
2525 2037 2820 2092 tonsionem
2843 2039 3069 2092 futuram
3090 2039 3242 2109 (Isai.
3264 2039 3352 2092 22.
3380 2040 3490 2108 12).
3517 2039 3771 2108 Aliusque

2180 2143 2395 2182 rursum
2423 2128 2497 2182 ait
2528 2146 2542 2183 :
2573 2128 2642 2182 Et
2671 2130 2848 2184 radere
2872 2141 2918 2185 et
2940 2131 3146 2186 tondere
3171 2148 3321 2202 super
3346 2131 3480 2200 ﬁlios
3510 2143 3620 2185 tuos
3649 2133 3772 2186 deli-

2180 2229 2335 2273 catos.
2361 2218 2429 2272 Et
2451 2236 2543 2289 pro
2569 2221 2738 2273 tunica
2774 2239 3002 2292 purpura
3045 2223 3242 2276 clavata
3275 2225 3594 2293 prtecingeris
3620 2241 3772 2278 sacco

2181 2313 2383 2386 (Miclt.
2425 2315 2477 2368 1.
2512 2313 2636 2384 16).
2669 2315 2859 2369 Annon
2903 2315 3017 2370 lure
3050 2315 3304 2371 terribilia
3334 2327 3387 2372 et
3428 2317 3767 2375 intoleranda

2179 2421 2300 2461 esse
2324 2405 2604 2461 videntur?
2627 2407 2819 2461 Verum
2846 2408 2982 2477 apud
3005 2422 3104 2463 nos
3130 2425 3234 2463 non
3262 2408 3349 2464 hic
3375 2409 3596 2480 gradum
3618 2410 3773 2466 sistet

2183 2498 2312 2553 ultio
2333 2541 2348 2566 ,
2381 2498 2476 2553 sed
2505 2500 2701 2553 vermis
2727 2511 3038 2567 venenatus,
3069 2499 3164 2556 sed
3191 2501 3424 2554 tenebrae
3460 2501 3776 2570 intermina-

2182 2589 2314 2646 biles
2337 2591 2622 2661 excipient.
2649 2591 2704 2647 Si
2727 2591 2869 2646 enim
2915 2593 3034 2646 illos
3063 2593 3339 2661 captivitas
3362 2633 3376 2657 ,
3420 2593 3650 2648 servitus
3673 2635 3687 2658 ,
3716 2606 3773 2648 et

2181 2691 2420 2738 extrema
2461 2683 2597 2738 mala
2629 2692 2953 2753 exceperunt
2975 2724 2991 2749 ,
3024 2683 3183 2754 idque
3225 2699 3322 2753 pro
3362 2693 3553 2738 ornatu
3585 2703 3598 2738 :
3625 2686 3780 2754 quod.

2181 2776 2322 2828 enim
2353 2773 2508 2843 hujus
2538 2789 2724 2844 poenas
2749 2774 3007 2844 exigeret,
3040 2783 3094 2828 et
3123 2775 3224 2828 hoc
3253 2773 3464 2844 proprie
3493 2783 3783 2844 peccatum

2183 2866 2426 2937 puniret,
2457 2864 2578 2920 audi
2607 2864 2875 2936 quomodo
2902 2864 2984 2919 his
3009 2865 3336 2921 enumeratis
3355 2905 3370 2929 ,
3395 2879 3610 2920 causam
3641 2866 3776 2920 sub-

2176 2957 2388 3030 junxit:
2425 2955 2550 3011 Htec
2586 2957 2676 3010 tibi
2701 2973 2792 3026 pro
2819 2964 3000 3010 ornatu
3026 2956 3102 3026 (a)
3128 2973 3142 3009 :
3169 2955 3214 3009 si
3243 2955 3402 3026 igitur
3418 2954 3618 3010 Judaea:
3646 2969 3773 3010 mus

2182 3049 2340 3104 lieres
2364 3047 2433 3103 ob
2461 3047 2619 3102 talem
2650 3057 2896 3102 ornatum
2923 3057 3096 3101 tantas
3123 3047 3335 3103 subiere
3363 3061 3569 3117 pcenas,
3599 3048 3780 3117 patria

2179 3157 2209 3197 a
2233 3141 2588 3197 fundamentis
2603 3141 2800 3206 excisa,
2819 3150 2871 3197 et
2888 3151 3008 3211 post
3024 3150 3222 3196 tantam
3240 3140 3556 3211 voluptatem
3575 3155 3780 3208 servae,

2181 3237 2403 3308 captivae
2432 3243 2486 3290 et
2513 3245 2792 3302 extorres,
2840 3235 2892 3289 in
2939 3235 3169 3290 alienam
3212 3235 3482 3304 regionem
3523 3234 3778 3289 abducta-

2179 3336 2324 3388 sunt,
2356 3340 2418 3380 ac
2443 3325 2587 3392 fami,
2612 3328 2744 3395 pesti
2764 3325 3013 3395 milleque
3041 3324 3300 3379 mortibus
3328 3325 3566 3389 traditae;
3588 3339 3775 3378 auium

2183 3418 2522 3489 perspicuum
2567 3427 2647 3472 est
2670 3457 2685 3484 ,
2721 3433 2818 3472 nos
2847 3417 3088 3487 graviora
3129 3431 3378 3488 passuros
3419 3429 3537 3470 esse
3560 3455 3575 3481 ,
3601 3415 3690 3486 qui
3717 3415 3775 3470 in

2180 3512 2366 3566 eadem
2405 3520 2621 3580 peccata
2653 3511 2964 3565 incidimus?
2993 3509 3449 3578 Quemadmodum
3489 3511 3633 3564 enim
3663 3508 3771 3564 lto-

2182 3617 2341 3657 nores
2367 3601 2618 3670 majores,
2653 3602 2721 3655 ita
2749 3602 2992 3672 graviora
3021 3601 3302 3672 supplicia.

2253 3691 2390 3746 Deus
2420 3709 2520 3746 non
2546 3710 2740 3762 semper
2767 3693 2952 3746 similia
2984 3704 3244 3762 peccantes
3272 3691 3503 3745 similiter
3529 3691 3770 3761 castigat.

2179 3814 2251 3831 --
2270 3785 2420 3853 Quod
2447 3784 2491 3839 si
2512 3784 2654 3839 nulla
2681 3785 2874 3840 mulier
2905 3784 3060 3840 talem
3085 3794 3329 3839 ornatum
3352 3783 3606 3838 alfectans
3638 3785 3775 3838 hac-

2183 3885 2337 3932 tenus
2381 3875 2574 3946 aliquid
2605 3876 2706 3931 tale
2752 3892 2903 3947 passa
2934 3885 3054 3942 est,
3099 3891 3166 3930 ne
3208 3875 3328 3930 ideo
3357 3874 3606 3930 confidat.
3653 3874 3775 3931 Mos

2179 3968 2323 4022 enim
2353 3978 2436 4022 est
2462 3969 2568 4023 Deo
2599 3983 2783 4039 poenas
2809 3968 3036 4024 delinire
3061 3969 3149 4022 nni
3175 3967 3421 4031 etaltcri,
3446 3976 3499 4022 et
3526 3983 3621 4036 per
3649 3967 3777 4025 illos

2179 4058 2634 4114 commonefacere
2661 4070 2885 4114 caeteros
2926 4074 3114 4114 omnes
3141 4058 3210 4114 de
3244 4059 3415 4129 poenis
3464 4074 3581 4129 qua:
3623 4059 3776 4128 ipsos

2179 4160 2479 4220 exceptura:
2504 4149 2646 4206 Sunt.
2673 4150 2738 4206 Ut
2760 4160 2934 4205 autem
2961 4149 3013 4204 id
3043 4150 3236 4205 clarius
3261 4148 3468 4215 evadat,
3493 4160 3774 4218 peccatum

2178 4259 2338 4314 grave
2364 4243 2690 4299 admiserunt
2717 4244 2842 4296 olim
2872 4243 2904 4296 ii
2930 4244 3016 4313 qui
3045 4241 3274 4296 Sodoma
3305 4240 3635 4304 incolebant,
3670 4255 3777 4294 ex-

2181 4347 2376 4392 tremas
2413 4337 2677 4392 dederunt
2706 4351 2925 4406 ptenas,
2960 4337 3024 4390 iis
3050 4335 3302 4390 immissis
3337 4334 3646 4399 fulminibus
3671 4375 3685 4396 ,
3721 4346 3778 4388 et

2180 4427 2400 4485 urbibus
2421 4471 2436 4494 ,
2464 4429 2674 4500 pepulis
2704 4439 2951 4499 terraque
2974 4429 3087 4498 ipsa
3117 4444 3239 4484 cum
3268 4427 3582 4498 corporibus
3609 4427 3776 4482 simul

2177 4523 2486 4578 combustis.
2534 4523 2669 4591 Quid
2709 4523 2904 4592 igitur?
2947 4523 3191 4578 nullusne
3243 4534 3364 4593 post
3410 4520 3532 4576 illos
3572 4520 3772 4574 similia

2177 4629 2337 4670 ausus
2364 4615 2486 4669 est?
2513 4613 2660 4668 Multi
2689 4623 2835 4669 certe
2856 4655 2871 4677 ,
2899 4623 2952 4668 et
2979 4614 3031 4668 in
3063 4615 3245 4668 multis
3276 4628 3369 4682 per
3392 4612 3577 4666 orbem
3612 4610 3765 4664 locis.

2177 4705 2282 4760 Cur
2316 4720 2446 4775 ergo
2488 4703 2620 4759 nihil
2651 4703 3015 4773 hujuscemodi
3058 4704 3201 4774 passi
3232 4703 3391 4758 sunt?
3435 4701 3568 4768 Quia
3609 4701 3772 4771 longe

2175 4796 2404 4868 graviori
2449 4808 2790 4852 reservantur
2843 4795 3125 4865 supplicio.
3182 4794 3307 4850 Ideo
3347 4809 3578 4864 namque
3625 4793 3771 4848 Dens

2175 4900 2450 4961 postquam
2474 4887 2523 4943 id
2546 4889 2710 4943 semel
2742 4889 2880 4951 fecit,
2908 4885 3129 4953 destitit,
3155 4895 3210 4940 ut
3229 4886 3316 4955 qui
3345 4885 3462 4940 talia
3483 4885 3766 4946 auderent,

2173 4982 2382 5036 etiamsi
2413 4981 2498 5035 hic
2525 4996 2709 5050 pcenas
2735 4997 2840 5034 non
2869 4981 3092 5044 darent,
3122 4989 3269 5034 certo
3298 4980 3495 5033 scirent
3521 4993 3580 5034 se
3610 4996 3764 5033 num-

2173 5088 2331 5143 quam
2359 5072 2670 5143 eﬂ‘ugituros
2690 5087 2828 5127 esse.
2855 5071 3132 5139 Quomodo
3171 5071 3312 5124 enim
3342 5079 3762 5127 consentaneum

2173 5166 2362 5221 rationi
2381 5165 2558 5232 fuerit,
2575 5176 2698 5221 ante
2713 5167 2934 5234 gratiam
2952 5174 3004 5219 et
3021 5172 3142 5218 ante
3161 5164 3352 5234 legem,
3372 5177 3464 5218 eos
3483 5163 3571 5233 qui
3590 5179 3763 5234 neque

2173 5259 2456 5329 prophetas
2477 5299 2492 5326 ,
2522 5273 2694 5328 neque
2731 5258 2893 5311 alium
2928 5257 3228 5328 quempiam
3255 5255 3618 5321 audivissent,
3667 5273 3763 5326 pm

2171 5349 2418 5406 admissis
2439 5351 2671 5420 peccatis
2697 5350 2822 5403 talia
2844 5364 3028 5420 passos
3045 5363 3196 5415 esse;
3214 5362 3308 5405 eos
3327 5357 3504 5402 autem
3526 5348 3617 5418 qni
3644 5361 3765 5416 post

2236 5465 2309 5528 (a)
2344 5464 2425 5514 Ait
2447 5464 2813 5528 Chrysostomns
2843 5464 3014 5528 Isaiam
3038 5472 3145 5528 post
3169 5463 3590 5528 enumerationem
3631 5462 3762 5511 illam

2169 5525 2481 5576 muliebrium
2519 5525 2913 5575 ornamentorum
2946 5527 3020 5574 his
3040 5525 3208 5574 verbis
3245 5525 3586 5573 recensionem
3623 5539 3762 5572 suam

2169 5589 2416 5641 claudere.
2431 5587 2613 5636 Verum
2629 5588 2735 5650 haec
2753 5600 2845 5636 non
2865 5589 3059 5650 reperio
3084 5589 3130 5635 in
3154 5585 3313 5635 Bibliis
3330 5591 3456 5650 Litx.
3473 5586 3564 5650 sed
3585 5600 3760 5647 inagna

2168 5654 2282 5702 olitn
2307 5659 2412 5700 erat
2445 5648 2796 5711 exemplarium
2821 5645 3044 5710 varietas,
3087 5655 3140 5700 ut
3179 5651 3226 5699 in
3251 5645 3759 5698 l‘rmliutinaribus‘ad

2169 5714 2382 5778 ttexapla
2405 5711 2618 5776 alibique
2641 5712 2864 5762 diximus.
