4018 6212
200 380 262 435 5;
1485 364 1547 418 IN
1589 361 1840 426 ISAIAM,
1879 362 2032 417 CAP.
2077 361 2163 417 Ν.
3441 366 3506 418 Μ

201 496 320 548 illos
350 498 555 545 tantam
581 487 974 563 providentiam
1001 484 1140 540 nacti
1171 490 1330 546 sunt,
1363 495 1534 551 neque
1557 476 1806 546 exemplo

199 583 652 654 temperantiores
689 587 977 636 evaserunt
1003 619 1017 643 ,
1046 576 1097 631 id
1126 573 1266 646 quod
1309 583 1584 642 peccatum
1634 569 1806 624 reddit

198 680 355 748 longe
379 678 617 748 gravius,
645 689 860 745 poenam
892 671 1024 742 ipsis
1051 670 1373 725 destinatam
1393 663 1668 734 eflugere?
1698 660 1806 717 Cur

197 786 326 840 ergo
351 769 629 824 hactenus
657 779 848 838 poenas
879 778 985 818 non
1017 757 1315 816 dederunt?
1342 755 1410 813 Ut
1450 754 1656 812 ediscas
1683 751 1804 807 illos

202 862 365 931 longe
394 859 623 931 graviori
655 856 922 913 reservari
952 851 1236 924 supplicio.

273 955 370 1008 10.
399 951 551 1020 Quod
583 951 727 1006 enim
757 949 971 1019 possint
995 946 1258 1001 atrociora
1287 940 1476 1011 indigi,
1511 953 1668 1010 quam
1699 936 1801 993 So-

197 1045 458 1108 domitis,
504 1041 627 1096 audi
665 1040 938 1096 Christum
984 1037 1292 1094 dicentem:
1323 1031 1666 1089 Tolerabilius
1707 1029 1806 1083 erit

202 1148 353 1189 terra
371 1135 716 1190 Sodomorum
736 1142 782 1186 et
803 1130 1101 1186 Gomorrlue
1127 1130 1181 1182 in
1203 1128 1285 1182 die
1301 1125 1508 1197 judicii,
1543 1139 1695 1192 quam
1719 1122 1796 1176 ci-

201 1227 347 1280 tituli
381 1226 500 1278 huic
533 1225 552 1293 (
580 1222 769 1276 Matth.
806 1222 894 1277 lo.
929 1221 992 1276 l5
1016 1221 1056 1290 ).
1091 1220 1164 1274 Ita
1196 1227 1254 1273 ut
1284 1219 1442 1272 etiam
1481 1216 1524 1270 si
1552 1230 1669 1284 quze
1699 1212 1804 1267 hoc

199 1331 397 1376 ornatu
423 1321 628 1389 fulgent
667 1317 920 1373 mulieres
950 1331 1055 1370 non
1081 1315 1231 1386 paria
1263 1314 1529 1383 patiamur
1556 1312 1618 1366 iis
1642 1352 1656 1374 ,
1686 1324 1805 1380 qua:

201 1425 327 1468 tunc
356 1411 710 1475 ornabantur,
736 1425 804 1465 ne
829 1407 1120 1463 confidant.
1144 1405 1275 1460 Nam
1299 1403 1576 1459 tolerantia
1601 1401 1806 1472 patien-

200 1505 378 1571 tiaque
405 1502 708 1572 graviorem
725 1501 1024 1555 accumulat
1045 1499 1184 1569 ignis
1210 1495 1501 1562 fornacem,
1527 1495 1806 1563 majorem-

197 1611 300 1662 que
328 1595 600 1648 ﬂammam
625 1592 807 1649 efﬁcit.
831 1591 943 1646 Hoc
964 1588 1184 1646 Ananite
1208 1597 1262 1644 el
1281 1585 1557 1658 Sapphira:
1585 1584 1807 1654 contigit

197 1688 339 1754 (Act.
364 1685 443 1756 5).
468 1685 598 1739 Nam
621 1685 696 1740 illi
719 1685 773 1738 in
796 1683 1056 1754 principio
1075 1690 1130 1738 et
1149 1679 1369 1736 exordio
1391 1676 1801 1749 praedicationis,

196 1792 323 1831 cum
355 1792 426 1832 ex
467 1775 706 1844 pecuniis
735 1776 838 1830 illis
863 1775 1132 1846 quidpiam
1173 1772 1412 1827 suifurati
1443 1779 1643 1835 essent,
1675 1783 1806 1823 cono

198 1870 381 1922 testim
413 1869 624 1939 abrepti
663 1875 825 1933 sunt;
850 1875 972 1937 post
995 1867 1114 1921 illos
1152 1873 1329 1919 autem
1378 1863 1525 1917 multi
1553 1862 1642 1932 qui
1680 1860 1802 1914 talia

196 1960 317 2014 ausi
348 1959 594 2022 fuerant,
639 1957 770 2012 nihil
809 1957 1050 2027 perpessi
1095 1964 1238 2010 sunt.
1270 1954 1370 2023 Qui
1413 1953 1570 2023 igitur
1609 1950 1800 2005 rationi

196 2060 629 2105 consentaneum
656 2063 777 2105 esse
803 2048 990 2119 possit,
1018 2047 1222 2117 justum
1245 2044 1482 2115 iudicem
1499 2084 1514 2108 ,
1540 2042 1628 2112 qui
1655 2040 1797 2110 paria

199 2143 468 2196 omnibus
489 2141 779 2207 distribuit,
809 2155 904 2196 eos
925 2139 1013 2210 qui
1037 2140 1210 2192 minus
1234 2135 1571 2208 peccaverint
1593 2131 1800 2198 ulcisci,

200 2247 302 2288 eos
329 2242 512 2286 autem
551 2233 636 2302 qui
673 2231 916 2303 graviora
960 2230 1228 2285 admisere
1260 2229 1460 2284 scelera
1498 2223 1802 2282 dimittere?

202 2327 401 2377 Annon
425 2323 602 2393 palam
624 2334 727 2394 est,
743 2322 866 2392 quia
889 2321 1028 2376 diem
1050 2320 1257 2386 statuit,
1276 2320 1328 2374 in
1350 2334 1450 2390 qua
1468 2317 1801 2387 iudicaturus

200 2425 284 2471 est
304 2417 526 2481 orbem,
561 2415 682 2470 ideo
711 2414 1024 2485 supplicium
1046 2413 1302 2478 differre,
1335 2423 1395 2467 ut
1427 2420 1519 2466 aut
1547 2411 1802 2481 patientia

200 2508 321 2577 ejus
338 2507 598 2563 meliores
619 2506 944 2573 reddantur,
969 2516 1060 2560 aut
1105 2506 1149 2560 si
1177 2507 1232 2563 in
1269 2505 1458 2562 iisdem
1493 2505 1798 2574 persistant,

202 2598 472 2653 atrociora
503 2598 812 2668 patiantur?
836 2599 965 2654 Cum
989 2597 1146 2669 igitur
1169 2597 1357 2653 eadem
1381 2597 1582 2653 scelera
1608 2596 1804 2652 admit-

205 2693 390 2754 timus,
421 2706 544 2760 quae
575 2690 906 2746 admiserunt
928 2690 1000 2745 illi
1033 2690 1122 2761 qui
1148 2690 1409 2760 supplicio
1448 2687 1622 2744 aﬂ'ecti
1652 2697 1796 2755 sunt,

207 2799 305 2838 nec
332 2783 526 2837 cadem
557 2797 678 2852 qua:
710 2782 783 2836 illi
816 2782 1062 2851 patimur,
1093 2797 1159 2838 ne
1179 2780 1533 2846 conﬁdamus,
1563 2781 1657 2836 sed
1685 2796 1799 2836 ma-

205 2877 287 2952 gis
310 2875 617 2929 timeamus.
651 2874 801 2930 Sicut
830 2873 969 2930 enim
1013 2875 1182 2946 legem
1214 2874 1332 2929 tulit
1372 2875 1512 2929 Deus
1551 2889 1647 2944 per
1683 2875 1801 2930 illo.

206 2983 324 3022 rum
352 2966 674 3036 supplicium
696 3008 711 3032 ,
742 2981 930 3021 omnes
953 2965 1246 3021 admonens
1264 3007 1278 3028 ,
1310 2965 1599 3035 dicensque
1633 2982 1646 3018 :
1675 2965 1802 3021 Ideo

203 3074 327 3114 eum
356 3059 448 3127 qui
479 3059 548 3113 ab
579 3058 730 3112 initio
769 3057 1003 3126 peccavit
1029 3057 1288 3128 supplicio
1314 3055 1464 3112 aﬂ‘eci
1485 3098 1500 3123 ,
1539 3065 1596 3110 ut
1628 3066 1682 3112 et
1712 3067 1798 3124 tu,

203 3151 294 3220 qui
331 3159 456 3220 post
484 3150 606 3204 illos
626 3149 832 3204 scelera
857 3148 1114 3216 admittis,
1142 3147 1328 3203 eadem
1362 3149 1476 3218 ipsa
1497 3157 1797 3218 exspectes,

203 3242 617 3297 ctconvertaris
659 3249 715 3296 et
749 3240 940 3296 melior
979 3240 1193 3296 evadas.
1220 3239 1495 3294 Similibus
1527 3240 1670 3295 enim
1696 3239 1803 3294 cri-

205 3336 446 3390 minibus
474 3334 680 3389 similes
724 3349 896 3404 ptente
934 3334 1236 3390 constitutae
1274 3342 1426 3400 sunt,
1459 3332 1798 3388 etiamsinon

203 3427 386 3480 statim
446 3427 684 3481 veniant.
731 3424 786 3480 ln
821 3425 901 3480 his
958 3441 1114 3495 pomi
1167 3441 1272 3480 non
1319 3425 1435 3480 sine
1477 3439 1638 3479 causa
1681 3439 1799 3478 sum

205 3519 561 3580 immoratus;
590 3517 684 3573 sed
709 3518 832 3588 quia
856 3519 1043 3572 noxius
1069 3517 1155 3572 ille
1183 3517 1399 3572 morbus
1431 3518 1483 3571 in
1524 3516 1797 3571 hominum

203 3611 349 3664 cdes
379 3610 658 3680 ingressus
682 3617 764 3663 est
801 3609 870 3663 ob
893 3609 1174 3663 mulierum
1213 3608 1513 3675 mollitiem,
1541 3623 1693 3662 amor
1717 3608 1797 3661 vi-

200 3703 402 3756 delicet
455 3708 930 3766 ornamentorum,
984 3701 1072 3770 qui
1125 3701 1466 3768 pecuniarum
1530 3700 1799 3768 impensas

196 3794 373 3858 auxit,
412 3795 466 3847 in
501 3802 748 3862 sumptus
778 3793 1182 3862 intempestivos
1212 3791 1454 3845 homines
1483 3790 1794 3859 conjiciens,

197 3901 263 3940 ac
301 3885 456 3950 belli,
492 3885 865 3951 dissensionis,
898 3893 952 3940 et
991 3883 1314 3954 quotidianae
1355 3883 1467 3937 litis
1506 3897 1664 3938 causa
1691 3891 1794 3945 est,

198 3990 612 4047 pauper-umque
643 3984 857 4030 ventres
881 3975 1080 4029 atterit.
1119 3973 1250 4030 Cum
1278 3973 1420 4028 enim
1451 3981 1588 4027 totas
1627 3972 1796 4026 facul-

199 4078 364 4132 tates,
393 4080 487 4122 aut
525 4083 668 4138 saepe
707 4068 846 4124 ultra
890 4067 1188 4132 facultates,
1221 4066 1413 4121 mulier
1444 4066 1495 4119 in
1521 4074 1798 4121 contume-

199 4164 332 4217 liam
374 4161 623 4232 corporis
648 4161 726 4214 sui
756 4161 926 4214 virum
965 4168 1120 4228 cogat
1148 4157 1455 4228 impendere
1481 4156 1626 4228 (natu
1652 4167 1799 4212 certe

199 4254 533 4308 contumelia
578 4252 816 4322 corporis
841 4259 924 4305 est
947 4266 1135 4306 aurum
1178 4245 1666 4320 circumpositum),
1700 4261 1798 4302 ne-

200 4360 358 4399 ce~se
390 4358 613 4412 prorsus
657 4352 738 4396 est
785 4358 999 4397 manum
1042 4341 1316 4396 retrahere
1351 4340 1421 4396 ab
1457 4341 1798 4409 elcemosyua

200 4437 500 4506 ernganda.
533 4434 801 4505 Multaque
829 4435 928 4487 alia
961 4433 1086 4488 hinc
1104 4441 1216 4488 orta
1248 4441 1462 4502 peccata
1487 4431 1668 4486 videre
1693 4440 1796 4487 est.

205 4529 407 4584 Verum
441 4527 524 4580 his
549 4525 784 4581 dimissis
803 4567 819 4591 ,
851 4535 908 4579 ut
935 4541 997 4581 ea
1019 4525 1348 4594 experientia
1374 4523 1582 4579 discant
1611 4523 1678 4586 ii,
1709 4524 1799 4594 qui

201 4620 321 4674 hzrc
351 4619 654 4688 patientur,
686 4634 746 4672 ea
783 4633 904 4687 qua:
937 4626 1232 4687 sequuntur
1271 4619 1613 4687 attingamus.
1644 4616 1800 4671 Post-

200 4727 365 4780 quam
415 4709 740 4778 captivitatis
777 4708 1002 4764 formam
1048 4708 1369 4775 declaravit,
1400 4718 1454 4763 et
1480 4708 1654 4764 dixit:
1696 4708 1800 4764 Pro

199 4813 399 4854 ornatu
430 4802 598 4871 ipsam
646 4800 890 4856 inducam
911 4841 926 4865 ,
955 4808 1117 4870 auget
1143 4801 1500 4856 calamitatem
1521 4841 1537 4867 ,
1566 4801 1751 4856 dicens
1782 4817 1796 4854 :

206 4892 275 4946 Et
303 4895 447 4963 [llius
472 4903 591 4946 tutu
616 4892 1001 4960 pulcherrimus,
1031 4907 1179 4961 quem
1214 4891 1404 4961 diligis,
1437 4890 1609 4961 gladio
1632 4891 1798 4957 cadet,

202 5002 248 5040 et
281 4990 437 5057 {artes
467 4986 620 5039 vestri
646 4983 817 5055 gladio
850 4983 1050 5036 cadent.
1083 4981 1195 5037 Hoc
1236 4983 1430 5052 quippe
1471 4990 1556 5036 est
1593 4983 1672 5037 vel
1703 4996 1800 5036 ca-

205 5084 453 5151 ptivitate
485 5080 722 5151 gravius.
755 5079 850 5135 Est
878 5079 1020 5134 enim
1052 5079 1155 5131 vita
1185 5077 1428 5149 quaedam
1459 5087 1631 5131 morte
1647 5091 1803 5130 acer-

208 5178 348 5228 lnor.
371 5174 507 5230 Nam
537 5172 750 5244 quando
769 5187 890 5226 cum
913 5172 1170 5226 servitute
1201 5171 1600 5240 intempestivos
1627 5169 1802 5223 luctus

209 5268 464 5337 prosequi
492 5275 774 5335 coguntur,
803 5264 973 5334 cogita
1001 5271 1202 5334 quanta
1230 5262 1299 5316 sit
1333 5262 1648 5317 calamitatis
1683 5276 1798 5314 tua-

205 5359 464 5426 gnitudo.
511 5372 632 5410 cum
670 5357 974 5411 continuata
1013 5354 1150 5410 serie
1189 5369 1441 5409 aerumna:
1475 5353 1574 5408 sibi
1617 5363 1804 5406 mutuo

207 5449 526 5503 succedunt.
557 5446 688 5501 Nam
713 5447 813 5502 etsi
842 5446 1118 5516 captivitas
1142 5446 1254 5501 sola
1277 5444 1506 5508 adesset,
1534 5459 1594 5498 ea
1623 5452 1799 5496 tamen

210 5548 358 5592 esset
385 5537 775 5591 intolerandum
805 5537 1001 5589 malum
1035 5552 1048 5588 :
1079 5545 1129 5591 et
1166 5537 1210 5590 si
1240 5535 1292 5588 in
1326 5533 1570 5588 libertate
1612 5531 1798 5585 viven-

213 5631 356 5683 tibus
387 5630 520 5684 talus
558 5632 731 5682 luctus
771 5627 1171 5698 contingerent,
1203 5633 1380 5682 morte
1418 5622 1666 5678 acerbior
1692 5623 1798 5675 vita

212 5730 376 5773 esset.
411 5720 519 5774 Sed
551 5733 691 5772 nunc
714 5719 826 5771 lucc
846 5718 998 5773 ambo
1025 5730 1201 5787 erunt,
1234 5716 1428 5788 inquit,
1464 5725 1646 5769 mutuo
1666 5728 1796 5768 con-

210 5812 417 5880 juncta.
452 5812 563 5866 lmo
582 5809 759 5879 potius
781 5809 913 5866 hanc
935 5812 1282 5872 calamitatem
1316 5808 1582 5880 duilliccm
1614 5804 1796 5876 appel-

1915 473 2028 530 lare
2068 489 2162 544 par
2201 483 2302 540 est,
2343 476 2610 547 etiamque
2660 478 2922 548 triplicem
2972 491 3027 538 et
3073 483 3508 556 quadruplicem,

1914 564 2128 633 quando
2174 575 2228 620 et
2269 565 2429 632 ﬁlius,
2476 579 2532 622 et
2574 568 2982 637 pulcherrimus,
3006 582 3062 628 et
3107 573 3356 642 dilectus,
3395 588 3510 634 eta

1914 655 2156 710 barbaris
2187 671 2358 712 caesus
2378 698 2393 723 ,
2426 657 2520 713 scd
2555 674 2729 729 neque
2756 676 2822 716 ex
2847 665 3121 719 communi
3151 676 3357 722 natura:
3390 668 3505 740 lege

1916 749 2076 802 vitam
2116 750 2338 814 clausit;
2378 760 2574 806 etcum
2607 752 2698 807 illo
2732 768 2924 811 omnes
2957 756 3048 828 qui
3079 758 3130 815 in
3160 758 3334 816 tetatis
3374 758 3504 817 ﬂora

1912 849 2084 904 erant,
2116 842 2186 896 ita
2212 851 2269 896 ut
2295 844 2496 898 nullam
2521 858 2676 915 spem
2699 845 2892 902 bonam
2929 846 3218 917 haberent,
3243 858 3502 921 quantum

1912 932 2170 987 attinebat
2195 933 2264 989 ad
2289 933 2576 990 humanum
2620 937 2872 992 auxilium
2904 946 2958 994 et
2995 941 3385 998 commilitium.
3431 939 3502 995 Et

1913 1023 2259 1078 humiliabitur
2291 1041 2310 1079 :
2330 1035 2374 1080 et
2399 1026 2636 1098 lugebunt
2666 1028 2824 1084 theae
2851 1041 3062 1086 ornatus
3093 1033 3262 1098 uestri,
3291 1043 3338 1090 at
3359 1033 3498 1090 dere-

1912 1116 2150 1188 linqueris
2201 1119 2310 1172 sola
2329 1159 2345 1186 ,
2395 1129 2438 1173 et
2482 1119 2552 1173 ad
2599 1130 2785 1176 terram
2833 1127 3183 1194 prosternet-is.
3231 1126 3334 1182 Per
3384 1126 3497 1184 haec

1911 1211 2089 1264 omnia
2136 1211 2335 1266 luctum
2380 1213 2692 1282 ampliticat,
2731 1226 2886 1285 auget
2931 1216 3200 1284 timorem,
3245 1233 3496 1290 angorem

1911 1301 2087 1357 reddit
2125 1301 2402 1371 majorem.
2431 1303 2542 1360 Sub
2577 1315 2851 1376 aspectum
2888 1307 3034 1364 ducit
3072 1324 3370 1378 erumnas,
3399 1328 3499 1368 ex-

1913 1393 2081 1448 tendit
2121 1393 2442 1450 calamitatis
2482 1398 2865 1465 narrationem,
2903 1414 3340 1471 quoquoversum
3395 1405 3503 1459 cir—

1909 1497 2287 1550 cumcurrens,
2319 1485 2554 1558 undique
2599 1489 2771 1546 tristia
2807 1490 3063 1562 colligens
3090 1491 3160 1547 ob
3197 1494 3501 1549 auditorum

1909 1575 2276 1633 stoliditatem.
2305 1578 2436 1635 Nam
2468 1581 2702 1651 optabile
2737 1582 2925 1638 fuisset
2951 1585 3072 1642 illas
3111 1593 3190 1642 tot
3219 1587 3380 1643 minis
3403 1604 3500 1643 ex-

1908 1669 2133 1738 agitatas
2175 1686 2296 1729 sese
2333 1674 2578 1746 erigere,
2606 1685 2662 1732 et
2690 1677 2742 1732 in
2771 1693 2988 1735 sensum
3023 1678 3322 1738 futurarum
3349 1684 3498 1739 cala-

1909 1759 2151 1816 mitatum
2181 1763 2383 1820 venire.
2428 1765 2552 1820 Ideo
2599 1767 2878 1838 subiunxit
2924 1769 2979 1825 id
3003 1771 3144 1841 quod
3190 1772 3496 1831 miserabile

1910 1867 2129 1921 prorsus
2153 1870 2275 1912 esse
2305 1857 2602 1928 videbatur,
2635 1861 2777 1931 quod
2806 1862 2922 1918 auri
2950 1861 3160 1919 thecam
3183 1875 3495 1922 evacuatam

1893 1947 2100 2002 -visur:e
2127 1960 2311 2005 essent
2331 1991 2346 2014 ,
2377 1951 2430 2007 in
2462 1965 2865 2011 monumentum
2904 1957 3144 2027 pristinae
3171 1960 3498 2030 prosperita-

1910 2039 1996 2104 tis,
2027 2047 2085 2094 ut
2112 2055 2206 2109 per
2235 2043 2418 2098 oculos
2452 2059 2740 2100 mterorem
2779 2049 3046 2115 vigentem
3073 2059 3367 2106 servarent.
3395 2051 3492 2104 Et-

1907 2130 2050 2187 enim
2082 2140 2206 2187 tunc
2234 2147 2332 2189 nos
2368 2134 2534 2204 magis
2561 2151 2760 2205 angere
2786 2136 2961 2192 solent
2991 2137 3342 2202 calamitates,
3366 2154 3491 2196 cum

1908 2221 2025 2276 illas
2043 2237 2164 2278 cum
2194 2224 2413 2294 pristina
2440 2224 2694 2281 felicitate
2719 2241 3126 2298 comparamus;
3161 2231 3493 2301 comparatio

1907 2313 2104 2383 quippe
2133 2314 2344 2386 gravius
2391 2316 2542 2372 ulcus
2570 2316 2754 2373 eflicit.
2789 2319 2901 2374 Hoc
2943 2319 3101 2392 igitur
3137 2330 3194 2377 et
3235 2321 3338 2378 Job
3364 2321 3490 2377 olim

1906 2405 2118 2466 dicebat
2159 2425 2172 2461 :
2217 2407 2344 2473 Quis
2384 2426 2463 2464 me
2513 2421 2670 2482 ponat
2712 2413 2992 2468 secundum
3029 2431 3252 2469 mensem
3295 2414 3494 2469 dierum

1907 2498 2238 2568 pristinorum
2272 2497 2393 2570 (Job
2425 2499 2514 2556 29.
2543 2500 2580 2554 2
2605 2501 2666 2573 )?
2707 2512 2996 2573 narratque
3034 2504 3243 2560 divitias
3278 2520 3490 2571 omnes,

1906 2600 1961 2644 et
1995 2589 2134 2647 bona
2177 2591 2283 2647 sibi
2325 2593 2477 2662 quasi
2524 2608 2592 2650 ex
2619 2591 2854 2651 fontibus
2894 2596 3185 2663 alﬂuentia,
3233 2596 3488 2662 honores,

1911 2691 2234 2752 proventus,
2266 2684 2605 2754 splendorem
2644 2702 2890 2754 omnem;
2921 2689 2993 2744 ita
3020 2699 3076 2746 ut
3106 2690 3316 2745 illorum
3341 2705 3490 2745 com-

1908 2775 2185 2844 paratione
2214 2776 2385 2831 multo
2405 2779 2680 2848 graviores
2697 2780 2942 2836 ostendat
2967 2796 3232 2836 :erumnas
3253 2796 3490 2852 prasen-

1907 2876 2024 2933 tes,
2053 2882 2173 2938 qua:
2200 2867 2372 2938 ipsum
2413 2880 2754 2941 exceperant.
2789 2873 2942 2938 Quod
2982 2875 3143 2930 etiam
3184 2889 3326 2930 nunc
3362 2890 3491 2945 pro-

1908 2958 2069 3027 pheta
2099 2958 2244 3026 fecit,
2269 2959 2451 3018 thecas
2477 2977 2924 3032 commemorans,
2950 2982 3123 3037 neque
3159 2967 3241 3022 his
3265 2979 3490 3024 conten-

1908 3061 2013 3118 tus,
2043 3051 2158 3108 illas
2178 3052 2434 3110 inducens
2456 3055 2715 3128 lugentes.
2737 3059 2860 3114 llaec
2875 3062 3018 3116 enim
3031 3061 3238 3117 dicendi
3256 3060 3490 3119 formula

1906 3142 2148 3212 emphasi
2180 3144 2391 3214 plenior
2413 3154 2525 3212 est,
2550 3163 2670 3203 cum
2709 3150 2841 3206 tales
2874 3153 3273 3222 prosopopoeias
3300 3154 3485 3210 ellicit.

1905 3232 2024 3290 iam
2049 3249 2177 3304 ergo
2201 3244 2256 3291 et
2283 3239 2465 3292 vineas
2490 3239 2732 3309 lugentes
2758 3241 2961 3298 inducit
2987 3253 3042 3299 et
3065 3243 3244 3301 vinum
3264 3286 3280 3312 ,
3310 3255 3369 3301 ut
3395 3263 3492 3302 au-

1907 3325 2111 3383 ditores
2134 3329 2302 3400 magis
2332 3340 2559 3402 pungat,
2591 3341 2646 3389 et
2685 3335 2895 3390 illorum
2923 3338 3218 3393 crassitiem
3241 3339 3486 3410 attingat.

1905 3418 2042 3487 Quid
2067 3429 2248 3476 autem
2273 3431 2375 3488 est,
2401 3423 2778 3496 Derelinqueris
2803 3427 2953 3482 sola?
3003 3427 3064 3482 Et
3083 3429 3488 3493 auxliatorihus,

1906 3509 2105 3580 inquit,
2141 3521 2196 3568 et
2224 3513 2318 3568 Dei
2359 3515 2688 3584 providentia
2718 3518 2826 3573 eris
2871 3533 3056 3584 vacua,
3089 3529 3145 3576 et
3191 3526 3335 3577 omni
3383 3523 3490 3580 alio

1905 3605 2190 3673 splendore
2237 3607 2486 3676 Spoliata,
2526 3608 2875 3682 hostibusque
2932 3613 3164 3684 undique
3200 3615 3394 3678 cincta,
3435 3615 3490 3670 in

1907 3696 2202 3767 mediisque
2230 3700 2478 3754 conclusa
2504 3700 2767 3757 barbaris.
2796 3702 2907 3759 Sub
2947 3703 3062 3760 haec
3089 3706 3276 3762 volens
3306 3708 3488 3764 humi-

1905 3787 2137 3845 liatiouis
2163 3792 2579 3862 magnitudinem
2610 3797 2895 3853 ostendere
2917 3841 2934 3864 ,
2962 3800 3038 3854 ait
3072 3816 3087 3853 :
3115 3798 3178 3853 Et
3205 3801 3273 3854 ad
3301 3811 3486 3856 terram

1905 3883 2250 3950 prosterneris.
2283 3883 2400 3938 Non
2428 3885 2533 3951 ait,
2559 3886 2751 3951 Cades,
2784 3891 2898 3956 vel,
2929 3891 3234 3960 Dejicieris;
3267 3894 3360 3950 sed
3385 3894 3488 3949 alia

1906 3988 2032 4027 usus
2059 3982 2143 4028 est
2169 3974 2404 4032 dictione
2422 4018 2438 4043 ,
2477 3993 2596 4048 qua:
2627 3979 2880 4035 vilitatem
2909 3981 3026 4052 ejus
3053 3997 3266 4040 omnem
3294 3985 3491 4040 clarius

1903 4065 2246 4134 exprimeret.

2519 4181 2748 4238 CAPUT
2787 4182 2874 4236 IV.

1907 4289 1959 4344 1.
2003 4287 2068 4343 Et
2095 4289 2473 4362 apprehenderat
2501 4303 2688 4363 septem
2726 4294 2957 4349 mulieres
2990 4293 3044 4349 in
3079 4295 3161 4350 die
3197 4296 3291 4351 illa
3327 4297 3488 4352 uirum

1976 4398 2154 4449 unum,
2185 4382 2402 4436 dicentes
2429 4398 2450 4437 :
2483 4382 2672 4438 Panem
2699 4395 2925 4440 nostrum
2951 4387 3265 4443 camedemus
3283 4430 3299 4457 ,
3325 4399 3372 4443 et
3412 4405 3494 4444 ve-

1975 4476 2222 4530 stimentis
2267 4477 2451 4531 nostris
2495 4478 2818 4548 aperientur:
2844 4490 3076 4536 ueterum
3122 4497 3304 4536 nomen
3350 4491 3493 4537 tuum

1978 4569 2231 4622 invocetur
2251 4585 2404 4636 super
2423 4586 2534 4636 nos,
2558 4571 2712 4640 aufer
2731 4573 3057 4643 opprobrium
3083 4583 3330 4630 nostrum.

1979 4705 2032 4759 1.
2078 4703 2403 4761 Paucitatem
2435 4705 2670 4762 virorum
2710 4722 2776 4762 ex
2822 4707 2964 4763 bello
3005 4708 3342 4764 residuorum
3384 4711 3496 4766 vult

1907 4794 2212 4859 OStendere,
2258 4805 2311 4851 et
2335 4797 2607 4867 quomodo
2634 4797 2700 4851 ad
2731 4799 3009 4854 minimum
3039 4815 3318 4854 numerum
3361 4803 3497 4855 red-

1908 4895 2057 4943 actus
2083 4889 2153 4944 sit
2174 4890 2399 4959 papulus
2418 4889 2745 4945 Judteorum.
2764 4889 2946 4960 Neque
2963 4890 3104 4944 enim
3130 4891 3229 4945 sibi
3257 4891 3496 4947 subsidio

1908 4993 2041 5048 Opus
2065 4993 2186 5034 esse
2213 4979 2498 5044 dixerunt,
2531 4979 2669 5050 quod
2697 4980 3009 5035 mulieribus
3032 4995 3063 5034 a
3093 4981 3220 5036 viris
3251 4982 3374 5037 ferri
3403 4999 3497 5052 par

1908 5080 1991 5124 est
2013 5111 2028 5136 ,
2056 5070 2150 5124 sed
2177 5086 2235 5124 se
2261 5069 2407 5124 illum
2431 5085 2461 5124 a
2488 5071 2574 5124 tali
2600 5069 2775 5125 ofﬁcio
2819 5071 3112 5127 immunem
3139 5073 3422 5143 compleCti
3447 5085 3497 5128 et

1908 5176 2120 5226 amare,
2159 5161 2203 5214 si
2244 5171 2530 5231 utrumque
2559 5160 2731 5215 solum
2759 5176 2786 5213 a
2817 5163 3083 5217 viduitatis
3112 5165 3329 5220 nomine
3360 5165 3495 5221 libe-

1911 5265 2114 5309 rentur.
2148 5253 2201 5307 ld
2229 5255 2369 5308 enim
2397 5255 2494 5309 sibi
2527 5256 2639 5308 vult
2665 5255 2792 5309 illud
2826 5273 2840 5309 :
2868 5257 3028 5328 Aufer
3051 5259 3378 5328 approbrium
3409 5275 3494 5310 nos

1908 5358 2067 5399 atrum
2113 5361 2132 5398 :
2172 5345 2419 5414 quoniam
2447 5345 2573 5398 olim
2600 5345 2649 5400 id
2681 5345 2942 5416 vituperio
2967 5363 3086 5403 esse
3111 5348 3405 5404 videbatr.
3440 5347 3494 5401 2.

1909 5435 1976 5490 In
2002 5437 2083 5488 (lie
2104 5436 2194 5490 illa
2215 5435 2490 5504 splendebit
2522 5435 2657 5491 Deus
2685 5438 2736 5492 in
2765 5439 2977 5493 consilio
3008 5455 3122 5492 cum
3151 5440 3316 5510 gloria
3345 5454 3498 5506 super

1910 5538 2130 5588 terram,
2158 5537 2214 5579 ut
2237 5527 2418 5581 exaltet
2445 5536 2491 5580 et
2519 5528 2766 5598 gloriﬁcet
2794 5530 2931 5600 quod
2960 5531 3188 5585 relictum
3212 5539 3283 5584 est
3311 5527 3485 5581 Israe-

1909 5620 1990 5674 lis.
2035 5618 2166 5685 Quia
2202 5635 2265 5674 ex
2313 5619 2540 5674 tristium
2581 5620 2994 5676 comminatione
3021 5621 3256 5674 animum
3283 5616 3494 5675 illorum

1908 5711 2196 5766 admodum
2240 5713 2544 5778 concussit,
2585 5722 2640 5767 et
2675 5711 3030 5768 calamitatem
3059 5711 3188 5764 satis
3217 5707 3494 5776 traduxit,

1918 5805 2176 5875 longoque
2203 5816 2452 5860 sermone
2482 5803 2736 5862 terribilia
2766 5801 3036 5873 narravit,
3063 5799 3130 5858 ad
3157 5798 3376 5858 meliora
3403 5799 3490 5857 de-
