4018 6212
640 372 708 426 δες
1403 358 1460 412 8.
1501 353 1778 412 manus
1804 347 2275 408 cunv50s1‘out
2319 348 2632 403 AllCllllil‘.
2673 351 3209 407 CONSTAN'I‘INOP.

635 495 778 534 mum
819 493 878 534 se
916 477 1198 532 convertit.
1245 476 1334 531 llla
1377 474 1517 531 enim
1554 471 1828 526 medicinae
1854 469 2053 540 Optima
2083 467 2220 521 ratio

632 582 734 637 est,
764 586 872 626 non
901 570 1073 625 solum
1099 583 1282 624 secare
1310 575 1364 621 ct
1393 580 1568 628 urere,
1595 562 1688 618 sed
1718 562 1931 616 dolores
1958 559 2080 615 inde
2100 574 2222 629 par-

636 677 720 721 tos
753 663 1079 720 dulcioribus
1124 661 1422 732 pharmacis
1448 658 1613 713 lenire
1643 673 1656 710 :
1690 655 1741 710 id
1771 657 1884 725 ipse
1911 669 2051 708 nunc
2078 653 2221 707 facit.

634 758 817 827 Neque
861 756 1002 810 enim
1053 756 1106 809 in
1136 754 1302 809 tristia
1332 761 1497 807 totum
1525 750 1818 806 desiturum
1845 762 1966 803 esse
1992 748 2098 814 ait,
2127 745 2222 801 sed

634 849 790 906 malis
809 849 876 903 de
901 847 1077 904 medio
1105 845 1327 901 sublatis
1348 844 1426 918 (α)
1445 844 1666 900 meliora
1692 851 1945 899 eventura
1962 856 2111 896 esse:
2130 855 2224 895 ne-

634 957 738 1014 que
783 951 988 996 tantum
1033 953 1393 994 aerumnarum
1442 936 1762 991 solutionem
1811 937 1923 990 fore
1973 933 2083 998 ait,
2128 931 2222 986 sed

631 1037 792 1089 etiam
844 1033 1069 1088 multum
1113 1029 1451 1101 Splendoretn
1503 1043 1858 1099 magnamque
1903 1027 2218 1081 claritatem.

636 1127 748 1182 lloc
767 1127 909 1181 enim
933 1122 1338 1178 illustrationem
1367 1121 1459 1175 Dei
1490 1130 1642 1175 vocat
1668 1134 1786 1190 quae
1816 1118 2047 1173 tristitia:
2075 1125 2221 1171 teneo

631 1221 755 1274 bras
783 1218 976 1284 solvat,
1008 1215 1290 1284 laetamque
1309 1212 1452 1268 diem
1473 1211 1665 1281 pariat,
1695 1210 1942 1280 ipsosque
1968 1207 2222 1263 illustrio-

633 1326 723 1365 res
770 1309 980 1364 reddat.
1027 1305 1159 1362 Illud
1209 1314 1425 1370 autem,
1457 1301 1522 1356 In
1546 1301 1782 1364 consilio.
1811 1300 2073 1371 signiﬁcat
2097 1299 2218 1354 eum

635 1402 924 1472 prudenter
946 1398 1121 1453 omnia
1150 1395 1356 1458 facere,
1385 1403 1581 1449 etcum
1610 1392 1864 1460 sapientia
1887 1390 1986 1444 sibi
2009 1404 2222 1456 compe-

634 1495 786 1550 tenti.
818 1495 870 1548 5.
907 1490 972 1546 Et
999 1490 1091 1545 erit
1116 1489 1253 1561 quod
1274 1486 1528 1542 residuum
1555 1485 1704 1557 fuerit
1732 1481 1942 1537 Israelis
1970 1482 2019 1534 in
2051 1481 2178 1535 Sion
2201 1523 2216 1546 ,

633 1600 680 1644 et
721 1589 855 1659 quod
885 1587 1114 1641 relictum
1142 1583 1292 1655 fuerit
1317 1583 1367 1635 in
1392 1579 1704 1642 Jerusalem,
1731 1576 1895 1632 sancti
1917 1572 2222 1628 vocabuntur

635 1697 806 1734 omnes
837 1679 922 1750 qui
959 1677 1134 1746 scripti
1159 1683 1277 1730 sunt
1301 1673 1370 1727 ad
1395 1673 1546 1727 vitam
1574 1671 1627 1724 in
1655 1667 1958 1724 Jerusalem.
1987 1666 2055 1723 Ut
2082 1665 2220 1720 scias

637 1786 740 1825 non
768 1769 987 1825 fortuito
1015 1783 1139 1822 casu
1169 1765 1394 1820 salutem
1424 1771 1611 1819 nactos
1634 1775 1754 1816 esse
1777 1775 1871 1816 eos
1893 1758 1983 1830 qui
2014 1757 2221 1828 pericu-

636 1862 746 1915 lum
770 1860 1068 1929 effugerunt
1091 1899 1105 1924 ,
1135 1858 1229 1913 sed
1249 1855 1478 1912 e'elestis
1503 1852 1780 1909 sententiae
1802 1851 2018 1907 decreto
2042 1848 2219 1903 muni-

636 1965 751 2019 tos,
794 1954 952 2008 etiam
1002 1952 1052 2006 in
1100 1950 1289 2006 mediis
1332 1948 1487 2004 malis
1519 1963 1624 2003 non
1663 1955 1845 2016 captos
1876 1944 2070 2007 fuisse,
2101 1943 2219 1998 ideo

633 2048 706 2099 ait
739 2064 752 2099 :
783 2045 964 2100 Sancti
1001 2043 1306 2096 vocabuntur
1329 2056 1500 2094 omnes
1522 2040 1608 2110 qui
1637 2039 1807 2109 scripti
1833 2046 1946 2090 sunt
1971 2037 2038 2088 ad
2067 2036 2220 2087 vitam

633 2143 683 2193 in
709 2138 1013 2192 Jerusalem.
1046 2136 1144 2205 Qui
1173 2134 1432 2205 segregati
1461 2143 1616 2198 sunt,
1645 2131 1809 2202 inquit
1833 2172 1845 2192 ,
1874 2130 1963 2200 qui
1991 2128 2216 2198 probati,

633 2233 720 2302 qui
765 2229 984 2301 signati,
1025 2239 1082 2283 ut
1119 2227 1251 2282 nihil
1283 2227 1404 2281 mali
1439 2234 1766 2296 paterentur.
1797 2223 1923 2278 Jure
1951 2233 2126 2274 autem
2157 2220 2219 2275 il-

635 2325 716 2378 los
757 2333 967 2378 sanctos
1003 2329 1189 2387 vocat,
1232 2320 1522 2375 ostendens
1547 2318 1965 2388 segregationem
1997 2332 2102 2369 non
2135 2325 2216 2368 tc-

634 2431 780 2470 mere
805 2456 818 2477 ,
865 2429 962 2469 nec
1007 2414 1125 2467 sine
1163 2425 1321 2466 causa
1358 2410 1451 2464 Dei
1477 2409 1749 2464 decretum
1782 2407 1899 2461 illos
1929 2418 2168 2460 servasse
2200 2421 2216 2458 :

634 2508 728 2562 sed
767 2505 968 2576 aliquid
1008 2505 1080 2559 illi
1112 2504 1187 2558 rei
1215 2501 1506 2558 contulisse
1531 2501 1783 2554 virtutem
1803 2541 1818 2564 ,
1849 2499 1961 2550 sive
1989 2512 2048 2551 ca
2081 2511 2217 2564 prae-

634 2599 890 2659 cesserit,
921 2598 1033 2651 sive
1059 2605 1178 2665 post
1203 2593 1524 2663 subsequuta
1554 2591 1642 2646 sit.
1675 2588 1894 2644 Etiamsi
1922 2588 2062 2642 enim
2093 2585 2218 2641 boni

635 2692 849 2760 quidam
883 2690 1074 2743 fuerint
1105 2698 1161 2742 et
1185 2686 1318 2754 tequi
1339 2725 1356 2751 ,
1393 2693 1625 2738 attamen
1651 2697 1715 2737 ex
1746 2681 1809 2735 iis
1836 2696 1953 2750 qua:
1981 2679 2220 2748 contige-

635 2792 759 2837 rtmt
779 2781 1028 2835 meliores
1056 2793 1119 2833 ac
1145 2777 1508 2847 diligentiores
1527 2784 1828 2828 evaserunt.
1854 2770 2217 2840 Quemadmo-

635 2876 760 2928 dum
785 2874 925 2928 enim
953 2886 1139 2924 aurum
1162 2870 1266 2938 igni
1292 2868 1542 2922 traditum
1566 2881 1778 2920 omnem
1800 2863 2029 2917 scoriam
2050 2861 2215 2926 depo-

637 2968 749 3031 nit,
799 2969 877 3020 sic
921 2975 974 3019 et
1019 2964 1167 3033 probi
1217 2963 1268 3016 in
1316 2958 1693 3016 tcntationibus
1735 2957 2009 3027 probiores
2047 2955 2216 3019 ﬁunt,

634 3076 848 3115 omnem
873 3059 1150 3114 ahluentes
1184 3054 1503 3109 socordiam.
1537 3055 1588 3108 ι.
1625 3051 1755 3119 Quia
1781 3049 1946 3103 abluet
1970 3046 2220 3102 Dominus

633 3154 831 3207 sordent
861 3152 1084 3218 filiorum
1106 3158 1152 3202 et
1180 3148 1398 3216 ﬁliarum
1422 3145 1570 3210 Sion,
1597 3153 1643 3198 et
1654 3144 1947 3214 sanguinem
1965 3155 2220 3212 expurga-

636 3247 704 3298 bit
747 3245 810 3298 de
856 3243 1020 3296 medio
1062 3257 1230 3295 eorum
1267 3239 1448 3307 spiritu
1467 3237 1678 3308 judicii,
1712 3235 1757 3289 et
1785 3233 1967 3304 spiritu
1996 3230 2218 3286 ardoris.

636 3337 911 3407 Duplicem
944 3334 1029 3388 hic
1057 3333 1185 3388 mihi
1221 3333 1427 3386 videtur
1455 3331 1634 3384 dicere
1661 3327 2096 3396 expurgationem
2118 3366 2133 3392 ,
2165 3333 2221 3380 et.

634 3430 775 3501 quod
809 3428 937 3483 dent
975 3434 1310 3495 peccatorum
1338 3437 1549 3490 poenas,
1578 3433 1630 3474 ct
1658 3421 1799 3491 quod
1829 3419 2022 3474 exhinc
2054 3418 2103 3472 in
2134 3418 2218 3472 fu-

637 3533 812 3576 turum
836 3518 1196 3588 diligentiores
1221 3514 1466 3569 evadant.
1499 3513 1821 3582 Sanguinem
1848 3527 1974 3564 vero
1997 3509 2219 3564 Jerusa-

636 3615 743 3670 lcm
793 3613 968 3668 cmdes
1011 3620 1161 3664 vocat
1201 3608 1484 3677 cattlesque
1523 3607 1764 3676 injustas.
1796 3604 1993 3659 Deinde
2018 3618 2219 3670 augens

635 3708 1027 3762 accusationem
1072 3703 1178 3767 ait,
1234 3701 1309 3754 De
1334 3699 1496 3753 medio
1538 3715 1728 3752 eorum.
1766 3696 1879 3752 Non
1908 3697 2048 3750 enim
2080 3695 2215 3750 clam

639 3798 920 3854 homicidia
951 3796 1184 3865 aggressi
1206 3802 1363 3859 sunt,
1394 3792 1486 3847 sed
1513 3795 1664 3860 pejus
1691 3805 1847 3860 quam
1881 3790 2136 3854 latrones,
2165 3798 2221 3843 et

635 3891 670 3944 ii
712 3890 799 3960 qui
847 3890 895 3942 in
938 3887 1162 3955 publicis
1201 3885 1298 3940 viis
1338 3883 1556 3938 insidias
1581 3883 1777 3937 locant.
1808 3882 1884 3936 Illi
1913 3896 2140 3950 namque
2165 3881 2216 3934 in

637 3981 868 4037 tenebris
895 3981 1121 4035 latentes
1144 3987 1198 4033 et
1222 3978 1273 4033 in
1302 3975 1696 4042 solitudinibus,
1722 3984 1972 4030 consueta
1990 3973 2216 4027 facinora

636 4074 1052 4144 aggrediuntur;
1106 4070 1158 4124 hi
1207 4080 1388 4123 autem
1435 4068 1611 4122 medio
1659 4067 1711 4121 in
1758 4065 1904 4131 foro,
1955 4065 2006 4118 in
2044 4061 2218 4117 mcd'a

639 4166 771 4221 urbe
815 4175 868 4220 et
915 4165 964 4218 in
1011 4163 1138 4234 ipsis
1181 4161 1530 4217 tribunalibus
1553 4159 1736 4215 eadem
1766 4174 1882 4228 quae
1914 4157 1984 4212 illi
2017 4155 2218 4210 scelera

641 4256 1038 4327 perpetrabant.
1067 4253 1171 4310 Sed
1203 4264 1254 4309 et
1282 4253 1542 4308 maculam
1570 4249 1693 4305 inde
1718 4259 1888 4303 ortam
1917 4247 2111 4301 bellum
2140 4246 2223 4299 in-

637 4365 834 4421 gruens
879 4357 1174 4406 consumet.
1225 4346 1430 4401 Etenim
1475 4345 1527 4398 in
1573 4353 1808 4411 tempore
1853 4340 2107 4394 bonorum
2156 4347 2221 4393 5:.

641 4444 892 4498 a'rmnnis
935 4442 1080 4508 prius
1121 4439 1275 4492 illatis
1317 4453 1375 4490 se
1416 4434 1684 4498 defendit,
1715 4431 1853 4502 quod
1885 4430 2090 4485 scilicet
2117 4427 2221 4482 illa:

642 4533 760 4587 ideo
791 4532 1093 4585 acciderent
1114 4571 1130 4593 ,
1165 4539 1220 4581 ut
1239 4529 1613 4585 abluerentur,
1641 4541 1702 4576 ac
1727 4524 1911 4576 sordes
1940 4529 2217 4590 ponerent,

639 4635 694 4678 ul
729 4625 847 4694 igne
878 4629 1227 4692 purgarentur
1257 4619 1303 4683 ',
1336 4629 1389 4672 ut
1418 4632 1630 4670 omnem
1658 4614 1916 4667 maculam
1946 4613 2219 4676 absterge-

642 4726 758 4771 rent
781 4758 795 4782 ,
821 4725 874 4768 ut
903 4714 1151 4784 probrum
1173 4728 1234 4767 ex
1265 4708 1493 4780 peccatis
1514 4717 1566 4762 et
1587 4707 1818 4762 ca-dihus
1841 4713 2046 4773 partum
2071 4702 2221 4756 elue-

641 4817 777 4864 rcut.
829 4807 963 4876 Quid
1011 4821 1137 4860 vero
1178 4814 1258 4858 ρει
1304 4801 1440 4871 quod
1467 4802 1576 4864 ait,
1609 4799 1806 4869 Spiritu
1827 4797 2013 4868 judicii
2039 4803 2086 4848 et
2114 4795 2220 4862 spi-

639 4901 738 4952 ritu
783 4897 1029 4951 ardOris?
1056 4896 1110 4951 In
1142 4893 1446 4962 metaphora
1475 4889 1716 4945 conﬂatm
1748 4887 2026 4942 metalliete
2052 4893 2222 4937 matc-

641 4994 682 5046 ri
705 5008 732 5042 ιε
779 4990 1031 5044 substitit.
1073 4984 1525 5054 Quemadmodum
1571 4982 1714 5036 enim
1759 4981 1864 5034 illic
1904 4979 2120 5048 spiritus
2169 4979 2220 5029 in

640 5087 1005 5140 t-onllator'am
1038 5081 1302 5135 fornacem
1336 5077 1603 5132 immissus
1629 5084 1680 5129 et
1707 5073 1970 5136 ﬂammam
2001 5069 2221 5133 amans,

641 5178 1078 5245 ardentioreSque
1109 5188 1302 5244 prunas
1330 5170 1586 5235 reddens,
1617 5181 1832 5220 omnem
1860 5164 2086 5218 absumit
2107 5177 2227 5216 sco-

704 5340 722 5370 ί
759 5345 884 5396 Haec,
908 5333 1088 5394 utique
1111 5335 1446 5396 purgarmtur,
1473 5329 1652 5396 desunt
1685 5327 1736 5376 in
1760 5332 1872 5396 Reg.
1902 5328 1954 5393 et
1975 5318 2115 5370 savil.
2134 5319 2227 5370 Sed

642 5403 689 5451 in
716 5386 884 5448 navari
897 5407 948 5447 et
968 5386 1131 5446 Morel.
1160 5386 1415 5451 habentur,
1435 5386 1495 5440 et
1511 5390 1745 5452 quadrant
1766 5386 1824 5433 ad
1841 5386 2040 5452 seriem.

811 5445 1158 5514 litor—arceas»
1181 5473 1338 5524 some.
1372 5445 1413 5504 ια’
1439 5445 1549 5514 μισςῦ
1576 5462 1792 5524 ςληςθίιητιτ.
1817 5447 1936 5524 tuest
1952 5445 2229 5524 Δειᾙςιξξιᾚιξ-

645 5501 1523 5582 turiiin'Et;'siiiéipiétiiifaiiogictu
1535 5527 1564 5582 ξ.
1574 5501 1799 5582 imm-otiis
1815 5507 1878 5582 de
1892 5506 2000 5556 med
2003 5501 2229 5582 iosulrla:

643 5571 718 5643 iis,
733 5571 814 5644 an.
833 5571 972 5634 malis
996 5571 1085 5632 seu
1109 5571 1323 5644 tristibus
1348 5577 1408 5644 de
1435 5575 1593 5624 medio
1616 5571 1828 5644 sublatis.
1851 5577 1908 5644 ea
1933 5571 2113 5644 quippe
2133 5578 2224 5644 volt

643 5627 1044 5710 Exliﬁiﬁétn
1059 5627 1227 5710 potius
1245 5641 1510 5710 requirere
1534 5635 1808 5710 versionem
1833 5627 2114 5710 videbatur;
2139 5627 2227 5710 sed

646 5689 1265 5756 é'i‘Erié'ci'c’baﬁenone
1288 5689 1597 5762 sequentium
1633 5696 1946 5758 posteriorem
1973 5689 2136 5749 malui,
2179 5693 2230 5736 et

645 5769 712 5819 sic
739 5769 882 5818 vertit
904 5780 1099 5831 quoque
1122 5763 1394 5814 Tihnannus

2333 465 2464 520 riam
2511 484 2525 520 :
2571 469 2640 521 ita
2682 477 2734 523 et
2765 468 2851 524 hic
2881 469 3115 526 immissa
3142 485 3172 524 a
3202 470 3310 525 Deo
3338 470 3412 524 ira
3435 514 3448 534 ,
3480 482 3527 527 et
3561 473 3790 529 incidens
3816 481 3858 529 lu

2330 557 2489 612 stium
2537 559 2817 626 incursus,
2861 560 3030 615 instar
3072 562 3207 631 ignis
3252 563 3367 618 urbi
3414 563 3582 618 factus
3618 574 3727 633 est,
3778 569 3857 638 ign

2330 664 2436 702 non
2468 650 2754 718 perniciem
2785 650 3088 717 inferentis,
3121 653 3214 707 sed
3247 655 3468 718 urentis,
3502 658 3785 724 purgantis,
3813 676 3857 724 pt

2331 741 2526 794 nientis
2550 752 2602 794 et
2631 741 2983 796 cmendantis.
3008 743 3158 797 llune
3178 744 3317 797 enim
3345 759 3559 799 sensum
3585 745 3737 800 habet
3759 747 3858 800 illo.

2331 832 2527 899 Spiritu
2548 830 2908 898 judicii,“boc
2933 841 3049 899 est,
3081 833 3370 902 puuitionis
3390 877 3406 900 ,
3439 835 3716 903 vindielm,
3749 837 3857 890 ultit

2329 922 2430 976 nis.
2475 922 2527 976 ὅ.
2563 921 2627 975 Et
2671 924 2828 977 ueniet
2869 922 3137 977 Dominus.
3169 924 3467 979 Adventqu
3499 927 3615 994 ejus
3643 929 3858 996 Operatit

2329 1029 2452 1068 nem
2477 1024 2645 1068 vocat.
2677 1013 2744 1068 Et
2769 1017 2863 1069 erit
2893 1019 3056 1069 omnis
3085 1014 3223 1069 locus
3253 1016 3434 1070 montis
3465 1017 3621 1083 Sion,
3654 1029 3699 1070 et
3719 1021 3858 1071 omni.

2326 1123 2440 1178 qua:
2472 1107 2524 1161 in
2557 1107 2769 1161 circuitu
2797 1110 2906 1180 ejus
2934 1120 3088 1176 sunt,
3121 1107 3430 1162 obumbrabit
3455 1110 3608 1164 nubes
3631 1128 3717 1181 per
3740 1113 3858 1165 diem

2327 1209 2374 1252 et
2401 1199 2548 1268 quasi
2580 1201 2718 1251 fumo
2742 1240 2757 1265 ,
2789 1209 2833 1253 et
2861 1201 3008 1269 quasi
3035 1201 3144 1254 lucc
3167 1200 3296 1269 ignis
3322 1201 3544 1253 ardentis
3569 1218 3655 1269 per
3683 1214 3857 1254 noctcn

2327 1293 2462 1344 omni
2491 1292 2652 1362 gloria
2673 1301 2973 1362 protegetur.
3004 1292 3054 1346 6.
3087 1291 3152 1344 Et
3178 1295 3270 1345 en‘t
3296 1294 3346 1344 in
3367 1293 3712 1347 umbraculum
3735 1297 3858 1346 dicit

2325 1391 2450 1435 testu
2475 1423 2490 1445 ,
2534 1392 2581 1435 et
2615 1383 2666 1434 in
2695 1392 2976 1452 legumento
3009 1393 3054 1434 et
3081 1383 3134 1435 iu
3161 1382 3456 1435 abscondito
3481 1383 3543 1436 ab
3571 1387 3838 1453 asperitate

2325 1473 2515 1542 pluvia.
2559 1471 2764 1528 Nubem
2811 1471 2898 1527 hie
2923 1481 3077 1528 vocat
3105 1472 3525 1528 consolationem
3555 1473 3608 1527 in
3635 1475 3787 1528 malis
3811 1476 3858 1528 d:

2327 1575 2431 1620 tam
2456 1581 2472 1625 ;
2497 1581 2680 1636 rogum
2709 1566 2782 1637 (α)
2813 1580 2940 1621 vero
2967 1565 3253 1620 adventum
3274 1566 3390 1636 ejus
3405 1582 3527 1622 cum
3547 1568 3857 1622 consolatio:

2322 1657 2647 1727 adjunctum.
2689 1658 2840 1726 Quod
2871 1658 3012 1714 enim
3040 1657 3093 1713 in
3120 1669 3252 1713 testu
3279 1666 3362 1714 est
3390 1659 3589 1724 nubes,
3619 1659 3718 1715 hoc
3746 1661 3796 1715 in
3828 1671 3858 1714 It

2325 1750 2504 1804 nebris
2532 1760 2586 1805 et
2612 1750 2872 1818 prolunda
2900 1761 3054 1807 nocte
3082 1765 3241 1820 rogus
3264 1751 3528 1820 splendidi
3558 1751 3692 1821 ignis
3719 1767 3858 1806 accet

2322 1855 2436 1896 sus.
2461 1842 2551 1898 Illa
2581 1843 2722 1896 enim
2749 1852 2936 1897 testum
2962 1842 3201 1912 depellit,
3221 1841 3309 1896 hic
3333 1857 3462 1898 vero
3486 1842 3762 1913 caliginem
3790 1844 3858 1897 di:

2322 1933 2476 1989 cutit.
2500 1932 2796 1987 Adventum
2833 1949 2961 2002 ergo
2996 1932 3112 2003 ejus
3139 1949 3282 2003 pyra:
3304 1932 3608 2002 splendori,
3639 1933 3858 1987 remissi:

2325 2039 2446 2078 nem
2486 2040 2613 2078 vero
2659 2033 2712 2078 et
2739 2023 3123 2080 recreatiOnem
3153 2024 3354 2078 umbra:
3380 2023 3534 2078 nubis
3559 2027 3858 2093 comparavi

2324 2115 2527 2170 Deinde
2567 2115 2857 2170 ostendens
2894 2132 2998 2168 non
3039 2116 3290 2185 paulatim
3316 2115 3503 2170 solutis
3530 2113 3767 2170 tristibus
3793 2117 3858 2168 ha

2321 2218 2574 2263 eventura
2603 2223 2724 2264 esse
2746 2250 2763 2274 ,
2794 2207 2888 2263 sed
2916 2209 3204 2277 derepente
3228 2207 3279 2261 in
3308 2207 3524 2276 ipsaque
3549 2223 3857 2262 aerumnam;

2323 2301 2373 2355 vi
2401 2302 2513 2357 fore
2539 2302 2882 2356 mutationem
2902 2341 2920 2367 ,
2948 2310 3004 2355 ut
3025 2311 3078 2356 et
3105 2301 3226 2355 inde
3252 2300 3458 2356 discant
3476 2342 3492 2367 ,
3524 2317 3626 2354 non
3657 2317 3719 2355 ex
3745 2317 3858 2354 rcvt

2322 2392 2524 2448 lutione
2549 2393 2776 2464 quadam
2802 2405 2855 2448 et
2877 2393 3096 2449 fortuito
3120 2394 3464 2447 mutationem
3497 2393 3548 2446 in
3578 2393 3764 2447 melius
3784 2407 3858 2444 es:

2323 2484 2565 2552 factam;
2611 2484 2705 2540 sed
2747 2499 2812 2539 ex
2856 2499 3085 2555 superna
3131 2481 3324 2538 virtute
3368 2491 3534 2536 totum
3572 2497 3690 2536 esse
3721 2482 3858 2535 0οηΙὶ

2321 2585 2464 2632 ctum
2484 2619 2501 2644 ,
2533 2577 2681 2634 Sicut
2705 2578 2822 2649 igne
2843 2577 3050 2632 ardente
3073 2577 3124 2630 in
3153 2585 3296 2630 nocte
3312 2617 3328 2638 ,
3360 2575 3559 2644 inquit,
3583 2575 3660 2628 sic
3681 2573 3768 2628 fiet
3787 2590 3858 2628 ῐιὶι

2324 2673 2452 2726 latio
2471 2711 2485 2734 ,
2517 2669 2582 2724 Et
2607 2671 2698 2724 erit
2725 2670 2778 2724 in
2805 2671 3033 2724 umbram
3059 2685 3148 2738 per
3174 2668 3327 2723 diem.
3355 2667 3608 2732 Quamam
3640 2665 3751 2720 lucc
3781 2683 3857 2719 un

2323 2764 2461 2818 bra?
2491 2762 2582 2819 Dei
2609 2763 2886 2829 auxilium,
2916 2762 3106 2833 inquit,
3128 2771 3182 2816 et
3208 2757 3524 2820 subsldium,
3548 2757 3694 2827 quasi
3717 2756 3858 2810 lllltIJl

2322 2856 2374 2910 in
2407 2864 2576 2922 testu,
2607 2864 2659 2910 et
2685 2855 2834 2923 quasi
2857 2861 3052 2909 tectum
3081 2852 3163 2908 vel
3189 2867 3436 2908 cavernae
3464 2849 3734 2904 latibulum
3755 2890 3768 2911 ,
3798 2849 3858 2901 in

2321 2950 2418 3004 bre
2455 2946 2758 3003 vehementi
2801 2947 3061 3013 cadente,
3112 2945 3165 3000 in
3210 2954 3324 3000 tuto
3349 2951 3526 2999 servat
3549 2959 3668 2998 eum
3694 2942 3781 3012 qui
3813 2943 3852 2995 il

2321 3039 2558 3108 confugit
2602 3056 2616 3093 :
2657 3040 2736 3094 sic
2759 3048 2815 3094 et
2841 3038 2932 3092 Dei
2962 3037 3331 3093 commilitium
3356 3035 3489 3089 nihil
3515 3035 3653 3089 sinet
3677 3033 3782 3102 pati
3811 3034 3857 3087 dt

2322 3131 2558 3186 trimenti
2582 3170 2598 3195 ,
2632 3139 2780 3186 tanto
2808 3129 3082 3202 ingruente
3110 3128 3248 3185 bello
3269 3168 3284 3196 ,
3317 3141 3409 3183 eos
3434 3140 3570 3196 quos
3589 3141 3618 3180 a
3645 3125 3856 3196 princip

2321 3237 2538 3280 servare
2563 3221 2808 3279 Voluerit.

2949 3353 3176 3410 CAPUT
3215 3352 3280 3407 V.

2326 3474 2378 3530 I.
2423 3470 2648 3528 Cantabo
2687 3469 2868 3524 dilecto
2918 3467 3170 3520 canticum
3207 3465 3376 3519 dilecti
3424 3464 3522 3519 mei
3568 3463 3722 3518 vineae
3759 3480 3858 3517 met

2397 3587 2447 3641 1.
2490 3585 2776 3653 Postquam
2816 3580 3043 3636 tristium
3083 3578 3496 3633 comminatione
3533 3579 3813 3641 exterruit,

2321 3677 2583 3732 benorum
2615 3672 2970 3744 promissione
2995 3670 3307 3727 exhilaravit
3327 3709 3343 3734 ,
3386 3669 3693 3739 variamque
3722 3670 3853 3724 med

2323 3767 2426 3822 lam
2454 3765 2727 3830 adhibuit,
2773 3762 2826 3818 in
2862 3761 3004 3816 aliud
3033 3761 3208 3816 denuo
3238 3760 3554 3831 principium
3597 3775 3858 3815 sertnmxe

2324 3859 2550 3924 reducit,
2585 3857 2895 3927 principium
2917 3897 2933 3923 ,
2975 3855 3220 3924 inquam,
3256 3853 3396 3922 quod
3427 3854 3716 3923 ιιιιοριιοιὶίη
3747 3868 3858 3908 exn

2323 3951 2468 4005 dium
2499 3950 2758 4003 videatur.
2798 3945 3253 4014 Quemadmodum
3278 3945 3418 3998 enim
3449 3960 3477 3996 a
3509 3943 3769 4012 principio
3795 3955 3852 3997 st

2327 4041 2418 4094 tim
2452 4037 2704 4094 beneﬁcia
2754 4039 2881 4108 ipsis
2923 4053 2951 4090 a
2996 4036 3110 4090 Deo
3149 4035 3337 4089 collata
3387 4035 3656 4088 recensuit
3698 4034 3858 4088 dicer

2327 4131 2488 4186 Filios
2515 4129 2665 4201 genui
2688 4139 2732 4181 et
2757 4127 2970 4183 exaltavi
3003 4125 3169 4197 (Isai.
3199 4127 3248 4179 l.
3275 4126 3367 4193 Ξ),
3393 4124 3634 4178 adductis
3663 4139 3858 4192 propos

2326 4225 2495 4292 lisque
2523 4221 2846 4283 sceleribus,
2881 4234 2997 4285 qua:
3029 4218 3100 4271 illi
3131 4224 3468 4285 patraverant
3491 4257 3506 4282 ,
3537 4229 3765 4282 nempe,
3801 4213 3858 4283 Ij

2324 4323 2613 4384 sprerertmt
2640 4328 2734 4375 me,
2763 4321 2836 4377 el,
2862 4307 3028 4364 Israel
3052 4319 3216 4362 autent
3246 4326 3324 4360 me
3343 4325 3441 4361 non
3467 4308 3718 4378 cognovit,
3747 4318 3790 4360 et
3828 4327 3858 4374 ιι

2325 4403 2476 4476 palus
2504 4419 2640 4456 meus
2683 4417 2760 4454 me
2804 4417 2904 4454 non
2940 4398 3181 4452 intellexit
3210 4396 3371 4468 (Isai.
3405 4397 3451 4450 I.
3480 4395 3588 4469 5):
3623 4396 3700 4450 sic
3730 4407 3783 4447 et
3818 4397 3854 4447 Il

2325 4497 2440 4551 loco
2470 4495 2586 4549 aliis
2615 4495 2808 4557 dictis,
2850 4491 2942 4545 Sed
2984 4491 3170 4545 eadem
3217 4489 3475 4543 sententia
3526 4503 3587 4541 ea
3634 4487 3748 4556 ipsa
3796 4504 3857 4556 (ιι

2325 4591 2470 4660 prius
2497 4587 2730 4642 exhibet.
2769 4584 2960 4639 Verum
3001 4598 3103 4652 qua
3147 4581 3214 4636 de
3259 4595 3418 4634 causa
3461 4579 3852 4648 reprehensuri

2324 4678 2792 4750 reprehensionem
2815 4673 3078 4730 canticum
3100 4672 3295 4726 vocat?
3323 4672 3526 4743 Moyses
3547 4673 3692 4725 enim
3722 4668 3776 4722 id
3797 4670 3858 4736 jn

2327 4775 2450 4829 fecit
2473 4787 2593 4826 cum
2619 4769 2800 4832 Maria,
2827 4775 3008 4836 utpote
3036 4764 3351 4834 triumphale
3379 4762 3642 4817 canticum
3674 4762 3846 4816 modo

2328 4875 2478 4920 turus
2496 4906 2512 4929 ,
2542 4863 2836 4930 meritoque
2862 4860 2938 4913 sic
2969 4856 3150 4926 incipit
3181 4874 3194 4908 :
3221 4855 3486 4909 Cantemus
3512 4852 3734 4906 Domino
3758 4868 3778 4905 :
3807 4856 3858 4922 gl

2326 4958 2458 5011 riose
2481 4955 2614 5009 enim
2644 4952 2995 5022 magniﬁcatus
3025 4957 3130 5010 est,
3172 4961 3350 5013 equum
3381 4953 3424 4998 et
3451 4957 3773 4996 ascensorem
3808 4960 3858 5008 pi

2317 5050 2439 5120 jecit
2483 5048 2534 5100 in
2579 5062 2718 5100 mare
2761 5042 2971 5116 (Exod.
3001 5040 3086 5096 I5.
3122 5039 3212 5109 I).
3258 5038 3323 5092 Et
3367 5036 3571 5091 Debora
3621 5047 3746 5104 pOSt
3792 5035 3847 5087 ill

2327 5139 2638 5195 admirabile
2669 5148 2922 5205 tropmum
2942 5172 2960 5200 ,
3003 5141 3058 5187 et.
3095 5131 3416 5200 insperatam
3455 5128 3738 5182 victoriam
3763 5169 3776 5187 ,
3805 5127 3858 5195 ju

2329 5231 2593 5286 canticum
2621 5228 2746 5282 illud
2780 5223 3097 5294 triumphale
3119 5219 3416 5288 contexuit,
3435 5219 3649 5274 laudem
3679 5217 3776 5273 rei.
3803 5234 3858 5272 re

2332 5324 2441 5378 Deo
2469 5320 2680 5392 (Judic.
2707 5319 2792 5389 ὃ).
2837 5317 2932 5372 Hic
2962 5323 3138 5370 autem
3164 5313 3539 5368 criminaturus
3558 5352 3572 5377 ,
3602 5326 3730 5364 cum
3763 5312 3851 5362 vel

2407 5504 2478 5564 (α)
2509 5507 2589 5567 Gr.
2616 5504 2782 5567 πυράν.
2805 5504 2917 5567 llic
2941 5515 2993 5553 et
3029 5503 3152 5567 inira
3191 5504 3340 5567 πυρὰν
3365 5509 3740 5567 commemorat,
3784 5517 3854 5563 qn

2344 5579 2403 5614 ea
2427 5579 2516 5613 vox
2543 5565 2592 5613 in
2626 5564 3015 5625 priecedentihus
3051 5564 3317 5626 Scriptum»
3343 5564 3599 5612 versiculis
3624 5565 3858 5611 habere“

2341 5640 2468 5695 9⁸³⁸.
2487 5634 2646 5695 "ante"
2681 5626 2749 5675 ibi
2789 5640 2886 5695 13"“
2928 5635 3190 5695 comparet.
3231 5626 3327 5674 Sed
3373 5629 3858 5695 putotlhrysostotm

2343 5685 2428 5735 Iias
2451 5685 2586 5735 Isaiae
2607 5700 2772 5756 voces,
2797 5690 2860 5756 ὡς
2896 5685 3048 5748 more:
3072 5690 3216 5751 πυρὸς
3245 5685 3497 5750 καιομένου
3519 5689 3708 5746 νυκτός,
3736 5685 3815 5734 hic
3840 5699 3858 5747 ι

2341 5760 2514 5800 vocem
2536 5749 2684 5814 πυράν
2710 5749 3006 5813 exprimere.
