4018 6212
439 258 506 313 ΞΓΙ
1211 273 1214 276 ’
1745 256 1809 311 ιΝ
1853 257 2001 316 lSAlt

2143 261 2295 320 CAP.
2344 265 2399 322 ν.
3647 306 3716 362 δε

438 370 598 429 menti
625 383 879 429 sermone
897 376 1067 441 egeat,
1097 377 1150 424 et
1178 367 1355 424 animo
1377 384 1481 424 non
1506 368 1750 434 remisso,
1779 369 1871 426 scd
1895 386 2020 427 con-

433 466 614 528 citato,
643 479 703 520 se
733 471 1061 520 cantaturum
1087 460 1243 518 nobis
1269 462 1548 532 promittit,
1578 470 1632 516 ct
1654 462 2021 521 accusationes

429 555 694 614 canticum
737 563 913 609 vocat.
959 555 1032 609 At
1071 569 1178 610 non
1221 553 1513 627 ipseisolus
1537 595 1551 620 ,
1583 553 1678 612 sed
1707 564 1754 608 et
1798 570 2020 626 magnus

430 647 518 704 ille
538 646 775 718 Moyses,
805 647 893 715 qui
925 654 1048 700 tunc
1075 645 1398 715 triumphale
1433 645 1560 702 illud
1587 646 1850 702 canticum
1873 647 2023 702 ceci-

431 748 620 805 nerat;
664 738 792 794 dum
825 737 1041 794 Judrcos
1075 737 1446 808 reprehendit,
1483 738 1696 811 longum
1728 739 1858 794 illud
1885 755 2019 796 can-

432 831 592 886 ticum
616 830 744 885 fecit
765 829 1270 900 reprehensionibus
1284 828 1715 898 plenum,dicens
1741 850 1753 886 :
1782 831 2021 888 Htrccine

432 923 645 976 Domino
666 921 914 978 redditis?
940 919 1041 975 llic
1066 922 1286 992 populus
1311 921 1496 976 stultus
1513 931 1561 976 et
1583 923 1822 993 insipiens
1837 923 2013 996 (Deut.

427 1017 513 1072 32.
545 1015 661 1087 6);
692 1025 748 1071 et
773 1014 952 1069 multis
987 1014 1226 1069 collectis
1256 1014 1698 1087 accusationibus,
1735 1015 1848 1070 bene
1874 1017 2018 1086 ipsos

424 1122 624 1164 canere
651 1107 769 1177 lege
796 1107 1085 1176 praecepit;
1115 1115 1170 1161 et
1199 1120 1297 1161 nos
1321 1104 1586 1177 hodieque
1623 1116 1875 1163 canentes
1901 1111 2019 1164 hace

425 1199 672 1254 dicimus.

487 1292 757 1346 Canticum
799 1308 893 1346 cur
939 1291 1314 1346 criminationes
1355 1292 1627 1347 contineat.
1654 1323 1723 1333 -—-
1750 1292 1859 1350 Cur
1887 1310 2018 1365 ergo

418 1383 823 1439 criminationes
845 1391 904 1436 ut
920 1383 1186 1437 canticum
1209 1383 1573 1440 concinnant?
1600 1383 1869 1455 Sapientia
1896 1401 2016 1443 cer-

419 1487 471 1530 te
500 1474 588 1530 usi
630 1474 927 1544 spirituali,
971 1482 1024 1528 et
1061 1473 1285 1529 multum
1323 1475 1668 1534 emolumenti
1711 1477 2014 1535 auditorum

413 1567 612 1620 animis
641 1565 839 1620 inferre
863 1567 1124 1622 volentes.
1156 1565 1289 1632 Quia
1315 1567 1459 1622 enim
1487 1568 1617 1623 nihil
1646 1570 1723 1623 sie
1751 1571 1881 1626 utile
1907 1579 2014 1637 est,

417 1668 473 1711 ut
511 1657 786 1712 scelerum
817 1656 1032 1712 assidue
1076 1657 1384 1726 recordari,
1434 1659 1671 1731 nihilque
1697 1663 2012 1720 memoriam

413 1751 482 1806 ita
531 1753 743 1806 ﬁrmam
786 1751 954 1822 parit,
987 1760 1044 1806 ut
1074 1751 1300 1808 melodis
1325 1792 1341 1820 ,
1384 1767 1452 1809 ne
1480 1753 1551 1808 ob
1578 1756 2010 1818 criminationnm

413 1843 838 1916 magnitudinem
870 1842 1092 1900 taederet
1125 1857 1220 1898 eos
1239 1883 1256 1909 ,
1285 1853 1340 1900 et
1367 1844 1637 1900 assiduam
1667 1857 2008 1918 peccatorum

416 1937 735 1992 memoriam
763 1936 1212 2008 subterfugerent,
1242 1939 1431 1994 cantici
1458 1939 1817 1998 modulatione
1842 1941 2010 2011 pudo-

415 2043 530 2082 rem
559 2027 858 2098 subripiens
885 2043 950 2084 ex
980 2029 1238 2084 memoria
1269 2037 1475 2099 partum
1496 2069 1511 2095 ,
1539 2039 1592 2086 et
1620 2031 2007 2088 intolerabilem

419 2133 707 2174 trimi-orem
754 2119 981 2184 leniens,
1036 2119 1151 2175 hare
1193 2120 1402 2176 cantica
1450 2119 1613 2189 fecit,
1657 2130 1716 2176 ut
1763 2121 2007 2179 melodis:

415 2223 604 2263 amore
643 2209 812 2263 coacti
848 2208 914 2264 ad
965 2223 1029 2264 ea
1057 2209 1365 2278 frequenter
1409 2211 1796 2280 pronuntianda
1819 2253 1833 2276 ,
1865 2228 2009 2285 smpe

412 2301 631 2356 illorum
660 2301 1076 2358 recordarentur
1095 2344 1110 2371 ,
1140 2302 1458 2373 assidueque
1483 2303 1778 2360 doctrinam
1809 2304 1878 2361 de
1913 2321 2008 2363 co-

408 2392 571 2447 lenda
599 2393 798 2449 virtute
825 2393 1086 2450 haberent
1104 2435 1118 2459 ,
1150 2409 1342 2464 nempe
1371 2394 1638 2452 assiduam
1668 2406 2005 2466 peccatorum

407 2482 868 2540 recordationem.
916 2483 1074 2540 Scitis
1123 2484 1281 2555 igitur
1326 2485 1464 2541 alios
1504 2485 1794 2556 Scripturae
1838 2488 2007 2548 libros

405 2575 597 2630 multis
636 2573 901 2646 hodieque
945 2590 1014 2630 ne
1057 2574 1123 2630 de
1152 2576 1366 2634 nomine
1407 2576 1622 2648 quidem
1668 2586 1822 2633 notos
1850 2594 2004 2648 esse;

405 2665 750 2723 Psalmorum
779 2678 956 2722 aulem
985 2679 1119 2736 opus
1157 2682 1346 2722 omnes
1385 2668 1438 2722 in
1468 2683 1562 2725 ore
1599 2668 1768 2734 ferre,
1808 2679 1863 2726 et
1891 2670 2006 2730 haec

405 2759 577 2813 etiam
603 2758 808 2812 cantica
833 2776 847 2812 :
873 2758 1056 2828 sicque
1076 2774 1139 2815 ex
1169 2759 1328 2815 rebus
1354 2759 1483 2828 ipsis
1504 2760 1820 2830 ostenditur,
1847 2779 2007 2832 quan-

403 2861 510 2906 tum
547 2866 619 2907 ex
650 2860 807 2907 cantu
835 2851 1039 2907 lucrum
1067 2851 1304 2907 accedat.
1347 2851 1554 2908 Idcirco
1579 2853 1694 2923 ipse
1722 2855 1796 2911 ait
1822 2872 1836 2908 :
1863 2854 2004 2912 Can-

401 2943 517 2997 tabo
551 2941 739 2996 dilecto
769 2959 878 2999 meo
907 2943 1158 2998 canticum
1187 2943 1354 2998 dilecti
1385 2944 1482 2998 mei
1507 2945 1663 3002 uinea:
1699 2961 1842 3000 mete.
1871 2945 2006 3001 Can-

401 3037 566 3089 ticum
594 3034 778 3088 dilecto
797 3074 812 3099 ,
839 3033 945 3098 ait,
979 3036 1173 3087 viuere:
1202 3033 1431 3089 cantabo
1457 3035 1601 3090 circa
1644 3035 1816 3105 ipsum
1861 3037 2001 3091 dile-

398 3139 576 3184 ctum.
622 3129 692 3184 Et
720 3129 820 3200 ipsi
861 3138 1038 3198 canto,
1085 3130 1273 3200 inquit,
1313 3139 1367 3184 et
1393 3140 1764 3202 argumentum
1811 3133 2003 3192 cantici

397 3224 546 3279 circa
583 3221 734 3276 illum
763 3231 816 3276 et
845 3237 934 3277 res
959 3221 1026 3276 ad
1065 3237 1187 3278 eum
1231 3231 1533 3293 spectantes
1559 3235 1816 3280 versatur.
1849 3224 2001 3292 Quod

396 3314 443 3369 si
473 3314 864 3383 objurgaturus
885 3321 940 3368 et
975 3313 1225 3369 dilectum
1251 3322 1406 3369 vocat
1433 3322 1490 3370 et
1517 3323 1772 3380 amatum,
1803 3331 1870 3370 ne
1897 3317 2000 3372 mi-

393 3406 567 3462 reris.
619 3403 752 3461 Nam
797 3414 851 3460 et
895 3404 1000 3460 hoc
1047 3419 1292 3474 magnum
1339 3413 1423 3462 est
1463 3404 1530 3460 ad
1573 3406 1998 3464 criminationem

394 3497 694 3563 viaticum,
739 3496 880 3565 quod
926 3496 1131 3552 scilicet
1175 3511 1296 3551 cum
1339 3496 1708 3568 diligerentur,
1755 3507 1811 3554 et
1853 3507 1998 3556 tanta

391 3589 713 3646 fruerentur
743 3587 838 3642 Dei
867 3587 1261 3654 benevolentia,
1289 3603 1462 3658 neque
1489 3589 1567 3644 sic
1595 3590 1846 3646 meliores
1873 3591 2000 3648 elle-

391 3680 466 3733 cti
497 3679 638 3734 sint.
688 3677 800 3733 lloc
835 3688 889 3733 et
917 3678 1056 3733 alius
1096 3679 1356 3749 propheta
1382 3679 1724 3737 subindicans
1746 3681 1951 3738 dicebat
1979 3699 1994 3737 :

389 3772 568 3837 Quasi
597 3788 746 3826 uram
785 3772 838 3826 in
878 3771 1072 3828 deserto
1100 3772 1264 3826 iuveni
1300 3771 1469 3826 Israel
1491 3813 1506 3838 ,
1533 3774 1678 3845 quasi
1706 3790 1917 3844 scapum
1943 3777 1997 3834 in

390 3864 498 3933 ﬁcu
554 3860 632 3935 (a)
676 3878 948 3930 praecocem
992 3863 1094 3919 uidi
1138 3874 1305 3934 patres
1349 3881 1522 3918 eorum
1561 3865 1729 3935 (Osee
1761 3866 1814 3922 9.
1849 3855 1994 3938 10):

385 3958 673 4028 optabiles
701 3956 824 4012 illos
863 3956 1222 4028 amabilesque
1266 3971 1386 4014 esse
1416 3973 1512 4027 per
1542 3957 1641 4013 bos
1683 3958 1887 4015 fructus
1917 3960 1998 4015 in.

384 4048 592 4104 dicans
620 4065 635 4102 :
664 4048 924 4118 Optabiles
943 4089 958 4115 ,
992 4049 1206 4119 inquam
1227 4091 1243 4116 ,
1275 4049 1637 4120 amabilesque
1664 4065 1768 4110 non
1808 4067 1872 4106 ex
1899 4066 1992 4106 sua

383 4142 636 4206 virtute,
685 4139 780 4195 sed
819 4155 888 4195 ex
927 4139 1022 4195 Dei
1067 4139 1412 4210 benignitate.
1445 4140 1595 4208 Quod
1625 4149 1800 4197 autem
1845 4142 1991 4210 dicit,

384 4232 715 4303 hujusmodi
741 4242 822 4288 est
853 4251 866 4288 :
900 4233 1020 4305 Ego
1045 4234 1116 4289 ita
1147 4233 1328 4299 dilexi,
1358 4241 1418 4288 ut
1441 4233 1484 4288 si
1513 4233 1634 4303 quis
1663 4250 1816 4289 uvam
1846 4235 1995 4290 inve.

383 4325 541 4380 net-it
573 4324 630 4380 in
656 4324 890 4390 deserto,
918 4333 1009 4381 aut
1036 4326 1079 4379 si
1109 4325 1230 4395 quis
1254 4338 1473 4395 scopum
1501 4327 1760 4395 repererit
1787 4327 1837 4381 in
1868 4327 1989 4390 lien.

380 4418 625 4474 Etiamsi
655 4418 798 4474 enim
828 4417 941 4472 haec
967 4417 1212 4487 exempla
1249 4417 1458 4486 indigna
1489 4416 1596 4472 sint
1627 4417 1757 4484 Deo,
1785 4429 1839 4474 at
1870 4419 1990 4475 illo-

377 4525 513 4566 rum
546 4509 798 4582 ingluviei
839 4516 1196 4564 consentanea
1227 4517 1370 4562 sunt.
1399 4506 1426 4561 Ι
1434 4508 1509 4577 psi
1538 4523 1699 4577 vero,
1729 4511 1838 4577 ait,
1866 4525 1988 4572 cum

378 4610 544 4656 tanta
569 4598 860 4655 dilectione
881 4597 1211 4665 fruerentur,
1234 4599 1508 4653 abalienati
1526 4609 1662 4666 sunt,
1685 4601 1991 4672 ingressique

378 4702 513 4746 sunt
540 4692 612 4746 ad
637 4688 966 4762 Beelphegor.
996 4689 1241 4746 Sic'sane
1266 4690 1412 4746 illum
1444 4691 1529 4748 hic
1557 4699 1714 4747 vocat
1733 4691 1987 4754 dilectum

377 4797 438 4839 ct
487 4791 733 4837 amatum
761 4823 777 4850 ,
819 4782 1109 4838 ostendens
1148 4783 1311 4838 Deum
1356 4785 1535 4838 omnia
1576 4799 1696 4854 qua
1736 4799 1766 4840 a
1811 4785 1988 4854 seipse

373 4882 550 4932 erant
575 4872 912 4940 exhibuisse,
941 4887 1047 4930 non
1077 4873 1218 4945 quod
1260 4875 1360 4945 ipsi
1403 4876 1697 4946 coeperint,
1725 4877 1818 4932 sed
1846 4876 1985 4948 quod

375 4968 542 5024 Deus
574 4967 721 5038 βίοι·
744 4967 956 5024 amarit.
991 4966 1068 5023 llli
1093 4981 1221 5023 vero
1245 4982 1416 5038 neque
1444 4978 1629 5038 postea
1654 4969 1843 5041 dignos
1865 4986 1986 5030 sese

373 5059 662 5118 betmﬂeio
689 5059 1083 5127 exhibuerunt;
1123 5059 1216 5116 sed
1243 5075 1407 5131 opere
1447 5060 1562 5130 ipso
1603 5062 1780 5117 omnia
1826 5063 1983 5119 exhi-

376 5152 564 5206 buero
605 5151 893 5214 contraria.
939 5149 1096 5207 Vinea
1135 5152 1272 5221 facta
1323 5160 1392 5205 est
1449 5151 1665 5219 dilecto,
1698 5152 1750 5206 in
1790 5169 1980 5221 cornu,

375 5243 435 5296 in
489 5242 609 5299 loco
649 5245 844 5316 pingui.
893 5243 1072 5302 Vineze
1120 5243 1338 5302 nomine
1373 5258 1588 5302 omnem
1631 5245 1983 5308 subindicarit

443 5377 528 5439 (a)
562 5375 617 5443 in
635 5384 816 5443 graeco.
841 5391 888 5435 ὅς
909 5391 1042 5434 ποιὸν
1059 5394 1093 5432 ιν
1113 5397 1222 5443 cui.
1261 5385 1440 5443 sensus
1484 5383 1579 5443 est,
1603 5378 1746 5443 quasi
1766 5380 1984 5442 specula-

375 5436 546 5508 Ιαρρι
559 5438 608 5488 'm
620 5436 733 5502 ﬁcu.
753 5447 864 5508 Nam
886 5456 1012 5501 aut,
1036 5436 1314 5508 paulo'ante
1334 5441 1382 5492 in
1410 5436 1806 5508 eodemcapitel)
1824 5452 1979 5508 (iseae,

381 5513 433 5547 ν.
480 5500 535 5568 8,
563 5499 942 5568 estAspeculutor.
966 5499 1065 5568 fti'c
1088 5516 1260 5568 autem
1297 5515 1444 5553 versu
1469 5503 1528 5552 10
1550 5499 1757 5568 Vulgata
1782 5505 1929 5568 habet
1964 5499 1979 5557 Ξ

378 5559 732 5638 1:91pm
775 5576 912 5638 pomo
950 5563 1184 5630 ρεηιηεω,
1233 5567 1293 5638 in
1333 5568 1547 5638 _ttehr:eo
1588 5559 1752 5638 aciem
1800 5567 1980 5638 legitur

380 5629 615 5738 ,
655 5626 796 5687 usus"
817 5626 987 5687 prima
1003 5638 1197 5703 [ηιαιιε
1216 5626 1468 5698 ﬁculneae,
1503 5628 1641 5692 quasi
1662 5626 1979 5696 primogenita

2130 379 2510 446 providentiam
2537 428 2552 455 ,
2589 403 2846 466 suamque
2885 393 3022 450 circa
3064 393 3181 452 illos
3217 397 3648 466 sollicitudinem.

2197 472 2250 527 2.
2292 475 2475 547 Neque
2499 480 2587 536 hic
2610 483 2832 552 gradum
2861 487 3034 559 sistit,
3065 493 3159 549 sed
3185 497 3287 552 alia
3315 499 3474 557 etiam
3507 503 3707 561 δεηθῆ-

2124 565 2209 664 cia
2232 581 2515 664 enumerat
2540 589 2552 626 :
2582 575 2862 649 primoque
2896 580 2945 635 id
2973 595 3188 653 praistat
3217 603 3249 644 a
3277 589 3382 647 situ
3410 594 3510 651 loci
3534 614 3550 664 ;
3584 598 3711 658 illud

2125 657 2268 711 enim
2288 699 2304 729 ,
2332 658 2399 716 In
2427 678 2588 718 cornu
2606 706 2621 732 ,
2663 666 2714 722 in
2743 669 2854 724 loco
2876 672 3085 746 pingui,
3120 687 3227 736 tum
3256 691 3500 746 naturam
3527 657 3708 754 terrae.

2265 751 2428 849 situm
2456 755 2683 849 laudans
2709 759 2839 816 dicit
2865 782 2880 820 :
2911 764 2961 820 id
2991 769 3132 838 quod
3160 780 3212 827 et
3240 773 3403 833 David
3433 751 3710 849 psallendo

2122 836 2261 937 dixit
2282 840 2670 937 deglerusalem
2698 867 2712 904 :
2743 851 2943 912 Montes
2965 836 3021 912 in
3049 861 3260 918 circuitu
3291 836 3706 937 ελωξεώᾇήᾇεξ

2122 944 2217 1030 nus
2243 931 2294 986 in
2323 934 2540 1030 circuitu
2569 942 2746 1010 populi
2767 944 2846 997 sui
2873 945 3042 1017 (Psal.
3071 949 3190 1009 124.
3214 931 3566 1030 2).'Natnque
3588 931 3706 1018 vcin-

2121 1023 2198 1080 xit
2220 1038 2372 1096 eam,
2409 1026 2611 1098 inquit,
2637 1033 2720 1087 vel
2748 1050 2814 1090 ex
2854 1037 2956 1091 situ
2989 1039 3089 1096 loci
3119 1059 3133 1096 :
3165 1023 3417 1104 crs-terum
3449 1023 3550 1108 hoc
3572 1067 3708 1109 con-

2121 1123 2297 1172 tentus
2321 1134 2428 1173 non
2458 1119 2586 1189 fuit,
2620 1125 2714 1182 sed
2754 1129 3017 1186 maximus
3043 1133 3154 1203 ipse
3191 1152 3375 1196 murus
3417 1141 3494 1197 illi
3537 1144 3706 1204 factus

2121 1218 2203 1264 est
2231 1227 2245 1264 :
2271 1212 2412 1284 quod
2444 1213 2532 1270 hic
2573 1217 2873 1278 subindicat
2900 1222 3083 1280 dicens
3106 1267 3121 1292 ,
3153 1226 3221 1282 In
3261 1247 3419 1288 cornu
3440 1275 3454 1298 ,
3482 1235 3705 1308 inexpu-

2116 1303 2384 1394 gnabilem
2413 1321 2606 1378 nempe
2630 1324 2751 1366 esse
2772 1311 2946 1368 locum
2973 1330 2989 1380 ;
3019 1325 3075 1370 at
3097 1319 3240 1388 quod
3263 1321 3436 1392 majus
3464 1335 3578 1394 est,
3607 1303 3702 1384 hei

2118 1392 2412 1452 subsidium
2438 1397 2673 1456 declarat
2708 1416 2776 1456 ex
2815 1405 3122 1477 metaphora
3163 1409 3344 1467 bovini
3371 1392 3573 1474 cornu.
3604 1417 3702 1474 Et-

2115 1486 2260 1541 etiim
2289 1488 2392 1543 tale
2415 1488 2661 1565 adagium
2690 1492 2742 1550 in
2768 1494 2955 1566 vulgus
2979 1498 3108 1554 exiit
3145 1500 3212 1556 de
3239 1501 3307 1557 iis
3331 1504 3419 1574 qui
3447 1505 3500 1560 in
3532 1487 3702 1564 tutum

2115 1574 2346 1646 aliquem
2371 1578 2545 1636 locum
2570 1582 2898 1658 confugiunt.
2924 1587 3058 1655 Quia
3083 1591 3227 1646 enim
3249 1595 3487 1651 omnium
3523 1597 3702 1657 fortis-

2115 1666 2284 1724 simus
2312 1679 2395 1727 est
2427 1679 2642 1742 taurus,
2671 1676 2812 1748 quod
2841 1693 2969 1736 vero
2993 1679 3186 1738 fortius
3209 1683 3263 1739 in
3288 1699 3374 1754 eo,
3402 1697 3482 1743 est
3508 1703 3698 1758 cornu,

2113 1772 2219 1828 quo
2242 1773 2342 1820 ceu
2361 1764 2528 1820 armis
2551 1765 2736 1836 utitur,
2760 1768 2883 1840 quia
2904 1781 3066 1842 captu.
3081 1772 3302 1833 diﬂicile
3324 1788 3426 1846 est,
3449 1779 3502 1836 id
3526 1783 3702 1838 solent

2113 1849 2267 1906 multi
2294 1851 2475 1912 dicere
2503 1870 2518 1909 :
2551 1870 2616 1912 ac
2643 1856 2913 1930 Scriptura
2943 1877 3088 1935 saepe
3115 1879 3286 1923 cornu
3312 1871 3582 1928 unicornis
3608 1889 3700 1928 vo-

2111 1948 2319 2034 cat-eos
2341 1983 2356 2007 ,
2396 1945 2488 2015 qui
2518 1946 2574 2002 in
2614 1956 2727 2006 tuto
2757 1951 2913 2022 positi
2940 1964 3082 2009 sunt.
3132 1955 3198 2011 In
3223 1973 3380 2014 cornu
3410 1961 3584 2034 itaque
3614 1965 3702 2022 hic

2113 2029 2262 2095 dicit,
2293 2035 2450 2103 quasi
2477 2036 2529 2092 in
2557 2045 2692 2104 tuto,
2717 2038 2770 2098 in
2800 2041 2908 2098 alto
2938 2043 3056 2098 loco
3086 2063 3102 2100 :
3127 2045 3178 2101 id
3209 2051 3349 2118 quod
3375 2029 3526 2109 initio
3554 2053 3700 2112 dice-

2110 2119 2202 2176 bat
2223 2121 2423 2217 tilias
2445 2127 2597 2217 genui
2618 2137 2664 2184 et
2683 2130 2901 2188 exaltavi
2919 2131 3068 2201 (Isai.
3094 2136 3144 2190 1.
3163 2136 3240 2197 2).
3265 2138 3332 2194 In
3354 2141 3464 2197 loco
3484 2145 3697 2217 pingui:

2110 2212 2252 2280 quod
2297 2213 2509 2286 Moyses
2551 2216 2764 2274 dicebat
2802 2236 2818 2275 :
2857 2221 3067 2279 Terram
3108 2229 3345 2297 ﬂuentem
3387 2212 3698 2292 ιαοέιήιιι

2114 2303 2308 2375 (Exod.
2326 2308 2379 2364 5.
2399 2309 2477 2379 8).
2500 2309 2558 2369 2.
2583 2311 2646 2367 Et
2666 2328 2834 2382 sepem
2854 2315 3214 2388 circumposui,
3233 2332 3280 2376 et
3300 2325 3694 2384 circumrallavi.

2111 2396 2299 2470 Sepem
2323 2410 2416 2458 aut
2437 2416 2646 2460 murum
2670 2403 2818 2476 dicit,
2851 2416 2943 2463 aut
2968 2408 3158 2480 legem,
3189 2420 3283 2468 aut
3309 2415 3696 2484 providentiam

2111 2506 2286 2550 suam.
2317 2493 2528 2555 Etenim
2570 2497 2654 2552 lex
2697 2500 2863 2556 tutius
2902 2515 3059 2572 quam
3091 2520 3274 2562 murus
3311 2507 3432 2564 illos
3462 2511 3694 2570 circum.

2108 2584 2372 2656 cingebat.
2403 2585 2473 2647 Et
2510 2589 2930 2658 circumuallaui;
2975 2605 3142 2652 tutam
3179 2599 3332 2670 posui
3376 2604 3692 2662 custodiam.

2109 2678 2240 2745 Quia
2263 2680 2405 2738 enim
2427 2696 2582 2754 sepes
2602 2684 2740 2741 solet
2765 2699 2884 2741 esse
2905 2698 3154 2758 superato
3182 2691 3370 2759 facilis,
3397 2695 3538 2752 aliud
3565 2697 3694 2766 ipsis

2110 2771 2414 2840 prms‘idium
2449 2774 2824 2848 circumposui.
2856 2777 2925 2832 Et
2949 2779 3174 2849 plantaui
3201 2783 3395 2841 uincam
3425 2786 3602 2844 Sorec.
3635 2788 3690 2843 In

2107 2863 2421 2935 metaphora
2451 2866 2722 2936 persistit,
2756 2883 2875 2942 qua:
2917 2885 3023 2926 non
3053 2883 3136 2928 cst
3175 2873 3242 2930 ad
3285 2875 3492 2932 literam
3518 2879 3691 2951 expli-

2106 2953 2297 3022 canda,
2325 2955 2420 3012 sed
2445 2971 2566 3014 cum
2596 2972 2820 3029 scopum
2849 2960 3138 3032 attigimus,
3169 2962 3270 3022 hoc
3296 2967 3424 3023 satis
3449 2983 3567 3025 esse
3593 2969 3690 3028 de-

2106 3043 2217 3100 bet.
2245 3044 2412 3104 Sorec
2438 3057 2616 3104 autem
2662 3049 2752 3106 hic
2792 3051 3052 3123 signiﬁcat
3071 3093 3088 3128 ,
3113 3069 3291 3111 veram
3311 3098 3328 3123 ,
3353 3071 3688 3130 generosam,

2108 3153 2214 3193 non
2237 3138 2389 3194 malis
2405 3155 2505 3196 nec
2524 3139 2790 3200 inferioris
2806 3152 2944 3200 notae
2965 3146 3337 3218 propaginibus
3356 3149 3688 3222 instructam,

2104 3227 2199 3285 sed
2237 3230 2472 3300 probatis
2507 3241 2562 3288 et
2596 3233 2896 3305 praecipuis.
2934 3235 3094 3292 Multa
3122 3253 3350 3310 namque
3377 3241 3564 3299 vitium
3593 3259 3689 3316 ge-

2104 3338 2231 3378 nera
2261 3331 2405 3380 sunt.
2454 3323 2521 3382 Et
2561 3325 2808 3396 mdi/icavi
2850 3330 3028 3384 turrim
3051 3369 3069 3397 ,
3109 3339 3158 3385 et
3198 3334 3417 3388 torcular
3443 3335 3496 3389 in
3525 3338 3689 3392 medio

2103 3417 2231 3488 ejus.
2264 3415 2487 3484 Quidam
2518 3418 2705 3476 turrim
2746 3417 3162 3490 interpretantur
3194 3425 3466 3496 templum,
3499 3435 3552 3483 et
3583 3435 3690 3484 tor-

2103 3511 2253 3568 calar
2275 3512 2483 3567 altare:
2515 3512 2636 3583 quia
2669 3511 2774 3567 illic
2805 3512 3012 3570 fructus
3042 3514 3252 3573 virtutis
3275 3521 3533 3590 cujusque
3560 3534 3689 3576 eon-

2102 3604 2477 3674 grcgahantur,
2504 3619 2710 3662 necnon
2731 3604 3028 3663 oblationes
3049 3617 3105 3664 et
3128 3608 3316 3666 hostia:
3338 3625 3525 3670 omnes
3548 3631 3562 3669 :
3587 3628 3687 3684 ego

2102 3694 2450 3770 utique,quod
2474 3695 2653 3752 dicere
2678 3711 2967 3768 cmperam,
2998 3713 3141 3755 nunc
3167 3698 3328 3756 etiam
3349 3702 3543 3770 dicam,
3567 3705 3684 3761 ani-

2100 3800 2245 3840 mum
2277 3801 2469 3858 nempe
2493 3787 2821 3861 metaphora:
2842 3804 3008 3862 scopo
3033 3789 3390 3849 adhibendum
3418 3808 3558 3852 esse.
3584 3795 3686 3853 Per

2100 3879 2216 3936 hare
2240 3879 2380 3937 enim
2404 3881 2581 3940 omnia
2603 3882 2706 3938 hoc
2728 3883 3030 3954 significare
3055 3884 3167 3940 vult
3196 3903 3210 3941 :
3237 3885 3368 3955 Qum
3393 3902 3510 3944 mea
3534 3898 3685 3944 erant

2101 3970 2315 4043 implevi
2343 3975 2544 4040 omnia,
2575 3989 2789 4036 omnem
2817 3975 3032 4036 exhibui
3058 3977 3408 4050 diligentiam.
3452 3979 3567 4035 Non
3598 3991 3683 4036 at-

2099 4067 2216 4124 trivi
2251 4065 2556 4134 laboribus,
2586 4081 2692 4122 non
2723 4065 2856 4138 fregi
2883 4065 3168 4124 sudoribus
3189 4109 3203 4134 ,
3235 4083 3341 4124 non
3378 4069 3523 4140 ipsos
3546 4070 3682 4140 jnssi

2096 4157 2363 4213 aediﬁcare
2383 4196 2398 4224 ,
2437 4171 2544 4212 non
2575 4155 2792 4223 fodere,
2834 4171 2939 4211 non
2966 4157 3228 4228 plantarc,
3259 4157 3354 4214 sed
3382 4158 3678 4218 absolutum

2097 4247 2224 4319 ipsis
2253 4263 2387 4318 opus
2414 4245 2626 4304 tradidi.
2665 4245 2848 4318 Neque
2872 4246 2978 4302 huc
2999 4245 3134 4324 desii
3159 4246 3540 4320 benignitatem
3582 4267 3681 4306 cx-

2096 4344 2311 4411 hibere,
2339 4342 2434 4399 sed
2457 4341 2759 4414 Exspectaui
2787 4351 2838 4398 ut
2869 4345 3058 4414 faceret
3082 4357 3263 4409 uuam,
3296 4353 3350 4399 ct
3377 4348 3681 4416 exspectavi

2093 4445 2306 4508 tempus
2345 4443 2701 4507 opportunum
2746 4443 2808 4490 ut
2850 4434 3075 4491 fructum
3121 4433 3318 4502 ferret,
3352 4437 3514 4492 multa
3555 4452 3681 4495 usus

2093 4527 2347 4604 patientia
2379 4539 2393 4580 :
2426 4524 2554 4583 illud
2585 4525 2727 4581 enim
2747 4564 2763 4592 ,
2785 4524 3118 4596 Exspectavi,
3150 4525 3201 4582 id
3231 4527 3511 4598 signiﬁcat.
3540 4528 3680 4583 Fecit

2092 4631 2261 4676 autem
2301 4621 2496 4691 spinas.
2538 4617 2928 4677 lnfructuosam
2970 4618 3183 4676 illorum
3221 4619 3383 4674 vitam
3424 4621 3676 4688 ostendit,

2091 4727 2362 4785 asperam,
2388 4711 2598 4770 duram.
2625 4711 2737 4779 Qua
2768 4724 2899 4786 ergo
2927 4711 3085 4768 venia
3109 4710 3252 4783 digni
3277 4710 3473 4768 fuerint
3498 4712 3556 4781 ii,
3587 4715 3678 4786 qui

2092 4814 2213 4876 post
2240 4812 2438 4863 tantam
2469 4803 2712 4874 agricola:
2757 4817 2960 4870 curam,
2999 4802 3131 4858 tales
3173 4802 3376 4859 fructus
3409 4805 3508 4876 ipsi
3551 4806 3676 4862 red-

2089 4897 2262 4953 dunt?
2293 4897 2347 4952 5.
2373 4895 2438 4952 Et
2469 4912 2622 4963 nunc,
2649 4895 2798 4953 homo
2817 4893 2958 4950 Iuda
2987 4903 3032 4949 et
3061 4895 3344 4951 habitantes
3367 4895 3675 4967 Jerusalem,

2083 4989 2312 5061 judicate
2337 4987 2470 5041 inter
2493 5003 2575 5042 me
2600 4995 2646 5041 et
2674 4985 2870 5040 vincam
2905 5000 3086 5040 ineant.
3115 4985 3302 5056 Magna
3336 4987 3474 5059 juris
3498 4990 3675 5060 cupia,

2089 5095 2212 5138 cum
2237 5079 2381 5151 ipsos
2407 5094 2528 5135 reos
2571 5077 2845 5134 constituit
2881 5075 3090 5148 judiees
3125 5077 3264 5135 inter
3299 5094 3362 5135 ea
3392 5097 3511 5152 qua:
3537 5082 3672 5153 ipse,

2086 5181 2144 5230 et
2168 5173 2304 5228 inter
2327 5186 2387 5227 ea
2417 5185 2537 5242 quae
2580 5168 2654 5226 illi
2698 5169 2954 5225 fecerunt.
2998 5167 3068 5226 Et
3107 5187 3256 5226 nunc.
3286 5171 3404 5232 Non
3433 5187 3670 5228 comme-

2088 5283 2240 5325 moro
2269 5277 2470 5334 vetera,
2500 5266 2700 5338 inquit,
2729 5266 2824 5324 sed
2851 5266 3009 5324 hodie
3040 5278 3254 5339 paratus
3276 5283 3392 5324 sum
3413 5266 3671 5337 judicium

2086 5363 2286 5420 subire.
2319 5362 2408 5417 Sic
2445 5377 2730 5433 numquam
2757 5375 2911 5418 cesso
2946 5361 3169 5434 implere
3199 5376 3338 5425 mea,
3375 5375 3471 5416 vos
3495 5367 3670 5413 vestra

2085 5470 2192 5510 nor.
2234 5453 2485 5524 impletis.
2525 5452 2579 5508 4.
2627 5452 2762 5521 Quid
2790 5455 2986 5526 faciam
3019 5454 3238 5523 amplius
3281 5451 3437 5505 vincte
3465 5466 3589 5504 mete
3612 5450 3670 5504 ’τ

2159 5575 2176 5607 ¹
2205 5575 2324 5632 Oure
2345 5583 2626 5640 sequuntur
2649 5583 2758 5640 post
2781 5579 2883 5640 haec
2905 5575 3073 5640 verba,
3099 5575 3226 5640 Quid
3249 5571 3426 5639 [ariam
3457 5574 3670 5640 amplius

2133 5634 2144 5645 ο
2160 5591 2176 5607 ι
2205 5591 2324 5632 unm
2345 5591 2626 5666 sequuntur
2649 5591 2758 5639 post
2782 5591 2883 5648 ηερε
2905 5591 3073 5648 verba=
3099 5591 3224 5636 quia
3249 5591 3426 5639 [actam
3457 5591 3669 5640 ampttus

2097 5649 2249 5702 tutth
2273 5650 2412 5691 tuear.
2446 5652 2602 5702 usque
2636 5639 2712 5693 ad.
2743 5639 2869 5696 Quid
2901 5645 3172 5702 catonem,
3197 5639 3324 5688 bene
3353 5640 3506 5690 multa
3530 5647 3669 5690 certe

2099 5696 2442 5752 desiderantur
2477 5696 2533 5749 in'
2557 5702 2674 5765 Reg.
2703 5709 2754 5752 ct
2778 5702 2925 5750 Sari].
