4010 6218
288 300 362 357 59
1015 293 1073 352 S.
1112 286 1389 350 JOANNIS
1424 275 1896 344 CHRYSOSTOMI
1935 272 2255 331 ARCHIEP.
2292 267 2828 330 CONSTANTINOP.
3162 290 3178 305 ο
3495 268 3565 326 σο

286 419 532 490 quoniam
552 416 829 487 exspectavi
854 422 907 470 ut
931 417 1116 484 faceret
1139 425 1308 476 uvam,
1336 407 1454 479 fecit
1477 413 1644 460 autem
1672 399 1865 472 spinas.

290 509 562 568 Orationis
589 518 855 565 structura
886 505 1098 560 videtur
1119 515 1240 557 esse
1273 496 1550 553 obscurior
1578 513 1594 551 :
1625 492 1874 564 quocirca

294 617 519 659 necesse
544 607 627 656 est
655 599 798 655 illam
823 595 1193 652 dilucidiorem
1219 588 1524 645 reddamus.
1551 585 1704 654 Quod
1723 583 1872 650 dicit,

293 695 397 748 hoc
432 691 532 747 sibi
562 689 674 746 vult
706 707 720 744 :
748 686 885 756 Quid
927 682 1205 755 oportebat
1247 680 1440 746 facere,
1485 685 1543 734 et
1580 691 1688 732 non
1729 673 1877 730 feci?

292 783 554 840 Nimirum
576 823 590 847 ,
621 789 681 836 ut
708 780 831 836 talia
872 784 1086 847 peccata
1115 771 1480 828 admitterent.
1524 767 1661 836 Quid
1695 775 1876 820 autem

295 875 530 945 obiicere
559 864 824 943 possunt?
852 884 920 923 an
949 865 1090 937 quod
1119 861 1436 935 quibusdam
1478 857 1874 931 praetermissis,

295 967 394 1036 ipsi
423 965 502 1021 sic
529 960 891 1032 deliquerint?
922 958 1059 1026 Quid
1089 957 1274 1028 faciam
1302 954 1439 1008 ultra
1462 953 1620 1006 vinea:
1647 965 1802 1016 mea,
1831 958 1878 1002 et

294 1074 393 1112 non
437 1056 532 1126 feci
559 1053 704 1124 ipsi?
749 1053 885 1120 Quze‘
916 1049 1048 1118 feci,
1091 1047 1301 1118 inquit,
1349 1045 1465 1100 haec
1491 1051 1615 1098 sunt
1647 1061 1659 1096 :
1694 1054 1876 1096 verum

289 1151 400 1218 iam
430 1147 582 1203 factis
616 1162 721 1201 non
749 1152 1033 1200 contentus
1066 1157 1206 1209 sum,
1249 1153 1421 1210 neque
1459 1138 1578 1192 dico
1601 1150 1690 1191 me
1713 1135 1878 1189 multa

293 1240 549 1296 beneﬁcia
595 1237 889 1293 contulisse
932 1253 947 1291 :
993 1233 1088 1290 sed
1127 1235 1171 1288 si
1217 1246 1323 1287 non
1365 1230 1542 1286 omnia
1583 1229 1718 1294 feci,
1758 1234 1880 1297 post

293 1345 413 1401 quae
456 1329 587 1384 nihil
624 1327 924 1384 faciendum
969 1323 1405 1395 relinquebatur,
1440 1321 1493 1378 id
1530 1335 1661 1391 rogo
1691 1318 1880 1376 dicatis

294 1422 460 1489 mihi,
499 1436 598 1477 vos
640 1421 732 1490 qui
770 1421 884 1474 haec
925 1417 1277 1488 consequuti,
1317 1425 1368 1472 et
1411 1423 1682 1486 gestorum
1713 1419 1880 1468 testes

295 1517 446 1582 estis,
489 1531 556 1571 ex
595 1512 923 1583 experientia
964 1513 1079 1566 haec
1115 1509 1399 1576 didicistis,
1439 1522 1546 1562 non
1585 1506 1788 1563 alienos
1827 1511 1882 1559 ct

296 1607 609 1679 peregrinos
631 1607 921 1675 interrogo.
951 1605 1004 1658 5.
1033 1603 1182 1657 Nunc
1205 1610 1371 1656 autem
1390 1597 1699 1654 annuntiabo
1723 1595 1879 1663 vobis,

299 1698 422 1770 quid
458 1698 643 1770 faciam
687 1698 844 1750 vineta
882 1710 1025 1750 mete.
1072 1692 1207 1762 Quia
1250 1691 1528 1746 victoriam
1569 1687 1880 1760 reportavit,

300 1791 673 1861 ingratumque
695 1788 907 1843 illorum
935 1785 1170 1840 animum
1196 1782 1599 1849 demonstravit,
1636 1788 1762 1835 tunc
1787 1779 1882 1834 de~

299 1896 444 1936 mum
471 1879 674 1950 profert
711 1877 1051 1942 senlentiam,
1093 1883 1148 1930 et
1186 1890 1306 1946 qua:
1344 1873 1581 1929 facturus
1621 1872 1692 1927 sit
1731 1871 1878 1938 dicit,

303 1988 411 2028 non
435 1982 492 2028 ut
517 1971 860 2039 condemnet,
889 1969 984 2026 sed
1007 1978 1065 2024 ut
1085 1984 1152 2024 ex
1187 1976 1332 2023 metu
1355 1982 1451 2038 per
1470 1967 1644 2022 minas
1670 1966 1887 2022 incusso

301 2061 690 2118 moderatiores
730 2061 940 2116 reddat.
981 2058 1224 2129 Auferam
1265 2074 1434 2130 sepem
1464 2059 1593 2129 ejus,
1633 2067 1682 2113 et
1717 2057 1810 2112 erit
1833 2057 1888 2111 iu

301 2153 632 2222 direptionem
663 2168 683 2206 :
708 2161 756 2206 et
789 2151 1044 2206 destruant
1071 2167 1275 2206 murum
1303 2150 1440 2221 ejus,
1473 2158 1522 2205 et
1548 2150 1644 2205 erit
1683 2149 1738 2204 in
1762 2164 1888 2204 con-

301 2245 654 2300 culcationem.
1189 2257 1194 2262 ‘

376 2338 430 2392 3.
473 2334 748 2402 Auferam,
781 2333 972 2405 inquit,
1004 2333 1256 2389 auxilium
1280 2348 1482 2401 meum,
1509 2331 1760 2403 praesidio
1784 2347 1888 2387 nu-

301 2429 462 2496 dabo,
490 2428 578 2482 tali
612 2426 942 2498 providentia
971 2440 1165 2482 vacuos
1186 2425 1427 2493 reddam,
1459 2433 1514 2481 et
1541 2424 1888 2480 adversorum

304 2521 634 2594 experientia
657 2520 846 2587 scient,
871 2520 1082 2592 quantis
1102 2527 1226 2574 ante
1244 2519 1399 2574 bonis
1420 2518 1742 2582 fruerentur,
1767 2531 1884 2573 cum

303 2614 501 2668 fuerint
537 2611 784 2668 omnibus
803 2611 870 2667 ad
890 2611 1242 2682 direptionem
1267 2610 1514 2682 expositi;
1535 2611 1594 2672 κϐ.
1620 2609 1686 2664 Et
1718 2610 1892 2665 dimit-

305 2715 409 2758 tam
448 2705 642 2758 vineam
680 2719 876 2770 meam,
909 2711 954 2757 et
994 2718 1097 2756 non
1136 2703 1425 2772 putabitur,
1463 2719 1622 2776 neque
1647 2703 1887 2770 fodiatur.

306 2796 512 2850 Rursus
551 2794 670 2850 dico
693 2835 708 2862 ,
750 2809 872 2848 eum
907 2793 1218 2865 metaphora
1248 2795 1344 2850 uti.
1392 2794 1447 2852 Si
1487 2796 1605 2867 quis
1631 2805 1807 2852 tamen
1838 2796 1890 2852 id

305 2885 603 2940 accuratius
635 2885 914 2955 explorare
958 2884 1219 2954 voluerit,
1266 2885 1335 2942 de
1367 2885 1625 2942 doctrina:
1653 2896 1708 2942 et
1737 2903 1893 2942 man-

305 2977 551 3032 datorum
581 2976 939 3033 sollicitudine
969 2977 1220 3048 loquitur.
1251 2977 1366 3032 Non
1395 2979 1536 3034 enim
1567 2977 1757 3034 iisdem
1787 2979 1893 3035 fru-

304 3079 464 3126 entur
510 3070 703 3141 quibus
744 3079 926 3137 antea,-
977 3085 1084 3125 non
1131 3070 1382 3127 doctores
1427 3070 1732 3139 habebunt,
1783 3087 1892 3128 non

306 3162 597 3233 principes,
630 3176 737 3217 non
769 3160 1057 3232 prophetas
1082 3162 1218 3218 sieut
1245 3162 1397 3232 olim,
1428 3162 1521 3234 qui
1551 3162 1695 3234 ipsos
1721 3164 1892 3220 corri-

306 3263 469 3325 gant,
522 3254 610 3324 qui
655 3254 892 3325 ipsorum
935 3269 1118 3310 curam
1163 3263 1370 3326 gerant.
1424 3255 1576 3312 Sicut
1613 3256 1756 3312 enim
1803 3256 1891 3328 qui

305 3346 492 3403 vineas
519 3347 723 3415 colunt,
758 3346 985 3416 fodiunt,
1016 3357 1223 3418 putant,
1251 3349 1329 3404 sic
1357 3349 1447 3420 qui
1472 3349 1676 3406 animas
1702 3365 1889 3406 emen-

307 3436 458 3503 dant,
480 3437 892 3504 comminantur,
915 3447 1205 3504 exterrent,
1223 3439 1440 3506 docent,
1461 3439 1885 3511 reprehendunt:

307 3545 493 3586 verum
525 3531 590 3586 iis
617 3529 856 3586 destituti
883 3540 1072 3600 erunt,
1111 3533 1314 3602 inquit,
1345 3534 1396 3588 in
1421 3533 1649 3590 alienam
1678 3534 1895 3591 abducti

310 3632 528 3679 terram.
575 3622 640 3677 Et
669 3624 902 3679 ascendet
931 3641 1022 3695 per
1055 3641 1165 3680 eam
1184 3667 1197 3691 ,
1225 3627 1372 3696 quasi
1400 3643 1492 3698 per
1527 3628 1772 3683 incuttam
1798 3639 1897 3683 ter-

307 3731 451 3783 ram,
482 3716 630 3785 spina
657 3731 677 3770 :
705 3726 753 3772 et
791 3716 1003 3771 nubibus
1041 3717 1326 3786 mandabo,
1372 3735 1436 3774 ne
1470 3719 1650 3792 pluant
1691 3721 1745 3776 in
1783 3737 1896 3775 eam

309 3807 536 3862 imbrem.
566 3810 672 3863 Aut
700 3808 1084 3865 desolationem
1113 3809 1259 3866 urbis
1289 3820 1583 3879 memorat,
1614 3821 1704 3868 aut
1733 3813 1896 3869 deso-

310 3899 565 3956 lationem
613 3916 798 3957 eorum
847 3911 901 3958 et
943 3903 1361 3975 uniuscujusque
1421 3905 1613 3962 anima:
1660 3922 1889 3974 eorum;

311 3994 482 4051 nubes
507 4004 683 4051 autem
705 3995 794 4052 hic
818 3995 1033 4067 quidam
1054 3996 1240 4053 dicunt
1267 4013 1386 4054 esse
1412 3998 1718 4069 prophetas,
1741 4000 1896 4071 quip-

309 4101 378 4157 pe
406 4086 495 4157 qui
524 4085 759 4156 pluviam
787 4086 1021 4158 desuper
1061 4087 1398 4159 acciperent,
1430 4097 1485 4145 et
1514 4090 1614 4146 sibi
1658 4091 1795 4147 dicta
1827 4091 1895 4147 ad

314 4180 570 4250 populum
597 4180 1047 4236 transmitterent.
1075 4180 1275 4237 Verum
1319 4197 1388 4238 ne
1427 4183 1480 4238 hi
1522 4183 1737 4254 quidem
1777 4199 1896 4256 quae

311 4282 702 4328 consueverant
743 4273 960 4330 facient.
1003 4273 1226 4330 Etiamsi
1269 4276 1412 4332 enim
1457 4291 1594 4332 unus
1635 4277 1720 4333 vel
1763 4277 1898 4332 alter

314 4363 575 4434 propheta
601 4379 721 4419 cum
747 4365 876 4434 ipsis
891 4366 1286 4435 commigrarat,
1310 4367 1689 4437 prophetarum
1717 4375 1895 4425 tamen

316 4455 466 4512 turba
499 4464 625 4511 tunc
652 4455 862 4512 silebat.
893 4457 944 4511 7.
979 4455 1136 4511 Vinea
1160 4460 1291 4513 enim
1318 4458 1527 4514 Domini
1553 4459 1778 4516 Sabaoth
1805 4463 1900 4517 do-

313 4563 424 4602 mus
451 4545 619 4601 Israel
641 4555 734 4611 est,
767 4555 814 4601 et
841 4547 992 4600 homo
1019 4547 1159 4601 Juda
1182 4548 1382 4604 novella
1407 4549 1656 4620 ptantatio
1685 4553 1894 4608 dilecta.

323 4638 615 4708 Exspectavi
635 4678 650 4703 ,
681 4647 736 4691 ut
763 4638 951 4708 faceret
980 4639 1236 4709 judicium
1253 4681 1267 4706 ,
1311 4643 1430 4712 fecit
1469 4651 1636 4697 autem
1663 4644 1899 4715 iniquita-

313 4740 432 4794 tem,
461 4743 507 4785 et
541 4749 641 4788 non
657 4734 945 4806 justitiam,
987 4735 1076 4791 sed
1116 4734 1408 4797 clamorem.
1440 4736 1700 4806 Quoniam
1732 4741 1898 4796 multa

316 4823 589 4880 nominum
617 4827 928 4898 metaphora
960 4843 1086 4885 usus
1112 4837 1214 4897 est,
1246 4830 1455 4887 vineam
1475 4872 1490 4898 ,
1533 4832 1752 4900 turrim,
1785 4841 1900 4890 tor-

312 4913 483 4979 cular,
525 4930 704 4986 sepem
725 4960 739 4984 ,
771 4917 1056 4976 fossionem
1077 4961 1092 4986 ,
1122 4929 1177 4976 et
1206 4922 1532 4991 putationem
1561 4924 1730 4981 vineae
1755 4939 1902 4980 com-
1941 4945 1944 4948 ·

313 5021 652 5073 memorans;
685 5023 753 5064 ne
795 5011 912 5080 quis
955 5010 1316 5082 insipientium
1357 5013 1425 5071 de
1451 5015 1602 5072 vinea
1653 5017 1768 5075 haec
1795 5018 1899 5074 dici

313 5106 557 5167 putaret,
589 5099 689 5156 sub
719 5099 876 5155 finem
907 5114 1128 5172 repente
1170 5113 1336 5161 totum
1376 5106 1755 5178 interpretatus
1794 5119 1896 5166 est.

324 5187 482 5244 Vinea
517 5190 650 5246 enim
693 5191 902 5248 Domini
943 5194 1170 5251 Sabaoth
1213 5198 1392 5254 domus
1434 5199 1606 5255 Israet
1644 5211 1735 5257 est.
1782 5202 1899 5258 Non

314 5286 456 5339 enim
482 5285 550 5340 de
579 5285 774 5356 plantis
799 5287 930 5342 mihi
971 5304 1150 5344 sermo
1175 5301 1277 5359 est,
1312 5309 1483 5365 neque
1507 5293 1576 5350 de
1605 5305 1789 5351 natura
1820 5297 1896 5351 in-

313 5377 546 5434 animata
575 5376 675 5452 (a),
700 5394 874 5452 neque
898 5380 965 5437 de
995 5379 1257 5453 lapidibus
1281 5393 1332 5440 et
1361 5385 1565 5453 muris;
1596 5387 1689 5443 sed
1715 5387 1781 5444 de
1806 5403 1902 5460 po-

1984 394 2109 466 pulo
2138 401 2341 450 nostro.
2395 392 2515 449 Ideo
2553 391 2861 462 subiunxit,
2901 387 2971 445 Et
3008 389 3159 444 homo
3189 387 3335 444 Iuda
3368 384 3562 442 novella

1985 487 2233 558 plantatio
2275 486 2457 541 dilecta
2485 501 2506 540 :
2547 485 2669 556 quia
2707 484 2911 541 scilicet
2955 483 3090 540 Juda
3137 481 3258 553 plus
3303 478 3574 535 obtineret

1983 595 2140 652 quam
2186 589 2394 636 cazteraa
2440 579 2612 634 tribus
2651 595 2666 633 :
2709 587 2933 649 eratque
2976 577 3086 632 illic
3130 591 3163 631 e
3190 574 3368 630 vicino
3404 573 3563 630 situm

1983 669 2238 742 templum
2257 711 2274 738 ,
2304 680 2358 726 et
2385 670 2624 741 reliquus
2659 669 2834 724 cultus
2869 686 2882 724 :
2907 677 3070 738 atque
3097 667 3186 722 illa
3217 665 3384 738 magis
3406 678 3564 735 quam

1983 770 2193 816 caetera:
2213 775 2398 816 omnes
2417 759 2659 826 florebat,
2683 757 2750 814 ad
2771 757 3078 830 regiamque
3095 756 3264 828 magis
3283 753 3562 818 accedens,

1983 853 2253 921 potentior
2277 861 2408 907 erat.
2433 852 2693 907 Dilectum
2716 859 2893 906 autem
2912 849 3065 915 dixit,
3093 861 3276 904 rursus
3305 847 3424 902 illos
3449 861 3565 916 per-

1983 942 2274 1012 stringens.
2304 942 2443 1013 quod
2475 943 2610 997 tales
2632 955 2756 1012 erga
2781 956 2841 997 se
2863 940 3018 996 valde
3046 946 3310 994 amantem
3332 951 3452 992 sese
3475 952 3567 991 ex-

1985 1032 2299 1089 hibuissent.
2331 1035 2407 1089 Ea
2435 1037 2628 1106 quippe
2651 1035 2738 1090 lex
2764 1043 2847 1090 est
2873 1033 3222 1103 diligentium,
3246 1045 3314 1086 ne
3339 1030 3390 1084 in
3419 1029 3569 1085 obla-

1985 1127 2055 1183 tis
2085 1128 2299 1198 quidem
2337 1128 2798 1183 criminationibus
2843 1141 3090 1197 magnum
3132 1139 3288 1180 suum
3331 1138 3568 1179 amorem

1985 1219 2274 1275 occultare.
2303 1219 2438 1275 Hinc
2465 1219 2606 1274 aliud
2635 1219 2905 1290 quidpiam
2935 1233 3039 1273 non
3069 1215 3426 1288 spernendum
3455 1215 3568 1270 edi-

1986 1311 2206 1366 scimus.
2231 1309 2399 1379 Quale
2423 1309 2595 1366 illud?
2619 1310 2822 1381 Nempe
2840 1309 3052 1381 quando
3072 1319 3126 1364 et
3145 1324 3263 1379 qua:
3282 1307 3568 1378 Scriptura:

1987 1403 2106 1460 loca
2155 1404 2442 1476 allegorice
2489 1403 2828 1475 interpretari
2875 1410 3158 1474 oporteat:
3191 1416 3364 1472 neque
3406 1415 3570 1472 penes

1986 1503 2223 1552 nostram
2254 1510 2372 1553 esse
2415 1495 2718 1552 facultatem
2748 1495 2844 1550 has
2871 1494 3017 1566 leges
3056 1508 3154 1565 pro
3195 1493 3362 1550 lubito
3398 1493 3570 1562 expli-

1988 1602 2148 1656 care,
2185 1587 2280 1642 sed
2308 1587 2477 1658 ipsam
2516 1587 2802 1656 Scriptura:
2844 1594 3075 1640 mentem
3121 1585 3270 1655 sequi
3299 1595 3567 1654 oportere,

1989 1679 2170 1749 sicque
2196 1678 2448 1749 allegoria
2478 1678 2574 1732 uti.
2616 1675 2768 1744 Quod
2796 1676 2974 1731 autem
2999 1674 3142 1743 dico,
3171 1675 3250 1730 sic
3273 1674 3571 1744 intelligen-

1989 1771 2135 1826 dum.
2164 1771 2438 1843 Scriptura
2465 1785 2607 1826 nunc
2629 1771 2836 1826 vineam
2867 1768 3021 1836 dixit,
3064 1783 3268 1838 sepem,
3303 1767 3571 1822 torcular:

1991 1877 2092 1918 nec
2119 1877 2281 1934 penes
2309 1862 2607 1918 auditorem
2637 1861 2851 1932 reliquit
2869 1903 2883 1924 .
2912 1868 2971 1916 ut
2998 1874 3094 1930 pro
3122 1859 3286 1915 lubito
3314 1857 3572 1928 hazc'qui-

1991 1951 2215 2010 busdam
2239 1952 2401 2009 rebus
2429 1960 2522 2009 aut
2548 1952 2791 2024 personis
2815 1959 3058 2022 aptaret;
3101 1950 3194 2006 sed
3223 1950 3273 2004 in
3301 1949 3574 2020 sequenti-

1992 2044 2093 2100 bus
2117 2059 2238 2101 sese
2265 2045 2612 2116 interpretata
2639 2052 2723 2101 est
2761 2043 2944 2099 dicens
2970 2060 2985 2100 :
3017 2042 3173 2097 Vinea
3201 2043 3332 2097 enim
3366 2040 3576 2096 Domini

1993 2137 2224 2193 Sabaoth
2265 2137 2447 2194 domus
2489 2136 2660 2193 Israel
2705 2149 2776 2192 est
2819 2136 3044 2208 (Ezech.
3071 2136 3156 2191 l7.
3191 2136 3284 2206 5).
3325 2135 3572 2191 Ezechiel

1991 2244 2123 2285 vero
2169 2243 2418 2297 rursum,
2468 2244 2588 2285 cum
2631 2228 2862 2300 aquilam
2909 2242 3153 2299 magnam
3185 2234 3576 2298 etmagnarum

1995 2321 2201 2378 alarum
2223 2321 2609 2393 ingredientem
2635 2322 2688 2377 in
2716 2321 2999 2389 Libanum,
3021 2330 3075 2376 et
3093 2320 3407 2376 avellentem
3432 2333 3577 2374 sum-

1999 2427 2141 2467 mum
2169 2413 2422 2467 verticem
2448 2411 2596 2467 cedri
2632 2419 3048 2478 commemorat,
3079 2426 3182 2465 non
3213 2410 3462 2481 relinquit
3487 2424 3576 2479 pe-

1997 2514 2092 2556 nes
2118 2501 2398 2556 arbitrium
2439 2487 2740 2557 a'uditorum
2770 2501 2924 2573 huius
2963 2501 3230 2573 allegoriae
3257 2501 3577 2572 interpreta-

1998 2593 2236 2658 tionem;
2267 2591 2361 2647 sed
2390 2592 2622 2662 explicat
2649 2592 2756 2662 ille,
2788 2607 2944 2664 quam
2971 2593 3201 2663 aquilam
3225 2591 3393 2658 dicat,
3420 2607 3578 2661 quam

1995 2681 2238 2737 cedrum.
2281 2681 2350 2736 Et
2395 2681 2483 2737 hic
2509 2697 2718 2738 rursum
2751 2683 2802 2737 in
2833 2682 3210 2752 sequentibus,
3244 2682 3330 2737 ubi
3362 2681 3578 2736 fluvium

1997 2772 2281 2844 quemdam
2311 2772 2604 2829 violentum
2650 2773 2851 2829 inducit
2895 2774 2947 2828 in
2993 2773 3252 2842 Judmam,
3299 2788 3368 2830 ne
3397 2773 3580 2828 liceret

1996 2864 2222 2919 auditori
2247 2864 2414 2919 cuivis
2438 2879 2682 2935 personae
2711 2879 2808 2934 pro
2832 2863 3054 2919 arbitrio
3079 2863 3194 2919 btec
3219 2872 3428 2934 aptare,
3447 2862 3580 2918 dixit

1996 2971 2177 3027 regem
2209 2970 2330 3012 esse
2354 2971 2477 3012 eum
2499 2997 2514 3024 ,
2543 2971 2702 3027 quem
2731 2955 2946 3011 fluvium
2974 2957 3302 3012 nominasset
3329 2955 3492 3030 (lsai.
3522 2957 3578 3012 8.

1998 3048 2031 3102 7
2058 3049 2098 3118 ).
2123 3046 2249 3102 Haec
2273 3062 2402 3102 vero
2426 3049 2510 3103 lex
2537 3047 2736 3116 ubique
2763 3048 3000 3103 locorum
3026 3049 3077 3102 in
3102 3048 3377 3118 Scriptura
3401 3063 3582 3105 serva-

1999 3146 2107 3205 tur,
2139 3149 2199 3193 ut
2224 3153 2345 3194 cum
2372 3138 2655 3210 allegorice
2682 3139 2936 3211 loquitur,
2965 3140 3236 3210 allegoria:
3262 3140 3584 3212 interpreta-

2001 3230 2201 3285 tionem
2242 3229 2468 3296 ail‘erat,
2508 3239 2568 3285 ut
2610 3247 2678 3286 ne
2723 3246 2906 3286 eorum
2947 3231 3036 3302 qui
3075 3231 3354 3302 allegorias
3405 3239 3585 3286 amant

2000 3320 2225 3391 cupidus
2253 3321 2464 3376 animus
2494 3331 2695 3378 temere
2723 3331 2777 3378 et
2816 3322 3034 3378 fortuito
3073 3331 3217 3379 erret
3244 3331 3300 3379 et
3323 3338 3585 3395 quocum-

2000 3428 2105 3484 que
2131 3412 2351 3468 feratur.
2387 3413 2455 3468 Et
2483 3413 2609 3484 quid
2635 3415 2866 3481 miraris,
2897 3415 2942 3470 si
2975 3415 3024 3469 id
3056 3415 3329 3486 prophetat
3354 3415 3586 3472 faciant?

2001 3504 2415 3561 Proverbiorum
2460 3516 2608 3562 certe
2651 3515 2838 3562 auctor
2882 3508 2933 3562 id
2974 3507 3242 3564 observat.
3274 3509 3404 3564 Cum
3443 3510 3586 3565 enim

2001 3597 2227 3654 dixisset
2255 3615 2269 3652 :
2299 3597 2486 3654 Cervus
2509 3600 2776 3667 amicitiae,
2809 3610 2853 3655 et
2882 3600 3055 3673 pullus
3080 3602 3358 3673 gratiarum
3385 3609 3588 3655 tuarum

2000 3701 2318 3747 conversetur
2343 3701 2508 3747 tecum
2535 3709 2556 3748 :
2577 3702 2624 3747 et
2668 3694 2782 3764 {ous
2808 3710 2955 3764 aqua:
2993 3705 3094 3749 tua:
3133 3694 3221 3748 tibi
3263 3693 3360 3750 soli
3401 3695 3472 3749 sit
3505 3694 3588 3765 (α)

2001 3785 2186 3858 (Prov.
2199 3784 2354 3856 5.19)
2369 3801 2382 3838 :
2403 3785 2782 3857 interpretatus
2800 3794 2903 3855 est,
2917 3801 3016 3842 cur
3031 3786 3145 3841 haec
3157 3785 3381 3851 diceret,
3395 3801 3589 3857 nempe

2005 3882 2073 3939 de
2101 3895 2268 3938 uxore
2308 3878 2541 3952 legitima
2580 3888 2634 3937 et
2658 3880 2846 3947 libera,
2880 3892 2938 3936 ut
2965 3888 3229 3936 averteret
3255 3894 3287 3934 a
3308 3879 3590 3936 meretrice

2001 3983 2056 4031 et
2081 3976 2274 4031 aliena.
2319 3973 2441 4029 Pari
2469 3972 2629 4028 modo
2667 3972 2755 4028 hic
2791 3972 3078 4044 explicavit
3122 3971 3224 4028 hoc
3264 3972 3403 4037 loco,
3430 3987 3589 4042 quam

2002 4065 2206 4125 diceret
2249 4085 2370 4126 esse
2409 4067 2642 4123 vineam.
2699 4065 2903 4121 Deinde
2944 4079 3064 4120 cum
3122 4080 3311 4120 eorum
3365 4064 3590 4120 crimina

2003 4160 2352 4228 enuntiasset,
2396 4159 2765 4230 suppliciaque
2789 4156 3031 4222 dixisset,
3071 4171 3254 4211 rursus
3280 4156 3332 4211 in
3363 4155 3469 4212 ﬁne
3493 4155 3592 4212 de-

2004 4251 2301 4308 fensionem
2331 4260 2486 4322 parat
2525 4250 2709 4306 dicens
2737 4266 2752 4302 :
2783 4247 3084 4320 Exspectavi
3106 4289 3121 4314 ,
3150 4258 3205 4302 ut
3233 4249 3419 4319 faceret
3440 4250 3589 4321 judi-

2005 4343 2140 4396 cium
2165 4383 2179 4407 ,
2225 4343 2342 4412 fecit
2385 4350 2554 4396 autem
2594 4340 2910 4411 iniquitatem
2932 4379 2948 4403 ,
2981 4349 3028 4393 et
3057 4355 3157 4393 non
3177 4340 3430 4409 justitiam
3450 4379 3466 4406 ,
3506 4341 3594 4394 sed

2004 4434 2297 4488 clamorem.
2325 4432 2478 4489 Juste
2506 4473 2522 4499 ,
2555 4431 2763 4501 inquit,
2793 4445 3004 4501 pmnam
3051 4430 3226 4502 exigo.
3275 4430 3593 4503 ExSpectavi

2005 4525 2169 4591 enim,
2203 4523 2272 4580 Ut
2295 4524 2480 4595 faceret
2495 4522 2773 4594 judicium,
2805 4522 2856 4577 id
2885 4531 2987 4589 est,
3011 4521 3310 4593 justitiam;
3347 4522 3446 4594 ipsi
3468 4537 3596 4579 vero

2003 4616 2272 4672 contraria
2322 4615 2719 4682 exhibuerunt,
2767 4614 3138 4686 iniquitatem,
3185 4612 3494 4684 iniustitiam
3541 4624 3595 4671 et

2004 4707 2315 4763 clamorem.
2362 4705 2664 4762 Clamorem
2707 4706 2796 4762 hic
2833 4716 2986 4763 vocat
3022 4707 3333 4780 acquirendi
3385 4703 3594 4778 Cupidi-

2007 4806 2195 4865 tatem,
2239 4796 2492 4868 iniustum
2534 4796 2791 4862 furorem,
2834 4797 3250 4854 irrationabilcm
3296 4799 3449 4867 iram,
3492 4815 3593 4870 pn-

2005 4907 2158 4962 gnas,
2188 4890 2577 4947 contentiones.
2623 4891 2676 4947 8.
2715 4889 2802 4946 Va:
2833 4893 2918 4960 qui
2955 4893 3270 4964 conjungunt
3299 4893 3503 4946 domum
3524 4891 3597 4944 ad

2005 4985 2248 5051 domum,
2275 5002 2455 5057 agrum
2479 4984 2548 5039 ad
2587 5001 2768 5057 agrum
2797 4994 3047 5057 aptantes,
3089 4995 3143 5038 ut
3180 5001 3212 5038 a
3246 4985 3476 5056 proximo
3501 5001 3598 5039 au-

2007 5080 2174 5150 ferant
2204 5076 2416 5148 aliquid.
2449 5075 2584 5132 Cum
2607 5076 2832 5132 dixisset
2858 5077 3029 5146 ipsum
3055 5075 3346 5131 clamorem
3379 5074 3587 5139 fecisse.

2008 5168 2061 5224 id
2097 5175 2180 5224 est
2221 5166 2536 5238 acquirendi
2578 5165 2955 5236 cupiditatem,
2998 5173 3052 5221 et
3091 5165 3342 5236 rapinas,
3383 5164 3594 5236 subiicit

2008 5259 2303 5332 iniquitatis
2329 5259 2566 5330 speciem
2594 5257 2758 5314 multa
2785 5257 2995 5328 plenam
3019 5257 3293 5328 nequitia;
3325 5272 3388 5312 ac
3411 5271 3594 5312 rursus

2007 5368 2037 5408 a
2071 5351 2318 5408 lamentis
2357 5350 2565 5406 initium
2604 5349 2768 5416 ducit,
2805 5347 3220 5420 magnitudinem
3254 5355 3591 5419 peccatorum

2007 5442 2296 5500 ostendens
2325 5477 2344 5510 ,
2383 5456 2581 5514 eosque
2624 5440 2896 5497 insinuans
2936 5438 3026 5511 qui
3071 5437 3351 5495 incurabili
3404 5438 3594 5494 morbo

1817 5578 1826 5588 ι
1910 5555 1914 5561 ‘
2011 5534 2343 5594 laborabant.

382 5637 456 5706 (ui
489 5637 546 5688 In
567 5645 748 5706 ειπερ,
770 5653 850 5705 ςιρι
871 5653 982 5706 ψυχῆς
1005 5652 1172 5706 ἀμφυᾷ
1198 5641 1270 5692 Ad
1292 5641 1482 5694 literam
1525 5651 1618 5704 est,
1661 5645 1722 5696 de
1744 5647 1905 5699 anima

317 5701 598 5761 inordinata,
621 5701 1100 5814 qualem'esisediéit'
1125 5704 1490 5773 Chrysostomus
1515 5701 1724 5760 animm
1749 5725 1903 5776 vege-

321 5758 502 5810 lantem
527 5761 574 5810 in
599 5777 629 5826 p
649 5771 797 5816 antis.
1873 5792 1909 5798 ‘-

2075 5648 2151 5710 (a)
2181 5655 2293 5697 meo
2313 5661 2408 5696 non
2450 5648 2517 5696 ita
2553 5645 2787 5755 leguntur
2830 5646 2878 5694 in
2909 5643 3033 5693 libro
3055 5643 3417 5716 Proverbiorum
3441 5644 3490 5693 5.
3519 5643 3592 5693 i9.

2040 5711 2083 5755 ic
2105 5717 2270 5755 autem
2289 5722 2421 5755 saepe
2435 5707 2564 5755 solet
2577 5707 2614 5755 C
2647 5711 2945 5755 rvsostomus
2956 5703 3061 5754 loca
3077 5711 3330 5755 Scriptum
3343 5704 3440 5753 alio
3452 5718 3592 5755 quam

2009 5703 2093 5780 _sic‘
2105 5703 2270 5780 autem
2289 5707 2564 5780 saepegolet
2577 5703 2945 5780 Chrysostomus
2956 5703 3061 5780 loca
3077 5706 3330 5780 ερςίρωῐδέ
3343 5704 3440 5780 alio
3452 5718 3594 5780 quam

2007 5773 2202 5834 iaceant
2223 5765 2372 5823 modo
2387 5769 2586 5832 afferre,
2604 5765 2719 5835 quia
2739 5779 2921 5833 nempe
2942 5765 3224 5819 memoriter
3245 5765 3502 5820 aﬂ‘erebat'.
