4018 6212
413 287 490 342 59
1812 299 1880 364 IN
1916 308 2168 376 ISAIAM,
2200 312 2354 370 CAP.
2399 316 2461 373 ν.

414 405 571 460 δοκεῖ
621 408 969 488 ἀσαφεστέρα
1029 413 1204 474 εἶναι·
1267 421 1456 493 διόπερ
1523 422 1694 494 αὐτὴν
1756 424 2095 495 σαφεστέραν

415 501 638 574 ἀνάγκη
665 507 912 578 ποιῆσαι.
948 513 1014 566 Ὅ
1039 513 1146 586 γὰρ
1167 515 1334 584 λέγει,
1365 516 1524 570 τοῦτό
1554 519 1700 571 ἐστι·
1720 519 1784 572 Τί
1814 519 1919 572 ἔδει
1944 519 2094 590 ποιῆ-

417 613 535 661 σαι,
563 602 658 654 καὶ
683 605 784 657 οὐκ
807 607 1071 680 ἐποίησας
1100 612 1291 682 Δῆλον,
1307 615 1389 668 ὅτι
1405 614 1628 668 τοιαῦτα
1647 615 1912 687 ἥμαρτον.
1947 615 2010 668 Τί
2035 615 2093 668 δὲ

414 696 637 765 ἔχοντες
665 702 940 759 αἰτιᾶσθαι
957 723 971 771 ;
992 708 1026 778 ἢ
1054 707 1130 771 ὥς
1149 727 1309 763 τινων
1329 711 1850 783 παραλελειμμένων
1868 712 2093 766 τοιαῦτα

416 795 517 848 καὶ
548 797 981 874 ἐπλημμέλησαν
1005 822 1020 871 ;
1059 806 1122 859 Τί
1141 805 1375 875 ποιήσω
1400 809 1489 862 ἐτι
1517 807 1597 874 τῷ
1626 807 1934 879 ἀμπελῶνί
1949 823 2092 877 μου,

418 893 522 946 καὶ
546 897 654 950 οὐκ
679 897 942 969 ἐποίησα
964 903 1166 970 αὑτῷ;
1203 906 1271 958 ’Δ
1302 904 1400 976 μὲν
1428 906 1691 976 ἐποίησα,
1725 903 1899 958 ταῦτά
1938 904 2055 956 ἐστι
2075 942 2091 969 ,

418 990 589 1060 φησι·
647 993 784 1065 πλὴν
840 996 942 1049 οὐκ
1008 998 1286 1070 ἀρκοῦμαι
1333 1001 1444 1063 τοῖς
1493 999 1912 1070 γεγενημένοις,
1970 996 2093 1050 οὐδὲ

414 1085 580 1156 λέγω,
605 1089 687 1143 δτι
707 1091 877 1146 πολλά
905 1093 1281 1167 εὐηργέτησα·
1306 1094 1421 1149 ἀλλ’
1449 1097 1496 1149 εί
1523 1094 1598 1166 μὴ
1632 1095 1812 1149 πάντα
1839 1092 2089 1163 ἐποίησα,

415 1184 543 1253 μεθ’
563 1185 600 1240 ἀ
625 1188 850 1260 ποιῆσαι
873 1189 1057 1246 λοιπὸν
1086 1192 1239 1247 οὐδὲν
1267 1188 1356 1265 ἦν,
1385 1192 1544 1247 τοῦτο
1563 1193 1707 1264 ὑμᾶς
1736 1193 1911 1247 εἰπεῖν
1931 1192 2094 1244 ἀπαι-

412 1281 517 1349 τῶ,
549 1283 695 1354 ὑμᾶς
723 1288 849 1351 τοὺς
878 1289 1334 1358 ἀπολελαυκότας,
1359 1291 1452 1345 καὶ
1486 1290 1768 1362 μάρτυρας
1797 1289 1906 1343 τῶν
1936 1304 2094 1359 γεγε⁴

409 1387 669 1457 νημένων
698 1389 878 1456 ὄντας,
906 1390 1001 1444 καὶ
1036 1393 1104 1463 τῇ
1142 1393 1307 1463 πείρᾳ
1338 1391 1511 1446 ταῦτα
1548 1391 1835 1462 μαθόντας,
1867 1389 1967 1443 ούκ
1994 1389 2092 1442 ἀλ-

408 1490 660 1560 λοτρίους
688 1491 838 1556 τινάς
864 1492 957 1546 καὶ
987 1491 1192 1557 ξένους.
1223 1489 1273 1545 Ν
1282 1489 1358 1545 ὗν
1373 1485 1486 1545 οὖν
1512 1487 1822 1559 ἀναγγελῶ
1845 1487 2007 1557 ὑμῖν,
2034 1487 2095 1540 τί

408 1589 650 1658 ποιήσω
673 1587 752 1654 τῷ
795 1588 1104 1658 ἀμπελῶνί
1123 1607 1262 1659 μου.
1307 1587 1525 1659 Ἐπειδὴ
1557 1586 1655 1659 τὴν
1694 1586 1850 1658 νίκην
1881 1587 2050 1658 ἤρατο
2073 1623 2088 1650 ,

410 1690 509 1742 καὶ
531 1688 632 1759 τήν
670 1687 1064 1758 ἀγνωμοσύνην
1109 1686 1277 1754 ἔδειξε
1321 1685 1418 1758 τὴν
1449 1686 1706 1749 ἐκείνων,
1746 1685 1868 1738 τότε
1907 1682 2091 1737 λοιπὸν

409 1785 597 1854 ἐνάγει
613 1798 641 1826 ι
676 1785 771 1838 καὶ
793 1784 891 1856 τὴν
917 1784 1117 1856 ψῆφον,
1147 1784 1240 1838 καὶ
1265 1782 1416 1852 λέγει
1439 1782 1612 1838 ταῦτα
1637 1782 1673 1836 ἃ
1696 1781 1876 1853 μέλλει
1897 1781 2088 1844 ποιεῖν,

408 1883 511 1952 οὐχ
553 1883 641 1936 ἵνα
669 1881 1031 1952 καταδικάσῃ,
1083 1881 1198 1935 ἀλλ’
1251 1880 1338 1934 ῐνα
1384 1879 1462 1950 τῷ
1517 1879 1666 1950 φόὸῳ
1714 1879 1813 1948 τῆς
1861 1877 2091 1948 ἀπειλῆς

408 1979 849 2050 ἐπιεικεστέρους
889 1980 1114 2051 ποιήσῃ.
1171 1974 1398 2047 Ἀφελῶ
1432 1975 1540 2032 τὸν
1579 1974 1852 2045 φραγμὸν
1881 1970 2089 2037 αὑτοῦ,

411 2076 518 2130 καὶ
562 2076 732 2132 ἔσται
770 2079 859 2145 εἰς
897 2076 1234 2148 διαρπαγήν
1256 2094 1270 2108 ο
1303 2075 1404 2131 καί
1446 2074 1681 2132 καθελῶ
1733 2073 1839 2128 τὸν
1887 2071 2091 2143 τοῖχον

411 2175 626 2239 αὐτοῦ,
659 2175 754 2228 καί
788 2175 962 2230 ἔσται
991 2176 1080 2241 εις
1097 2174 1510 2244 καταπάτημα.

484 2277 553 2340 γ’.
573 2270 909 2343 Ἀποστήσω,
923 2270 1079 2342 φησὶ,
1091 2271 1189 2344 τὴν
1204 2270 1342 2343 ἐμήν
1357 2268 1670 2343 συμμαχίαν
1681 2311 1692 2330 ,
1709 2285 1776 2338 γυ
1784 2265 1980 2340 μνώσω
1991 2263 2090 2336 τῆς

411 2366 689 2438 βοηθείας,
718 2369 957 2440 ἐρήμους
983 2369 1312 2439 καταστήσω
1345 2369 1444 2438 τῇς
1486 2365 1755 2436 τοσαύτης
1794 2362 2050 2433 προνοίας
2069 2401 2085 2428 ,

409 2466 505 2518 καὶ
534 2464 770 2518 εἴσονται
826 2465 914 2519 διὰ
959 2465 1069 2519 τῶν
1116 2464 1374 2519 ἐναντίων
1422 2457 1498 2520 ὧν
1547 2463 1828 2534 ἀπήλαυον
1884 2459 2089 2531 ἕμπροτ

410 2561 570 2627 σθεν,
615 2562 744 2615 ὅταν
781 2555 881 2616 ὦσι
928 2563 1095 2616 πᾶσιν
1133 2563 1213 2626 εἰς
1269 2560 1523 2633 ἁρπαγὴν
1569 2558 1939 2631 προκείμενοι.
1979 2555 2090 2610 Kal

403 2659 622 2726 ἀνήσω
677 2659 783 2714 τὸν
841 2658 1166 2729 ἀμπελῶνα
1201 2676 1320 2728 μου
1343 2699 1358 2724 ,
1421 2657 1518 2712 καί
1586 2657 1658 2711 οὺ
1711 2654 1798 2725 μὴ
1852 2653 2043 2723 τμηθῇ
2069 2693 2085 2718 ,

401 2754 554 2808 οὐδὲ
599 2754 686 2824 μὴ
734 2754 965 2825 σκαφῇ.
1040 2755 1209 2810 Πάλιν
1271 2755 1454 2824 λέγω,
1528 2754 1610 2807 ὅτι
1669 2755 1737 2824 τῇ
1807 2752 2091 2822 μεταφορᾷ

406 2853 698 2924 κέχρηται.
751 2852 898 2926 [54]
943 2854 1005 2906 El
1057 2853 1114 2907 δέ
1153 2871 1236 2917 τις
1285 2853 1382 2907 καὶ
1426 2851 1760 2924 θερμότερον
1812 2846 2089 2916 ἐξετάζειν

408 2949 675 3020 βούλοιτο,
705 2949 804 3021 τὴν
841 2950 948 3004 ἀπὸ
980 2951 1078 3022 τῆς
1105 2949 1474 3014 διδασκαλίας,
1519 2948 1617 3020 τὴν
1649 2947 1758 3002 ἀπὸ
1793 2946 1904 3000 τῶν
1936 2949 2087 3000 ἐντοσ-

403 3047 519 3100 λῶν
549 3048 868 3118 ἐπιμέλειάν
893 3065 1075 3119 φησιν.
1115 3047 1190 3101 Ού
1239 3046 1348 3116 γὰρ
1389 3043 1786 3099 ἀπολαύσονται
1834 3042 1941 3097 τῶν
1991 3043 2086 3096 αὑ-

401 3146 540 3212 τῶν,
579 3141 652 3198 ὧν
682 3147 776 3199 καί⁵
818 3143 1162 3215 ἔμπροσθεν,
1209 3143 1270 3198 ού
1322 3141 1675 3205 διδασκάλους
1713 3141 1946 3208 ἕξουσιν,
1987 3139 2088 3193 οὐκ

401 3245 704 3314 ἄρχοντας,
750 3243 813 3295 οὐ
857 3243 1141 3314 προφήτας
1170 3241 1372 3313 ὁμοίως
1401 3241 1524 3304 τοὺς
1551 3237 1962 3310 διορθουμένους
1987 3238 2087 3291 αύ-

403 3341 558 3404 τοὺς,
591 3343 713 3406 τοὺς
747 3339 1204 3412 ἐπιμελουμένους
1252 3337 1449 3394 αύτῶν.
1485 3338 1696 3409 Ὥσπερ
1738 3336 1845 3410 γὰρ
1892 3337 1942 3390 οί
1987 3336 2089 3407 τήν

404 3437 654 3505 ἄμπελον
691 3435 1085 3507 θεραπεύοντες
1118 3436 1452 3502 σκάπτουσι,
1478 3434 1766 3505 τέμνουσιν
1787 3474 1800 3498 ,
1843 3433 2016 3498 οὕτως
2037 3435 2089 3486 οἱ

403 3532 589 3602 ψυχὰς
631 3531 998 3603 διορθούμενοι
1045 3531 1365 3596 ἀπειλοῦσι,
1401 3529 1663 3601 φοϐοῦσι,
1710 3529 2086 3595 διδάσκουσιν,

402 3630 735 3700 ἐγκαλοῦσιν
763 3630 813 3672 δ’
839 3630 954 3686 ἀλλ’
987 3632 1045 3684 ἐν
1073 3631 1282 3702 ἐρημίᾳ
1311 3630 1515 3684 τούτων
1544 3629 1778 3696 ἔσονται,
1808 3629 1990 3702 φησὶν,
2010 3630 2089 3693 είς

403 3728 509 3799 τὴν
543 3725 828 3798 ἀλλοτρίαν
855 3726 1266 3797 ἀπενεχθέντες.
1309 3725 1420 3781 Καὶ
1454 3725 1823 3795 ἀναϐήσεται
1852 3728 1940 3792 είς
1979 3728 2089 3782 αὺ-

405 3824 519 3877 τὸν
544 3825 624 3890 ὡς
651 3825 739 3890 εις
784 3825 1010 3891 χέρσον
1047 3822 1296 3878 ἄκανθα·
1329 3821 1426 3875 καὶ
1457 3820 1588 3888 ταῖς
1613 3820 1899 3892 νεφέλαις
1923 3820 2088 3874 ἐντε-

404 3920 648 3989 λοῦμαι,
675 3919 783 3974 τοῦ
810 3918 897 3989 μὴ
923 3918 1138 3988 βρέξαι
1167 3921 1256 3984 εἰς
1292 3918 1480 3975 αὐτὸν
1502 3920 1697 3974 ὑετόν.
1743 3921 1813 3973 Ἢ
1833 3918 1932 3990 τὴν
1959 3918 2090 3989 ἐρη-

407 4018 546 4088 μίαν
569 4016 670 4085 τῆς
701 4015 906 4079 πόλεώς
930 4033 1115 4088 φησιν,
1146 4016 1178 4088 ἢ
1205 4015 1304 4088 τὴν
1331 4016 1566 4088 ἐρημίαν
1594 4015 1692 4089 τὴν
1729 4016 1954 4082 ἑαυτῶν,
1993 4019 2089 4070 καὶ

404 4112 510 4182 τῆς
539 4112 768 4166 ἑκάστου
801 4112 996 4182 ψυχῆς·
1029 4111 1253 4181 νεφέλας
1290 4111 1347 4166 δὲ
1389 4111 1624 4166 ἐνταῦθα
1654 4113 1780 4176 τοὺς
1805 4113 2087 4185 προφήτας

403 4209 557 4272 τινές
585 4209 854 4278 λέγουσιν,
878 4208 973 4263 ἀτε
1024 4208 1230 4264 ἀνωθεν
1281 4210 1372 4264 τὸν
1425 4209 1579 4263 ὑετὸν
1630 4208 1949 4281 δεχομένους
1993 4211 2088 4264 καὶ

407 4306 885 4376 παραπέμποντας
911 4305 988 4377 τῷ
1016 4305 1173 4377 δήμῳ
1201 4305 1270 4359 τά
1294 4305 1582 4377 λεγόμενα.
1613 4304 1752 4358 Ἀλλ’
1771 4304 1890 4359 οὐδὲ
1918 4297 2084 4371 οὗτοι,

407 4401 568 4470 φησὶ,
599 4401 668 4454 τά
701 4401 906 4473 συνήθη
938 4403 1272 4474 ποιήσουσιν.
1312 4403 1374 4456 Εί
1424 4401 1534 4472 γάρ
1582 4401 1677 4455 καὶ
1712 4395 1793 4465 εἷς
1845 4419 1946 4455 που
1993 4403 2088 4456 καὶ

402 4497 660 4568 δεύτερος
682 4498 1039 4568 συναπῆλθεν,
1073 4498 1186 4552 ἀλλ’
1227 4500 1257 4552 ό
1297 4498 1467 4570 δῆμος
1503 4497 1612 4553 τῶν
1643 4497 1936 4570 προφητῶν
1966 4500 2086 4552 τότε

405 4592 592 4662 ἐσίγα.
628 4595 682 4646 ὀ
718 4597 827 4664 γὰρ
875 4595 1164 4665 ἀμπελὼν
1213 4596 1437 4665 Κυρίου
1477 4596 1717 4655 Σαϐαὼθ
1767 4593 1932 4664 οῖκος
1980 4597 2086 4652 τοῦ

420 4690 662 4759 Ἰσραήλ
700 4691 855 4755 ἐστι,
899 4693 1000 4746 καί
1044 4692 1354 4760 ἄνθρωπος
1402 4693 1509 4748 τοῦ
1553 4693 1749 4750 Ἰούδα
1793 4694 2090 4763 νεόφυτον

403 4787 798 4857 ἠταπτυιένον
819 4800 866 4845 ε.
899 4791 1164 4859 Ἔμεινα,
1191 4790 1292 4845 ἵνα
1316 4789 1542 4860 ποιήσῃ
1573 4790 1798 4859 κρίσιν,
1835 4789 2088 4859 ἐποίησε

400 4883 477 4937 δὲ
526 4885 801 4953 ἀνομίαν,
852 4885 951 4940 καί
998 4887 1072 4940 οὐ
1129 4885 1544 4955 δικαιοσύνην,
1596 4888 1757 4943 ἀλλὰ
1793 4888 2083 4957 κραυγήν.

419 4980 643 5050 Ἐπειδὴ
667 4981 834 5054 πολλῇ
855 4986 920 5054 τῇ
944 4984 1229 5055 μεταφορᾷ
1255 4983 1343 5037 διά
1365 4983 1477 5039 τῶν
1505 4984 1782 5055 ὀνομάτων
1797 4986 2084 5058 ἐχρήσατο,

405 5077 734 5149 ἀμπελῶνα,
767 5080 861 5132 καὶ
891 5078 1120 5150 πύργον,
1164 5081 1258 5134 καὶ
1310 5081 1630 5153 προλήνιον,
1680 5084 1774 5137 καὶ
1807 5084 2084 5156 φραγμὸν,

405 5176 499 5227 καὶ
543 5175 836 5246 σκαφητδν,
868 5175 964 5230 καὶ
992 5177 1192 5247 τμῆσιν
1220 5178 1463 5248 ἀμπέλου
1499 5179 1701 5249 λέγων,
1733 5182 1820 5236 ἵνα
1854 5182 1930 5254 μὴ
1960 5184 2087 5256 περὶ

405 5272 730 5342 ἀμπελῶνός
753 5290 836 5337 τις
857 5273 966 5328 τῶν
1005 5273 1124 5328 τότε
1155 5275 1396 5346 ἀνοήτως
1439 5277 1636 5350 νομίσῃ
1663 5273 1802 5332 εἶναι
1840 5279 1908 5335 τά
1931 5281 2087 5350 λεγό-

405 5388 572 5441 μενα.
604 5371 814 5442 ταχέως
845 5373 981 5445 πρὸς
1003 5373 1082 5445 τῷ
1105 5373 1250 5428 τέλει
1273 5374 1335 5428 τὸ
1363 5376 1470 5429 πᾶν
1493 5376 1851 5449 ήρμήνευσεν.
1892 5379 1952 5434 '0
1972 5381 2085 5452 γὰρ

466 5491 734 5556 ι-εετιιιυε
755 5493 1031 5556 ςιιερίᾳιοιξ
1065 5493 1331 5556 legendum
1359 5494 1541 5556 ἐπάγει.
1569 5495 1686 5547 Hec
1704 5510 1798 5548 vox
1823 5507 1960 5550 certe
1981 5515 2084 5552 ma-

397 5553 477 5617 κίε
503 5550 562 5617 ἕεις
587 5557 813 5617 mures};
838 5550 928 5617 ﬁed
950 5554 1100 5615 ἐνάγει
1127 5555 1240 5605 ferri
1267 5562 1448 5617 potest.

459 5612 494 5686 ξ
533 5612 1077 5686 Ἐτιιιιλοξεσιγρθ-ρηκιῐο
1100 5618 1224 5686 βεδε.
1254 5612 1305 5667 ét
1329 5616 1522 5686 _Savil.,
1564 5632 1660 5686 ηερ
1699 5621 1884 5686 lectum
1907 5629 1986 5674 est
2024 5624 2084 5676 ab

400 5678 710 5733 lnlerprete.
735 5675 835 5724 Sed
861 5675 1071 5726 habetur
1098 5675 1147 5727 in
1171 5675 1405 5730 Βοιωτίου
1429 5685 1480 5728 et
1507 5675 1556 5731 in
1585 5681 1759 5733 Morel.

464 5735 649 5812 θ-ίξεκ.
675 5742 729 5812 οι
764 5735 936 5812 ΙΙοτςΙ.
965 5743 1015 5786 el
1057 5742 1466 5812 lpxlus_Bipl_icq§
1502 5743 1723 5812 νεᾲφυτον
1761 5748 2080 5812 ἠγαπημένον.

403 5798 1183 5882 ἕοῖξίί-,νξάξυὶιξξιῇἶαπηαένοᾳ
1220 5805 1319 5859 Sed
1341 5807 1393 5858 ω
1421 5798 1601 5858 Morel:
1624 5807 1746 5861 infra
1781 5798 1858 5860 ἐἰς
1881 5798 2082 5882 Ιόὴίιυι,

404 5875 634 5922 “mro-4
655 5860 973 5922 ἠγαπημένον.

3797 340 3896 396 ωδ

2199 429 2486 499 ἀμπελὼν
2509 433 2732 506 Κυρίου
2759 443 3002 498 Σαϐαὼθ
3043 441 3206 513 οἶκος
3235 441 3342 504 τοῦ
3390 448 3635 518 Ἰσραήλ
3676 453 3865 508 ἐστιν.

2199 526 2273 578 Ού
2302 526 2410 599 γὰρ
2438 532 2565 603 περὶ
2592 533 2771 602 φυτῶν
2799 539 2827 590 ό
2861 537 3016 608 λόγος
3055 559 3167 611 μοι,
3187 543 3374 614 φησὶν,
3403 543 3522 598 ούδὲ
3549 545 3676 616 περὶ
3690 545 3868 618 ψυχῆς

2200 620 2407 692 ἀψύχου
2427 667 2442 691 ,
2484 626 2603 680 ούδέ
2643 631 2770 701 περὶ
2802 632 2962 689 λίθων
2998 638 3091 690 καὶ¹
3117 638 3335 708 τοίχων,
3376 637 3512 693 ἀλλά
3540 640 3668 710 περὶ
3695 641 3867 712 δήμου

2197 715 2290 769 τοῦ
2319 719 2605 792 ήμετέρου.
2663 728 2752 780 Διὸ
2796 729 2890 782 καὶ
2933 731 3201 802 ἐπήγαγε·
3255 731 3366 788 Καὶ
3407 735 3717 803 ἄνθρωπος
3758 736 3866 791 τοῦ

2209 814 2404 870 Ἰούδα
2443 821 2738 890 νεόφυτον
2764 825 3174 896 ἠγαπημένον·
3211 829 3395 900 ἐπειδὴ
3443 831 3609 886 πλέον
3653 849 3707 884 τι
3751 827 3864 903 εἶχε

2195 908 2304 964 τῶν
2331 911 2463 966 δέκα
2507 915 2710 984 φυλῶν,
2743 921 2836 974 καὶ
2873 923 2902 974 ό
2947 923 3072 987 ναὸς
3095 923 3281 978 αὐτόθι
3321 924 3548 996 πλησίον
3577 921 3676 998 ἦν,
3710 926 3804 980 καὶ
3827 927 3864 997 ﬂ

2195 1005 2358 1081 λοιπὴ
2394 1011 2678 1083 θεραπεία,
2711 1018 2806 1071 καὶ
2833 1018 2942 1072 τῶν
2961 1020 3135 1074 ἄλλων
3155 1021 3356 1092 μᾶλλον
3384 1023 3568 1100 ἤνθει,
3591 1022 3692 1076 καὶ
3707 1022 3862 1092 βασι·-

2194 1103 2465 1175 λικωτέρα
2495 1101 2563 1178 ἦν
2599 1111 2632 1180 ὴ
2668 1111 2808 1184 φυλή
2848 1115 2943 1167 καὶ
2975 1114 3338 1188 δυνατωτέρα.
3391 1116 3864 1188 Ἠγαπημένον-.δέ

2195 1193 2336 1266 εἰπε,
2371 1201 2533 1258 πάλιν
2575 1206 2754 1261 αὐτῶν
2787 1208 3214 1282 καθαπτόμενος,
3239 1214 3322 1268 ὅτι
3352 1215 3480 1284 περὶ
3504 1214 3598 1268 τὸν
3637 1211 3865 1284 σφοδρὸν

2194 1295 2429 1371 ἐραστὴν
2474 1301 2704 1358 τοιοῦτοι
2735 1307 3012 1375 γεγόνασι.
3062 1307 3313 1372 Τοιοῦτος
3356 1308 3466 1381 γὰρ
3513 1306 3864 1379 τῶν-φιλούν-

2193 1410 2301 1448 των
2330 1397 2359 1449 ό
2386 1395 2567 1468 νόμος,
2603 1400 2737 1471 μηδὲ
2782 1403 2839 1456 ἐν
2883 1404 3065 1468 αὐτοῖς
3114 1407 3228 1469 τοῖς
3259 1405 3566 1475 ἐγκλήμασι
3600 1403 3886 1476 κρύπτειν.

2191 1487 2294 1557 τῆς
2326 1489 2530 1556 οἰκείας
2570 1492 2791 1565 ἀγάπης
2842 1496 2941 1562 τὴν
2989 1496 3313 1569 ὑπερϐολήν.
3371 1495 3647 1551 Ἐντεῦθεν
3678 1498 3739 1550 ού
3774 1514 3864 1567 μιν

2193 1584 2324 1656 κρδν
2357 1587 2450 1641 καὶ
2475 1587 2664 1661 ἕτερον
2695 1591 3057 1664 μανθάνομεν.
3108 1596 3268 1648 Ποῖον
3295 1591 3358 1665 δὴ
3401 1592 3594 1659 τοῦτο;
3627 1592 3702 1646 Τδ
3731 1592 3872 1646 πότε-

2193 1682 2287 1735 καὶ
2317 1682 2437 1738 τίνα
2457 1685 2775 1760 ἀλληγορεῖν
2801 1689 2906 1762 χρὴ
2928 1690 3038 1744 τῶν
3062 1689 3314 1762 Γραφῶν·
3344 1690 3439 1747 καὶ
3461 1689 3536 1754 ώς
3562 1690 3663 1743 οὐκ
3691 1689 3861 1760 ἐσμὲν

2192 1777 2370 1851 κύριοι
2394 1781 2503 1836 τῶν
2542 1782 2722 1855 νόμων
2759 1786 2967 1840 τούτων
2998 1786 3172 1851 αὐτοὶ,
3206 1786 3341 1841 ἀλλά
3373 1785 3453 1840 δεῖ
3475 1786 3613 1857 αὐτῇ
3643 1787 3708 1856 τῇ
3741 1784 3863 1838 δια-

2191 1877 2309 1948 νοίᾳ
2333 1878 2433 1949 τῆς
2473 1879 2697 1952 Γραφῆς
2730 1883 3063 1953 ἑπομένους,
3098 1881 3241 1937 οὕτω
3281 1881 3361 1954 τῷ
3397 1883 3497 1952 τῆς
3525 1880 3859 1952 ,ἀλληγορίας

2191 1966 2492 2038 κεχρῆσθαι
2525 1970 2730 2040 τρόπῳ.
2777 1973 2842 2024 Ὃ
2891 1970 2948 2023 δέ
2989 1970 3163 2040 λέγω,
3210 1969 3448 2024 τοιοῦτόν
3493 1971 3662 2022 ἐστιν·
3694 1964 3861 2022 Εἶπεν

2189 2052 2488 2123 ἀμπελῶνα
2505 2054 2600 2108 νῦν
2625 2057 2658 2126 ή
2683 2056 2892 2128 Γραφὴ,
2921 2057 3196 2127 φραγμὸν,
3224 2055 3533 2127 προλήνιον·
3554 2056 3656 2108 οὐκ
3676 2054 3860 2124 ἀφῆκε

2190 2139 2378 2212 κύριον
2405 2142 2656 2208 γενέσθαι
2684 2143 2776 2198 τὸν
2804 2145 3078 2216 ἀκροατὴν
3102 2145 3340 2215 ἁρμόσαι
3369 2143 3439 2196 τά
3477 2142 3746 2214 εἰρημένα
3778 2137 3861 2205 οἷς

2190 2227 2438 2284 ἐδούλετο
2471 2230 2811 2301 πράγμασιν,
2851 2231 2885 2302 ἢ
2915 2230 3248 2302 προσώποις,
3277 2229 3414 2284 ἀλλά
3446 2227 3714 2301 προϊοῦσα
3733 2230 3862 2283 ἐαυ-

2187 2317 2286 2387 τὴν
2335 2318 2695 2388 ἡρμήνευσεν,
2731 2318 2980 2372 εἰποῦσα·
3038 2319 3102 2372 '0
3149 2318 3261 2388 γὰρ
3305 2316 3592 2388 ἀμπελὼν
3635 2317 3860 2387 Κυρίου

2190 2404 2431 2458 Σαϐαὼθ
2459 2406 2624 2472 οἶκος
2661 2405 2768 2460 τοῦ
2811 2404 3048 2474 Ἰσραήλ
3073 2405 3221 2460 ἐστι.
3253 2406 3362 2459 Καὶ
3387 2403 3503 2477 [55]
3535 2406 3564 2457 ό
3599 2403 3860 2473 ’ἰεζεκιὴλ

2189 2493 2244 2546 δέ
2263 2492 2421 2550 πάλιν
2442 2494 2598 2549 ἀετδν
2615 2494 2795 2548 καλῶν
2820 2493 2992 2565 μέγαν
3013 2495 3104 2547 καὶ
3126 2493 3602 2564 μεγαλοπτέρυγον
3621 2492 3858 2546 εἰσιόντα

2192 2581 2272 2644 είς
2306 2581 2396 2635 τὸν
2422 2581 2670 2646 Λίϐανον,
2705 2581 2800 2636 καὶ
2827 2581 3189 2643 ἀποκνίζοντα
3210 2581 3272 2634 τὸ
3304 2581 3470 2652 ἀκρον
3493 2579 3594 2650 τῆς
3623 2578 3820 2650 κέδρου
3842 2618 3856 2640 ,

2188 2669 2308 2722 οὐδὲ
2329 2671 2446 2722 ἐκεῖ
2479 2670 2708 2740 ἀφίησιν
2748 2669 2842 2723 ἐπὶ
2869 2672 2936 2740 τῇ
2965 2667 3156 2740 γνώμῃ
3187 2668 3296 2722 τῶν
3328 2667 3610 2739 ἀκροατῶν
3643 2666 3860 2721 κεῖσθαι

2186 2755 2288 2825 τῆς
2328 2755 2658 2828 ἀλληγορίας
2685 2757 2785 2828 τὴν
2813 2757 3138 2828 ἑρμηνείαν,
3173 2755 3308 2810 ἀλλά
3355 2755 3451 2809 καὶ
3495 2754 3656 2818 αὐτὸς
3687 2754 3856 2822 λέγει,

2185 2842 2305 2896 τίνα
2331 2844 2432 2912 μὲν
2448 2843 2539 2897 τδν
2569 2844 2726 2897 ἀετόν
2757 2861 2912 2913 φησι,
2935 2845 3055 2896 τίνα
3084 2843 3141 2896 δὲ
3169 2843 3266 2912 τὴν
3299 2842 3510 2913 κέδρον.
3555 2842 3667 2895 Καὶ
3703 2835 3858 2905 οὗτος

2186 2929 2244 2982 δέ
2274 2930 2435 2984 πάλιν
2461 2931 2688 3003 προῖὼν,
2723 2933 2965 3003 ποταμόν
2994 2948 3116 2986 τινα
3151 2930 3380 3001 σφοδρὸν
3413 2929 3627 2998 ἀνάγει,
3651 2928 3856 2997 λέγων,

2187 3019 2279 3072 ἐπὶ
2319 3019 2418 3091 τὴν
2458 3019 2747 3085 Ἰουδαίαν,
2799 3021 2886 3073 ἵνα
2933 3018 3008 3090 μὴ
3052 3018 3146 3090 ἐξῇ
3189 3017 3267 3088 τῷ
3303 3017 3552 3071 ἀκούοντι
3580 3015 3724 3070 κατά
3758 3016 3858 3086 τήν

2185 3106 2392 3160 οἰκείαν
2416 3107 2640 3178 γνώμην
2677 3108 2937 3178 ἁρμόζειν
2967 3107 3029 3160 τὸ
3049 3106 3336 3178 εἰρημένον
3367 3103 3642 3177 προσώπῳ
3669 3096 3714 3172 ᾧ
3737 3103 3858 3174 βού-

2186 3194 2359 3262 λεται,
2388 3192 2509 3249 εἰπε
2543 3199 2636 3250 καὶ
2667 3196 2757 3250 τὸν
2782 3195 3002 3266 βασιλέα
3023 3193 3231 3262 τοῦτον,
3255 3194 3314 3248 ὃν
3335 3193 3578 3264 ποταμὸν
3606 3193 3854 3248 ἐκάλεσε.

2186 3285 2296 3338 Καὶ
2325 3284 2600 3356 πανταχοῦ
2633 3286 2733 3356 τῆς
2764 3283 2985 3356 Γραφῆς
3024 3276 3178 3347 οὗτος
3219 3283 3250 3335 ό
3292 3283 3473 3354 νόμος,
3510 3280 3729 3335 ἐπειδὰν
3759 3281 3857 3335 ἀλ-

2185 3372 2413 3445 ληγορῇ,
2443 3372 2624 3442 λέγειν
2656 3373 2750 3427 καὶ
2779 3372 3105 3445 ἀλληγορίας
3127 3371 3226 3442 τὴν
3257 3371 3571 3442 ἑρμηνείαν,
3605 3368 3746 3424 ὥστε
3783 3370 3858 3438 μὴ

2187 3459 2407 3525 ἁπλῶς,
2457 3460 2593 3531 μηδέ
2641 3459 2718 3523 ώς
2766 3459 2921 3530 ἔτυχε
2967 3459 3067 3530 τὴν
3101 3458 3398 3512 ἀκόλαστον
3427 3455 3724 3527 ἐπιθυμίαν
3749 3455 3859 3508 τῶν

2186 3547 2503 3620 ἀλληγορετν
2538 3548 2875 3620 βουλομένων
2900 3547 3203 3602 πλανᾶσθαι
3251 3547 3345 3600 καὶ
3384 3543 3660 3615 πανταχοῦ
3691 3544 3856 3616 φέρε-

2188 3630 2332 3685 σθαι.
2375 3633 2486 3686 Καὶ
2521 3632 2574 3685 τί
2609 3631 2944 3703 θαυμάζεις,
2986 3633 3035 3685 εί
3083 3631 3132 3683 οί
3176 3629 3494 3702 προφῆται;
3529 3625 3641 3681 Καὶ
3678 3629 3708 3680 ὁ
3744 3627 3858 3680 Πα-

2190 3721 2508 3792 ροιμιαστὴς
2535 3720 2591 3774 δέ
2620 3719 2763 3774 οὕτω
2784 3723 2946 3774 ποιεῖ.
2971 3717 3154 3773 Εἰπὼν
3181 3717 3309 3790 γὰρ,
3336 3719 3609 3787 Ἔλαφος
3631 3715 3857 3785 φιλίας,

2187 3808 2285 3863 καὶ
2311 3806 2511 3875 πῶλος
2541 3807 2660 3862 τῶν
2700 3810 2958 3878 χαρίτων
3000 3808 3276 3878 όμιλείτω
3312 3821 3414 3862 σοι
3433 3821 3446 3836 ⁸
3495 3805 3596 3859 καὶ
3628 3805 3666 3872 ἠ
3695 3801 3857 3874 πηγὴ

2187 3895 2294 3949 τοῦ
2320 3896 2536 3962 ὕδατός
2566 3912 2682 3951 σου
2713 3897 2870 3951 ἔστω
2899 3912 2998 3951 σοι
3022 3897 3208 3966 μόνῳ·
3237 3897 3551 3968 ἡρμήνευσε
3580 3893 3721 3956 τίνος
3746 3892 3862 3946 ἐνεο

2188 4000 2284 4038 κεν
2316 3983 2488 4038 ταῦτα
2515 3984 2719 4052 ἔλεγεν,
2754 3986 2837 4038 ὅτι
2861 3985 2992 4056 περὶ
3021 3984 3276 4053 γυναικὸς
3309 3984 3536 4053 ἐννόμου
3578 3983 3673 4035 καὶ
3702 3981 3858 4034 ἐλευ-

2189 4071 2373 4143 θέρας,
2391 4073 2715 4144 ἀποτρέπων
2742 4073 2946 4144 πόρνης
2968 4073 3060 4126 καὶ
3083 4072 3366 4140 ἀλλοτρίας
3388 4069 3672 4124 ἅπτεσθαι.
3704 4067 3860 4123 Οῦτω

2187 4159 2249 4231 δὴ
2278 4161 2371 4213 καὶ
2399 4155 2550 4225 οὗτος
2591 4159 2824 4214 ἐνταῦθα
2869 4156 2988 4213 εἷπε
3013 4200 3028 4224 ,
3063 4160 3183 4212 τίνα
3217 4159 3388 4227 ἔφησε
3427 4157 3517 4210 τὸν
3561 4156 3860 4228 ἀμπελῶνα

2187 4245 2346 4303 εἶναι.
2380 4243 2514 4302 Εῐτα
2545 4249 2732 4320 ἐπειδὴ
2762 4245 2914 4303 εἶπεν
2947 4247 3127 4301 αὐτῶν
3152 4246 3220 4300 τὰ
3241 4246 3585 4317 ἐγκλήματα,
3608 4245 3730 4298 εἰπε
3759 4244 3860 4309 τάς

2186 4337 2474 4409 τιμωρίας·
2524 4336 2684 4390 πάλιν
2744 4335 2880 4408 πρὸς
2921 4335 3000 4407 τῷ
3052 4334 3195 4390 τέλει
3233 4333 3330 4406 τὴν
3362 4333 3656 4401 ἀπολογίαν
3681 4330 3876 4402 τίθησι-

2187 4427 2381 4494 λέγων·
2411 4424 2439 4465 ει
2462 4427 2719 4496 Ἔμεινα,
2741 4425 2844 4479 ἵνα
2867 4423 3093 4494 ποιήσῃ
3114 4423 3336 4494 κρίσιν,
3359 4423 3608 4489 ἐποίησε
3636 4421 3706 4474 δὲ
3723 4420 3863 4479 ἀνο-

2183 4515 2353 4584 μίαν,
2391 4513 2490 4567 καὶ
2535 4515 2608 4569 οὐ
2649 4512 3066 4581 δικαιοσύνην,
3110 4512 3272 4568 ἀλλὰ
3313 4511 3602 4582 κραυγήν.
3633 4510 3757 4566 Ὅτι
3783 4510 3863 4563 δι-

2189 4603 2398 4667 καίως,
2450 4602 2646 4673 φησὶν,
2686 4603 2901 4657 ἀπαιτῶ
2953 4602 3126 4673 δίκην.
3184 4601 3480 4670 Ἀνέμεινα,
3523 4599 3671 4670 γὰρ,
3727 4600 3876 4654 Ἵνα.

2187 4690 2411 4759 ποιήσῃ
2457 4691 2682 4759 κρίσιν,
2726 4690 3004 4754 τουτέστι,
3055 4687 3438 4757 δικαιοσύνην·
3481 4687 3636 4744 αὐτοὶ
3685 4686 3743 4740 δὲ
3793 4687 3862 4743 τά

2187 4778 2408 4832 ἐναντία
2463 4777 2828 4844 ἐπεδείξαντο,
2878 4776 3144 4846 ἀνομίαν,
3201 4774 3420 4828 ἀδικίαν
3465 4772 3560 4830 καὶ
3592 4772 3863 4843 κραυγήν..

2188 4864 2450 4936 Κραυγὴν
2472 4863 2703 4917 ἐνταῦθα
2734 4863 2832 4934 τὴν
2873 4861 3186 4927 πλεονεξίαν
3213 4859 3394 4928 λέγει.
3431 4859 3525 4915 τὸν
3557 4857 3741 4914 ἄδικον
3769 4857 3854 4913 Ou:

2191 4953 2309 5023 μὸν,
2335 4951 2432 5022 τὴν
2459 4950 2626 5022 ὀργὴν
2651 4951 2751 5022 τὴν
2775 4949 3079 5017 ἀλόγιστον,
3108 4947 3210 5010 τάς
3246 4947 3424 5018 μάχας
3448 4987 3462 5011 ,
3499 4946 3597 5010 τὰς
3632 4945 3864 5016 φιλονει-

2188 5040 2330 5104 κίας.
2356 5038 2500 5092 Οὐαί
2542 5039 2598 5092 οί
2639 5037 3054 5102 συνάπτοντες
3083 5036 3278 5090 οὶκίαν
3325 5034 3475 5103 πρὸς
3501 5035 3726 5100 οὶκίαν,
3762 5033 3862 5088 καί

2186 5127 2372 5196 ἀγεοὸν
2394 5127 2541 5195 πρὸς
2565 5125 2752 5196 ἀγρὸν
2779 5123 3127 5194 ἐγγίζοντες,
3159 5124 3259 5178 ἵνα
3294 5123 3402 5178 τοῦ
3445 5123 3713 5190 πλησίου
3745 5120 3859 5188 ἀφ-

2183 5213 2437 5268 ἐλωνταί
2451 5231 2526 5268 τι.
2556 5211 2740 5266 Εἰπὼν
2756 5213 2838 5266 ὅτι
2866 5212 3377 5284 κραυγὴνέποίησε,
3399 5211 3644 5264 τουτέστι
3671 5209 3860 5262 πλεονμ-

2185 5301 2356 5367 εξίαν,
2389 5301 2664 5373 άρπαγάς,
2691 5300 2839 5369 λέγει
2865 5301 2960 5356 καὶ
2986 5300 3058 5354 τὺ.
3086 5295 3224 5362 εἶδος
3252 5301 3348 5370 τῆς
3382 5297 3593 5358 ἀδικίας
3610 5336 3626 5360 ,
3660 5294 3862 5364 πολλῆς

2187 5389 2644 5460 ἐμπεπλησμένον
2672 5389 2772 5460 τῆς
2793 5388 3148 5464 κακουργίας.
3180 5389 3291 5441 Καὶ
3318 5385 3478 5440 πάλιν
3512 5382 3620 5437 ἀπὸ
3648 5381 3862 5456 θρήνων

2186 5479 2412 5548 ἄρχεται
2441 5489 2486 5542 θ,
2508 5477 2569 5531 τὸ
2602 5477 2829 5548 μέγεθος
2853 5478 2961 5532 τῶν
2990 5476 3400 5549 ἁμαρτημάτων
3429 5469 3857 5542 ἐνδεικνύμενος,

2187 5568 2279 5620 καὶ
2307 5566 2433 5630 τοὺς
2465 5565 2532 5620 τὰ
2563 5565 2756 5620 ἀνίατα
2781 5565 3068 5628 νοσοῦντας
3097 5563 3394 5635 ἐμφαίνων.

2250 5692 2277 5734 ἀ
2297 5694 2560 5745 Bavaricus
2576 5691 2657 5741 hic
2688 5693 2851 5753 adjicit
2878 5693 3036 5753 ἔμεινα
3055 5690 3132 5737 ἵνα
3165 5687 3344 5750 ποιήσῃ
3386 5683 3588 5746 καρπόν,
3631 5690 3730 5736 etc.
3756 5683 3860 5734 Sed

2188 5769 2283 5805 non
2311 5755 2452 5805 video
2471 5755 2576 5803 haec
2592 5759 2704 5816 apte
2722 5751 2882 5816 τερεῑὶ
2907 5751 3143 5816 hoc_loco.

2254 5830 2278 5858 ⁸
2293 5818 2412 5868 Ἀπὸ
2429 5819 2607 5880 θρήνων
2624 5810 2836 5880 ’,ἄρχεται
2854 5852 2874 5880 ,ξ
2893 5815 2962 5861 sic
2983 5812 3270 5880 _Ba\'a‘ricus_
3282 5818 3420 5861 recte
3440 5845 3452 5867 ,
3480 5813 3536 5858 υὶ
3559 5810 3861 5874 respondeat

2187 5883 2292 5933 voci
2312 5881 2418 5932 οὐαί
2439 5873 2597 5945 εὐρη.
2621 5873 2823 5930 Ali-{6.19
2854 5873 3224 5925 ἀπανθοωπίνων
3243 5876 3459 5942 ἄρχεται.
