  <div class='ocr_page' id='page_1' title='image "/cluster/home/n/w/nwhite01/storage/ocr_20150623/56/hvd.32044048208490/067.png"; bbox 0 0 4010 6218; ppageno 0'>
   <div class='ocr_carea' id='block_1_1' title="bbox 217 301 3658 372">
    <p class='ocr_par' dir='ltr' id='par_1_1' title="bbox 217 301 3658 372">
     <span class='ocr_line' id='line_1_1' title="bbox 217 301 3658 372; baseline -0.001 -6"><span class='ocrx_word' id='word_1_1' title='bbox 217 307 280 366; x_wconf 77' lang='grc'>61</span> <span class='ocrx_word' id='word_1_2' title='bbox 325 309 334 315; x_wconf 71' lang='grc'><em>”</em></span> <span class='ocrx_word' id='word_1_3' title='bbox 987 310 1046 367; x_wconf 85' lang='lat' dir='ltr'>S.</span> <span class='ocrx_word' id='word_1_4' title='bbox 1086 308 1368 366; x_wconf 72' lang='lat' dir='ltr'>JOANNIS</span> <span class='ocrx_word' id='word_1_5' title='bbox 1396 308 1880 367; x_wconf 74' lang='lat' dir='ltr'>CIIRYSOSTOMI</span> <span class='ocrx_word' id='word_1_6' title='bbox 1906 310 2224 371; x_wconf 74' lang='lat' dir='ltr'>ARCHIEP.</span> <span class='ocrx_word' id='word_1_7' title='bbox 2261 312 2806 372; x_wconf 77' lang='lat' dir='ltr'>CONSTANTINOP.</span> <span class='ocrx_word' id='word_1_8' title='bbox 3591 301 3658 354; x_wconf 67' lang='grc' dir='ltr'>(οὶ</span> 
     </span>
    </p>
   </div>
   <div class='ocr_carea' id='block_1_2' title="bbox 288 421 1880 497">
    <p class='ocr_par' dir='ltr' id='par_1_2' title="bbox 288 421 1880 497">
     <span class='ocr_line' id='line_1_2' title="bbox 288 421 1880 497; baseline 0.002 -20"><span class='ocrx_word' id='word_1_9' title='bbox 288 421 354 478; x_wconf 86' lang='grc' dir='ltr'>δ’.</span> <span class='ocrx_word' id='word_1_10' title='bbox 378 422 561 480; x_wconf 81' lang='grc' dir='ltr'>Ταῦτα</span> <span class='ocrx_word' id='word_1_11' title='bbox 585 425 641 480; x_wconf 81' lang='grc' dir='ltr'>δέ</span> <span class='ocrx_word' id='word_1_12' title='bbox 667 425 760 480; x_wconf 74' lang='grc' dir='ltr'>καὶ</span> <span class='ocrx_word' id='word_1_13' title='bbox 796 424 891 479; x_wconf 88' lang='grc' dir='ltr'>νῦν</span> <span class='ocrx_word' id='word_1_14' title='bbox 930 425 1250 496; x_wconf 82' lang='grc' dir='ltr'>τολμώμενα</span> <span class='ocrx_word' id='word_1_15' title='bbox 1268 426 1370 478; x_wconf 80' lang='grc' dir='ltr'>ίδοι</span> <span class='ocrx_word' id='word_1_16' title='bbox 1390 443 1478 488; x_wconf 84' lang='grc' dir='ltr'>τις</span> <span class='ocrx_word' id='word_1_17' title='bbox 1521 425 1590 478; x_wconf 82' lang='grc' dir='ltr'>ἂν</span> <span class='ocrx_word' id='word_1_18' title='bbox 1607 427 1754 497; x_wconf 82' lang='grc' dir='ltr'>παρά</span> <span class='ocrx_word' id='word_1_19' title='bbox 1773 426 1880 480; x_wconf 81' lang='grc' dir='ltr'>τῶν</span> 
     </span>
    </p>
   </div>
   <div class='ocr_carea' id='block_1_3' title="bbox 216 515 1880 589">
    <p class='ocr_par' dir='ltr' id='par_1_3' title="bbox 216 515 1880 589">
     <span class='ocr_line' id='line_1_3' title="bbox 216 515 1880 589; baseline -0.001 -16"><span class='ocrx_word' id='word_1_20' title='bbox 216 517 404 581; x_wconf 83' lang='grc' dir='ltr'>κακῶς</span> <span class='ocrx_word' id='word_1_21' title='bbox 427 517 503 589; x_wconf 83' lang='grc' dir='ltr'>τῷ</span> <span class='ocrx_word' id='word_1_22' title='bbox 540 515 753 587; x_wconf 82' lang='grc' dir='ltr'>πλούτῳ</span> <span class='ocrx_word' id='word_1_23' title='bbox 786 517 1160 587; x_wconf 81' lang='grc' dir='ltr'>κεχρημένων,</span> <span class='ocrx_word' id='word_1_24' title='bbox 1195 517 1245 570; x_wconf 81' lang='grc' dir='ltr'>οἳ</span> <span class='ocrx_word' id='word_1_25' title='bbox 1270 515 1369 580; x_wconf 86' lang='grc' dir='ltr'>τάς</span> <span class='ocrx_word' id='word_1_26' title='bbox 1405 517 1730 586; x_wconf 79' lang='grc' dir='ltr'>γειτνιάσεις</span> <span class='ocrx_word' id='word_1_27' title='bbox 1755 520 1880 572; x_wconf 73' lang='grc' dir='ltr'>ἐπισ</span> 
     </span>
    </p>
   </div>
   <div class='ocr_carea' id='block_1_4' title="bbox 215 599 1880 673">
    <p class='ocr_par' dir='ltr' id='par_1_4' title="bbox 215 599 1880 673">
     <span class='ocr_line' id='line_1_4' title="bbox 215 599 1880 673; baseline 0 -16"><span class='ocrx_word' id='word_1_28' title='bbox 215 603 458 667; x_wconf 85' lang='grc' dir='ltr'>νοοῦσιν,</span> <span class='ocrx_word' id='word_1_29' title='bbox 495 602 596 656; x_wconf 81' lang='grc' dir='ltr'>οὐκ</span> <span class='ocrx_word' id='word_1_30' title='bbox 638 599 722 666; x_wconf 87' lang='grc' dir='ltr'>είς</span> <span class='ocrx_word' id='word_1_31' title='bbox 775 599 1070 671; x_wconf 90' lang='grc' dir='ltr'>ἀσφάλειαν</span> <span class='ocrx_word' id='word_1_32' title='bbox 1095 640 1110 664; x_wconf 91' lang='grc'>,</span> <span class='ocrx_word' id='word_1_33' title='bbox 1149 601 1264 655; x_wconf 87' lang='grc' dir='ltr'>ἀλλ’</span> <span class='ocrx_word' id='word_1_34' title='bbox 1292 603 1379 666; x_wconf 86' lang='grc' dir='ltr'>εἰς</span> <span class='ocrx_word' id='word_1_35' title='bbox 1434 602 1727 673; x_wconf 82' lang='grc' dir='ltr'>ἐπιϐουλὴν</span> <span class='ocrx_word' id='word_1_36' title='bbox 1772 603 1880 657; x_wconf 89' lang='grc' dir='ltr'>τῶν</span> 
     </span>
    </p>
   </div>
   <div class='ocr_carea' id='block_1_5' title="bbox 217 687 1882 762">
    <p class='ocr_par' dir='ltr' id='par_1_5' title="bbox 217 687 1882 762">
     <span class='ocr_line' id='line_1_5' title="bbox 217 687 1882 762; baseline 0.001 -18"><span class='ocrx_word' id='word_1_37' title='bbox 217 691 464 761; x_wconf 75' lang='grc' dir='ltr'>πλησίον,</span> <span class='ocrx_word' id='word_1_38' title='bbox 499 689 746 761; x_wconf 85' lang='grc' dir='ltr'>καθάπερ</span> <span class='ocrx_word' id='word_1_39' title='bbox 777 689 888 762; x_wconf 88' lang='grc' dir='ltr'>πῦρ</span> <span class='ocrx_word' id='word_1_40' title='bbox 918 687 1022 761; x_wconf 79' lang='grc' dir='ltr'>6δῷ</span> <span class='ocrx_word' id='word_1_41' title='bbox 1051 689 1285 760; x_wconf 80' lang='grc' dir='ltr'>βαδίζον,</span> <span class='ocrx_word' id='word_1_42' title='bbox 1315 689 1457 744; x_wconf 73' lang='grc' dir='ltr'>οὕτω</span> <span class='ocrx_word' id='word_1_43' title='bbox 1489 691 1615 755; x_wconf 75' lang='grc' dir='ltr'>τοὺς</span> <span class='ocrx_word' id='word_1_44' title='bbox 1655 695 1720 746; x_wconf 88' lang='grc' dir='ltr'>ἐκ</span> <span class='ocrx_word' id='word_1_45' title='bbox 1766 710 1882 762; x_wconf 89' lang='grc' dir='ltr'>γει-</span> 
     </span>
    </p>
   </div>
   <div class='ocr_carea' id='block_1_6' title="bbox 214 775 1883 848">
    <p class='ocr_par' dir='ltr' id='par_1_6' title="bbox 214 775 1883 848">
     <span class='ocr_line' id='line_1_6' title="bbox 214 775 1883 848; baseline 0.001 -17"><span class='ocrx_word' id='word_1_46' title='bbox 214 778 385 832; x_wconf 82' lang='grc' dir='ltr'>τόνων</span> <span class='ocrx_word' id='word_1_47' title='bbox 420 777 626 840; x_wconf 85' lang='grc' dir='ltr'>πάντας</span> <span class='ocrx_word' id='word_1_48' title='bbox 671 777 1068 847; x_wconf 74' lang='grc' dir='ltr'>ἐπινεμόμενοι.</span> <span class='ocrx_word' id='word_1_49' title='bbox 1115 775 1212 845; x_wconf 79' lang='grc' dir='ltr'>Μὴ</span> <span class='ocrx_word' id='word_1_50' title='bbox 1263 775 1540 843; x_wconf 74' lang='grc' dir='ltr'>οἰκήσετε</span> <span class='ocrx_word' id='word_1_51' title='bbox 1577 780 1751 848; x_wconf 82' lang='grc' dir='ltr'>μόνοι</span> <span class='ocrx_word' id='word_1_52' title='bbox 1783 780 1883 833; x_wconf 80' lang='grc' dir='ltr'>ἐπὶ</span> 
     </span>
    </p>
   </div>
   <div class='ocr_carea' id='block_1_7' title="bbox 216 859 1887 932">
    <p class='ocr_par' dir='ltr' id='par_1_7' title="bbox 216 859 1887 932">
     <span class='ocr_line' id='line_1_7' title="bbox 216 859 1887 932; baseline 0.002 -16"><span class='ocrx_word' id='word_1_53' title='bbox 216 861 329 931; x_wconf 72' lang='grc' dir='ltr'>τῆς</span> <span class='ocrx_word' id='word_1_54' title='bbox 350 861 495 932; x_wconf 58' lang='lat' dir='ltr'>Tim</span> <span class='ocrx_word' id='word_1_55' title='bbox 522 859 810 930; x_wconf 73' lang='grc' dir='ltr'>Ἠκούσθη</span> <span class='ocrx_word' id='word_1_56' title='bbox 846 863 954 932; x_wconf 72' lang='grc' dir='ltr'>γὰρ</span> <span class='ocrx_word' id='word_1_57' title='bbox 985 859 1102 916; x_wconf 82' lang='grc' dir='ltr'>νῦν</span> <span class='ocrx_word' id='word_1_58' title='bbox 1131 865 1220 928; x_wconf 86' lang='grc' dir='ltr'>εἰς</span> <span class='ocrx_word' id='word_1_59' title='bbox 1247 863 1323 918; x_wconf 84' lang='grc' dir='ltr'>τὰ</span> <span class='ocrx_word' id='word_1_60' title='bbox 1358 859 1478 918; x_wconf 85' lang='grc' dir='ltr'>ὦτα</span> <span class='ocrx_word' id='word_1_61' title='bbox 1518 864 1740 932; x_wconf 79' lang='grc' dir='ltr'>Κυρίου</span> <span class='ocrx_word' id='word_1_62' title='bbox 1774 861 1887 919; x_wconf 86' lang='grc' dir='ltr'>Σα-</span> 
     </span>
    </p>
   </div>
   <div class='ocr_carea' id='block_1_8' title="bbox 218 948 1884 1023">
    <p class='ocr_par' dir='ltr' id='par_1_8' title="bbox 218 948 1884 1023">
     <span class='ocr_line' id='line_1_8' title="bbox 218 948 1884 1023; baseline 0.003 -23"><span class='ocrx_word' id='word_1_63' title='bbox 218 948 373 1003; x_wconf 69' lang='grc' dir='ltr'>ϐαὼθ</span> <span class='ocrx_word' id='word_1_64' title='bbox 415 949 620 1003; x_wconf 85' lang='grc' dir='ltr'>ταῦτα.</span> <span class='ocrx_word' id='word_1_65' title='bbox 670 949 950 1003; x_wconf 86' lang='grc' dir='ltr'>Δείκνυσιν</span> <span class='ocrx_word' id='word_1_66' title='bbox 976 949 1208 1021; x_wconf 78' lang='grc' dir='ltr'>ἀνόνητα</span> <span class='ocrx_word' id='word_1_67' title='bbox 1265 951 1573 1023; x_wconf 87' lang='grc' dir='ltr'>κάμνοντας</span> <span class='ocrx_word' id='word_1_68' title='bbox 1613 950 1708 1005; x_wconf 78' lang='grc' dir='ltr'>καὶ</span> <span class='ocrx_word' id='word_1_69' title='bbox 1757 952 1884 1023; x_wconf 84' lang='grc' dir='ltr'>είκῆ</span> 
     </span>
    </p>
   </div>
   <div class='ocr_carea' id='block_1_9' title="bbox 216 1033 1886 1109">
    <p class='ocr_par' dir='ltr' id='par_1_9' title="bbox 216 1033 1886 1109">
     <span class='ocr_line' id='line_1_9' title="bbox 216 1033 1886 1109; baseline 0.004 -23"><span class='ocrx_word' id='word_1_70' title='bbox 216 1034 312 1088; x_wconf 75' lang='grc' dir='ltr'>καὶ</span> <span class='ocrx_word' id='word_1_71' title='bbox 353 1034 547 1105; x_wconf 83' lang='grc' dir='ltr'>μάτην.</span> <span class='ocrx_word' id='word_1_72' title='bbox 597 1033 812 1107; x_wconf 77' lang='grc' dir='ltr'>Ἐπειδὴ</span> <span class='ocrx_word' id='word_1_73' title='bbox 876 1035 984 1109; x_wconf 88' lang='grc' dir='ltr'>γὰρ</span> <span class='ocrx_word' id='word_1_74' title='bbox 1033 1037 1130 1107; x_wconf 81' lang='grc' dir='ltr'>οὐχ</span> <span class='ocrx_word' id='word_1_75' title='bbox 1160 1035 1336 1102; x_wconf 71' lang='grc' dir='ltr'>οὕτως</span> <span class='ocrx_word' id='word_1_76' title='bbox 1395 1039 1451 1092; x_wconf 87' lang='grc' dir='ltr'>αἰ</span> <span class='ocrx_word' id='word_1_77' title='bbox 1498 1037 1747 1102; x_wconf 77' lang='grc' dir='ltr'>κολάσεις</span> <span class='ocrx_word' id='word_1_78' title='bbox 1793 1041 1886 1093; x_wconf 79' lang='grc' dir='ltr'>καὶ</span> 
     </span>
    </p>
   </div>
   <div class='ocr_carea' id='block_1_10' title="bbox 216 1119 1887 1194">
    <p class='ocr_par' dir='ltr' id='par_1_10' title="bbox 216 1119 1887 1194">
     <span class='ocr_line' id='line_1_10' title="bbox 216 1119 1887 1194; baseline 0.002 -19"><span class='ocrx_word' id='word_1_79' title='bbox 216 1123 272 1175; x_wconf 87' lang='grc' dir='ltr'>αἱ</span> <span class='ocrx_word' id='word_1_80' title='bbox 322 1122 582 1194; x_wconf 81' lang='grc' dir='ltr'>τιμωρίαι</span> <span class='ocrx_word' id='word_1_81' title='bbox 613 1124 740 1186; x_wconf 80' lang='grc' dir='ltr'>τοὺς</span> <span class='ocrx_word' id='word_1_82' title='bbox 778 1122 1049 1187; x_wconf 79' lang='grc' dir='ltr'>τοιούτους</span> <span class='ocrx_word' id='word_1_83' title='bbox 1087 1119 1312 1193; x_wconf 72' lang='grc' dir='ltr'>ἀγαγεῖν</span> <span class='ocrx_word' id='word_1_84' title='bbox 1367 1122 1651 1190; x_wconf 84' lang='grc' dir='ltr'>εἰώθασιν,</span> <span class='ocrx_word' id='word_1_85' title='bbox 1705 1125 1782 1188; x_wconf 85' lang='grc' dir='ltr'>ὡς</span> <span class='ocrx_word' id='word_1_86' title='bbox 1825 1126 1887 1180; x_wconf 79' lang='grc' dir='ltr'>τὸ</span> 
     </span>
    </p>
   </div>
   <div class='ocr_carea' id='block_1_11' title="bbox 220 1207 1882 1283">
    <p class='ocr_par' dir='ltr' id='par_1_11' title="bbox 220 1207 1882 1283">
     <span class='ocr_line' id='line_1_11' title="bbox 220 1207 1882 1283; baseline 0.005 -23"><span class='ocrx_word' id='word_1_87' title='bbox 220 1207 410 1278; x_wconf 80' lang='grc' dir='ltr'>μαθεῖν</span> <span class='ocrx_word' id='word_1_88' title='bbox 444 1209 689 1280; x_wconf 82' lang='grc' dir='ltr'>ἀκριϐῶς</span> <span class='ocrx_word' id='word_1_89' title='bbox 711 1251 724 1270; x_wconf 89' lang='grc'>,</span> <span class='ocrx_word' id='word_1_90' title='bbox 772 1211 857 1264; x_wconf 69' lang='grc' dir='ltr'>δτι</span> <span class='ocrx_word' id='word_1_91' title='bbox 897 1211 998 1265; x_wconf 85' lang='grc' dir='ltr'>οὐκ</span> <span class='ocrx_word' id='word_1_92' title='bbox 1043 1210 1439 1266; x_wconf 79' lang='grc' dir='ltr'>ἀπολαύσονται</span> <span class='ocrx_word' id='word_1_93' title='bbox 1471 1212 1569 1282; x_wconf 72' lang='grc' dir='ltr'>τῆς</span> <span class='ocrx_word' id='word_1_94' title='bbox 1604 1213 1882 1283; x_wconf 78' lang='grc' dir='ltr'>ἁρπαγῆς,</span> 
     </span>
    </p>
   </div>
   <div class='ocr_carea' id='block_1_12' title="bbox 215 1296 1882 1370">
    <p class='ocr_par' dir='ltr' id='par_1_12' title="bbox 215 1296 1882 1370">
     <span class='ocr_line' id='line_1_12' title="bbox 215 1296 1882 1370; baseline 0.002 -23"><span class='ocrx_word' id='word_1_95' title='bbox 215 1296 419 1366; x_wconf 88' lang='grc' dir='ltr'>ταύτην</span> <span class='ocrx_word' id='word_1_96' title='bbox 448 1297 634 1360; x_wconf 81' lang='grc' dir='ltr'>αὐτοῖς</span> <span class='ocrx_word' id='word_1_97' title='bbox 671 1297 866 1366; x_wconf 84' lang='grc' dir='ltr'>ἐπάγει</span> <span class='ocrx_word' id='word_1_98' title='bbox 896 1298 995 1368; x_wconf 78' lang='grc' dir='ltr'>τὴν</span> <span class='ocrx_word' id='word_1_99' title='bbox 1026 1298 1273 1369; x_wconf 72' lang='grc' dir='ltr'>ἀπειλήν,</span> <span class='ocrx_word' id='word_1_100' title='bbox 1303 1297 1498 1366; x_wconf 83' lang='grc' dir='ltr'>λέγων,</span> <span class='ocrx_word' id='word_1_101' title='bbox 1532 1299 1613 1352; x_wconf 84' lang='grc' dir='ltr'>ὃτι</span> <span class='ocrx_word' id='word_1_102' title='bbox 1643 1299 1882 1370; x_wconf 86' lang='grc' dir='ltr'>καμοῦν-</span> 
     </span>
    </p>
   </div>
   <div class='ocr_carea' id='block_1_13' title="bbox 215 1375 1887 1455">
    <p class='ocr_par' dir='ltr' id='par_1_13' title="bbox 215 1375 1887 1455">
     <span class='ocr_line' id='line_1_13' title="bbox 215 1375 1887 1455; baseline 0.001 -21"><span class='ocrx_word' id='word_1_103' title='bbox 215 1399 308 1434; x_wconf 86' lang='grc' dir='ltr'>ται</span> <span class='ocrx_word' id='word_1_104' title='bbox 339 1382 436 1453; x_wconf 82' lang='grc' dir='ltr'>μὲν</span> <span class='ocrx_word' id='word_1_105' title='bbox 463 1382 555 1436; x_wconf 74' lang='lat' dir='ltr'><strong><em>xal</em></strong></span> <span class='ocrx_word' id='word_1_106' title='bbox 578 1375 1078 1455; x_wconf 87' lang='grc' dir='ltr'>ταλαιπωρήσουσι,</span> <span class='ocrx_word' id='word_1_107' title='bbox 1105 1384 1200 1438; x_wconf 72' lang='grc' dir='ltr'>καὶ</span> <span class='ocrx_word' id='word_1_108' title='bbox 1227 1383 1325 1455; x_wconf 80' lang='grc' dir='ltr'>τὴν</span> <span class='ocrx_word' id='word_1_109' title='bbox 1355 1384 1627 1454; x_wconf 77' lang='grc' dir='ltr'>ἁμαρτίαν</span> <span class='ocrx_word' id='word_1_110' title='bbox 1665 1383 1887 1454; x_wconf 76' lang='grc' dir='ltr'>καρπώ-</span> 
     </span>
    </p>
   </div>
   <div class='ocr_carea' id='block_1_14' title="bbox 218 1469 1885 1543">
    <p class='ocr_par' dir='ltr' id='par_1_14' title="bbox 218 1469 1885 1543">
     <span class='ocr_line' id='line_1_14' title="bbox 218 1469 1885 1543; baseline 0.001 -21"><span class='ocrx_word' id='word_1_111' title='bbox 218 1485 421 1536; x_wconf 90' lang='grc' dir='ltr'>σονται,</span> <span class='ocrx_word' id='word_1_112' title='bbox 461 1470 564 1540; x_wconf 81' lang='grc' dir='ltr'>τῆς</span> <span class='ocrx_word' id='word_1_113' title='bbox 604 1469 661 1524; x_wconf 87' lang='grc' dir='ltr'>δέ</span> <span class='ocrx_word' id='word_1_114' title='bbox 691 1470 1038 1535; x_wconf 84' lang='grc' dir='ltr'>ἀπολαύσεως</span> <span class='ocrx_word' id='word_1_115' title='bbox 1070 1470 1426 1524; x_wconf 76' lang='grc' dir='ltr'>ἐκπεσοῦνται</span> <span class='ocrx_word' id='word_1_116' title='bbox 1469 1471 1606 1543; x_wconf 79' lang='grc'>[56].</span> <span class='ocrx_word' id='word_1_117' title='bbox 1641 1472 1756 1525; x_wconf 76' lang='grc' dir='ltr'>Οὐκ</span> <span class='ocrx_word' id='word_1_118' title='bbox 1789 1472 1885 1542; x_wconf 82' lang='grc' dir='ltr'>ἐφ-</span> 
     </span>
    </p>
   </div>
   <div class='ocr_carea' id='block_1_15' title="bbox 217 1555 1885 1628">
    <p class='ocr_par' dir='ltr' id='par_1_15' title="bbox 217 1555 1885 1628">
     <span class='ocr_line' id='line_1_15' title="bbox 217 1555 1885 1628; baseline 0.003 -21"><span class='ocrx_word' id='word_1_119' title='bbox 217 1555 479 1625; x_wconf 78' lang='grc' dir='ltr'>ησυχάςει</span> <span class='ocrx_word' id='word_1_120' title='bbox 508 1556 638 1627; x_wconf 81' lang='grc' dir='ltr'>γὰρ,</span> <span class='ocrx_word' id='word_1_121' title='bbox 668 1559 822 1628; x_wconf 77' lang='grc' dir='ltr'>φησί,</span> <span class='ocrx_word' id='word_1_122' title='bbox 845 1560 959 1620; x_wconf 87' lang='grc' dir='ltr'>τοῖς</span> <span class='ocrx_word' id='word_1_123' title='bbox 988 1557 1293 1628; x_wconf 80' lang='grc' dir='ltr'>γινομένοις</span> <span class='ocrx_word' id='word_1_124' title='bbox 1320 1559 1348 1610; x_wconf 85' lang='grc' dir='ltr'>ὁ</span> <span class='ocrx_word' id='word_1_125' title='bbox 1370 1558 1665 1628; x_wconf 88' lang='grc' dir='ltr'>ἀκοίμητος</span> <span class='ocrx_word' id='word_1_126' title='bbox 1687 1558 1885 1628; x_wconf 86' lang='grc' dir='ltr'>ὀφθαλ-</span> 
     </span>
    </p>
   </div>
   <div class='ocr_carea' id='block_1_16' title="bbox 220 1641 1886 1715">
    <p class='ocr_par' dir='ltr' id='par_1_16' title="bbox 220 1641 1886 1715">
     <span class='ocr_line' id='line_1_16' title="bbox 220 1641 1886 1715; baseline 0.003 -22"><span class='ocrx_word' id='word_1_127' title='bbox 220 1641 339 1711; x_wconf 82' lang='grc' dir='ltr'>μός.</span> <span class='ocrx_word' id='word_1_128' title='bbox 372 1641 444 1694; x_wconf 83' lang='grc' dir='ltr'>Τὸ</span> <span class='ocrx_word' id='word_1_129' title='bbox 473 1641 554 1708; x_wconf 85' lang='grc' dir='ltr'>δέ,</span> <span class='ocrx_word' id='word_1_130' title='bbox 584 1641 854 1715; x_wconf 80' lang='grc' dir='ltr'>Ἠκούσθη</span> <span class='ocrx_word' id='word_1_131' title='bbox 879 1641 996 1709; x_wconf 89' lang='grc' dir='ltr'>νῦν,</span> <span class='ocrx_word' id='word_1_132' title='bbox 1020 1645 1120 1715; x_wconf 82' lang='grc' dir='ltr'>οὐχ</span> <span class='ocrx_word' id='word_1_133' title='bbox 1151 1643 1228 1707; x_wconf 88' lang='grc' dir='ltr'>ὼς</span> <span class='ocrx_word' id='word_1_134' title='bbox 1263 1643 1382 1696; x_wconf 83' lang='grc' dir='ltr'>τότε</span> <span class='ocrx_word' id='word_1_135' title='bbox 1403 1643 1513 1697; x_wconf 89' lang='grc' dir='ltr'>τῶν</span> <span class='ocrx_word' id='word_1_136' title='bbox 1547 1645 1886 1714; x_wconf 84' lang='grc' dir='ltr'>πραγμάτων</span> 
     </span>
    </p>
   </div>
   <div class='ocr_carea' id='block_1_17' title="bbox 216 1726 1886 1801">
    <p class='ocr_par' dir='ltr' id='par_1_17' title="bbox 216 1726 1886 1801">
     <span class='ocr_line' id='line_1_17' title="bbox 216 1726 1886 1801; baseline 0.002 -21"><span class='ocrx_word' id='word_1_137' title='bbox 216 1728 509 1799; x_wconf 79' lang='grc' dir='ltr'>γνωρίμων</span> <span class='ocrx_word' id='word_1_138' title='bbox 551 1732 854 1800; x_wconf 83' lang='grc' dir='ltr'>γενομένων</span> <span class='ocrx_word' id='word_1_139' title='bbox 897 1728 1044 1800; x_wconf 79' lang='grc' dir='ltr'>αὐτῷ</span> <span class='ocrx_word' id='word_1_140' title='bbox 1093 1729 1268 1784; x_wconf 88' lang='grc' dir='ltr'>ταῦτά</span> <span class='ocrx_word' id='word_1_141' title='bbox 1308 1745 1492 1801; x_wconf 85' lang='grc' dir='ltr'>φησιν,</span> <span class='ocrx_word' id='word_1_142' title='bbox 1535 1730 1649 1782; x_wconf 80' lang='grc' dir='ltr'>ἀλλ’</span> <span class='ocrx_word' id='word_1_143' title='bbox 1684 1728 1759 1793; x_wconf 84' lang='grc' dir='ltr'>ὡς</span> <span class='ocrx_word' id='word_1_144' title='bbox 1786 1726 1886 1801; x_wconf 84' lang='grc' dir='ltr'>τῆς</span> 
     </span>
    </p>
   </div>
   <div class='ocr_carea' id='block_1_18' title="bbox 217 1809 1886 1888">
    <p class='ocr_par' dir='ltr' id='par_1_18' title="bbox 217 1809 1886 1888">
     <span class='ocr_line' id='line_1_18' title="bbox 217 1809 1886 1888; baseline 0.003 -25"><span class='ocrx_word' id='word_1_145' title='bbox 217 1809 372 1882; x_wconf 90' lang='grc' dir='ltr'>δίκης</span> <span class='ocrx_word' id='word_1_146' title='bbox 403 1813 544 1868; x_wconf 88' lang='grc' dir='ltr'>κατά</span> <span class='ocrx_word' id='word_1_147' title='bbox 575 1815 738 1878; x_wconf 83' lang='grc' dir='ltr'>πόδας</span> <span class='ocrx_word' id='word_1_148' title='bbox 772 1814 955 1886; x_wconf 79' lang='grc' dir='ltr'>ἰούσης</span> <span class='ocrx_word' id='word_1_149' title='bbox 989 1814 1194 1878; x_wconf 73' lang='grc' dir='ltr'>λοιπὸν,</span> <span class='ocrx_word' id='word_1_150' title='bbox 1227 1816 1319 1869; x_wconf 71' lang='grc' dir='ltr'>καὶ</span> <span class='ocrx_word' id='word_1_151' title='bbox 1354 1818 1452 1888; x_wconf 81' lang='grc' dir='ltr'>τῆς</span> <span class='ocrx_word' id='word_1_152' title='bbox 1481 1815 1886 1880; x_wconf 83' lang='grc' dir='ltr'>ἀνταποδόσεως</span> 
     </span>
    </p>
   </div>
   <div class='ocr_carea' id='block_1_19' title="bbox 216 1898 1887 1972">
    <p class='ocr_par' dir='ltr' id='par_1_19' title="bbox 216 1898 1887 1972">
     <span class='ocr_line' id='line_1_19' title="bbox 216 1898 1887 1972; baseline 0.004 -24"><span class='ocrx_word' id='word_1_153' title='bbox 216 1898 529 1970; x_wconf 85' lang='grc' dir='ltr'>γινομένης.</span> <span class='ocrx_word' id='word_1_154' title='bbox 588 1900 730 1954; x_wconf 81' lang='grc' dir='ltr'>Ἐὰν</span> <span class='ocrx_word' id='word_1_155' title='bbox 784 1901 894 1972; x_wconf 56' lang='grc' dir='ltr'>γὰρ</span> <span class='ocrx_word' id='word_1_156' title='bbox 935 1901 1221 1971; x_wconf 72' lang='grc' dir='ltr'>γένωνται</span> <span class='ocrx_word' id='word_1_157' title='bbox 1263 1903 1441 1956; x_wconf 77' lang='grc' dir='ltr'>οἰκίαι</span> <span class='ocrx_word' id='word_1_158' title='bbox 1487 1900 1745 1966; x_wconf 72' lang='grc' dir='ltr'>πολλαί,</span> <span class='ocrx_word' id='word_1_159' title='bbox 1799 1903 1887 1969; x_wconf 83' lang='grc' dir='ltr'>είς</span> 
     </span>
    </p>
   </div>
   <div class='ocr_carea' id='block_1_20' title="bbox 216 1983 1886 2056">
    <p class='ocr_par' dir='ltr' id='par_1_20' title="bbox 216 1983 1886 2056">
     <span class='ocr_line' id='line_1_20' title="bbox 216 1983 1886 2056; baseline 0.004 -20"><span class='ocrx_word' id='word_1_160' title='bbox 216 1983 442 2052; x_wconf 77' lang='grc' dir='ltr'>ἔρημον</span> <span class='ocrx_word' id='word_1_161' title='bbox 465 1985 709 2040; x_wconf 79' lang='grc' dir='ltr'>ἔσονται</span> <span class='ocrx_word' id='word_1_162' title='bbox 733 1987 988 2056; x_wconf 77' lang='grc' dir='ltr'>μεγάλαι</span> <span class='ocrx_word' id='word_1_163' title='bbox 1019 1987 1120 2041; x_wconf 81' lang='grc' dir='ltr'>καί</span> <span class='ocrx_word' id='word_1_164' title='bbox 1141 1989 1342 2054; x_wconf 76' lang='grc' dir='ltr'>καλαί,</span> <span class='ocrx_word' id='word_1_165' title='bbox 1373 1987 1471 2042; x_wconf 80' lang='grc' dir='ltr'>καί</span> <span class='ocrx_word' id='word_1_166' title='bbox 1497 1990 1609 2042; x_wconf 84' lang='grc' dir='ltr'>οὐκ</span> <span class='ocrx_word' id='word_1_167' title='bbox 1640 1987 1886 2045; x_wconf 79' lang='grc' dir='ltr'>ἔσονται</span> 
     </span>
    </p>
   </div>
   <div class='ocr_carea' id='block_1_21' title="bbox 216 2072 1074 2140">
    <p class='ocr_par' dir='ltr' id='par_1_21' title="bbox 216 2072 1074 2140">
     <span class='ocr_line' id='line_1_21' title="bbox 216 2072 1074 2140; baseline 0.005 -17"><span class='ocrx_word' id='word_1_168' title='bbox 216 2073 274 2124; x_wconf 80' lang='grc' dir='ltr'>οἱ</span> <span class='ocrx_word' id='word_1_169' title='bbox 309 2072 730 2138; x_wconf 83' lang='grc' dir='ltr'>κατοικοῦντες</span> <span class='ocrx_word' id='word_1_170' title='bbox 750 2073 819 2126; x_wconf 87' lang='grc' dir='ltr'>ἐν</span> <span class='ocrx_word' id='word_1_171' title='bbox 843 2073 1074 2140; x_wconf 82' lang='grc' dir='ltr'>αὐταῖς.</span> 
     </span>
    </p>
   </div>
   <div class='ocr_carea' id='block_1_22' title="bbox 287 2157 1887 2236">
    <p class='ocr_par' dir='ltr' id='par_1_22' title="bbox 287 2157 1887 2236">
     <span class='ocr_line' id='line_1_22' title="bbox 287 2157 1887 2236; baseline 0.003 -26"><span class='ocrx_word' id='word_1_172' title='bbox 287 2157 538 2212; x_wconf 89' lang='grc' dir='ltr'>Τοιοῦτον</span> <span class='ocrx_word' id='word_1_173' title='bbox 577 2159 685 2230; x_wconf 86' lang='grc' dir='ltr'>γὰρ</span> <span class='ocrx_word' id='word_1_174' title='bbox 725 2162 759 2231; x_wconf 89' lang='grc' dir='ltr'>ή</span> <span class='ocrx_word' id='word_1_175' title='bbox 797 2160 1076 2228; x_wconf 83' lang='grc' dir='ltr'>πλεονεξία</span> <span class='ocrx_word' id='word_1_176' title='bbox 1097 2177 1112 2192; x_wconf 80' lang='grc'><strong><em>⁸</em></strong></span> <span class='ocrx_word' id='word_1_177' title='bbox 1151 2163 1280 2217; x_wconf 82' lang='grc' dir='ltr'>ὅταν</span> <span class='ocrx_word' id='word_1_178' title='bbox 1327 2161 1548 2217; x_wconf 83' lang='grc' dir='ltr'>πλείονα</span> <span class='ocrx_word' id='word_1_179' title='bbox 1586 2161 1887 2236; x_wconf 83' lang='grc' dir='ltr'>περιϐάλλῃ</span> 
     </span>
    </p>
   </div>
   <div class='ocr_carea' id='block_1_23' title="bbox 215 2244 1886 2322">
    <p class='ocr_par' dir='ltr' id='par_1_23' title="bbox 215 2244 1886 2322">
     <span class='ocr_line' id='line_1_23' title="bbox 215 2244 1886 2322; baseline 0.004 -24"><span class='ocrx_word' id='word_1_180' title='bbox 215 2247 328 2308; x_wconf 87' lang='grc' dir='ltr'>τοῖς</span> <span class='ocrx_word' id='word_1_181' title='bbox 358 2244 564 2316; x_wconf 75' lang='grc' dir='ltr'>έχουσι,</span> <span class='ocrx_word' id='word_1_182' title='bbox 596 2249 691 2302; x_wconf 77' lang='grc' dir='ltr'>καὶ</span> <span class='ocrx_word' id='word_1_183' title='bbox 720 2248 829 2302; x_wconf 90' lang='grc' dir='ltr'>τῶν</span> <span class='ocrx_word' id='word_1_184' title='bbox 855 2251 1134 2320; x_wconf 85' lang='grc' dir='ltr'>προτέρων</span> <span class='ocrx_word' id='word_1_185' title='bbox 1171 2250 1370 2311; x_wconf 81' lang='grc' dir='ltr'>αὐτοὺς</span> <span class='ocrx_word' id='word_1_186' title='bbox 1402 2248 1684 2320; x_wconf 80' lang='grc' dir='ltr'>ἐξήγαγεν.</span> <span class='ocrx_word' id='word_1_187' title='bbox 1726 2251 1792 2303; x_wconf 88' lang='grc' dir='ltr'><strong>Ὃ</strong></span> <span class='ocrx_word' id='word_1_188' title='bbox 1823 2250 1886 2322; x_wconf 86' lang='grc' dir='ltr'>δὴ</span> 
     </span>
    </p>
   </div>
   <div class='ocr_carea' id='block_1_24' title="bbox 215 2331 1886 2408">
    <p class='ocr_par' dir='ltr' id='par_1_24' title="bbox 215 2331 1886 2408">
     <span class='ocr_line' id='line_1_24' title="bbox 215 2331 1886 2408; baseline 0.004 -24"><span class='ocrx_word' id='word_1_189' title='bbox 215 2331 314 2384; x_wconf 69' lang='grc' dir='ltr'>καὶ</span> <span class='ocrx_word' id='word_1_190' title='bbox 350 2331 582 2386; x_wconf 88' lang='grc' dir='ltr'>ἐνταῦθα</span> <span class='ocrx_word' id='word_1_191' title='bbox 611 2334 905 2388; x_wconf 85' lang='grc' dir='ltr'>αἰνίττεται</span> <span class='ocrx_word' id='word_1_192' title='bbox 937 2335 1110 2404; x_wconf 87' lang='grc' dir='ltr'>λέγων</span> <span class='ocrx_word' id='word_1_193' title='bbox 1131 2373 1146 2400; x_wconf 93' lang='grc'>,</span> <span class='ocrx_word' id='word_1_194' title='bbox 1179 2337 1263 2388; x_wconf 84' lang='grc' dir='ltr'>ὅτι</span> <span class='ocrx_word' id='word_1_195' title='bbox 1291 2336 1462 2389; x_wconf 82' lang='grc' dir='ltr'>Ὅταν</span> <span class='ocrx_word' id='word_1_196' title='bbox 1495 2335 1886 2408; x_wconf 87' lang='grc' dir='ltr'>οἰκοδομήσητε</span> 
     </span>
    </p>
   </div>
   <div class='ocr_carea' id='block_1_25' title="bbox 215 2415 1886 2496">
    <p class='ocr_par' dir='ltr' id='par_1_25' title="bbox 215 2415 1886 2496">
     <span class='ocr_line' id='line_1_25' title="bbox 215 2415 1886 2496; baseline 0.004 -26"><span class='ocrx_word' id='word_1_197' title='bbox 215 2415 501 2489; x_wconf 82' lang='grc' dir='ltr'>λαμπρῶς,</span> <span class='ocrx_word' id='word_1_198' title='bbox 533 2420 627 2473; x_wconf 75' lang='grc' dir='ltr'>καὶ</span> <span class='ocrx_word' id='word_1_199' title='bbox 657 2421 726 2475; x_wconf 83' lang='grc' dir='ltr'>τά</span> <span class='ocrx_word' id='word_1_200' title='bbox 760 2422 976 2476; x_wconf 87' lang='grc' dir='ltr'>πάντων</span> <span class='ocrx_word' id='word_1_201' title='bbox 1007 2423 1159 2494; x_wconf 87' lang='grc' dir='ltr'>ὑμῶν</span> <span class='ocrx_word' id='word_1_202' title='bbox 1189 2423 1368 2477; x_wconf 80' lang='grc' dir='ltr'>αὐτῶν</span> <span class='ocrx_word' id='word_1_203' title='bbox 1409 2423 1725 2496; x_wconf 85' lang='grc' dir='ltr'>ποιήσησθε,</span> <span class='ocrx_word' id='word_1_204' title='bbox 1765 2424 1886 2478; x_wconf 87' lang='grc' dir='ltr'>τότε</span> 
     </span>
    </p>
   </div>
   <div class='ocr_carea' id='block_1_26' title="bbox 216 2507 1887 2584">
    <p class='ocr_par' dir='ltr' id='par_1_26' title="bbox 216 2507 1887 2584">
     <span class='ocr_line' id='line_1_26' title="bbox 216 2507 1887 2584; baseline 0.005 -26"><span class='ocrx_word' id='word_1_205' title='bbox 216 2507 312 2559; x_wconf 80' lang='grc' dir='ltr'>καὶ</span> <span class='ocrx_word' id='word_1_206' title='bbox 335 2507 444 2560; x_wconf 88' lang='grc' dir='ltr'>τῶν</span> <span class='ocrx_word' id='word_1_207' title='bbox 466 2507 748 2580; x_wconf 83' lang='grc' dir='ltr'>προτέρων</span> <span class='ocrx_word' id='word_1_208' title='bbox 773 2511 1164 2583; x_wconf 86' lang='grc' dir='ltr'>ἀποστήσεσθε.</span> <span class='ocrx_word' id='word_1_209' title='bbox 1187 2512 1294 2566; x_wconf 82' lang='lat' dir='ltr'>Kal</span> <span class='ocrx_word' id='word_1_210' title='bbox 1316 2513 1606 2584; x_wconf 85' lang='grc' dir='ltr'>στήσονται</span> <span class='ocrx_word' id='word_1_211' title='bbox 1636 2515 1691 2566; x_wconf 88' lang='grc' dir='ltr'>αἰ</span> <span class='ocrx_word' id='word_1_212' title='bbox 1715 2513 1887 2566; x_wconf 78' lang='grc' dir='ltr'>οἰκίαι</span> 
     </span>
    </p>
   </div>
   <div class='ocr_carea' id='block_1_27' title="bbox 215 2595 1887 2672">
    <p class='ocr_par' dir='ltr' id='par_1_27' title="bbox 215 2595 1887 2672">
     <span class='ocr_line' id='line_1_27' title="bbox 215 2595 1887 2672; baseline 0.004 -25"><span class='ocrx_word' id='word_1_213' title='bbox 215 2595 506 2666; x_wconf 83' lang='grc' dir='ltr'>οἰκήτορας</span> <span class='ocrx_word' id='word_1_214' title='bbox 539 2595 639 2666; x_wconf 87' lang='grc' dir='ltr'>μέν</span> <span class='ocrx_word' id='word_1_215' title='bbox 675 2597 775 2650; x_wconf 83' lang='grc' dir='ltr'>οὐκ</span> <span class='ocrx_word' id='word_1_216' title='bbox 821 2598 1062 2669; x_wconf 76' lang='grc' dir='ltr'>ἔχουσαι,</span> <span class='ocrx_word' id='word_1_217' title='bbox 1089 2598 1386 2670; x_wconf 81' lang='grc' dir='ltr'>σάλπιγγος</span> <span class='ocrx_word' id='word_1_218' title='bbox 1427 2601 1485 2654; x_wconf 91' lang='grc' dir='ltr'>δέ</span> <span class='ocrx_word' id='word_1_219' title='bbox 1516 2600 1700 2672; x_wconf 86' lang='grc' dir='ltr'>πάσης</span> <span class='ocrx_word' id='word_1_220' title='bbox 1743 2600 1887 2672; x_wconf 83' lang='grc' dir='ltr'>λαμ-</span> 
     </span>
    </p>
   </div>
   <div class='ocr_carea' id='block_1_28' title="bbox 217 2682 1888 2759">
    <p class='ocr_par' dir='ltr' id='par_1_28' title="bbox 217 2682 1888 2759">
     <span class='ocr_line' id='line_1_28' title="bbox 217 2682 1888 2759; baseline 0.004 -26"><span class='ocrx_word' id='word_1_221' title='bbox 217 2682 488 2753; x_wconf 85' lang='grc' dir='ltr'>προτέραν</span> <span class='ocrx_word' id='word_1_222' title='bbox 529 2683 773 2752; x_wconf 82' lang='grc' dir='ltr'>ἀφιεῖσαι</span> <span class='ocrx_word' id='word_1_223' title='bbox 811 2685 996 2755; x_wconf 81' lang='grc' dir='ltr'>φωνὴν</span> <span class='ocrx_word' id='word_1_224' title='bbox 1048 2687 1188 2740; x_wconf 81' lang='grc' dir='ltr'>κατὰ</span> <span class='ocrx_word' id='word_1_225' title='bbox 1217 2686 1328 2741; x_wconf 88' lang='grc' dir='ltr'>τῶν</span> <span class='ocrx_word' id='word_1_226' title='bbox 1375 2688 1527 2758; x_wconf 87' lang='grc' dir='ltr'>παρά</span> <span class='ocrx_word' id='word_1_227' title='bbox 1565 2687 1664 2759; x_wconf 82' lang='grc' dir='ltr'>τὴν</span> <span class='ocrx_word' id='word_1_228' title='bbox 1713 2688 1888 2759; x_wconf 79' lang='grc' dir='ltr'>ἀρχὴν</span> 
     </span>
    </p>
   </div>
   <div class='ocr_carea' id='block_1_29' title="bbox 215 2769 1887 2845">
    <p class='ocr_par' dir='ltr' id='par_1_29' title="bbox 215 2769 1887 2845">
     <span class='ocr_line' id='line_1_29' title="bbox 215 2769 1887 2845; baseline -0.005 -8"><span class='ocrx_word' id='word_1_229' title='bbox 215 2769 544 2837; x_wconf 71' lang='grc' dir='ltr'>ἡρπακότων</span> <span class='ocrx_word' id='word_1_230' title='bbox 590 2770 791 2837; x_wconf 68' lang='grc' dir='ltr'>αὑτὰς,</span> <span class='ocrx_word' id='word_1_231' title='bbox 839 2773 938 2842; x_wconf 81' lang='grc' dir='ltr'>τῆς</span> <span class='ocrx_word' id='word_1_232' title='bbox 983 2771 1314 2843; x_wconf 79' lang='grc' dir='ltr'>ἐρημώσεως</span> <span class='ocrx_word' id='word_1_233' title='bbox 1344 2774 1444 2844; x_wconf 82' lang='grc' dir='ltr'>τῆς</span> <span class='ocrx_word' id='word_1_234' title='bbox 1494 2775 1887 2845; x_wconf 84' lang='grc' dir='ltr'>ὲπιτεταμένης</span> 
     </span>
    </p>
   </div>
   <div class='ocr_carea' id='block_1_30' title="bbox 218 2855 1889 2931">
    <p class='ocr_par' dir='ltr' id='par_1_30' title="bbox 218 2855 1889 2931">
     <span class='ocr_line' id='line_1_30' title="bbox 218 2855 1889 2931; baseline 0.005 -24"><span class='ocrx_word' id='word_1_235' title='bbox 218 2855 341 2908; x_wconf 76' lang='grc' dir='ltr'>ἀντὶ</span> <span class='ocrx_word' id='word_1_236' title='bbox 362 2857 623 2927; x_wconf 83' lang='grc' dir='ltr'>τροπαίου</span> <span class='ocrx_word' id='word_1_237' title='bbox 653 2857 797 2922; x_wconf 78' lang='grc' dir='ltr'>τινὸς</span> <span class='ocrx_word' id='word_1_238' title='bbox 819 2860 1171 2930; x_wconf 80' lang='grc' dir='ltr'>φαινομένης.</span> <span class='ocrx_word' id='word_1_239' title='bbox 1202 2856 1283 2916; x_wconf 85' lang='grc' dir='ltr'>Οὗ</span> <span class='ocrx_word' id='word_1_240' title='bbox 1308 2861 1417 2930; x_wconf 76' lang='grc' dir='ltr'>γὰρ</span> <span class='ocrx_word' id='word_1_241' title='bbox 1438 2860 1721 2931; x_wconf 72' lang='grc' dir='ltr'>ἐρτῶνται</span> <span class='ocrx_word' id='word_1_242' title='bbox 1742 2861 1889 2916; x_wconf 80' lang='grc' dir='ltr'>δέκα</span> 
     </span>
    </p>
   </div>
   <div class='ocr_carea' id='block_1_31' title="bbox 219 2939 1889 3018">
    <p class='ocr_par' dir='ltr' id='par_1_31' title="bbox 219 2939 1889 3018">
     <span class='ocr_line' id='line_1_31' title="bbox 219 2939 1889 3018; baseline 0.006 -25"><span class='ocrx_word' id='word_1_243' title='bbox 219 2939 390 3010; x_wconf 74' lang='grc' dir='ltr'>ζεύγη</span> <span class='ocrx_word' id='word_1_244' title='bbox 432 2941 617 3009; x_wconf 79' lang='grc' dir='ltr'>βοῶν,</span> <span class='ocrx_word' id='word_1_245' title='bbox 662 2943 900 3012; x_wconf 79' lang='grc' dir='ltr'>ποιήσει</span> <span class='ocrx_word' id='word_1_246' title='bbox 947 2945 1230 3016; x_wconf 82' lang='grc' dir='ltr'>κεράμιον</span> <span class='ocrx_word' id='word_1_247' title='bbox 1265 2946 1367 3001; x_wconf 83' lang='grc' dir='ltr'>ἓν·</span> <span class='ocrx_word' id='word_1_248' title='bbox 1413 2949 1510 3001; x_wconf 81' lang='grc' dir='ltr'>καί</span> <span class='ocrx_word' id='word_1_249' title='bbox 1553 2950 1586 3002; x_wconf 80' lang='grc' dir='ltr'>ὁ</span> <span class='ocrx_word' id='word_1_250' title='bbox 1625 2949 1889 3018; x_wconf 77' lang='grc' dir='ltr'>σπείρων</span> 
     </span>
    </p>
   </div>
   <div class='ocr_carea' id='block_1_32' title="bbox 215 3028 1888 3107">
    <p class='ocr_par' dir='ltr' id='par_1_32' title="bbox 215 3028 1888 3107">
     <span class='ocr_line' id='line_1_32' title="bbox 215 3028 1888 3107; baseline 0.004 -25"><span class='ocrx_word' id='word_1_251' title='bbox 215 3028 478 3096; x_wconf 82' lang='grc' dir='ltr'>ἀρτάϐας</span> <span class='ocrx_word' id='word_1_252' title='bbox 499 3028 591 3096; x_wconf 73' lang='grc' dir='ltr'>ἐξ,</span> <span class='ocrx_word' id='word_1_253' title='bbox 615 3031 856 3099; x_wconf 75' lang='grc' dir='ltr'>ποιήσει</span> <span class='ocrx_word' id='word_1_254' title='bbox 884 3032 1071 3102; x_wconf 86' lang='grc' dir='ltr'>μέτρα</span> <span class='ocrx_word' id='word_1_255' title='bbox 1095 3036 1247 3104; x_wconf 82' lang='grc' dir='ltr'>τρία.</span> <span class='ocrx_word' id='word_1_256' title='bbox 1279 3035 1412 3088; x_wconf 83' lang='grc' dir='ltr'>Ἀπὸ</span> <span class='ocrx_word' id='word_1_257' title='bbox 1438 3038 1536 3107; x_wconf 80' lang='grc' dir='ltr'>τῆς</span> <span class='ocrx_word' id='word_1_258' title='bbox 1564 3035 1772 3099; x_wconf 89' lang='grc' dir='ltr'>πόλεως</span> <span class='ocrx_word' id='word_1_259' title='bbox 1797 3038 1888 3090; x_wconf 76' lang='grc' dir='ltr'>ἐπὶ</span> 
     </span>
    </p>
   </div>
   <div class='ocr_carea' id='block_1_33' title="bbox 216 3115 1888 3190">
    <p class='ocr_par' dir='ltr' id='par_1_33' title="bbox 216 3115 1888 3190">
     <span class='ocr_line' id='line_1_33' title="bbox 216 3115 1888 3190; baseline 0.005 -22"><span class='ocrx_word' id='word_1_260' title='bbox 216 3115 315 3188; x_wconf 82' lang='grc' dir='ltr'>τὴν</span> <span class='ocrx_word' id='word_1_261' title='bbox 343 3115 446 3186; x_wconf 82' lang='grc' dir='ltr'>τῆς</span> <span class='ocrx_word' id='word_1_262' title='bbox 484 3117 668 3189; x_wconf 90' lang='grc' dir='ltr'>χώρας</span> <span class='ocrx_word' id='word_1_263' title='bbox 698 3120 931 3190; x_wconf 80' lang='grc' dir='ltr'>ἐρημίαν</span> <span class='ocrx_word' id='word_1_264' title='bbox 968 3121 1149 3190; x_wconf 79' lang='grc' dir='ltr'>ἐξάγει</span> <span class='ocrx_word' id='word_1_265' title='bbox 1181 3121 1273 3175; x_wconf 84' lang='grc' dir='ltr'>τὸν</span> <span class='ocrx_word' id='word_1_266' title='bbox 1306 3121 1480 3190; x_wconf 87' lang='grc' dir='ltr'>λόγον,</span> <span class='ocrx_word' id='word_1_267' title='bbox 1516 3122 1657 3176; x_wconf 85' lang='grc' dir='ltr'>ὥστε</span> <span class='ocrx_word' id='word_1_268' title='bbox 1692 3122 1888 3176; x_wconf 85' lang='grc' dir='ltr'>πάντο-</span> 
     </span>
    </p>
   </div>
   <div class='ocr_carea' id='block_1_34' title="bbox 218 3204 1884 3283">
    <p class='ocr_par' dir='ltr' id='par_1_34' title="bbox 218 3204 1884 3283">
     <span class='ocr_line' id='line_1_34' title="bbox 218 3204 1884 3283; baseline 0.005 -26"><span class='ocrx_word' id='word_1_269' title='bbox 218 3204 311 3259; x_wconf 85' lang='grc' dir='ltr'>θεν</span> <span class='ocrx_word' id='word_1_270' title='bbox 335 3205 677 3276; x_wconf 81' lang='grc' dir='ltr'>καταπλῆξαι</span> <span class='ocrx_word' id='word_1_271' title='bbox 702 3208 794 3262; x_wconf 83' lang='grc' dir='ltr'>τδν</span> <span class='ocrx_word' id='word_1_272' title='bbox 818 3211 1111 3282; x_wconf 86' lang='grc' dir='ltr'>ἀκροατήν.</span> <span class='ocrx_word' id='word_1_273' title='bbox 1147 3211 1285 3264; x_wconf 84' lang='grc' dir='ltr'>Οῦτε</span> <span class='ocrx_word' id='word_1_274' title='bbox 1313 3211 1423 3283; x_wconf 84' lang='grc' dir='ltr'>γὰρ</span> <span class='ocrx_word' id='word_1_275' title='bbox 1442 3214 1498 3266; x_wconf 90' lang='grc' dir='ltr'>αἰ</span> <span class='ocrx_word' id='word_1_276' title='bbox 1521 3211 1708 3278; x_wconf 85' lang='grc' dir='ltr'>οἰκίαι,</span> <span class='ocrx_word' id='word_1_277' title='bbox 1731 3213 1884 3283; x_wconf 77' lang='grc' dir='ltr'>φησί,</span> 
     </span>
    </p>
   </div>
   <div class='ocr_carea' id='block_1_35' title="bbox 220 3292 1887 3371">
    <p class='ocr_par' dir='ltr' id='par_1_35' title="bbox 220 3292 1887 3371">
     <span class='ocr_line' id='line_1_35' title="bbox 220 3292 1887 3371; baseline 0.004 -25"><span class='ocrx_word' id='word_1_278' title='bbox 220 3292 507 3360; x_wconf 81' lang='grc' dir='ltr'>καθέξουσι</span> <span class='ocrx_word' id='word_1_279' title='bbox 553 3296 679 3358; x_wconf 85' lang='grc' dir='ltr'>τοὺς</span> <span class='ocrx_word' id='word_1_280' title='bbox 707 3295 1071 3361; x_wconf 78' lang='grc' dir='ltr'>ἐνοικοῦντας,</span> <span class='ocrx_word' id='word_1_281' title='bbox 1104 3296 1226 3351; x_wconf 75' lang='grc' dir='ltr'>οὔτε</span> <span class='ocrx_word' id='word_1_282' title='bbox 1262 3299 1295 3369; x_wconf 86' lang='grc' dir='ltr'>ή</span> <span class='ocrx_word' id='word_1_283' title='bbox 1329 3299 1402 3368; x_wconf 84' lang='grc' dir='ltr'>γῆ</span> <span class='ocrx_word' id='word_1_284' title='bbox 1430 3299 1529 3370; x_wconf 84' lang='grc' dir='ltr'>τὴν</span> <span class='ocrx_word' id='word_1_285' title='bbox 1559 3299 1728 3371; x_wconf 84' lang='grc' dir='ltr'>αὐτῆς</span> <span class='ocrx_word' id='word_1_286' title='bbox 1767 3301 1887 3354; x_wconf 83' lang='grc' dir='ltr'>ἐπι-</span> 
     </span>
    </p>
   </div>
   <div class='ocr_carea' id='block_1_36' title="bbox 214 3378 1883 3456">
    <p class='ocr_par' dir='ltr' id='par_1_36' title="bbox 214 3378 1883 3456">
     <span class='ocr_line' id='line_1_36' title="bbox 214 3378 1883 3456; baseline 0.006 -26"><span class='ocrx_word' id='word_1_287' title='bbox 214 3378 445 3444; x_wconf 82' lang='grc' dir='ltr'>δείξεται</span> <span class='ocrx_word' id='word_1_288' title='bbox 471 3380 718 3452; x_wconf 88' lang='grc' dir='ltr'>δύναμιν.</span> <span class='ocrx_word' id='word_1_289' title='bbox 751 3381 862 3437; x_wconf 86' lang='lat' dir='ltr'>Kal</span> <span class='ocrx_word' id='word_1_290' title='bbox 892 3383 998 3456; x_wconf 84' lang='grc' dir='ltr'>γάρ</span> <span class='ocrx_word' id='word_1_291' title='bbox 1031 3385 1088 3450; x_wconf 86' lang='grc' dir='ltr'>ἐξ</span> <span class='ocrx_word' id='word_1_292' title='bbox 1122 3385 1295 3456; x_wconf 85' lang='grc' dir='ltr'>ἀρχῆς</span> <span class='ocrx_word' id='word_1_293' title='bbox 1324 3385 1412 3439; x_wconf 87' lang='grc' dir='ltr'>διά</span> <span class='ocrx_word' id='word_1_294' title='bbox 1443 3385 1542 3456; x_wconf 80' lang='grc' dir='ltr'>τὴν</span> <span class='ocrx_word' id='word_1_295' title='bbox 1583 3385 1678 3439; x_wconf 89' lang='grc' dir='ltr'>τοῦ</span> <span class='ocrx_word' id='word_1_296' title='bbox 1715 3386 1883 3456; x_wconf 75' lang='grc' dir='ltr'>Ἀδὰμ</span> 
     </span>
    </p>
   </div>
   <div class='ocr_carea' id='block_1_37' title="bbox 220 3465 1882 3544">
    <p class='ocr_par' dir='ltr' id='par_1_37' title="bbox 220 3465 1882 3544">
     <span class='ocr_line' id='line_1_37' title="bbox 220 3465 1882 3544; baseline 0.005 -25"><span class='ocrx_word' id='word_1_297' title='bbox 220 3465 498 3538; x_wconf 84' lang='grc' dir='ltr'>ἁμαρτίαν</span> <span class='ocrx_word' id='word_1_298' title='bbox 535 3468 777 3535; x_wconf 86' lang='grc' dir='ltr'>ἀκάνθας</span> <span class='ocrx_word' id='word_1_299' title='bbox 826 3471 922 3524; x_wconf 77' lang='grc' dir='ltr'>καὶ</span> <span class='ocrx_word' id='word_1_300' title='bbox 960 3471 1239 3542; x_wconf 88' lang='grc' dir='ltr'>τριϐόλους</span> <span class='ocrx_word' id='word_1_301' title='bbox 1283 3471 1574 3543; x_wconf 79' lang='grc' dir='ltr'>ἐξήνεγκε·</span> <span class='ocrx_word' id='word_1_302' title='bbox 1612 3473 1705 3526; x_wconf 75' lang='grc' dir='ltr'>καὶ</span> <span class='ocrx_word' id='word_1_303' title='bbox 1767 3473 1882 3544; x_wconf 88' lang='grc' dir='ltr'>μετ’</span> 
     </span>
    </p>
   </div>
   <div class='ocr_carea' id='block_1_38' title="bbox 216 3552 1885 3632">
    <p class='ocr_par' dir='ltr' id='par_1_38' title="bbox 216 3552 1885 3632">
     <span class='ocr_line' id='line_1_38' title="bbox 216 3552 1885 3632; baseline 0.005 -27"><span class='ocrx_word' id='word_1_304' title='bbox 216 3552 448 3622; x_wconf 87' lang='grc' dir='ltr'>ἐκεῖνον,</span> <span class='ocrx_word' id='word_1_305' title='bbox 480 3554 570 3609; x_wconf 88' lang='grc' dir='ltr'>διά</span> <span class='ocrx_word' id='word_1_306' title='bbox 597 3556 695 3628; x_wconf 77' lang='grc' dir='ltr'>τήν</span> <span class='ocrx_word' id='word_1_307' title='bbox 721 3555 816 3610; x_wconf 86' lang='grc' dir='ltr'>τοῦ</span> <span class='ocrx_word' id='word_1_308' title='bbox 851 3557 993 3612; x_wconf 79' lang='grc' dir='ltr'>Κάῑν</span> <span class='ocrx_word' id='word_1_309' title='bbox 1026 3558 1392 3630; x_wconf 83' lang='grc' dir='ltr'>παρανομίαν,</span> <span class='ocrx_word' id='word_1_310' title='bbox 1415 3559 1674 3614; x_wconf 86' lang='grc' dir='ltr'>ἐλάττονα</span> <span class='ocrx_word' id='word_1_311' title='bbox 1705 3559 1885 3632; x_wconf 79' lang='grc' dir='ltr'>πολλῷ</span> 
     </span>
    </p>
   </div>
   <div class='ocr_carea' id='block_1_39' title="bbox 214 3641 1885 3724">
    <p class='ocr_par' dir='ltr' id='par_1_39' title="bbox 214 3641 1885 3724">
     <span class='ocr_line' id='line_1_39' title="bbox 214 3641 1885 3724; baseline 0.007 -30"><span class='ocrx_word' id='word_1_312' title='bbox 214 3641 308 3695; x_wconf 83' lang='grc' dir='ltr'>τὸν</span> <span class='ocrx_word' id='word_1_313' title='bbox 337 3643 496 3698; x_wconf 84' lang='grc' dir='ltr'>πόνον</span> <span class='ocrx_word' id='word_1_314' title='bbox 523 3644 615 3699; x_wconf 76' lang='grc' dir='ltr'>τὸν</span> <span class='ocrx_word' id='word_1_315' title='bbox 643 3646 850 3700; x_wconf 86' lang='grc' dir='ltr'>ἐκείνου</span> <span class='ocrx_word' id='word_1_316' title='bbox 874 3660 900 3689; x_wconf 79' lang='grc' dir='ltr'>ει</span> <span class='ocrx_word' id='word_1_317' title='bbox 925 3649 1139 3719; x_wconf 78' lang='grc' dir='ltr'>καὶτῆς</span> <span class='ocrx_word' id='word_1_318' title='bbox 1165 3649 1369 3713; x_wconf 80' lang='grc' dir='ltr'>οἰκείας</span> <span class='ocrx_word' id='word_1_319' title='bbox 1393 3651 1576 3721; x_wconf 80' lang='grc' dir='ltr'>ἰσχύος</span> <span class='ocrx_word' id='word_1_320' title='bbox 1593 3652 1692 3722; x_wconf 82' lang='grc' dir='ltr'>τὴν</span> <span class='ocrx_word' id='word_1_321' title='bbox 1716 3652 1885 3724; x_wconf 85' lang='grc' dir='ltr'>φορὰν</span> 
     </span>
    </p>
   </div>
   <div class='ocr_carea' id='block_1_40' title="bbox 215 3729 1885 3808">
    <p class='ocr_par' dir='ltr' id='par_1_40' title="bbox 215 3729 1885 3808">
     <span class='ocr_line' id='line_1_40' title="bbox 215 3729 1885 3808; baseline 0.008 -27"><span class='ocrx_word' id='word_1_322' title='bbox 215 3729 582 3787; x_wconf 83' lang='grc' dir='ltr'>ἐπεδείκνυτο.</span> <span class='ocrx_word' id='word_1_323' title='bbox 629 3735 739 3788; x_wconf 87' lang='lat' dir='ltr'>Kal</span> <span class='ocrx_word' id='word_1_324' title='bbox 773 3735 1043 3808; x_wconf 88' lang='grc' dir='ltr'>πολλαχοῦ</span> <span class='ocrx_word' id='word_1_325' title='bbox 1082 3737 1136 3790; x_wconf 86' lang='grc' dir='ltr'>δὲ</span> <span class='ocrx_word' id='word_1_326' title='bbox 1177 3738 1409 3808; x_wconf 78' lang='grc' dir='ltr'>ἀλλαχοῦ</span> <span class='ocrx_word' id='word_1_327' title='bbox 1447 3739 1544 3792; x_wconf 77' lang='grc' dir='ltr'>ἴδοι</span> <span class='ocrx_word' id='word_1_328' title='bbox 1575 3756 1660 3803; x_wconf 90' lang='grc' dir='ltr'>τις</span> <span class='ocrx_word' id='word_1_329' title='bbox 1700 3739 1765 3794; x_wconf 78' lang='grc' dir='ltr'>ἂν</span> <span class='ocrx_word' id='word_1_330' title='bbox 1797 3740 1885 3796; x_wconf 86' lang='grc' dir='ltr'>διὰ</span> 
     </span>
    </p>
   </div>
   <div class='ocr_carea' id='block_1_41' title="bbox 212 3817 1886 3898">
    <p class='ocr_par' dir='ltr' id='par_1_41' title="bbox 212 3817 1886 3898">
     <span class='ocr_line' id='line_1_41' title="bbox 212 3817 1886 3898; baseline 0.008 -29"><span class='ocrx_word' id='word_1_331' title='bbox 212 3817 313 3880; x_wconf 68' lang='grc' dir='ltr'>τὰς</span> <span class='ocrx_word' id='word_1_332' title='bbox 355 3819 466 3873; x_wconf 87' lang='grc' dir='ltr'>τῶν</span> <span class='ocrx_word' id='word_1_333' title='bbox 499 3820 798 3893; x_wconf 87' lang='grc' dir='ltr'>ἀνθρώπων</span> <span class='ocrx_word' id='word_1_334' title='bbox 839 3825 1113 3895; x_wconf 82' lang='grc' dir='ltr'>ἁμαρτίας</span> <span class='ocrx_word' id='word_1_335' title='bbox 1151 3825 1321 3895; x_wconf 82' lang='grc' dir='ltr'>αὐτὴν</span> <span class='ocrx_word' id='word_1_336' title='bbox 1355 3825 1741 3898; x_wconf 81' lang='grc' dir='ltr'>κολαζομένην.</span> <span class='ocrx_word' id='word_1_337' title='bbox 1777 3828 1886 3882; x_wconf 87' lang='lat' dir='ltr'>Kal</span> 
     </span>
    </p>
   </div>
   <div class='ocr_carea' id='block_1_42' title="bbox 210 3906 1883 3990">
    <p class='ocr_par' dir='ltr' id='par_1_42' title="bbox 210 3906 1883 3990">
     <span class='ocr_line' id='line_1_42' title="bbox 210 3906 1883 3990; baseline 0.011 -32"><span class='ocrx_word' id='word_1_338' title='bbox 210 3907 265 3958; x_wconf 87' lang='grc' dir='ltr'>τί</span> <span class='ocrx_word' id='word_1_339' title='bbox 296 3906 615 3980; x_wconf 80' lang='grc' dir='ltr'>θαυμάζεις,</span> <span class='ocrx_word' id='word_1_340' title='bbox 649 3915 697 3966; x_wconf 91' lang='grc' dir='ltr'>εἰ</span> <span class='ocrx_word' id='word_1_341' title='bbox 733 3917 901 3986; x_wconf 88' lang='grc' dir='ltr'>πηροῖ</span> <span class='ocrx_word' id='word_1_342' title='bbox 919 3915 1018 3980; x_wconf 78' lang='grc' dir='ltr'>τὰς</span> <span class='ocrx_word' id='word_1_343' title='bbox 1046 3918 1209 3986; x_wconf 79' lang='grc' dir='ltr'>γονὰς</span> <span class='ocrx_word' id='word_1_344' title='bbox 1246 3918 1413 3990; x_wconf 84' lang='grc' dir='ltr'>αὐτῆς</span> <span class='ocrx_word' id='word_1_345' title='bbox 1439 3921 1533 3975; x_wconf 75' lang='grc' dir='ltr'>καὶ</span> <span class='ocrx_word' id='word_1_346' title='bbox 1567 3920 1666 3984; x_wconf 82' lang='grc' dir='ltr'>τὰς</span> <span class='ocrx_word' id='word_1_347' title='bbox 1691 3921 1883 3987; x_wconf 86' lang='grc' dir='ltr'>ὠδῖνας</span> 
     </span>
    </p>
   </div>
   <div class='ocr_carea' id='block_1_43' title="bbox 211 3993 1882 4082">
    <p class='ocr_par' dir='ltr' id='par_1_43' title="bbox 211 3993 1882 4082">
     <span class='ocr_line' id='line_1_43' title="bbox 211 3993 1882 4082; baseline 0.011 -35"><span class='ocrx_word' id='word_1_348' title='bbox 211 3993 323 4048; x_wconf 87' lang='grc' dir='ltr'>τῶν</span> <span class='ocrx_word' id='word_1_349' title='bbox 355 3996 658 4069; x_wconf 88' lang='grc' dir='ltr'>ἀνθρώπων</span> <span class='ocrx_word' id='word_1_350' title='bbox 701 4004 735 4072; x_wconf 90' lang='grc' dir='ltr'>ή</span> <span class='ocrx_word' id='word_1_351' title='bbox 766 4005 1096 4075; x_wconf 87' lang='grc' dir='ltr'>παρανομία,</span> <span class='ocrx_word' id='word_1_352' title='bbox 1129 4007 1264 4059; x_wconf 82' lang='grc' dir='ltr'>ὅπου</span> <span class='ocrx_word' id='word_1_353' title='bbox 1310 4023 1374 4077; x_wconf 83' lang='grc' dir='ltr'>γε</span> <span class='ocrx_word' id='word_1_354' title='bbox 1415 4009 1509 4061; x_wconf 73' lang='grc' dir='ltr'>καὶ</span> <span class='ocrx_word' id='word_1_355' title='bbox 1556 4008 1768 4082; x_wconf 85' lang='grc' dir='ltr'>φθαρτὴ</span> <span class='ocrx_word' id='word_1_356' title='bbox 1813 4012 1882 4066; x_wconf 90' lang='grc' dir='ltr'>δι’</span> 
     </span>
    </p>
   </div>
   <div class='ocr_carea' id='block_1_44' title="bbox 213 4084 1880 4165">
    <p class='ocr_par' dir='ltr' id='par_1_44' title="bbox 213 4084 1880 4165">
     <span class='ocr_line' id='line_1_44' title="bbox 213 4084 1880 4165; baseline 0.008 -28"><span class='ocrx_word' id='word_1_357' title='bbox 213 4084 362 4155; x_wconf 78' lang='grc' dir='ltr'>ἡμᾶς</span> <span class='ocrx_word' id='word_1_358' title='bbox 404 4086 648 4154; x_wconf 87' lang='grc' dir='ltr'>ἐγένετο,</span> <span class='ocrx_word' id='word_1_359' title='bbox 687 4090 780 4142; x_wconf 78' lang='grc' dir='ltr'>καὶ</span> <span class='ocrx_word' id='word_1_360' title='bbox 817 4089 1092 4161; x_wconf 79' lang='grc' dir='ltr'>ἄφθαρτος</span> <span class='ocrx_word' id='word_1_361' title='bbox 1142 4092 1303 4148; x_wconf 83' lang='grc' dir='ltr'>πάλιν</span> <span class='ocrx_word' id='word_1_362' title='bbox 1347 4093 1413 4147; x_wconf 85' lang='grc' dir='ltr'>δι’</span> <span class='ocrx_word' id='word_1_363' title='bbox 1445 4095 1590 4165; x_wconf 78' lang='grc' dir='ltr'>ἡμᾶς</span> <span class='ocrx_word' id='word_1_364' title='bbox 1631 4096 1880 4165; x_wconf 86' lang='grc' dir='ltr'>γίνεται;</span> 
     </span>
    </p>
   </div>
   <div class='ocr_carea' id='block_1_45' title="bbox 225 4172 1885 4257">
    <p class='ocr_par' dir='ltr' id='par_1_45' title="bbox 225 4172 1885 4257">
     <span class='ocr_line' id='line_1_45' title="bbox 225 4172 1885 4257; baseline 0.009 -32"><span class='ocrx_word' id='word_1_365' title='bbox 225 4173 442 4245; x_wconf 82' lang='grc' dir='ltr'>Ἐπειδὴ</span> <span class='ocrx_word' id='word_1_366' title='bbox 473 4175 582 4247; x_wconf 82' lang='grc' dir='ltr'>γὰρ</span> <span class='ocrx_word' id='word_1_367' title='bbox 613 4176 750 4240; x_wconf 83' lang='grc' dir='ltr'>ὅλως</span> <span class='ocrx_word' id='word_1_368' title='bbox 777 4177 838 4230; x_wconf 82' lang='grc' dir='ltr'>τὸ</span> <span class='ocrx_word' id='word_1_369' title='bbox 868 4172 1007 4232; x_wconf 80' lang='grc' dir='ltr'>εἰναι</span> <span class='ocrx_word' id='word_1_370' title='bbox 1032 4179 1100 4233; x_wconf 88' lang='grc' dir='ltr'>δι’</span> <span class='ocrx_word' id='word_1_371' title='bbox 1128 4181 1277 4251; x_wconf 81' lang='grc' dir='ltr'>ἡμᾶς</span> <span class='ocrx_word' id='word_1_372' title='bbox 1310 4181 1469 4236; x_wconf 76' lang='grc' dir='ltr'>ἔλαϐε</span> <span class='ocrx_word' id='word_1_373' title='bbox 1505 4183 1597 4237; x_wconf 77' lang='grc' dir='ltr'>καὶ</span> <span class='ocrx_word' id='word_1_374' title='bbox 1622 4185 1719 4257; x_wconf 83' lang='grc' dir='ltr'>τὴν</span> <span class='ocrx_word' id='word_1_375' title='bbox 1744 4187 1885 4256; x_wconf 83' lang='grc' dir='ltr'>ἠμε-</span> 
     </span>
    </p>
   </div>
   <div class='ocr_carea' id='block_1_46' title="bbox 211 4259 1886 4339">
    <p class='ocr_par' dir='ltr' id='par_1_46' title="bbox 211 4259 1886 4339">
     <span class='ocr_line' id='line_1_46' title="bbox 211 4259 1886 4339; baseline 0.01 -27"><span class='ocrx_word' id='word_1_376' title='bbox 211 4259 376 4330; x_wconf 77' lang='grc' dir='ltr'>τέραν</span> <span class='ocrx_word' id='word_1_377' title='bbox 421 4262 729 4329; x_wconf 89' lang='grc' dir='ltr'>διακονίαν,</span> <span class='ocrx_word' id='word_1_378' title='bbox 762 4267 856 4318; x_wconf 76' lang='grc' dir='ltr'>καὶ</span> <span class='ocrx_word' id='word_1_379' title='bbox 888 4267 949 4320; x_wconf 77' lang='grc' dir='ltr'>τὸ</span> <span class='ocrx_word' id='word_1_380' title='bbox 989 4266 1158 4332; x_wconf 78' lang='grc' dir='ltr'>οὕτως</span> <span class='ocrx_word' id='word_1_381' title='bbox 1198 4269 1230 4339; x_wconf 83' lang='grc' dir='ltr'>ἦ</span> <span class='ocrx_word' id='word_1_382' title='bbox 1278 4271 1503 4335; x_wconf 83' lang='grc' dir='ltr'>ἐκείνως</span> <span class='ocrx_word' id='word_1_383' title='bbox 1552 4269 1691 4326; x_wconf 74' lang='grc' dir='ltr'>εἶναι</span> <span class='ocrx_word' id='word_1_384' title='bbox 1727 4274 1886 4328; x_wconf 87' lang='grc' dir='ltr'>πάλιν</span> 
     </span>
    </p>
   </div>
   <div class='ocr_carea' id='block_1_47' title="bbox 213 4348 1885 4429">
    <p class='ocr_par' dir='ltr' id='par_1_47' title="bbox 213 4348 1885 4429">
     <span class='ocr_line' id='line_1_47' title="bbox 213 4348 1885 4429; baseline 0.01 -30"><span class='ocrx_word' id='word_1_385' title='bbox 213 4348 462 4402; x_wconf 87' lang='grc' dir='ltr'>ἐντεῦθεν</span> <span class='ocrx_word' id='word_1_386' title='bbox 492 4349 758 4420; x_wconf 85' lang='grc' dir='ltr'>λαμϐάνει</span> <span class='ocrx_word' id='word_1_387' title='bbox 791 4352 890 4424; x_wconf 82' lang='grc' dir='ltr'>τὴν</span> <span class='ocrx_word' id='word_1_388' title='bbox 917 4355 1090 4426; x_wconf 83' lang='grc' dir='ltr'>ἀρχὴν</span> <span class='ocrx_word' id='word_1_389' title='bbox 1118 4357 1208 4409; x_wconf 71' lang='grc' dir='ltr'>καὶ</span> <span class='ocrx_word' id='word_1_390' title='bbox 1241 4357 1340 4429; x_wconf 80' lang='grc' dir='ltr'>τὴν</span> <span class='ocrx_word' id='word_1_391' title='bbox 1367 4357 1541 4429; x_wconf 75' lang='grc' dir='ltr'>ῥίζαν.</span> <span class='ocrx_word' id='word_1_392' title='bbox 1568 4356 1885 4429; x_wconf 78' lang='grc' dir='ltr'>Οὕτωγοῦν</span> 
     </span>
    </p>
   </div>
   <div class='ocr_carea' id='block_1_48' title="bbox 211 4436 1884 4518">
    <p class='ocr_par' dir='ltr' id='par_1_48' title="bbox 211 4436 1884 4518">
     <span class='ocr_line' id='line_1_48' title="bbox 211 4436 1884 4518; baseline 0.009 -30"><span class='ocrx_word' id='word_1_393' title='bbox 211 4436 311 4489; x_wconf 68' lang='grc' dir='ltr'>καὶ</span> <span class='ocrx_word' id='word_1_394' title='bbox 339 4437 434 4490; x_wconf 73' lang='grc' dir='ltr'>ἐπὶ</span> <span class='ocrx_word' id='word_1_395' title='bbox 461 4437 554 4490; x_wconf 90' lang='grc' dir='ltr'>τοῦ</span> <span class='ocrx_word' id='word_1_396' title='bbox 581 4438 725 4494; x_wconf 86' lang='grc' dir='ltr'>Νῶε.</span> <span class='ocrx_word' id='word_1_397' title='bbox 756 4440 972 4512; x_wconf 81' lang='grc' dir='ltr'>Ἐπειδὴ</span> <span class='ocrx_word' id='word_1_398' title='bbox 993 4443 1127 4512; x_wconf 87' lang='grc' dir='ltr'>πρὸς</span> <span class='ocrx_word' id='word_1_399' title='bbox 1149 4445 1346 4496; x_wconf 87' lang='grc' dir='ltr'>κακίαν</span> <span class='ocrx_word' id='word_1_400' title='bbox 1371 4447 1603 4518; x_wconf 84' lang='grc' dir='ltr'>ἐσχάτην</span> <span class='ocrx_word' id='word_1_401' title='bbox 1634 4448 1884 4513; x_wconf 80' lang='grc' dir='ltr'>ἐξώκειλε</span> 
     </span>
    </p>
   </div>
   <div class='ocr_carea' id='block_1_49' title="bbox 210 4522 1882 4608">
    <p class='ocr_par' dir='ltr' id='par_1_49' title="bbox 210 4522 1882 4608">
     <span class='ocr_line' id='line_1_49' title="bbox 210 4522 1882 4608; baseline 0.01 -33"><span class='ocrx_word' id='word_1_402' title='bbox 210 4522 322 4576; x_wconf 88' lang='grc' dir='ltr'>τῶν</span> <span class='ocrx_word' id='word_1_403' title='bbox 362 4523 666 4595; x_wconf 88' lang='grc' dir='ltr'>ἀνθρώπων</span> <span class='ocrx_word' id='word_1_404' title='bbox 696 4527 730 4595; x_wconf 91' lang='grc' dir='ltr'>ή</span> <span class='ocrx_word' id='word_1_405' title='bbox 759 4525 941 4594; x_wconf 84' lang='grc' dir='ltr'>φύσις,</span> <span class='ocrx_word' id='word_1_406' title='bbox 985 4529 1162 4584; x_wconf 87' lang='grc' dir='ltr'>πάντα</span> <span class='ocrx_word' id='word_1_407' title='bbox 1196 4531 1425 4603; x_wconf 87' lang='grc' dir='ltr'>ἐφύρετο</span> <span class='ocrx_word' id='word_1_408' title='bbox 1455 4535 1522 4588; x_wconf 90' lang='grc' dir='ltr'>τά</span> <span class='ocrx_word' id='word_1_409' title='bbox 1562 4538 1882 4608; x_wconf 87' lang='grc' dir='ltr'>πράγματα,</span> 
     </span>
    </p>
   </div>
   <div class='ocr_carea' id='block_1_50' title="bbox 211 4611 1882 4695">
    <p class='ocr_par' dir='ltr' id='par_1_50' title="bbox 211 4611 1882 4695">
     <span class='ocr_line' id='line_1_50' title="bbox 211 4611 1882 4695; baseline 0.009 -32"><span class='ocrx_word' id='word_1_410' title='bbox 211 4611 308 4664; x_wconf 75' lang='grc' dir='ltr'>καὶ</span> <span class='ocrx_word' id='word_1_411' title='bbox 339 4612 650 4682; x_wconf 88' lang='grc' dir='ltr'>σπέρματα,</span> <span class='ocrx_word' id='word_1_412' title='bbox 697 4613 790 4666; x_wconf 74' lang='grc' dir='ltr'>καὶ</span> <span class='ocrx_word' id='word_1_413' title='bbox 823 4614 990 4682; x_wconf 81' lang='grc' dir='ltr'>φυτὰ,</span> <span class='ocrx_word' id='word_1_414' title='bbox 1038 4617 1130 4669; x_wconf 75' lang='grc' dir='ltr'>καὶ</span> <span class='ocrx_word' id='word_1_415' title='bbox 1161 4617 1368 4686; x_wconf 85' lang='grc' dir='ltr'>ἀλόγων</span> <span class='ocrx_word' id='word_1_416' title='bbox 1407 4619 1560 4692; x_wconf 84' lang='grc' dir='ltr'>γένη,</span> <span class='ocrx_word' id='word_1_417' title='bbox 1591 4623 1683 4674; x_wconf 72' lang='grc' dir='ltr'>καὶ</span> <span class='ocrx_word' id='word_1_418' title='bbox 1719 4625 1751 4695; x_wconf 88' lang='grc' dir='ltr'>ή</span> <span class='ocrx_word' id='word_1_419' title='bbox 1785 4624 1882 4694; x_wconf 81' lang='grc' dir='ltr'>γῆ,</span> 
     </span>
    </p>
   </div>
   <div class='ocr_carea' id='block_1_51' title="bbox 211 4695 1932 4782">
    <p class='ocr_par' dir='ltr' id='par_1_51' title="bbox 211 4695 1932 4782">
     <span class='ocr_line' id='line_1_51' title="bbox 211 4695 1932 4782; baseline 0.01 -35"><span class='ocrx_word' id='word_1_420' title='bbox 211 4698 308 4750; x_wconf 76' lang='grc' dir='ltr'>καὶ</span> <span class='ocrx_word' id='word_1_421' title='bbox 342 4695 600 4764; x_wconf 86' lang='grc' dir='ltr'>θάλαττα,</span> <span class='ocrx_word' id='word_1_422' title='bbox 632 4701 726 4754; x_wconf 73' lang='grc' dir='ltr'>καὶ</span> <span class='ocrx_word' id='word_1_423' title='bbox 755 4699 884 4772; x_wconf 79' lang='grc' dir='ltr'>ἀὴρ,</span> <span class='ocrx_word' id='word_1_424' title='bbox 927 4703 1018 4756; x_wconf 78' lang='grc' dir='ltr'>καὶ</span> <span class='ocrx_word' id='word_1_425' title='bbox 1049 4701 1172 4775; x_wconf 82' lang='grc' dir='ltr'>ὅρη,</span> <span class='ocrx_word' id='word_1_426' title='bbox 1205 4705 1301 4760; x_wconf 76' lang='grc' dir='ltr'>καὶ</span> <span class='ocrx_word' id='word_1_427' title='bbox 1325 4707 1512 4773; x_wconf 90' lang='grc' dir='ltr'>νάπαι,</span> <span class='ocrx_word' id='word_1_428' title='bbox 1549 4709 1644 4762; x_wconf 70' lang='grc' dir='ltr'>καὶ</span> <span class='ocrx_word' id='word_1_429' title='bbox 1683 4709 1880 4782; x_wconf 63' lang='grc' dir='ltr'>βουνοί,</span> <span class='ocrx_word' id='word_1_430' title='bbox 1910 4715 1932 4728; x_wconf 73' lang='grc'><strong><em>⁸</em></strong></span> 
     </span>
    </p>
   </div>
   <div class='ocr_carea' id='block_1_52' title="bbox 212 4785 1883 4866">
    <p class='ocr_par' dir='ltr' id='par_1_52' title="bbox 212 4785 1883 4866">
     <span class='ocr_line' id='line_1_52' title="bbox 212 4785 1883 4866; baseline 0.008 -31"><span class='ocrx_word' id='word_1_431' title='bbox 212 4785 309 4836; x_wconf 76' lang='grc' dir='ltr'>καὶ</span> <span class='ocrx_word' id='word_1_432' title='bbox 341 4785 545 4850; x_wconf 87' lang='grc' dir='ltr'>πόλεις,</span> <span class='ocrx_word' id='word_1_433' title='bbox 569 4788 662 4840; x_wconf 66' lang='grc' dir='ltr'>καὶ⁸</span> <span class='ocrx_word' id='word_1_434' title='bbox 681 4788 856 4858; x_wconf 89' lang='grc' dir='ltr'>τείχη,</span> <span class='ocrx_word' id='word_1_435' title='bbox 879 4789 973 4842; x_wconf 75' lang='grc' dir='ltr'>καὶ</span> <span class='ocrx_word' id='word_1_436' title='bbox 997 4789 1184 4855; x_wconf 87' lang='grc' dir='ltr'>οἰκίαι,</span> <span class='ocrx_word' id='word_1_437' title='bbox 1206 4794 1300 4846; x_wconf 71' lang='grc' dir='ltr'>καὶ</span> <span class='ocrx_word' id='word_1_438' title='bbox 1325 4793 1524 4866; x_wconf 91' lang='grc' dir='ltr'>πύργοι</span> <span class='ocrx_word' id='word_1_439' title='bbox 1543 4812 1558 4827; x_wconf 90' lang='grc'><strong>·</strong></span> <span class='ocrx_word' id='word_1_440' title='bbox 1585 4797 1680 4849; x_wconf 72' lang='grc' dir='ltr'>καὶ</span> <span class='ocrx_word' id='word_1_441' title='bbox 1709 4795 1883 4850; x_wconf 80' lang='grc' dir='ltr'>πάντα</span> 
     </span>
    </p>
   </div>
   <div class='ocr_carea' id='block_1_53' title="bbox 215 4871 1884 4951">
    <p class='ocr_par' dir='ltr' id='par_1_53' title="bbox 215 4871 1884 4951">
     <span class='ocr_line' id='line_1_53' title="bbox 215 4871 1884 4951; baseline 0.007 -29"><span class='ocrx_word' id='word_1_442' title='bbox 215 4871 404 4934; x_wconf 84' lang='grc' dir='ltr'>ἁπλῶς</span> <span class='ocrx_word' id='word_1_443' title='bbox 432 4872 624 4944; x_wconf 84' lang='grc' dir='ltr'>ἐκείνῳ</span> <span class='ocrx_word' id='word_1_444' title='bbox 653 4873 732 4944; x_wconf 84' lang='grc' dir='ltr'>τῷ</span> <span class='ocrx_word' id='word_1_445' title='bbox 757 4874 972 4946; x_wconf 87' lang='grc' dir='ltr'>φοϐερῷ</span> <span class='ocrx_word' id='word_1_446' title='bbox 1005 4876 1124 4930; x_wconf 90' lang='grc' dir='ltr'>τότε</span> <span class='ocrx_word' id='word_1_447' title='bbox 1163 4879 1463 4951; x_wconf 88' lang='grc' dir='ltr'>ἐκρύπτετο</span> <span class='ocrx_word' id='word_1_448' title='bbox 1491 4880 1738 4950; x_wconf 85' lang='grc' dir='ltr'>πελάγει.</span> <span class='ocrx_word' id='word_1_449' title='bbox 1773 4881 1884 4935; x_wconf 88' lang='lat' dir='ltr'>Kal</span> 
     </span>
    </p>
   </div>
   <div class='ocr_carea' id='block_1_54' title="bbox 219 4958 1884 5039">
    <p class='ocr_par' dir='ltr' id='par_1_54' title="bbox 219 4958 1884 5039">
     <span class='ocr_line' id='line_1_54' title="bbox 219 4958 1884 5039; baseline 0.005 -26"><span class='ocrx_word' id='word_1_450' title='bbox 219 4958 404 5028; x_wconf 84' lang='grc' dir='ltr'>ἐπειδὴ</span> <span class='ocrx_word' id='word_1_451' title='bbox 431 4959 595 5014; x_wconf 87' lang='grc' dir='ltr'>πάλιν</span> <span class='ocrx_word' id='word_1_452' title='bbox 626 4961 903 5016; x_wconf 89' lang='grc' dir='ltr'>ἐπιδοῦναι</span> <span class='ocrx_word' id='word_1_453' title='bbox 932 4963 996 5016; x_wconf 80' lang='grc' dir='ltr'>τὸ</span> <span class='ocrx_word' id='word_1_454' title='bbox 1027 4963 1186 5032; x_wconf 87' lang='grc' dir='ltr'>γένος</span> <span class='ocrx_word' id='word_1_455' title='bbox 1214 4965 1338 5031; x_wconf 74' lang='grc' dir='ltr'>ἔδει,</span> <span class='ocrx_word' id='word_1_456' title='bbox 1358 4967 1456 5039; x_wconf 84' lang='grc' dir='ltr'>τὴν</span> <span class='ocrx_word' id='word_1_457' title='bbox 1489 4967 1696 5022; x_wconf 81' lang='grc' dir='ltr'>οἰκείαν</span> <span class='ocrx_word' id='word_1_458' title='bbox 1726 4967 1884 5021; x_wconf 86' lang='grc' dir='ltr'>εύτα-</span> 
     </span>
    </p>
   </div>
   <div class='ocr_carea' id='block_1_55' title="bbox 217 5046 1882 5128">
    <p class='ocr_par' dir='ltr' id='par_1_55' title="bbox 217 5046 1882 5128">
     <span class='ocr_line' id='line_1_55' title="bbox 217 5046 1882 5128; baseline 0.007 -29"><span class='ocrx_word' id='word_1_459' title='bbox 217 5047 335 5114; x_wconf 81' lang='grc' dir='ltr'>ξίαν</span> <span class='ocrx_word' id='word_1_460' title='bbox 367 5046 753 5118; x_wconf 87' lang='grc' dir='ltr'>ἀπελάμϐανεν</span> <span class='ocrx_word' id='word_1_461' title='bbox 779 5050 814 5119; x_wconf 85' lang='grc' dir='ltr'>ή</span> <span class='ocrx_word' id='word_1_462' title='bbox 836 5049 932 5120; x_wconf 80' lang='grc' dir='ltr'>γῆ,</span> <span class='ocrx_word' id='word_1_463' title='bbox 953 5051 1046 5104; x_wconf 71' lang='grc' dir='ltr'>καὶ</span> <span class='ocrx_word' id='word_1_464' title='bbox 1066 5053 1145 5115; x_wconf 89' lang='grc' dir='ltr'>εἰς</span> <span class='ocrx_word' id='word_1_465' title='bbox 1164 5051 1260 5124; x_wconf 83' lang='grc' dir='ltr'>τὴν</span> <span class='ocrx_word' id='word_1_466' title='bbox 1286 5054 1555 5127; x_wconf 88' lang='grc' dir='ltr'>προτέραν</span> <span class='ocrx_word' id='word_1_467' title='bbox 1579 5056 1882 5128; x_wconf 82' lang='grc' dir='ltr'>εὐμορφίαν</span> 
     </span>
    </p>
   </div>
   <div class='ocr_carea' id='block_1_56' title="bbox 213 5134 1883 5214">
    <p class='ocr_par' dir='ltr' id='par_1_56' title="bbox 213 5134 1883 5214">
     <span class='ocr_line' id='line_1_56' title="bbox 213 5134 1883 5214; baseline 0.007 -28"><span class='ocrx_word' id='word_1_468' title='bbox 213 5134 442 5206; x_wconf 74' lang='grc' dir='ltr'>ἐπανῄει</span> <span class='ocrx_word' id='word_1_469' title='bbox 477 5134 658 5190; x_wconf 86' lang='grc' dir='ltr'>πάλιν.</span> <span class='ocrx_word' id='word_1_470' title='bbox 679 5136 806 5189; x_wconf 80' lang='grc' dir='ltr'>ἰδοι</span> <span class='ocrx_word' id='word_1_471' title='bbox 828 5137 874 5190; x_wconf 84' lang='grc' dir='ltr'>δ’</span> <span class='ocrx_word' id='word_1_472' title='bbox 898 5137 964 5192; x_wconf 82' lang='grc' dir='ltr'>ἀν</span> <span class='ocrx_word' id='word_1_473' title='bbox 990 5155 1074 5202; x_wconf 92' lang='grc' dir='ltr'>τις</span> <span class='ocrx_word' id='word_1_474' title='bbox 1090 5139 1248 5194; x_wconf 89' lang='grc' dir='ltr'>τοῦτο</span> <span class='ocrx_word' id='word_1_475' title='bbox 1277 5141 1371 5194; x_wconf 77' lang='grc' dir='ltr'>καὶ</span> <span class='ocrx_word' id='word_1_476' title='bbox 1400 5141 1491 5195; x_wconf 74' lang='grc' dir='ltr'>ἐπὶ</span> <span class='ocrx_word' id='word_1_477' title='bbox 1513 5141 1710 5214; x_wconf 86' lang='grc' dir='ltr'>μέρους</span> <span class='ocrx_word' id='word_1_478' title='bbox 1739 5146 1883 5212; x_wconf 89' lang='grc' dir='ltr'>γινό-</span> 
     </span>
    </p>
   </div>
   <div class='ocr_carea' id='block_1_57' title="bbox 217 5221 1881 5302">
    <p class='ocr_par' dir='ltr' id='par_1_57' title="bbox 217 5221 1881 5302">
     <span class='ocr_line' id='line_1_57' title="bbox 217 5221 1881 5302; baseline 0.005 -27"><span class='ocrx_word' id='word_1_479' title='bbox 217 5238 380 5292; x_wconf 88' lang='grc' dir='ltr'>μενον</span> <span class='ocrx_word' id='word_1_480' title='bbox 411 5221 498 5278; x_wconf 80' lang='grc' dir='ltr'>διὰ</span> <span class='ocrx_word' id='word_1_481' title='bbox 541 5222 641 5293; x_wconf 81' lang='grc' dir='ltr'>τὴν</span> <span class='ocrx_word' id='word_1_482' title='bbox 673 5224 752 5287; x_wconf 89' lang='grc' dir='ltr'>εἰς</span> <span class='ocrx_word' id='word_1_483' title='bbox 791 5224 1110 5295; x_wconf 87' lang='grc' dir='ltr'>ἀνθρώπους</span> <span class='ocrx_word' id='word_1_484' title='bbox 1145 5227 1328 5297; x_wconf 89' lang='grc' dir='ltr'>τιμήν.</span> <span class='ocrx_word' id='word_1_485' title='bbox 1369 5228 1480 5281; x_wconf 81' lang='grc' dir='ltr'>Καὶ</span> <span class='ocrx_word' id='word_1_486' title='bbox 1512 5228 1621 5302; x_wconf 88' lang='grc' dir='ltr'>γάρ</span> <span class='ocrx_word' id='word_1_487' title='bbox 1649 5230 1881 5301; x_wconf 87' lang='grc' dir='ltr'>πέλαγος</span> 
     </span>
    </p>
   </div>
   <div class='ocr_carea' id='block_1_58' title="bbox 213 5311 1883 5390">
    <p class='ocr_par' dir='ltr' id='par_1_58' title="bbox 213 5311 1883 5390">
     <span class='ocr_line' id='line_1_58' title="bbox 213 5311 1883 5390; baseline 0.006 -26"><span class='ocrx_word' id='word_1_488' title='bbox 213 5311 506 5382; x_wconf 78' lang='grc' dir='ltr'>ἠφανίσθη,</span> <span class='ocrx_word' id='word_1_489' title='bbox 540 5311 633 5364; x_wconf 72' lang='grc' dir='ltr'>καὶ</span> <span class='ocrx_word' id='word_1_490' title='bbox 672 5311 833 5366; x_wconf 85' lang='grc' dir='ltr'>πάλιν</span> <span class='ocrx_word' id='word_1_491' title='bbox 870 5313 1068 5384; x_wconf 85' lang='grc' dir='ltr'>ἐφάνη,</span> <span class='ocrx_word' id='word_1_492' title='bbox 1110 5315 1204 5368; x_wconf 73' lang='grc' dir='ltr'>καὶ</span> <span class='ocrx_word' id='word_1_493' title='bbox 1235 5314 1384 5385; x_wconf 74' lang='grc' dir='ltr'>ἥλιος</span> <span class='ocrx_word' id='word_1_494' title='bbox 1414 5317 1709 5390; x_wconf 84' lang='grc' dir='ltr'>ἐχαλινώθη</span> <span class='ocrx_word' id='word_1_495' title='bbox 1745 5320 1883 5390; x_wconf 89' lang='grc' dir='ltr'>μετά</span> 
     </span>
    </p>
   </div>
   <div class='ocr_carea' id='block_1_59' title="bbox 213 5395 1884 5474">
    <p class='ocr_par' dir='ltr' id='par_1_59' title="bbox 213 5395 1884 5474">
     <span class='ocr_line' id='line_1_59' title="bbox 213 5395 1884 5474; baseline 0.007 -28"><span class='ocrx_word' id='word_1_496' title='bbox 213 5395 464 5466; x_wconf 80' lang='grc' dir='ltr'>σελήνης,</span> <span class='ocrx_word' id='word_1_497' title='bbox 508 5395 719 5449; x_wconf 78' lang='grc' dir='ltr'>καὶτὸν</span> <span class='ocrx_word' id='word_1_498' title='bbox 751 5397 948 5450; x_wconf 90' lang='grc' dir='ltr'>οἰκεῖον</span> <span class='ocrx_word' id='word_1_499' title='bbox 996 5396 1192 5469; x_wconf 80' lang='grc' dir='ltr'>δρόμον</span> <span class='ocrx_word' id='word_1_500' title='bbox 1225 5398 1447 5453; x_wconf 86' lang='grc' dir='ltr'>ἐπέλιπε</span> <span class='ocrx_word' id='word_1_501' title='bbox 1469 5441 1485 5466; x_wconf 94' lang='grc'>,</span> <span class='ocrx_word' id='word_1_502' title='bbox 1525 5402 1620 5455; x_wconf 80' lang='grc' dir='ltr'>καὶ</span> <span class='ocrx_word' id='word_1_503' title='bbox 1671 5401 1783 5474; x_wconf 89' lang='grc' dir='ltr'>πῦρ</span> <span class='ocrx_word' id='word_1_504' title='bbox 1813 5403 1884 5457; x_wconf 88' lang='grc' dir='ltr'>τά</span> 
     </span>
    </p>
   </div>
   <div class='ocr_carea' id='block_1_60' title="bbox 213 5482 1884 5562">
    <p class='ocr_par' dir='ltr' id='par_1_60' title="bbox 213 5482 1884 5562">
     <span class='ocr_line' id='line_1_60' title="bbox 213 5482 1884 5562; baseline 0.008 -27"><span class='ocrx_word' id='word_1_505' title='bbox 213 5482 404 5546; x_wconf 74' lang='grc' dir='ltr'>ὓδατος</span> <span class='ocrx_word' id='word_1_506' title='bbox 430 5484 760 5550; x_wconf 83' lang='grc' dir='ltr'>ἐπεδείξατο,</span> <span class='ocrx_word' id='word_1_507' title='bbox 795 5488 889 5541; x_wconf 71' lang='grc' dir='ltr'>καὶ</span> <span class='ocrx_word' id='word_1_508' title='bbox 912 5487 984 5558; x_wconf 84' lang='grc' dir='ltr'>γῆ</span> <span class='ocrx_word' id='word_1_509' title='bbox 1015 5487 1083 5540; x_wconf 91' lang='grc' dir='ltr'>τά</span> <span class='ocrx_word' id='word_1_510' title='bbox 1106 5487 1394 5556; x_wconf 88' lang='grc' dir='ltr'>πελάγους,</span> <span class='ocrx_word' id='word_1_511' title='bbox 1417 5492 1511 5544; x_wconf 72' lang='grc' dir='ltr'>καί⁵</span> <span class='ocrx_word' id='word_1_512' title='bbox 1543 5491 1776 5562; x_wconf 86' lang='grc' dir='ltr'>πέλαγος</span> <span class='ocrx_word' id='word_1_513' title='bbox 1814 5493 1884 5548; x_wconf 92' lang='grc' dir='ltr'>τά</span> 
     </span>
    </p>
   </div>
   <div class='ocr_carea' id='block_1_61' title="bbox 214 5571 1883 5651">
    <p class='ocr_par' dir='ltr' id='par_1_61' title="bbox 214 5571 1883 5651">
     <span class='ocr_line' id='line_1_61' title="bbox 214 5571 1883 5651; baseline 0.007 -28"><span class='ocrx_word' id='word_1_514' title='bbox 214 5571 313 5640; x_wconf 79' lang='grc' dir='ltr'>τῆς</span> <span class='ocrx_word' id='word_1_515' title='bbox 354 5573 458 5642; x_wconf 85' lang='grc' dir='ltr'>γῆς</span> <span class='ocrx_word' id='word_1_516' title='bbox 481 5591 494 5606; x_wconf 87' lang='grc'><strong>·</strong></span> <span class='ocrx_word' id='word_1_517' title='bbox 527 5575 620 5628; x_wconf 77' lang='grc' dir='ltr'>καὶ</span> <span class='ocrx_word' id='word_1_518' title='bbox 665 5576 866 5644; x_wconf 85' lang='grc' dir='ltr'>πάντα,</span> <span class='ocrx_word' id='word_1_519' title='bbox 901 5577 978 5642; x_wconf 85' lang='grc' dir='ltr'>ὡς</span> <span class='ocrx_word' id='word_1_520' title='bbox 1023 5579 1194 5631; x_wconf 87' lang='grc' dir='ltr'>εἰπεῖν</span> <span class='ocrx_word' id='word_1_521' title='bbox 1225 5576 1430 5640; x_wconf 86' lang='grc' dir='ltr'>ἁπλῶς,</span> <span class='ocrx_word' id='word_1_522' title='bbox 1459 5579 1596 5650; x_wconf 85' lang='grc' dir='ltr'>πρὸς</span> <span class='ocrx_word' id='word_1_523' title='bbox 1630 5581 1731 5651; x_wconf 76' lang='grc' dir='ltr'>τὴν</span> <span class='ocrx_word' id='word_1_524' title='bbox 1775 5581 1883 5635; x_wconf 90' lang='grc' dir='ltr'>τῶν</span> 
     </span>
    </p>
   </div>
   <div class='ocr_carea' id='block_1_62' title="bbox 277 5801 1884 5881">
    <p class='ocr_par' dir='ltr' id='par_1_62' title="bbox 277 5801 1884 5881">
     <span class='ocr_line' id='line_1_62' title="bbox 277 5801 1884 5881; baseline 0.011 -30"><span class='ocrx_word' id='word_1_525' title='bbox 323 5801 424 5881; x_wconf 45' lang='lat' dir='ltr'><strong><em>Ille</em></strong></span> <span class='ocrx_word' id='word_1_526' title='bbox 445 5806 644 5881; x_wconf 53' lang='lat' dir='ltr'>qmnino</span> <span class='ocrx_word' id='word_1_527' title='bbox 664 5809 929 5881; x_wconf 28' lang='lat' dir='ltr'>l‘gggndgm</span> <span class='ocrx_word' id='word_1_528' title='bbox 966 5814 1160 5866; x_wconf 74' lang='lat' dir='ltr'>videtur</span> <span class='ocrx_word' id='word_1_529' title='bbox 1187 5814 1281 5863; x_wconf 87' lang='grc' dir='ltr'>τῶν</span> <span class='ocrx_word' id='word_1_530' title='bbox 1308 5814 1464 5865; x_wconf 74' lang='grc' dir='ltr'>πόνων</span> <span class='ocrx_word' id='word_1_531' title='bbox 1488 5816 1582 5865; x_wconf 84' lang='grc' dir='ltr'>τῶν</span> <span class='ocrx_word' id='word_1_532' title='bbox 1607 5814 1804 5879; x_wconf 83' lang='grc' dir='ltr'>ἐκείνου,</span> <span class='ocrx_word' id='word_1_533' title='bbox 1831 5821 1884 5869; x_wconf 83' lang='lat' dir='ltr'><strong><em>ul</em></strong></span> 
     </span>
    </p>
   </div>
   <div class='ocr_carea' id='block_1_63' title="bbox 219 5868 976 5925">
    <p class='ocr_par' dir='ltr' id='par_1_63' title="bbox 219 5868 976 5925">
     <span class='ocr_line' id='line_1_63' title="bbox 219 5868 976 5925; baseline 0.018 -14"><span class='ocrx_word' id='word_1_534' title='bbox 219 5868 364 5913; x_wconf 69' lang='lat' dir='ltr'>etiam</span> <span class='ocrx_word' id='word_1_535' title='bbox 392 5868 738 5922; x_wconf 65' lang='lat' dir='ltr'>auimadvcrlif</span> <span class='ocrx_word' id='word_1_536' title='bbox 750 5873 976 5925; x_wconf 72' lang='lat' dir='ltr'>Samius.</span> 
     </span>
    </p>
   </div>
   <div class='ocr_carea' id='block_1_64' title="bbox 1988 421 3655 501">
    <p class='ocr_par' dir='ltr' id='par_1_64' title="bbox 1988 421 3655 501">
     <span class='ocr_line' id='line_1_64' title="bbox 1988 421 3655 501; baseline -0.005 -18"><span class='ocrx_word' id='word_1_537' title='bbox 1988 430 2288 500; x_wconf 86' lang='grc' dir='ltr'>ἀνθρώπων</span> <span class='ocrx_word' id='word_1_538' title='bbox 2339 427 2874 501; x_wconf 78' lang='grc' dir='ltr'>μετασχηματίζεται</span> <span class='ocrx_word' id='word_1_539' title='bbox 2919 423 3270 479; x_wconf 82' lang='grc' dir='ltr'>λυσιτέλειαν.</span> <span class='ocrx_word' id='word_1_540' title='bbox 3302 422 3414 476; x_wconf 82' lang='lat' dir='ltr'>Kal</span> <span class='ocrx_word' id='word_1_541' title='bbox 3465 421 3655 493; x_wconf 76' lang='grc' dir='ltr'>ἐπειδὴ</span> 
     </span>
    </p>
   </div>
   <div class='ocr_carea' id='block_1_65' title="bbox 1987 501 3653 588">
    <p class='ocr_par' dir='ltr' id='par_1_65' title="bbox 1987 501 3653 588">
     <span class='ocr_line' id='line_1_65' title="bbox 1987 501 3653 588; baseline -0.004 -18"><span class='ocrx_word' id='word_1_542' title='bbox 1987 501 2552 588; x_wconf 33' lang='grc' dir='ltr'>πάντων-τιμιώτερος</span> <span class='ocrx_word' id='word_1_543' title='bbox 2579 516 2882 585; x_wconf 76' lang='grc' dir='ltr'>ἄνθρωπος,</span> <span class='ocrx_word' id='word_1_544' title='bbox 2901 513 2993 568; x_wconf 63' lang='grc' dir='ltr'>καὶ⁴</span> <span class='ocrx_word' id='word_1_545' title='bbox 3014 514 3082 566; x_wconf 79' lang='grc' dir='ltr'>δι’</span> <span class='ocrx_word' id='word_1_546' title='bbox 3112 512 3273 566; x_wconf 80' lang='grc' dir='ltr'>αὐτὸν</span> <span class='ocrx_word' id='word_1_547' title='bbox 3291 510 3361 565; x_wconf 83' lang='grc' dir='ltr'>τὰ</span> <span class='ocrx_word' id='word_1_548' title='bbox 3387 510 3653 580; x_wconf 78' lang='grc' dir='ltr'>γενόμενα</span> 
     </span>
    </p>
   </div>
   <div class='ocr_carea' id='block_1_66' title="bbox 1982 597 3655 672">
    <p class='ocr_par' dir='ltr' id='par_1_66' title="bbox 1982 597 3655 672">
     <span class='ocr_line' id='line_1_66' title="bbox 1982 597 3655 672; baseline -0.006 -13"><span class='ocrx_word' id='word_1_549' title='bbox 1982 605 2214 668; x_wconf 68' lang='grc' dir='ltr'>ἅπαντα,</span> <span class='ocrx_word' id='word_1_550' title='bbox 2236 605 2324 658; x_wconf 89' lang='grc' dir='ltr'>διά</span> <span class='ocrx_word' id='word_1_551' title='bbox 2339 621 2421 658; x_wconf 91' lang='grc' dir='ltr'>τοι</span> <span class='ocrx_word' id='word_1_552' title='bbox 2444 603 2599 657; x_wconf 88' lang='grc' dir='ltr'>τοῦτο</span> <span class='ocrx_word' id='word_1_553' title='bbox 2622 603 2714 656; x_wconf 73' lang='grc' dir='ltr'>καὶ</span> <span class='ocrx_word' id='word_1_554' title='bbox 2738 601 2855 666; x_wconf 78' lang='grc' dir='ltr'>νῦν,</span> <span class='ocrx_word' id='word_1_555' title='bbox 2876 599 2989 672; x_wconf 84' lang='lat'>[57]</span> <span class='ocrx_word' id='word_1_556' title='bbox 3019 600 3204 670; x_wconf 81' lang='grc' dir='ltr'>ἐπειδὴ</span> <span class='ocrx_word' id='word_1_557' title='bbox 3219 599 3466 669; x_wconf 75' lang='grc' dir='ltr'>ἥμαρτεν</span> <span class='ocrx_word' id='word_1_558' title='bbox 3491 599 3519 650; x_wconf 79' lang='grc' dir='ltr'>ὁ</span> <span class='ocrx_word' id='word_1_559' title='bbox 3545 597 3655 650; x_wconf 87' lang='grc' dir='ltr'>τῶν</span> 
     </span>
    </p>
   </div>
   <div class='ocr_carea' id='block_1_67' title="bbox 1995 684 3653 763">
    <p class='ocr_par' dir='ltr' id='par_1_67' title="bbox 1995 684 3653 763">
     <span class='ocr_line' id='line_1_67' title="bbox 1995 684 3653 763; baseline -0.004 -18"><span class='ocrx_word' id='word_1_560' title='bbox 1995 692 2263 746; x_wconf 84' lang='grc' dir='ltr'>Ἰουδαίων</span> <span class='ocrx_word' id='word_1_561' title='bbox 2291 693 2478 763; x_wconf 83' lang='grc' dir='ltr'>δῆμος,</span> <span class='ocrx_word' id='word_1_562' title='bbox 2511 690 2696 760; x_wconf 88' lang='grc' dir='ltr'>ἐπέχει</span> <span class='ocrx_word' id='word_1_563' title='bbox 2725 688 2823 751; x_wconf 76' lang='grc' dir='ltr'>τῆς</span> <span class='ocrx_word' id='word_1_564' title='bbox 2849 689 2952 758; x_wconf 79' lang='grc' dir='ltr'>γῆς</span> <span class='ocrx_word' id='word_1_565' title='bbox 2981 687 3079 751; x_wconf 81' lang='grc' dir='ltr'>τὰς</span> <span class='ocrx_word' id='word_1_566' title='bbox 3110 685 3304 750; x_wconf 79' lang='grc' dir='ltr'>ὠδῖνας</span> <span class='ocrx_word' id='word_1_567' title='bbox 3335 684 3530 749; x_wconf 80' lang='grc' dir='ltr'>ὀΘεὸς,</span> <span class='ocrx_word' id='word_1_568' title='bbox 3559 685 3653 738; x_wconf 76' lang='grc' dir='ltr'>καὶ</span> 
     </span>
    </p>
   </div>
   <div class='ocr_carea' id='block_1_68' title="bbox 1985 771 3651 850">
    <p class='ocr_par' dir='ltr' id='par_1_68' title="bbox 1985 771 3651 850">
     <span class='ocr_line' id='line_1_68' title="bbox 1985 771 3651 850; baseline -0.007 -16"><span class='ocrx_word' id='word_1_569' title='bbox 1985 781 2125 850; x_wconf 85' lang='grc' dir='ltr'>μετά</span> <span class='ocrx_word' id='word_1_570' title='bbox 2149 780 2374 844; x_wconf 84' lang='grc' dir='ltr'>πολλοὺς</span> <span class='ocrx_word' id='word_1_571' title='bbox 2395 780 2588 844; x_wconf 87' lang='grc' dir='ltr'>πόνους</span> <span class='ocrx_word' id='word_1_572' title='bbox 2609 777 2701 831; x_wconf 76' lang='grc' dir='ltr'>καὶ</span> <span class='ocrx_word' id='word_1_573' title='bbox 2725 776 2952 846; x_wconf 81' lang='grc' dir='ltr'>ἱδρῶτας</span> <span class='ocrx_word' id='word_1_574' title='bbox 2976 772 3078 829; x_wconf 74' lang='grc' dir='ltr'>οὐκ</span> <span class='ocrx_word' id='word_1_575' title='bbox 3101 774 3289 845; x_wconf 87' lang='grc' dir='ltr'>ἀφίησι</span> <span class='ocrx_word' id='word_1_576' title='bbox 3307 772 3408 835; x_wconf 78' lang='grc' dir='ltr'>τὰς</span> <span class='ocrx_word' id='word_1_577' title='bbox 3438 771 3651 841; x_wconf 85' lang='grc' dir='ltr'>ἐκείνης</span> 
     </span>
    </p>
   </div>
   <div class='ocr_carea' id='block_1_69' title="bbox 1963 858 3650 938">
    <p class='ocr_par' dir='ltr' id='par_1_69' title="bbox 1963 858 3650 938">
     <span class='ocr_line' id='line_1_69' title="bbox 1963 858 3650 938; baseline -0.007 -19"><span class='ocrx_word' id='word_1_578' title='bbox 1963 866 2217 935; x_wconf 69' lang='grc' dir='ltr'>’λαγόνας</span> <span class='ocrx_word' id='word_1_579' title='bbox 2243 868 2343 938; x_wconf 83' lang='grc' dir='ltr'>τὴν</span> <span class='ocrx_word' id='word_1_580' title='bbox 2364 866 2614 920; x_wconf 88' lang='grc' dir='ltr'>εἰωθυῖαν</span> <span class='ocrx_word' id='word_1_581' title='bbox 2643 863 2816 936; x_wconf 78' lang='grc' dir='ltr'>φορὰν</span> <span class='ocrx_word' id='word_1_582' title='bbox 2837 863 3096 931; x_wconf 85' lang='grc' dir='ltr'>ἐνεγκεῖν,</span> <span class='ocrx_word' id='word_1_583' title='bbox 3123 861 3206 914; x_wconf 80' lang='grc' dir='ltr'>ἵνα</span> <span class='ocrx_word' id='word_1_584' title='bbox 3227 858 3521 914; x_wconf 85' lang='grc' dir='ltr'>κάντεῦθεν</span> <span class='ocrx_word' id='word_1_585' title='bbox 3551 858 3650 927; x_wconf 81' lang='grc' dir='ltr'>μά-</span> 
     </span>
    </p>
   </div>
   <div class='ocr_carea' id='block_1_70' title="bbox 1959 945 3652 1026">
    <p class='ocr_par' dir='ltr' id='par_1_70' title="bbox 1959 945 3652 1026">
     <span class='ocr_line' id='line_1_70' title="bbox 1959 945 3652 1026; baseline -0.005 -19"><span class='ocrx_word' id='word_1_586' title='bbox 1959 949 2174 1017; x_wconf 65' lang='grc' dir='ltr'>θωσιν,</span> <span class='ocrx_word' id='word_1_587' title='bbox 2207 954 2288 1008; x_wconf 76' lang='grc' dir='ltr'>ὅτι</span> <span class='ocrx_word' id='word_1_588' title='bbox 2331 955 2393 1008; x_wconf 81' lang='grc' dir='ltr'>οὐ</span> <span class='ocrx_word' id='word_1_589' title='bbox 2422 951 2741 1026; x_wconf 84' lang='grc' dir='ltr'>γεωργικῶν</span> <span class='ocrx_word' id='word_1_590' title='bbox 2783 949 2978 1022; x_wconf 87' lang='grc' dir='ltr'>χειρῶν</span> <span class='ocrx_word' id='word_1_591' title='bbox 3012 949 3196 1018; x_wconf 81' lang='grc' dir='ltr'>τέχνη,</span> <span class='ocrx_word' id='word_1_592' title='bbox 3236 947 3356 1000; x_wconf 85' lang='grc' dir='ltr'>οῦδέ</span> <span class='ocrx_word' id='word_1_593' title='bbox 3401 945 3522 1015; x_wconf 85' lang='grc' dir='ltr'>βόες</span> <span class='ocrx_word' id='word_1_594' title='bbox 3561 947 3652 1000; x_wconf 75' lang='grc' dir='ltr'>καὶ</span> 
     </span>
    </p>
   </div>
   <div class='ocr_carea' id='block_1_71' title="bbox 1959 1033 3652 1113">
    <p class='ocr_par' dir='ltr' id='par_1_71' title="bbox 1959 1033 3652 1113">
     <span class='ocr_line' id='line_1_71' title="bbox 1959 1033 3652 1113; baseline -0.004 -17"><span class='ocrx_word' id='word_1_595' title='bbox 1959 1041 2240 1112; x_wconf 79' lang='grc' dir='ltr'>ἀροτρον,</span> <span class='ocrx_word' id='word_1_596' title='bbox 2275 1043 2394 1096; x_wconf 79' lang='grc' dir='ltr'>οὐδὲ</span> <span class='ocrx_word' id='word_1_597' title='bbox 2425 1043 2526 1113; x_wconf 83' lang='grc' dir='ltr'>γῆς</span> <span class='ocrx_word' id='word_1_598' title='bbox 2579 1039 2759 1110; x_wconf 85' lang='grc' dir='ltr'>φύσις,</span> <span class='ocrx_word' id='word_1_599' title='bbox 2795 1041 2894 1093; x_wconf 82' lang='grc' dir='ltr'>οὐκ</span> <span class='ocrx_word' id='word_1_600' title='bbox 2940 1036 3068 1092; x_wconf 80' lang='grc' dir='ltr'>ἀλλο</span> <span class='ocrx_word' id='word_1_601' title='bbox 3115 1038 3222 1090; x_wconf 88' lang='grc' dir='ltr'>τῶν</span> <span class='ocrx_word' id='word_1_602' title='bbox 3265 1033 3522 1090; x_wconf 82' lang='grc' dir='ltr'>τοιούτων</span> <span class='ocrx_word' id='word_1_603' title='bbox 3563 1037 3652 1090; x_wconf 81' lang='grc' dir='ltr'>ού-</span> 
     </span>
    </p>
   </div>
   <div class='ocr_carea' id='block_1_72' title="bbox 1962 1118 3652 1194">
    <p class='ocr_par' dir='ltr' id='par_1_72' title="bbox 1962 1118 3652 1194">
     <span class='ocr_line' id='line_1_72' title="bbox 1962 1118 3652 1194; baseline -0.004 -12"><span class='ocrx_word' id='word_1_604' title='bbox 1962 1129 2091 1192; x_wconf 59' lang='grc' dir='ltr'>εδὲν,</span> <span class='ocrx_word' id='word_1_605' title='bbox 2121 1128 2234 1183; x_wconf 81' lang='grc' dir='ltr'>ἀλλ’</span> <span class='ocrx_word' id='word_1_606' title='bbox 2255 1131 2282 1182; x_wconf 84' lang='grc' dir='ltr'>ό</span> <span class='ocrx_word' id='word_1_607' title='bbox 2300 1128 2502 1182; x_wconf 85' lang='grc' dir='ltr'>τούτων</span> <span class='ocrx_word' id='word_1_608' title='bbox 2541 1127 2794 1182; x_wconf 81' lang='grc' dir='ltr'>ἁπάντων</span> <span class='ocrx_word' id='word_1_609' title='bbox 2827 1125 3100 1194; x_wconf 88' lang='grc' dir='ltr'>Δεσπότης</span> <span class='ocrx_word' id='word_1_610' title='bbox 3129 1118 3282 1187; x_wconf 75' lang='grc' dir='ltr'>οὗτός</span> <span class='ocrx_word' id='word_1_611' title='bbox 3306 1125 3453 1176; x_wconf 84' lang='grc' dir='ltr'>ἐστιν</span> <span class='ocrx_word' id='word_1_612' title='bbox 3499 1124 3526 1175; x_wconf 85' lang='grc' dir='ltr'><strong>ὁ</strong></span> <span class='ocrx_word' id='word_1_613' title='bbox 3557 1123 3652 1176; x_wconf 75' lang='grc' dir='ltr'>καὶ</span> 
     </span>
    </p>
   </div>
   <div class='ocr_carea' id='block_1_73' title="bbox 1958 1207 3652 1286">
    <p class='ocr_par' dir='ltr' id='par_1_73' title="bbox 1958 1207 3652 1286">
     <span class='ocr_line' id='line_1_73' title="bbox 1958 1207 3652 1286; baseline -0.004 -18"><span class='ocrx_word' id='word_1_614' title='bbox 1958 1213 2194 1285; x_wconf 79' lang='grc' dir='ltr'>’δαψιλεί</span> <span class='ocrx_word' id='word_1_615' title='bbox 2221 1216 2289 1286; x_wconf 77' lang='grc' dir='ltr'>τῇ</span> <span class='ocrx_word' id='word_1_616' title='bbox 2325 1215 2469 1285; x_wconf 83' lang='grc' dir='ltr'>χειρί</span> <span class='ocrx_word' id='word_1_617' title='bbox 2493 1215 2668 1268; x_wconf 90' lang='grc' dir='ltr'>πάντα</span> <span class='ocrx_word' id='word_1_618' title='bbox 2691 1213 2917 1282; x_wconf 83' lang='grc' dir='ltr'>ἐκχέων,</span> <span class='ocrx_word' id='word_1_619' title='bbox 2938 1212 3033 1265; x_wconf 71' lang='grc' dir='ltr'>καὶ</span> <span class='ocrx_word' id='word_1_620' title='bbox 3063 1211 3243 1277; x_wconf 82' lang='grc' dir='ltr'>πάλιν,</span> <span class='ocrx_word' id='word_1_621' title='bbox 3274 1209 3492 1263; x_wconf 84' lang='grc' dir='ltr'>ἐπειδὰν</span> <span class='ocrx_word' id='word_1_622' title='bbox 3524 1207 3652 1279; x_wconf 83' lang='grc' dir='ltr'>βού-</span> 
     </span>
    </p>
   </div>
   <div class='ocr_carea' id='block_1_74' title="bbox 1958 1296 3649 1371">
    <p class='ocr_par' dir='ltr' id='par_1_74' title="bbox 1958 1296 3649 1371">
     <span class='ocr_line' id='line_1_74' title="bbox 1958 1296 3649 1371; baseline -0.004 -17"><span class='ocrx_word' id='word_1_623' title='bbox 1958 1301 2164 1371; x_wconf 71' lang='grc' dir='ltr'>ληται,</span> <span class='ocrx_word' id='word_1_624' title='bbox 2179 1302 2483 1356; x_wconf 73' lang='grc' dir='ltr'>συστέλλων</span> <span class='ocrx_word' id='word_1_625' title='bbox 2501 1301 2737 1356; x_wconf 71' lang='grc' dir='ltr'>ἅπαντα.</span> <span class='ocrx_word' id='word_1_626' title='bbox 2761 1302 2905 1354; x_wconf 85' lang='grc' dir='ltr'>Οὐαί</span> <span class='ocrx_word' id='word_1_627' title='bbox 2933 1302 2985 1354; x_wconf 88' lang='grc' dir='ltr'>οἰ</span> <span class='ocrx_word' id='word_1_628' title='bbox 3007 1299 3365 1369; x_wconf 77' lang='grc' dir='ltr'>ἐγειρόμενοι</span> <span class='ocrx_word' id='word_1_629' title='bbox 3384 1296 3450 1350; x_wconf 83' lang='grc' dir='ltr'>τὸ</span> <span class='ocrx_word' id='word_1_630' title='bbox 3479 1297 3649 1364; x_wconf 73' lang='grc' dir='ltr'>πρωῒ,</span> 
     </span>
    </p>
   </div>
   <div class='ocr_carea' id='block_1_75' title="bbox 1983 1380 3654 1455">
    <p class='ocr_par' dir='ltr' id='par_1_75' title="bbox 1983 1380 3654 1455">
     <span class='ocr_line' id='line_1_75' title="bbox 1983 1380 3654 1455; baseline -0.004 -15"><span class='ocrx_word' id='word_1_631' title='bbox 1983 1386 2082 1441; x_wconf 79' lang='grc' dir='ltr'>καί</span> <span class='ocrx_word' id='word_1_632' title='bbox 2115 1387 2181 1441; x_wconf 79' lang='grc' dir='ltr'>τό</span> <span class='ocrx_word' id='word_1_633' title='bbox 2207 1388 2422 1455; x_wconf 78' lang='grc' dir='ltr'>σίκερα</span> <span class='ocrx_word' id='word_1_634' title='bbox 2445 1385 2779 1452; x_wconf 82' lang='grc' dir='ltr'>διώκοντες,</span> <span class='ocrx_word' id='word_1_635' title='bbox 2796 1389 2849 1439; x_wconf 87' lang='grc' dir='ltr'>οἰ</span> <span class='ocrx_word' id='word_1_636' title='bbox 2871 1384 3160 1453; x_wconf 82' lang='grc' dir='ltr'>μένοντες</span> <span class='ocrx_word' id='word_1_637' title='bbox 3187 1384 3253 1437; x_wconf 83' lang='grc' dir='ltr'>τὸ</span> <span class='ocrx_word' id='word_1_638' title='bbox 3284 1380 3417 1450; x_wconf 68' lang='grc' dir='ltr'>ὀψέ.</span> <span class='ocrx_word' id='word_1_639' title='bbox 3458 1381 3521 1435; x_wconf 88' lang='lat'><strong>&#39;0</strong></span> <span class='ocrx_word' id='word_1_640' title='bbox 3543 1382 3654 1451; x_wconf 74' lang='grc' dir='ltr'>γὰρ</span> 
     </span>
    </p>
   </div>
   <div class='ocr_carea' id='block_1_76' title="bbox 1982 1467 3654 1542">
    <p class='ocr_par' dir='ltr' id='par_1_76' title="bbox 1982 1467 3654 1542">
     <span class='ocr_line' id='line_1_76' title="bbox 1982 1467 3654 1542; baseline -0.004 -14"><span class='ocrx_word' id='word_1_641' title='bbox 1982 1469 2147 1540; x_wconf 77' lang='grc' dir='ltr'>οἶνος</span> <span class='ocrx_word' id='word_1_642' title='bbox 2176 1474 2396 1539; x_wconf 78' lang='grc' dir='ltr'>αὐτοὺς</span> <span class='ocrx_word' id='word_1_643' title='bbox 2416 1470 2947 1542; x_wconf 71' lang='grc' dir='ltr'>συγκιώσει.Μετὰ</span> <span class='ocrx_word' id='word_1_644' title='bbox 2973 1469 3083 1540; x_wconf 73' lang='grc' dir='ltr'>γὰρ</span> <span class='ocrx_word' id='word_1_645' title='bbox 3115 1467 3355 1536; x_wconf 79' lang='grc' dir='ltr'>κιθάρας</span> <span class='ocrx_word' id='word_1_646' title='bbox 3377 1467 3473 1522; x_wconf 81' lang='grc' dir='ltr'>καὶ</span> <span class='ocrx_word' id='word_1_647' title='bbox 3495 1471 3654 1536; x_wconf 69' lang='grc' dir='ltr'>ψαλ-</span> 
     </span>
    </p>
   </div>
   <div class='ocr_carea' id='block_1_77' title="bbox 1981 1547 3650 1629">
    <p class='ocr_par' dir='ltr' id='par_1_77' title="bbox 1981 1547 3650 1629">
     <span class='ocr_line' id='line_1_77' title="bbox 1981 1547 3650 1629; baseline -0.004 -15"><span class='ocrx_word' id='word_1_648' title='bbox 1981 1561 2193 1629; x_wconf 81' lang='grc' dir='ltr'>τηρίου</span> <span class='ocrx_word' id='word_1_649' title='bbox 2219 1559 2315 1614; x_wconf 82' lang='grc' dir='ltr'>καί</span> <span class='ocrx_word' id='word_1_650' title='bbox 2346 1558 2675 1629; x_wconf 80' lang='grc' dir='ltr'>τυμπάνων</span> <span class='ocrx_word' id='word_1_651' title='bbox 2691 1559 2788 1612; x_wconf 75' lang='grc' dir='ltr'>καί</span> <span class='ocrx_word' id='word_1_652' title='bbox 2814 1556 3017 1612; x_wconf 76' lang='grc' dir='ltr'>αὐλῶν</span> <span class='ocrx_word' id='word_1_653' title='bbox 3043 1557 3150 1610; x_wconf 86' lang='grc' dir='ltr'>τὸν</span> <span class='ocrx_word' id='word_1_654' title='bbox 3181 1547 3347 1611; x_wconf 75' lang='grc' dir='ltr'>οἶνον</span> <span class='ocrx_word' id='word_1_655' title='bbox 3367 1555 3613 1609; x_wconf 80' lang='grc' dir='ltr'>πίνουσι</span> <span class='ocrx_word' id='word_1_656' title='bbox 3633 1571 3650 1586; x_wconf 66' lang='grc'><strong>⁸</strong></span> 
     </span>
    </p>
   </div>
   <div class='ocr_carea' id='block_1_78' title="bbox 1981 1641 3656 1716">
    <p class='ocr_par' dir='ltr' id='par_1_78' title="bbox 1981 1641 3656 1716">
     <span class='ocr_line' id='line_1_78' title="bbox 1981 1641 3656 1716; baseline -0.004 -16"><span class='ocrx_word' id='word_1_657' title='bbox 1981 1646 2055 1701; x_wconf 83' lang='grc' dir='ltr'>τὰ</span> <span class='ocrx_word' id='word_1_658' title='bbox 2087 1645 2154 1700; x_wconf 83' lang='grc' dir='ltr'>δὲ</span> <span class='ocrx_word' id='word_1_659' title='bbox 2188 1647 2333 1716; x_wconf 77' lang='grc' dir='ltr'>ἔργα</span> <span class='ocrx_word' id='word_1_660' title='bbox 2362 1647 2470 1701; x_wconf 81' lang='grc' dir='ltr'>τοῦ</span> <span class='ocrx_word' id='word_1_661' title='bbox 2503 1645 2650 1700; x_wconf 86' lang='grc' dir='ltr'>Θεοῦ</span> <span class='ocrx_word' id='word_1_662' title='bbox 2691 1647 2802 1700; x_wconf 84' lang='grc' dir='ltr'>οὐκ</span> <span class='ocrx_word' id='word_1_663' title='bbox 2841 1645 3230 1715; x_wconf 74' lang='grc' dir='ltr'>ἐμϐλέπουσι,</span> <span class='ocrx_word' id='word_1_664' title='bbox 3260 1642 3357 1696; x_wconf 83' lang='grc' dir='ltr'>καὶ</span> <span class='ocrx_word' id='word_1_665' title='bbox 3394 1642 3467 1695; x_wconf 87' lang='grc' dir='ltr'>τὰ</span> <span class='ocrx_word' id='word_1_666' title='bbox 3510 1641 3656 1712; x_wconf 77' lang='grc' dir='ltr'>ἔργα</span> 
     </span>
    </p>
   </div>
   <div class='ocr_carea' id='block_1_79' title="bbox 1982 1730 3653 1803">
    <p class='ocr_par' dir='ltr' id='par_1_79' title="bbox 1982 1730 3653 1803">
     <span class='ocr_line' id='line_1_79' title="bbox 1982 1730 3653 1803; baseline -0.004 -15"><span class='ocrx_word' id='word_1_667' title='bbox 1982 1732 2103 1788; x_wconf 86' lang='grc' dir='ltr'>τῶν</span> <span class='ocrx_word' id='word_1_668' title='bbox 2120 1733 2337 1803; x_wconf 84' lang='grc' dir='ltr'>χειρῶν</span> <span class='ocrx_word' id='word_1_669' title='bbox 2355 1733 2541 1788; x_wconf 84' lang='grc' dir='ltr'>αὐτοῦ</span> <span class='ocrx_word' id='word_1_670' title='bbox 2562 1735 2634 1788; x_wconf 86' lang='grc' dir='ltr'>οὐ</span> <span class='ocrx_word' id='word_1_671' title='bbox 2661 1731 3347 1802; x_wconf 74' lang='grc' dir='ltr'>κατανοοῦσι.Κατηγορή</span> <span class='ocrx_word' id='word_1_672' title='bbox 3357 1747 3453 1792; x_wconf 84' lang='grc' dir='ltr'>σας</span> <span class='ocrx_word' id='word_1_673' title='bbox 3475 1730 3653 1783; x_wconf 81' lang='grc' dir='ltr'>αὐτῶν</span> 
     </span>
    </p>
   </div>
   <div class='ocr_carea' id='block_1_80' title="bbox 1985 1817 3651 1891">
    <p class='ocr_par' dir='ltr' id='par_1_80' title="bbox 1985 1817 3651 1891">
     <span class='ocr_line' id='line_1_80' title="bbox 1985 1817 3651 1891; baseline -0.001 -18"><span class='ocrx_word' id='word_1_674' title='bbox 1985 1819 2293 1884; x_wconf 80' lang='grc' dir='ltr'>πλεονεξίαν</span> <span class='ocrx_word' id='word_1_675' title='bbox 2342 1819 2564 1890; x_wconf 81' lang='grc' dir='ltr'>πολλὴν,</span> <span class='ocrx_word' id='word_1_676' title='bbox 2593 1819 2687 1873; x_wconf 71' lang='grc' dir='ltr'>καὶ</span> <span class='ocrx_word' id='word_1_677' title='bbox 2740 1819 2836 1891; x_wconf 85' lang='grc' dir='ltr'>τὴν</span> <span class='ocrx_word' id='word_1_678' title='bbox 2871 1817 3026 1889; x_wconf 73' lang='grc' dir='ltr'>ῥίζαν</span> <span class='ocrx_word' id='word_1_679' title='bbox 3068 1817 3162 1871; x_wconf 87' lang='grc' dir='ltr'>τοῦ</span> <span class='ocrx_word' id='word_1_680' title='bbox 3204 1817 3377 1871; x_wconf 89' lang='grc' dir='ltr'>κακοῦ</span> <span class='ocrx_word' id='word_1_681' title='bbox 3414 1817 3651 1888; x_wconf 83' lang='grc' dir='ltr'>τίθησιν.</span> 
     </span>
    </p>
   </div>
   <div class='ocr_carea' id='block_1_81' title="bbox 1982 1903 3650 1979">
    <p class='ocr_par' dir='ltr' id='par_1_81' title="bbox 1982 1903 3650 1979">
     <span class='ocr_line' id='line_1_81' title="bbox 1982 1903 3650 1979; baseline -0.001 -19"><span class='ocrx_word' id='word_1_682' title='bbox 1982 1906 2130 1978; x_wconf 77' lang='grc' dir='ltr'>Λῦτη</span> <span class='ocrx_word' id='word_1_683' title='bbox 2161 1906 2218 1960; x_wconf 84' lang='grc' dir='ltr'>δὲ</span> <span class='ocrx_word' id='word_1_684' title='bbox 2246 1903 2315 1978; x_wconf 81' lang='grc' dir='ltr'>ἦν</span> <span class='ocrx_word' id='word_1_685' title='bbox 2352 1909 2386 1978; x_wconf 86' lang='grc' dir='ltr'>ή</span> <span class='ocrx_word' id='word_1_686' title='bbox 2418 1906 2577 1979; x_wconf 83' lang='grc' dir='ltr'>μέθη,</span> <span class='ocrx_word' id='word_1_687' title='bbox 2607 1906 2817 1978; x_wconf 89' lang='grc' dir='ltr'>μυρίων</span> <span class='ocrx_word' id='word_1_688' title='bbox 2847 1905 3103 1976; x_wconf 88' lang='grc' dir='ltr'>γινομένη</span> <span class='ocrx_word' id='word_1_689' title='bbox 3150 1905 3337 1958; x_wconf 80' lang='grc' dir='ltr'>κακῶν</span> <span class='ocrx_word' id='word_1_690' title='bbox 3371 1905 3650 1970; x_wconf 81' lang='grc' dir='ltr'>ὑπόθεσις,</span> 
     </span>
    </p>
   </div>
   <div class='ocr_carea' id='block_1_82' title="bbox 1983 1992 3654 2066">
    <p class='ocr_par' dir='ltr' id='par_1_82' title="bbox 1983 1992 3654 2066">
     <span class='ocr_line' id='line_1_82' title="bbox 1983 1992 3654 2066; baseline -0.002 -18"><span class='ocrx_word' id='word_1_691' title='bbox 1983 1994 2078 2048; x_wconf 74' lang='grc' dir='ltr'>καὶ</span> <span class='ocrx_word' id='word_1_692' title='bbox 2115 1994 2349 2066; x_wconf 85' lang='grc' dir='ltr'>μάλιστα</span> <span class='ocrx_word' id='word_1_693' title='bbox 2396 1995 2524 2049; x_wconf 82' lang='grc' dir='ltr'>ὅταν</span> <span class='ocrx_word' id='word_1_694' title='bbox 2556 1995 2695 2066; x_wconf 87' lang='grc' dir='ltr'>μετά</span> <span class='ocrx_word' id='word_1_695' title='bbox 2737 1993 3004 2064; x_wconf 86' lang='grc' dir='ltr'>τοσαύτης</span> <span class='ocrx_word' id='word_1_696' title='bbox 3032 1992 3294 2064; x_wconf 79' lang='grc' dir='ltr'>τολμᾶται</span> <span class='ocrx_word' id='word_1_697' title='bbox 3333 1993 3432 2062; x_wconf 77' lang='grc' dir='ltr'>τῆς</span> <span class='ocrx_word' id='word_1_698' title='bbox 3480 1993 3654 2064; x_wconf 81' lang='grc' dir='ltr'>ὑπερ-</span> 
     </span>
    </p>
   </div>
   <div class='ocr_carea' id='block_1_83' title="bbox 1981 2081 2169 2152">
    <p class='ocr_par' dir='ltr' id='par_1_83' title="bbox 1981 2081 2169 2152">
     <span class='ocr_line' id='line_1_83' title="bbox 1981 2081 2169 2152; baseline 0.005 -17"><span class='ocrx_word' id='word_1_699' title='bbox 1981 2081 2169 2152; x_wconf 81' lang='grc' dir='ltr'>ϐολῆς.</span> 
     </span>
    </p>
   </div>
   <div class='ocr_carea' id='block_1_84' title="bbox 2056 2165 3650 2239">
    <p class='ocr_par' dir='ltr' id='par_1_84' title="bbox 2056 2165 3650 2239">
     <span class='ocr_line' id='line_1_84' title="bbox 2056 2165 3650 2239; baseline -0.002 -17"><span class='ocrx_word' id='word_1_700' title='bbox 2056 2167 2122 2222; x_wconf 84' lang='grc' dir='ltr'>ε’.</span> <span class='ocrx_word' id='word_1_701' title='bbox 2147 2169 2345 2222; x_wconf 88' lang='grc' dir='ltr'>Σκόπει</span> <span class='ocrx_word' id='word_1_702' title='bbox 2374 2168 2506 2238; x_wconf 88' lang='grc' dir='ltr'>γοῦν</span> <span class='ocrx_word' id='word_1_703' title='bbox 2537 2168 2654 2232; x_wconf 90' lang='grc' dir='ltr'>πῶς</span> <span class='ocrx_word' id='word_1_704' title='bbox 2684 2167 2822 2239; x_wconf 85' lang='grc' dir='ltr'>μετὰ</span> <span class='ocrx_word' id='word_1_705' title='bbox 2853 2165 3136 2238; x_wconf 83' lang='grc' dir='ltr'>ἀκριϐείας</span> <span class='ocrx_word' id='word_1_706' title='bbox 3153 2165 3351 2229; x_wconf 72' lang='grc' dir='ltr'>αὐτοὺς</span> <span class='ocrx_word' id='word_1_707' title='bbox 3378 2166 3650 2237; x_wconf 78' lang='grc' dir='ltr'>κωμῳδεῖ.</span> 
     </span>
    </p>
   </div>
   <div class='ocr_carea' id='block_1_85' title="bbox 1983 2250 3648 2326">
    <p class='ocr_par' dir='ltr' id='par_1_85' title="bbox 1983 2250 3648 2326">
     <span class='ocr_line' id='line_1_85' title="bbox 1983 2250 3648 2326; baseline -0.003 -17"><span class='ocrx_word' id='word_1_708' title='bbox 1983 2253 2171 2309; x_wconf 81' lang='grc' dir='ltr'>Πᾶσαν</span> <span class='ocrx_word' id='word_1_709' title='bbox 2198 2254 2306 2326; x_wconf 82' lang='grc' dir='ltr'>γάρ</span> <span class='ocrx_word' id='word_1_710' title='bbox 2336 2254 2437 2326; x_wconf 75' lang='grc' dir='ltr'>τὴν</span> <span class='ocrx_word' id='word_1_711' title='bbox 2468 2255 2682 2325; x_wconf 83' lang='grc' dir='ltr'>ἡμέραν</span> <span class='ocrx_word' id='word_1_712' title='bbox 2707 2255 2787 2318; x_wconf 88' lang='grc' dir='ltr'>εἰς</span> <span class='ocrx_word' id='word_1_713' title='bbox 2811 2251 2970 2306; x_wconf 88' lang='grc' dir='ltr'>τοῦτο</span> <span class='ocrx_word' id='word_1_714' title='bbox 2997 2250 3336 2305; x_wconf 74' lang='grc' dir='ltr'>δαπανᾶσθαί</span> <span class='ocrx_word' id='word_1_715' title='bbox 3363 2267 3551 2321; x_wconf 88' lang='grc' dir='ltr'>φησιν.</span> <span class='ocrx_word' id='word_1_716' title='bbox 3575 2251 3648 2304; x_wconf 78' lang='grc' dir='ltr'>Οὐ</span> 
     </span>
    </p>
   </div>
   <div class='ocr_carea' id='block_1_86' title="bbox 1982 2338 3651 2414">
    <p class='ocr_par' dir='ltr' id='par_1_86' title="bbox 1982 2338 3651 2414">
     <span class='ocr_line' id='line_1_86' title="bbox 1982 2338 3651 2414; baseline -0.002 -20"><span class='ocrx_word' id='word_1_717' title='bbox 1982 2339 2092 2412; x_wconf 83' lang='grc' dir='ltr'>γὰρ</span> <span class='ocrx_word' id='word_1_718' title='bbox 2125 2342 2255 2396; x_wconf 83' lang='grc' dir='ltr'>ὅταν</span> <span class='ocrx_word' id='word_1_719' title='bbox 2283 2340 2743 2414; x_wconf 87' lang='grc' dir='ltr'>ἀριστοποιεῖσθαι</span> <span class='ocrx_word' id='word_1_720' title='bbox 2774 2340 2888 2411; x_wconf 84' lang='grc' dir='ltr'>δέῃ,</span> <span class='ocrx_word' id='word_1_721' title='bbox 2918 2338 3078 2393; x_wconf 87' lang='grc' dir='ltr'>τοῦτο</span> <span class='ocrx_word' id='word_1_722' title='bbox 3116 2338 3438 2410; x_wconf 73' lang='grc' dir='ltr'>πράττουσι,</span> <span class='ocrx_word' id='word_1_723' title='bbox 3469 2339 3651 2408; x_wconf 74' lang='grc' dir='ltr'>φησὶν,</span> 
     </span>
    </p>
   </div>
   <div class='ocr_carea' id='block_1_87' title="bbox 1983 2425 3655 2500">
    <p class='ocr_par' dir='ltr' id='par_1_87' title="bbox 1983 2425 3655 2500">
     <span class='ocr_line' id='line_1_87' title="bbox 1983 2425 3655 2500; baseline -0.003 -15"><span class='ocrx_word' id='word_1_724' title='bbox 1983 2428 2119 2485; x_wconf 85' lang='grc' dir='ltr'>ἀλλὰ</span> <span class='ocrx_word' id='word_1_725' title='bbox 2150 2429 2328 2483; x_wconf 88' lang='grc' dir='ltr'>πάντα</span> <span class='ocrx_word' id='word_1_726' title='bbox 2361 2429 2453 2483; x_wconf 80' lang='grc' dir='ltr'>τὸν</span> <span class='ocrx_word' id='word_1_727' title='bbox 2491 2428 2680 2500; x_wconf 80' lang='grc' dir='ltr'>καιρὸν</span> <span class='ocrx_word' id='word_1_728' title='bbox 2718 2427 2887 2499; x_wconf 85' lang='grc' dir='ltr'>μέθης</span> <span class='ocrx_word' id='word_1_729' title='bbox 2918 2425 3191 2490; x_wconf 87' lang='grc' dir='ltr'>ποιοῦντες</span> <span class='ocrx_word' id='word_1_730' title='bbox 3221 2425 3431 2497; x_wconf 80' lang='grc' dir='ltr'>καιρὸν,</span> <span class='ocrx_word' id='word_1_731' title='bbox 3461 2425 3555 2478; x_wconf 72' lang='grc' dir='ltr'>καὶ</span> <span class='ocrx_word' id='word_1_732' title='bbox 3589 2427 3655 2480; x_wconf 80' lang='grc' dir='ltr'>ἐκ</span> 
     </span>
    </p>
   </div>
   <div class='ocr_carea' id='block_1_88' title="bbox 1986 2509 3654 2587">
    <p class='ocr_par' dir='ltr' id='par_1_88' title="bbox 1986 2509 3654 2587">
     <span class='ocr_line' id='line_1_88' title="bbox 1986 2509 3654 2587; baseline -0.002 -20"><span class='ocrx_word' id='word_1_733' title='bbox 1986 2515 2282 2587; x_wconf 87' lang='grc' dir='ltr'>προοιμίων</span> <span class='ocrx_word' id='word_1_734' title='bbox 2324 2515 2422 2585; x_wconf 78' lang='grc' dir='ltr'>τῆς</span> <span class='ocrx_word' id='word_1_735' title='bbox 2452 2515 2684 2586; x_wconf 78' lang='grc' dir='ltr'>ἡμέρας,</span> <span class='ocrx_word' id='word_1_736' title='bbox 2741 2516 2828 2568; x_wconf 81' lang='grc' dir='ltr'>ὅτε</span> <span class='ocrx_word' id='word_1_737' title='bbox 2867 2509 3100 2584; x_wconf 85' lang='grc' dir='ltr'>μάλιστα</span> <span class='ocrx_word' id='word_1_738' title='bbox 3143 2514 3324 2575; x_wconf 77' lang='grc' dir='ltr'>αὐτοῖς</span> <span class='ocrx_word' id='word_1_739' title='bbox 3367 2512 3654 2584; x_wconf 82' lang='grc' dir='ltr'>προσέχειν</span> 
     </span>
    </p>
   </div>
   <div class='ocr_carea' id='block_1_89' title="bbox 1983 2599 3655 2676">
    <p class='ocr_par' dir='ltr' id='par_1_89' title="bbox 1983 2599 3655 2676">
     <span class='ocr_line' id='line_1_89' title="bbox 1983 2599 3655 2676; baseline -0.002 -21"><span class='ocrx_word' id='word_1_740' title='bbox 1983 2604 2173 2674; x_wconf 80' lang='grc' dir='ltr'>ἐχρῆν,</span> <span class='ocrx_word' id='word_1_741' title='bbox 2201 2603 2380 2674; x_wconf 83' lang='grc' dir='ltr'>πολλῷ</span> <span class='ocrx_word' id='word_1_742' title='bbox 2409 2603 2486 2675; x_wconf 80' lang='grc' dir='ltr'>τῷ</span> <span class='ocrx_word' id='word_1_743' title='bbox 2521 2604 2744 2676; x_wconf 81' lang='grc' dir='ltr'>ἀκράτῳ</span> <span class='ocrx_word' id='word_1_744' title='bbox 2778 2602 3008 2664; x_wconf 83' lang='grc' dir='ltr'>διδόντες</span> <span class='ocrx_word' id='word_1_745' title='bbox 3031 2600 3276 2664; x_wconf 72' lang='grc' dir='ltr'>ἑαυτοὺς,</span> <span class='ocrx_word' id='word_1_746' title='bbox 3306 2599 3400 2654; x_wconf 71' lang='grc' dir='ltr'>καί</span> <span class='ocrx_word' id='word_1_747' title='bbox 3429 2600 3655 2663; x_wconf 76' lang='grc' dir='ltr'>ἄκοντες</span> 
     </span>
    </p>
   </div>
   <div class='ocr_carea' id='block_1_90' title="bbox 1983 2686 3655 2762">
    <p class='ocr_par' dir='ltr' id='par_1_90' title="bbox 1983 2686 3655 2762">
     <span class='ocr_line' id='line_1_90' title="bbox 1983 2686 3655 2762; baseline -0.002 -20"><span class='ocrx_word' id='word_1_748' title='bbox 1983 2689 2168 2744; x_wconf 79' lang='grc' dir='ltr'>λοιπὸν</span> <span class='ocrx_word' id='word_1_749' title='bbox 2203 2691 2296 2743; x_wconf 74' lang='grc' dir='ltr'>καὶ</span> <span class='ocrx_word' id='word_1_750' title='bbox 2329 2690 2491 2760; x_wconf 87' lang='grc' dir='ltr'>μέχρι</span> <span class='ocrx_word' id='word_1_751' title='bbox 2518 2692 2614 2762; x_wconf 84' lang='grc' dir='ltr'>τῆς</span> <span class='ocrx_word' id='word_1_752' title='bbox 2654 2689 2889 2759; x_wconf 81' lang='grc' dir='ltr'>ἑσπέρας</span> <span class='ocrx_word' id='word_1_753' title='bbox 2938 2687 3358 2758; x_wconf 85' lang='grc' dir='ltr'>ὲναπομένοντες</span> <span class='ocrx_word' id='word_1_754' title='bbox 3390 2686 3466 2756; x_wconf 85' lang='grc' dir='ltr'>τῷ</span> <span class='ocrx_word' id='word_1_755' title='bbox 3495 2687 3655 2757; x_wconf 84' lang='grc' dir='ltr'>νοσή-</span> 
     </span>
    </p>
   </div>
   <div class='ocr_carea' id='block_1_91' title="bbox 1987 2773 3654 2848">
    <p class='ocr_par' dir='ltr' id='par_1_91' title="bbox 1987 2773 3654 2848">
     <span class='ocr_line' id='line_1_91' title="bbox 1987 2773 3654 2848; baseline -0.001 -20"><span class='ocrx_word' id='word_1_756' title='bbox 1987 2793 2136 2847; x_wconf 86' lang='grc' dir='ltr'>ματι.</span> <span class='ocrx_word' id='word_1_757' title='bbox 2172 2775 2422 2829; x_wconf 78' lang='grc' dir='ltr'>Ἐπειδὰν</span> <span class='ocrx_word' id='word_1_758' title='bbox 2451 2775 2560 2848; x_wconf 84' lang='grc' dir='ltr'>γάρ</span> <span class='ocrx_word' id='word_1_759' title='bbox 2591 2774 2737 2840; x_wconf 73' lang='grc' dir='ltr'>ἅπαξ</span> <span class='ocrx_word' id='word_1_760' title='bbox 2769 2774 3018 2844; x_wconf 78' lang='grc' dir='ltr'>φθάσωσι</span> <span class='ocrx_word' id='word_1_761' title='bbox 3053 2773 3544 2843; x_wconf 80' lang='grc' dir='ltr'>καταποντισθῆναι</span> <span class='ocrx_word' id='word_1_762' title='bbox 3574 2775 3654 2837; x_wconf 85' lang='grc' dir='ltr'>εἰς</span> 
     </span>
    </p>
   </div>
   <div class='ocr_carea' id='block_1_92' title="bbox 1981 2857 3651 2933">
    <p class='ocr_par' dir='ltr' id='par_1_92' title="bbox 1981 2857 3651 2933">
     <span class='ocr_line' id='line_1_92' title="bbox 1981 2857 3651 2933; baseline -0.004 -17"><span class='ocrx_word' id='word_1_763' title='bbox 1981 2860 2072 2916; x_wconf 82' lang='grc' dir='ltr'>τὸν</span> <span class='ocrx_word' id='word_1_764' title='bbox 2093 2861 2191 2933; x_wconf 82' lang='grc' dir='ltr'>τῆς</span> <span class='ocrx_word' id='word_1_765' title='bbox 2227 2861 2494 2933; x_wconf 76' lang='grc' dir='ltr'>ἀκρασίας</span> <span class='ocrx_word' id='word_1_766' title='bbox 2523 2861 2698 2932; x_wconf 83' lang='grc' dir='ltr'>βυθὸν,</span> <span class='ocrx_word' id='word_1_767' title='bbox 2735 2860 2830 2914; x_wconf 81' lang='grc' dir='ltr'>καὶ</span> <span class='ocrx_word' id='word_1_768' title='bbox 2865 2860 2974 2912; x_wconf 87' lang='grc' dir='ltr'>τῶν</span> <span class='ocrx_word' id='word_1_769' title='bbox 3007 2858 3149 2913; x_wconf 85' lang='grc' dir='ltr'>κατὰ</span> <span class='ocrx_word' id='word_1_770' title='bbox 3185 2857 3345 2927; x_wconf 85' lang='grc' dir='ltr'>φύσιν</span> <span class='ocrx_word' id='word_1_771' title='bbox 3374 2859 3651 2911; x_wconf 87' lang='grc' dir='ltr'>ἐκπέσωσι</span> 
     </span>
    </p>
   </div>
   <div class='ocr_carea' id='block_1_93' title="bbox 1983 2946 3654 3020">
    <p class='ocr_par' dir='ltr' id='par_1_93' title="bbox 1983 2946 3654 3020">
     <span class='ocr_line' id='line_1_93' title="bbox 1983 2946 3654 3020; baseline -0.002 -17"><span class='ocrx_word' id='word_1_772' title='bbox 1983 2949 2220 3020; x_wconf 86' lang='grc' dir='ltr'>φρενῶν,</span> <span class='ocrx_word' id='word_1_773' title='bbox 2249 2950 2344 3003; x_wconf 76' lang='grc' dir='ltr'>καὶ</span> <span class='ocrx_word' id='word_1_774' title='bbox 2379 2949 2476 3020; x_wconf 81' lang='grc' dir='ltr'>τὴν</span> <span class='ocrx_word' id='word_1_775' title='bbox 2502 2947 2678 3020; x_wconf 71' lang='grc' dir='ltr'>ψυχὴν</span> <span class='ocrx_word' id='word_1_776' title='bbox 2711 2946 3054 3020; x_wconf 86' lang='grc' dir='ltr'>αἰχμάλωτον</span> <span class='ocrx_word' id='word_1_777' title='bbox 3085 2949 3150 3018; x_wconf 82' lang='grc' dir='ltr'>τῇ</span> <span class='ocrx_word' id='word_1_778' title='bbox 3181 2946 3392 3019; x_wconf 84' lang='grc' dir='ltr'>πονηρᾷ</span> <span class='ocrx_word' id='word_1_779' title='bbox 3430 2946 3529 3018; x_wconf 81' lang='grc' dir='ltr'>τῆς</span> <span class='ocrx_word' id='word_1_780' title='bbox 3557 2947 3654 3018; x_wconf 76' lang='grc' dir='ltr'>μέ-</span> 
     </span>
    </p>
   </div>
   <div class='ocr_carea' id='block_1_94' title="bbox 1985 3034 3653 3107">
    <p class='ocr_par' dir='ltr' id='par_1_94' title="bbox 1985 3034 3653 3107">
     <span class='ocr_line' id='line_1_94' title="bbox 1985 3034 3653 3107; baseline -0.001 -17"><span class='ocrx_word' id='word_1_781' title='bbox 1985 3035 2085 3107; x_wconf 89' lang='grc' dir='ltr'>θης</span> <span class='ocrx_word' id='word_1_782' title='bbox 2125 3034 2490 3107; x_wconf 85' lang='grc' dir='ltr'>παραδώσωσι</span> <span class='ocrx_word' id='word_1_783' title='bbox 2518 3036 2809 3106; x_wconf 89' lang='grc' dir='ltr'>τυραννίδι,</span> <span class='ocrx_word' id='word_1_784' title='bbox 2852 3035 3105 3105; x_wconf 87' lang='grc' dir='ltr'>καθάπερ</span> <span class='ocrx_word' id='word_1_785' title='bbox 3139 3035 3322 3088; x_wconf 86' lang='grc' dir='ltr'>πλοῖον</span> <span class='ocrx_word' id='word_1_786' title='bbox 3355 3035 3653 3105; x_wconf 84' lang='grc' dir='ltr'>ἀνερμάτι-</span> 
     </span>
    </p>
   </div>
   <div class='ocr_carea' id='block_1_95' title="bbox 1984 3120 3650 3193">
    <p class='ocr_par' dir='ltr' id='par_1_95' title="bbox 1984 3120 3650 3193">
     <span class='ocr_line' id='line_1_95' title="bbox 1984 3120 3650 3193; baseline -0.001 -17"><span class='ocrx_word' id='word_1_787' title='bbox 1984 3138 2128 3186; x_wconf 86' lang='grc' dir='ltr'>στον,</span> <span class='ocrx_word' id='word_1_788' title='bbox 2153 3123 2244 3175; x_wconf 75' lang='grc' dir='ltr'>καὶ</span> <span class='ocrx_word' id='word_1_789' title='bbox 2266 3122 2600 3193; x_wconf 87' lang='grc' dir='ltr'>κυϐερνήτου</span> <span class='ocrx_word' id='word_1_790' title='bbox 2626 3123 2722 3176; x_wconf 76' lang='grc' dir='ltr'>καὶ</span> <span class='ocrx_word' id='word_1_791' title='bbox 2752 3121 2962 3176; x_wconf 87' lang='grc' dir='ltr'>ναυτῶν</span> <span class='ocrx_word' id='word_1_792' title='bbox 2984 3120 3443 3192; x_wconf 80' lang='grc' dir='ltr'>ἀπεστερημένον,</span> <span class='ocrx_word' id='word_1_793' title='bbox 3464 3120 3650 3186; x_wconf 78' lang='grc' dir='ltr'>ἁπλῶς</span> 
     </span>
    </p>
   </div>
   <div class='ocr_carea' id='block_1_96' title="bbox 1983 3207 3650 3281">
    <p class='ocr_par' dir='ltr' id='par_1_96' title="bbox 1983 3207 3650 3281">
     <span class='ocr_line' id='line_1_96' title="bbox 1983 3207 3650 3281; baseline -0.002 -18"><span class='ocrx_word' id='word_1_794' title='bbox 1983 3209 2077 3263; x_wconf 78' lang='grc' dir='ltr'>καὶ</span> <span class='ocrx_word' id='word_1_795' title='bbox 2104 3208 2227 3280; x_wconf 85' lang='grc' dir='ltr'>εἰκῆ</span> <span class='ocrx_word' id='word_1_796' title='bbox 2253 3210 2500 3281; x_wconf 86' lang='grc' dir='ltr'>φέρεται,</span> <span class='ocrx_word' id='word_1_797' title='bbox 2531 3211 2596 3280; x_wconf 83' lang='grc' dir='ltr'>τῇ</span> <span class='ocrx_word' id='word_1_798' title='bbox 2623 3208 2730 3261; x_wconf 90' lang='grc' dir='ltr'>τῶν</span> <span class='ocrx_word' id='word_1_799' title='bbox 2761 3208 2969 3262; x_wconf 83' lang='grc' dir='ltr'>ὑδάτων</span> <span class='ocrx_word' id='word_1_800' title='bbox 3008 3209 3225 3278; x_wconf 85' lang='grc' dir='ltr'>ἀτάκτῳ</span> <span class='ocrx_word' id='word_1_801' title='bbox 3255 3207 3401 3279; x_wconf 75' lang='grc' dir='ltr'>ῥύμῃ</span> <span class='ocrx_word' id='word_1_802' title='bbox 3442 3225 3650 3261; x_wconf 88' lang='grc' dir='ltr'>παντα-</span> 
     </span>
    </p>
   </div>
   <div class='ocr_carea' id='block_1_97' title="bbox 1983 3287 3652 3369">
    <p class='ocr_par' dir='ltr' id='par_1_97' title="bbox 1983 3287 3652 3369">
     <span class='ocr_line' id='line_1_97' title="bbox 1983 3287 3652 3369; baseline 0 -18"><span class='ocrx_word' id='word_1_803' title='bbox 1983 3299 2079 3367; x_wconf 89' lang='grc' dir='ltr'>χοῦ</span> <span class='ocrx_word' id='word_1_804' title='bbox 2117 3298 2539 3368; x_wconf 87' lang='grc' dir='ltr'>περιαγόμενον,</span> <span class='ocrx_word' id='word_1_805' title='bbox 2587 3297 2676 3351; x_wconf 84' lang='grc' dir='ltr'>τδν</span> <span class='ocrx_word' id='word_1_806' title='bbox 2711 3298 2872 3352; x_wconf 76' lang='grc' dir='ltr'>αὑτὸν</span> <span class='ocrx_word' id='word_1_807' title='bbox 2901 3297 2965 3369; x_wconf 81' lang='grc' dir='ltr'>δὴ</span> <span class='ocrx_word' id='word_1_808' title='bbox 3005 3297 3205 3369; x_wconf 85' lang='grc' dir='ltr'>τρόπον</span> <span class='ocrx_word' id='word_1_809' title='bbox 3243 3297 3337 3350; x_wconf 77' lang='grc' dir='ltr'>καὶ</span> <span class='ocrx_word' id='word_1_810' title='bbox 3365 3287 3511 3348; x_wconf 73' lang='grc' dir='ltr'>οὗτοι</span> <span class='ocrx_word' id='word_1_811' title='bbox 3545 3296 3652 3351; x_wconf 75' lang='grc' dir='ltr'>ὑπὸ</span> 
     </span>
    </p>
   </div>
   <div class='ocr_carea' id='block_1_98' title="bbox 1983 3382 3652 3457">
    <p class='ocr_par' dir='ltr' id='par_1_98' title="bbox 1983 3382 3652 3457">
     <span class='ocr_line' id='line_1_98' title="bbox 1983 3382 3652 3457; baseline 0.001 -19"><span class='ocrx_word' id='word_1_812' title='bbox 1983 3385 2082 3456; x_wconf 83' lang='grc' dir='ltr'>τῆς</span> <span class='ocrx_word' id='word_1_813' title='bbox 2113 3385 2284 3457; x_wconf 88' lang='grc' dir='ltr'>μέθης</span> <span class='ocrx_word' id='word_1_814' title='bbox 2331 3384 2650 3456; x_wconf 83' lang='grc' dir='ltr'>ὑποϐρύχιοι</span> <span class='ocrx_word' id='word_1_815' title='bbox 2701 3385 3001 3456; x_wconf 88' lang='grc' dir='ltr'>γενόμενοι.</span> <span class='ocrx_word' id='word_1_816' title='bbox 3044 3383 3134 3437; x_wconf 90' lang='grc' dir='ltr'>Διό</span> <span class='ocrx_word' id='word_1_817' title='bbox 3176 3399 3369 3454; x_wconf 80' lang='grc' dir='ltr'>φησιν’</span> <span class='ocrx_word' id='word_1_818' title='bbox 3416 3382 3562 3437; x_wconf 84' lang='grc' dir='ltr'>Οὺαί</span> <span class='ocrx_word' id='word_1_819' title='bbox 3596 3387 3652 3439; x_wconf 86' lang='grc' dir='ltr'>οἰ</span> 
     </span>
    </p>
   </div>
   <div class='ocr_carea' id='block_1_99' title="bbox 1982 3469 3649 3542">
    <p class='ocr_par' dir='ltr' id='par_1_99' title="bbox 1982 3469 3649 3542">
     <span class='ocr_line' id='line_1_99' title="bbox 1982 3469 3649 3542; baseline -0.001 -17"><span class='ocrx_word' id='word_1_820' title='bbox 1982 3472 2339 3542; x_wconf 80' lang='grc' dir='ltr'>ἐγειρόμενοι</span> <span class='ocrx_word' id='word_1_821' title='bbox 2378 3473 2444 3527; x_wconf 86' lang='grc' dir='ltr'>τὸ</span> <span class='ocrx_word' id='word_1_822' title='bbox 2479 3472 2660 3542; x_wconf 85' lang='grc' dir='ltr'>πρωῒ,</span> <span class='ocrx_word' id='word_1_823' title='bbox 2704 3471 2800 3526; x_wconf 75' lang='grc' dir='ltr'>καί</span> <span class='ocrx_word' id='word_1_824' title='bbox 2843 3472 2908 3525; x_wconf 78' lang='grc' dir='ltr'>τὸ</span> <span class='ocrx_word' id='word_1_825' title='bbox 2959 3471 3171 3539; x_wconf 83' lang='grc' dir='ltr'>σίκερα</span> <span class='ocrx_word' id='word_1_826' title='bbox 3201 3469 3538 3536; x_wconf 83' lang='grc' dir='ltr'>διώκοντες.</span> <span class='ocrx_word' id='word_1_827' title='bbox 3572 3471 3649 3525; x_wconf 79' lang='grc' dir='ltr'>Οὐ</span> 
     </span>
    </p>
   </div>
   <div class='ocr_carea' id='block_1_100' title="bbox 1982 3557 3650 3631">
    <p class='ocr_par' dir='ltr' id='par_1_100' title="bbox 1982 3557 3650 3631">
     <span class='ocr_line' id='line_1_100' title="bbox 1982 3557 3650 3631; baseline -0.001 -19"><span class='ocrx_word' id='word_1_828' title='bbox 1982 3560 2090 3631; x_wconf 85' lang='grc' dir='ltr'>γὰρ</span> <span class='ocrx_word' id='word_1_829' title='bbox 2118 3561 2216 3630; x_wconf 79' lang='grc' dir='ltr'>τὴν</span> <span class='ocrx_word' id='word_1_830' title='bbox 2246 3559 2436 3631; x_wconf 88' lang='grc' dir='ltr'>χρείαν</span> <span class='ocrx_word' id='word_1_831' title='bbox 2474 3560 2764 3631; x_wconf 86' lang='grc' dir='ltr'>ἐπλήρουν,</span> <span class='ocrx_word' id='word_1_832' title='bbox 2794 3558 2914 3612; x_wconf 80' lang='grc' dir='ltr'>οὐδὲ</span> <span class='ocrx_word' id='word_1_833' title='bbox 2949 3558 3206 3628; x_wconf 84' lang='grc' dir='ltr'>ἀνέμενον</span> <span class='ocrx_word' id='word_1_834' title='bbox 3238 3557 3529 3628; x_wconf 87' lang='grc' dir='ltr'>ἐπιθυμίας</span> <span class='ocrx_word' id='word_1_835' title='bbox 3556 3573 3650 3626; x_wconf 84' lang='grc' dir='ltr'>γε-</span> 
     </span>
    </p>
   </div>
   <div class='ocr_carea' id='block_1_101' title="bbox 1981 3643 3649 3718">
    <p class='ocr_par' dir='ltr' id='par_1_101' title="bbox 1981 3643 3649 3718">
     <span class='ocr_line' id='line_1_101' title="bbox 1981 3643 3649 3718; baseline -0.002 -17"><span class='ocrx_word' id='word_1_836' title='bbox 1981 3648 2214 3718; x_wconf 87' lang='grc' dir='ltr'>νομένης</span> <span class='ocrx_word' id='word_1_837' title='bbox 2263 3646 2549 3718; x_wconf 88' lang='grc' dir='ltr'>πληρῶσαι</span> <span class='ocrx_word' id='word_1_838' title='bbox 2591 3647 2690 3718; x_wconf 83' lang='grc' dir='ltr'>τὴν</span> <span class='ocrx_word' id='word_1_839' title='bbox 2721 3645 2958 3710; x_wconf 81' lang='grc' dir='ltr'>ἔνδειαν,</span> <span class='ocrx_word' id='word_1_840' title='bbox 3005 3644 3119 3698; x_wconf 79' lang='grc' dir='ltr'>ἀλλ’</span> <span class='ocrx_word' id='word_1_841' title='bbox 3166 3644 3325 3715; x_wconf 80' lang='grc' dir='ltr'>ἔργον</span> <span class='ocrx_word' id='word_1_842' title='bbox 3370 3643 3649 3697; x_wconf 87' lang='grc' dir='ltr'>ἐποιοῦντο</span> 
     </span>
    </p>
   </div>
   <div class='ocr_carea' id='block_1_102' title="bbox 1979 3731 3649 3805">
    <p class='ocr_par' dir='ltr' id='par_1_102' title="bbox 1979 3731 3649 3805">
     <span class='ocr_line' id='line_1_102' title="bbox 1979 3731 3649 3805; baseline -0.002 -16"><span class='ocrx_word' id='word_1_843' title='bbox 1979 3733 2138 3789; x_wconf 90' lang='grc' dir='ltr'>τοῦτο</span> <span class='ocrx_word' id='word_1_844' title='bbox 2167 3736 2260 3788; x_wconf 74' lang='grc' dir='ltr'>καὶ</span> <span class='ocrx_word' id='word_1_845' title='bbox 2292 3733 2542 3805; x_wconf 88' lang='grc' dir='ltr'>μελέτην,</span> <span class='ocrx_word' id='word_1_846' title='bbox 2571 3733 2634 3785; x_wconf 84' lang='grc' dir='ltr'>τὸ</span> <span class='ocrx_word' id='word_1_847' title='bbox 2662 3731 2923 3802; x_wconf 86' lang='grc' dir='ltr'>διηνεκῶς</span> <span class='ocrx_word' id='word_1_848' title='bbox 2956 3731 3193 3802; x_wconf 89' lang='grc' dir='ltr'>μεθύειν.</span> <span class='ocrx_word' id='word_1_849' title='bbox 3235 3731 3327 3784; x_wconf 88' lang='grc' dir='ltr'>Διό</span> <span class='ocrx_word' id='word_1_850' title='bbox 3366 3747 3549 3801; x_wconf 81' lang='grc' dir='ltr'>φησιν’</span> <span class='ocrx_word' id='word_1_851' title='bbox 3584 3734 3649 3786; x_wconf 87' lang='grc' dir='ltr'>οι</span> 
     </span>
    </p>
   </div>
   <div class='ocr_carea' id='block_1_103' title="bbox 1982 3819 3648 3892">
    <p class='ocr_par' dir='ltr' id='par_1_103' title="bbox 1982 3819 3648 3892">
     <span class='ocr_line' id='line_1_103' title="bbox 1982 3819 3648 3892; baseline -0.002 -15"><span class='ocrx_word' id='word_1_852' title='bbox 1982 3822 2294 3889; x_wconf 83' lang='grc' dir='ltr'>διώκοντες</span> <span class='ocrx_word' id='word_1_853' title='bbox 2323 3823 2550 3890; x_wconf 79' lang='grc' dir='ltr'>σίκερα.</span> <span class='ocrx_word' id='word_1_854' title='bbox 2589 3821 2790 3892; x_wconf 85' lang='grc' dir='ltr'>Σίκερα</span> <span class='ocrx_word' id='word_1_855' title='bbox 2826 3821 2883 3875; x_wconf 87' lang='grc' dir='ltr'>δέ</span> <span class='ocrx_word' id='word_1_856' title='bbox 2921 3819 3153 3874; x_wconf 81' lang='grc' dir='ltr'>ἐνταῦθά</span> <span class='ocrx_word' id='word_1_857' title='bbox 3183 3836 3314 3890; x_wconf 90' lang='grc' dir='ltr'>φησι</span> <span class='ocrx_word' id='word_1_858' title='bbox 3342 3819 3450 3872; x_wconf 90' lang='grc' dir='ltr'>τῶν</span> <span class='ocrx_word' id='word_1_859' title='bbox 3479 3820 3648 3890; x_wconf 83' lang='grc' dir='ltr'>φοινί-</span> 
     </span>
    </p>
   </div>
   <div class='ocr_carea' id='block_1_104' title="bbox 1983 3907 3649 3982">
    <p class='ocr_par' dir='ltr' id='par_1_104' title="bbox 1983 3907 3649 3982">
     <span class='ocr_line' id='line_1_104' title="bbox 1983 3907 3649 3982; baseline -0.002 -16"><span class='ocrx_word' id='word_1_860' title='bbox 1983 3927 2094 3967; x_wconf 88' lang='grc' dir='ltr'>κων</span> <span class='ocrx_word' id='word_1_861' title='bbox 2119 3912 2210 3966; x_wconf 85' lang='grc' dir='ltr'>τὸν</span> <span class='ocrx_word' id='word_1_862' title='bbox 2243 3910 2395 3976; x_wconf 80' lang='grc' dir='ltr'>ὀπὸν,</span> <span class='ocrx_word' id='word_1_863' title='bbox 2434 3911 2493 3964; x_wconf 86' lang='grc' dir='ltr'>ὃν</span> <span class='ocrx_word' id='word_1_864' title='bbox 2538 3910 2880 3982; x_wconf 88' lang='grc' dir='ltr'>ἐπετήδευον,</span> <span class='ocrx_word' id='word_1_865' title='bbox 2914 3907 3282 3981; x_wconf 87' lang='grc' dir='ltr'>συντρίϐοντες</span> <span class='ocrx_word' id='word_1_866' title='bbox 3315 3908 3406 3961; x_wconf 85' lang='grc' dir='ltr'>τὸν</span> <span class='ocrx_word' id='word_1_867' title='bbox 3435 3909 3649 3980; x_wconf 82' lang='grc' dir='ltr'>καρπὸν</span> 
     </span>
    </p>
   </div>
   <div class='ocr_carea' id='block_1_105' title="bbox 1982 3994 3651 4069">
    <p class='ocr_par' dir='ltr' id='par_1_105' title="bbox 1982 3994 3651 4069">
     <span class='ocr_line' id='line_1_105' title="bbox 1982 3994 3651 4069; baseline -0.004 -13"><span class='ocrx_word' id='word_1_868' title='bbox 1982 4001 2078 4056; x_wconf 76' lang='grc' dir='ltr'>καὶ</span> <span class='ocrx_word' id='word_1_869' title='bbox 2110 3999 2504 4064; x_wconf 88' lang='grc' dir='ltr'>καταθλῶντες,</span> <span class='ocrx_word' id='word_1_870' title='bbox 2531 4000 2610 4062; x_wconf 89' lang='grc' dir='ltr'>εἰς</span> <span class='ocrx_word' id='word_1_871' title='bbox 2628 3998 2772 4052; x_wconf 85' lang='grc' dir='ltr'>οίνου</span> <span class='ocrx_word' id='word_1_872' title='bbox 2814 3994 3309 4069; x_wconf 84' lang='grc' dir='ltr'>μετασχηματίζειν</span> <span class='ocrx_word' id='word_1_873' title='bbox 3337 3994 3516 4065; x_wconf 83' lang='grc' dir='ltr'>φύσιν.</span> <span class='ocrx_word' id='word_1_874' title='bbox 3541 3998 3651 4050; x_wconf 86' lang='lat' dir='ltr'><strong><em>Ka-</em></strong></span> 
     </span>
    </p>
   </div>
   <div class='ocr_carea' id='block_1_106' title="bbox 1986 4083 3644 4159">
    <p class='ocr_par' dir='ltr' id='par_1_106' title="bbox 1986 4083 3644 4159">
     <span class='ocr_line' id='line_1_106' title="bbox 1986 4083 3644 4159; baseline -0.001 -18"><span class='ocrx_word' id='word_1_875' title='bbox 1986 4086 2213 4159; x_wconf 81' lang='grc' dir='ltr'>ρωτικὸν</span> <span class='ocrx_word' id='word_1_876' title='bbox 2259 4086 2317 4141; x_wconf 86' lang='grc' dir='ltr'>δέ</span> <span class='ocrx_word' id='word_1_877' title='bbox 2366 4088 2484 4140; x_wconf 89' lang='grc' dir='ltr'>ἐστι</span> <span class='ocrx_word' id='word_1_878' title='bbox 2530 4086 2592 4140; x_wconf 85' lang='grc' dir='ltr'>τὺ</span> <span class='ocrx_word' id='word_1_879' title='bbox 2638 4084 2898 4150; x_wconf 89' lang='grc' dir='ltr'>τοιοῦτον,</span> <span class='ocrx_word' id='word_1_880' title='bbox 2950 4084 3044 4137; x_wconf 71' lang='grc' dir='ltr'>καὶ</span> <span class='ocrx_word' id='word_1_881' title='bbox 3098 4083 3267 4154; x_wconf 84' lang='grc' dir='ltr'>μέθης</span> <span class='ocrx_word' id='word_1_882' title='bbox 3299 4084 3644 4154; x_wconf 88' lang='grc' dir='ltr'>ἐργαστικόν.</span> 
     </span>
    </p>
   </div>
   <div class='ocr_carea' id='block_1_107' title="bbox 1995 4170 3651 4246">
    <p class='ocr_par' dir='ltr' id='par_1_107' title="bbox 1995 4170 3651 4246">
     <span class='ocr_line' id='line_1_107' title="bbox 1995 4170 3651 4246; baseline -0.001 -19"><span class='ocrx_word' id='word_1_883' title='bbox 1995 4175 2134 4228; x_wconf 82' lang='grc' dir='ltr'>Ἀλλ’</span> <span class='ocrx_word' id='word_1_884' title='bbox 2154 4175 2305 4229; x_wconf 75' lang='grc' dir='ltr'>οὐδὲν</span> <span class='ocrx_word' id='word_1_885' title='bbox 2333 4173 2625 4246; x_wconf 83' lang='grc' dir='ltr'>ύφωρῶντο</span> <span class='ocrx_word' id='word_1_886' title='bbox 2647 4172 2849 4226; x_wconf 89' lang='grc' dir='ltr'>τούτων</span> <span class='ocrx_word' id='word_1_887' title='bbox 2873 4175 3086 4237; x_wconf 89' lang='grc' dir='ltr'>ἐκεῖνοι,</span> <span class='ocrx_word' id='word_1_888' title='bbox 3111 4170 3207 4243; x_wconf 82' lang='grc' dir='ltr'>τὴν</span> <span class='ocrx_word' id='word_1_889' title='bbox 3231 4171 3422 4242; x_wconf 85' lang='grc' dir='ltr'>ήδονὴν</span> <span class='ocrx_word' id='word_1_890' title='bbox 3450 4188 3651 4225; x_wconf 56' lang='lat' dir='ltr'><strong><em>«avra-</em></strong></span> 
     </span>
    </p>
   </div>
   <div class='ocr_carea' id='block_1_108' title="bbox 1981 4255 3650 4332">
    <p class='ocr_par' dir='ltr' id='par_1_108' title="bbox 1981 4255 3650 4332">
     <span class='ocr_line' id='line_1_108' title="bbox 1981 4255 3650 4332; baseline -0.002 -18"><span class='ocrx_word' id='word_1_891' title='bbox 1981 4263 2078 4332; x_wconf 85' lang='grc' dir='ltr'>χοῦ</span> <span class='ocrx_word' id='word_1_892' title='bbox 2109 4262 2419 4325; x_wconf 87' lang='grc' dir='ltr'>διώκοντες,</span> <span class='ocrx_word' id='word_1_893' title='bbox 2458 4261 2710 4330; x_wconf 89' lang='grc' dir='ltr'>μένοντες</span> <span class='ocrx_word' id='word_1_894' title='bbox 2747 4259 2808 4314; x_wconf 81' lang='grc' dir='ltr'>τὸ</span> <span class='ocrx_word' id='word_1_895' title='bbox 2841 4259 2957 4330; x_wconf 75' lang='grc' dir='ltr'>ὀψέ.</span> <span class='ocrx_word' id='word_1_896' title='bbox 2999 4260 3052 4312; x_wconf 91' lang='lat'><strong>&#39;0</strong></span> <span class='ocrx_word' id='word_1_897' title='bbox 3083 4260 3193 4329; x_wconf 84' lang='grc' dir='ltr'>τὰρ</span> <span class='ocrx_word' id='word_1_898' title='bbox 3228 4255 3388 4324; x_wconf 76' lang='grc' dir='ltr'>οἶνος</span> <span class='ocrx_word' id='word_1_899' title='bbox 3424 4259 3650 4325; x_wconf 85' lang='grc' dir='ltr'>αὐτοὺς</span> 
     </span>
    </p>
   </div>
   <div class='ocr_carea' id='block_1_109' title="bbox 1969 4345 3650 4418">
    <p class='ocr_par' dir='ltr' id='par_1_109' title="bbox 1969 4345 3650 4418">
     <span class='ocr_line' id='line_1_109' title="bbox 1969 4345 3650 4418; baseline -0.002 -14"><span class='ocrx_word' id='word_1_900' title='bbox 1969 4351 2334 4418; x_wconf 28' lang='grc' dir='ltr'>νσυγκαύσει.</span> <span class='ocrx_word' id='word_1_901' title='bbox 2365 4348 2600 4418; x_wconf 88' lang='grc' dir='ltr'>Τοιαύτη</span> <span class='ocrx_word' id='word_1_902' title='bbox 2634 4347 2743 4418; x_wconf 79' lang='grc' dir='ltr'>γὰρ</span> <span class='ocrx_word' id='word_1_903' title='bbox 2768 4347 2867 4418; x_wconf 84' lang='grc' dir='ltr'>τῆς</span> <span class='ocrx_word' id='word_1_904' title='bbox 2895 4346 3062 4418; x_wconf 87' lang='grc' dir='ltr'>μέθης</span> <span class='ocrx_word' id='word_1_905' title='bbox 3096 4349 3128 4418; x_wconf 85' lang='grc' dir='ltr'>ή</span> <span class='ocrx_word' id='word_1_906' title='bbox 3172 4345 3350 4414; x_wconf 77' lang='grc' dir='ltr'>φύσιςο</span> <span class='ocrx_word' id='word_1_907' title='bbox 3383 4345 3650 4416; x_wconf 83' lang='grc' dir='ltr'>προϊοῦσα</span> 
     </span>
    </p>
   </div>
   <div class='ocr_carea' id='block_1_110' title="bbox 1981 4429 3651 4505">
    <p class='ocr_par' dir='ltr' id='par_1_110' title="bbox 1981 4429 3651 4505">
     <span class='ocr_line' id='line_1_110' title="bbox 1981 4429 3651 4505; baseline -0.002 -16"><span class='ocrx_word' id='word_1_908' title='bbox 1981 4437 2220 4503; x_wconf 77' lang='grc' dir='ltr'>αῦξεται,</span> <span class='ocrx_word' id='word_1_909' title='bbox 2245 4436 2339 4489; x_wconf 78' lang='grc' dir='ltr'>καὶ</span> <span class='ocrx_word' id='word_1_910' title='bbox 2366 4433 2746 4505; x_wconf 87' lang='grc' dir='ltr'>χαλεπώτερον</span> <span class='ocrx_word' id='word_1_911' title='bbox 2771 4434 2829 4486; x_wconf 84' lang='grc' dir='ltr'>τὸ</span> <span class='ocrx_word' id='word_1_912' title='bbox 2865 4432 3014 4504; x_wconf 74' lang='grc' dir='ltr'>δίψος</span> <span class='ocrx_word' id='word_1_913' title='bbox 3046 4435 3206 4486; x_wconf 87' lang='grc' dir='ltr'>ποιεῖ.</span> <span class='ocrx_word' id='word_1_914' title='bbox 3247 4429 3380 4490; x_wconf 83' lang='grc' dir='ltr'>Εἶτα</span> <span class='ocrx_word' id='word_1_915' title='bbox 3409 4433 3503 4486; x_wconf 77' lang='grc' dir='ltr'>καὶ</span> <span class='ocrx_word' id='word_1_916' title='bbox 3529 4432 3651 4485; x_wconf 82' lang='grc' dir='ltr'>ἐτε-</span> 
     </span>
    </p>
   </div>
   <div class='ocr_carea' id='block_1_111' title="bbox 1984 4517 3656 4594">
    <p class='ocr_par' dir='ltr' id='par_1_111' title="bbox 1984 4517 3656 4594">
     <span class='ocr_line' id='line_1_111' title="bbox 1984 4517 3656 4594; baseline -0.004 -19"><span class='ocrx_word' id='word_1_917' title='bbox 1984 4540 2074 4594; x_wconf 92' lang='grc' dir='ltr'>ρον</span> <span class='ocrx_word' id='word_1_918' title='bbox 2100 4521 2198 4574; x_wconf 76' lang='grc' dir='ltr'>οὐκ</span> <span class='ocrx_word' id='word_1_919' title='bbox 2232 4520 2452 4574; x_wconf 79' lang='grc' dir='ltr'>ἔλαττον</span> <span class='ocrx_word' id='word_1_920' title='bbox 2476 4519 2726 4590; x_wconf 77' lang='grc' dir='ltr'>ἔγκλημα</span> <span class='ocrx_word' id='word_1_921' title='bbox 2751 4519 2845 4572; x_wconf 82' lang='grc' dir='ltr'>τοῦ</span> <span class='ocrx_word' id='word_1_922' title='bbox 2878 4518 3142 4591; x_wconf 82' lang='grc' dir='ltr'>προτέρου</span> <span class='ocrx_word' id='word_1_923' title='bbox 3179 4517 3520 4590; x_wconf 84' lang='grc' dir='ltr'>προστίθησι,</span> <span class='ocrx_word' id='word_1_924' title='bbox 3559 4517 3656 4570; x_wconf 71' lang='grc' dir='ltr'>λέι</span> 
     </span>
    </p>
   </div>
   <div class='ocr_carea' id='block_1_112' title="bbox 1977 4603 3653 4678">
    <p class='ocr_par' dir='ltr' id='par_1_112' title="bbox 1977 4603 3653 4678">
     <span class='ocr_line' id='line_1_112' title="bbox 1977 4603 3653 4678; baseline -0.003 -16"><span class='ocrx_word' id='word_1_925' title='bbox 1977 4624 2111 4678; x_wconf 77' lang='grc' dir='ltr'>γωνο</span> <span class='ocrx_word' id='word_1_926' title='bbox 2133 4609 2294 4661; x_wconf 80' lang='grc' dir='ltr'>Μετὰ</span> <span class='ocrx_word' id='word_1_927' title='bbox 2319 4608 2429 4676; x_wconf 76' lang='grc' dir='ltr'>γὰρ</span> <span class='ocrx_word' id='word_1_928' title='bbox 2447 4604 2690 4674; x_wconf 78' lang='grc' dir='ltr'>κιθάρας</span> <span class='ocrx_word' id='word_1_929' title='bbox 2721 4605 2818 4660; x_wconf 77' lang='grc' dir='ltr'>καί</span> <span class='ocrx_word' id='word_1_930' title='bbox 2843 4607 3179 4675; x_wconf 76' lang='grc' dir='ltr'>ψαλτηρίου</span> <span class='ocrx_word' id='word_1_931' title='bbox 3203 4605 3300 4659; x_wconf 84' lang='grc' dir='ltr'>καί</span> <span class='ocrx_word' id='word_1_932' title='bbox 3323 4603 3653 4674; x_wconf 77' lang='grc' dir='ltr'>τυμπάνων</span> 
     </span>
    </p>
   </div>
   <div class='ocr_carea' id='block_1_113' title="bbox 1979 4689 3653 4764">
    <p class='ocr_par' dir='ltr' id='par_1_113' title="bbox 1979 4689 3653 4764">
     <span class='ocr_line' id='line_1_113' title="bbox 1979 4689 3653 4764; baseline -0.003 -15"><span class='ocrx_word' id='word_1_933' title='bbox 1979 4695 2077 4749; x_wconf 76' lang='grc' dir='ltr'>καί</span> <span class='ocrx_word' id='word_1_934' title='bbox 2111 4693 2318 4749; x_wconf 72' lang='grc' dir='ltr'>αὐλῶν</span> <span class='ocrx_word' id='word_1_935' title='bbox 2356 4693 2464 4749; x_wconf 80' lang='grc' dir='ltr'>τὸν</span> <span class='ocrx_word' id='word_1_936' title='bbox 2505 4689 2674 4747; x_wconf 75' lang='grc' dir='ltr'>οἶνον</span> <span class='ocrx_word' id='word_1_937' title='bbox 2701 4695 2968 4748; x_wconf 82' lang='grc' dir='ltr'>πίνουσι.</span> <span class='ocrx_word' id='word_1_938' title='bbox 3008 4693 3178 4747; x_wconf 89' lang='grc' dir='ltr'>Τοῦτο</span> <span class='ocrx_word' id='word_1_939' title='bbox 3209 4693 3303 4748; x_wconf 76' lang='grc' dir='ltr'>καὶ</span> <span class='ocrx_word' id='word_1_940' title='bbox 3339 4693 3525 4764; x_wconf 72' lang='grc' dir='ltr'>ἔτερος</span> <span class='ocrx_word' id='word_1_941' title='bbox 3556 4693 3653 4761; x_wconf 86' lang='grc' dir='ltr'>ἐγ-</span> 
     </span>
    </p>
   </div>
   <div class='ocr_carea' id='block_1_114' title="bbox 1978 4778 3654 4854">
    <p class='ocr_par' dir='ltr' id='par_1_114' title="bbox 1978 4778 3654 4854">
     <span class='ocr_line' id='line_1_114' title="bbox 1978 4778 3654 4854; baseline -0.002 -17"><span class='ocrx_word' id='word_1_942' title='bbox 1978 4781 2134 4838; x_wconf 88' lang='grc' dir='ltr'>καλεῖ</span> <span class='ocrx_word' id='word_1_943' title='bbox 2162 4782 2446 4854; x_wconf 84' lang='grc' dir='ltr'>προφήτης</span> <span class='ocrx_word' id='word_1_944' title='bbox 2484 4781 2676 4849; x_wconf 76' lang='grc' dir='ltr'>λέγωψ</span> <span class='ocrx_word' id='word_1_945' title='bbox 2699 4784 2765 4836; x_wconf 81' lang='grc' dir='ltr'><em>Οἱ</em></span> <span class='ocrx_word' id='word_1_946' title='bbox 2796 4782 3074 4848; x_wconf 77' lang='grc' dir='ltr'>πίνοντες</span> <span class='ocrx_word' id='word_1_947' title='bbox 3109 4780 3217 4835; x_wconf 82' lang='grc' dir='ltr'>τὸν</span> <span class='ocrx_word' id='word_1_948' title='bbox 3254 4778 3654 4848; x_wconf 74' lang='grc' dir='ltr'>ὄιυλισμένον</span> 
     </span>
    </p>
   </div>
   <div class='ocr_carea' id='block_1_115' title="bbox 1977 4865 3652 4937">
    <p class='ocr_par' dir='ltr' id='par_1_115' title="bbox 1977 4865 3652 4937">
     <span class='ocr_line' id='line_1_115' title="bbox 1977 4865 3652 4937; baseline -0.002 -15"><span class='ocrx_word' id='word_1_949' title='bbox 1977 4865 2165 4935; x_wconf 78' lang='grc' dir='ltr'>οἶνον,</span> <span class='ocrx_word' id='word_1_950' title='bbox 2194 4869 2291 4923; x_wconf 78' lang='grc' dir='ltr'>καὶ</span> <span class='ocrx_word' id='word_1_951' title='bbox 2338 4869 2412 4923; x_wconf 83' lang='grc' dir='ltr'>τὰ</span> <span class='ocrx_word' id='word_1_952' title='bbox 2439 4867 2639 4936; x_wconf 81' lang='grc' dir='ltr'>πρῶτα</span> <span class='ocrx_word' id='word_1_953' title='bbox 2673 4868 2833 4937; x_wconf 81' lang='grc' dir='ltr'>μύρα</span> <span class='ocrx_word' id='word_1_954' title='bbox 2860 4869 3179 4937; x_wconf 75' lang='grc' dir='ltr'>χριόμενοι,</span> <span class='ocrx_word' id='word_1_955' title='bbox 3210 4870 3264 4921; x_wconf 90' lang='grc' dir='ltr'>οἰ</span> <span class='ocrx_word' id='word_1_956' title='bbox 3293 4867 3652 4934; x_wconf 76' lang='grc' dir='ltr'>κροτοῦντες</span> 
     </span>
    </p>
   </div>
   <div class='ocr_carea' id='block_1_116' title="bbox 1977 4954 3652 5029">
    <p class='ocr_par' dir='ltr' id='par_1_116' title="bbox 1977 4954 3652 5029">
     <span class='ocr_line' id='line_1_116' title="bbox 1977 4954 3652 5029; baseline -0.003 -17"><span class='ocrx_word' id='word_1_957' title='bbox 1977 4960 2126 5029; x_wconf 70' lang='grc' dir='ltr'>πρὸς</span> <span class='ocrx_word' id='word_1_958' title='bbox 2160 4959 2274 5027; x_wconf 80' lang='grc' dir='ltr'>τὴν</span> <span class='ocrx_word' id='word_1_959' title='bbox 2309 4958 2522 5028; x_wconf 66' lang='grc' dir='ltr'>φωνὴν</span> <span class='ocrx_word' id='word_1_960' title='bbox 2556 4958 2584 4998; x_wconf 69' lang='grc' dir='ltr'>δ</span> <span class='ocrx_word' id='word_1_961' title='bbox 2607 4955 2726 5011; x_wconf 87' lang='grc' dir='ltr'>τῶν</span> <span class='ocrx_word' id='word_1_962' title='bbox 2754 4957 3038 5026; x_wconf 78' lang='grc' dir='ltr'>ὀργάνων.</span> <span class='ocrx_word' id='word_1_963' title='bbox 3079 4957 3170 5022; x_wconf 86' lang='grc' dir='ltr'>Ὠς</span> <span class='ocrx_word' id='word_1_964' title='bbox 3193 4955 3423 5010; x_wconf 81' lang='grc' dir='ltr'>ἑστῶτα</span> <span class='ocrx_word' id='word_1_965' title='bbox 3452 4954 3652 5023; x_wconf 72' lang='grc' dir='ltr'>ἐλογί-</span> 
     </span>
    </p>
   </div>
   <div class='ocr_carea' id='block_1_117' title="bbox 1977 5044 3650 5118">
    <p class='ocr_par' dir='ltr' id='par_1_117' title="bbox 1977 5044 3650 5118">
     <span class='ocr_line' id='line_1_117' title="bbox 1977 5044 3650 5118; baseline -0.002 -16"><span class='ocrx_word' id='word_1_966' title='bbox 1977 5064 2186 5112; x_wconf 77' lang='grc' dir='ltr'>σαντο,</span> <span class='ocrx_word' id='word_1_967' title='bbox 2215 5047 2312 5101; x_wconf 78' lang='grc' dir='ltr'>καὶ</span> <span class='ocrx_word' id='word_1_968' title='bbox 2347 5049 2459 5118; x_wconf 84' lang='grc' dir='ltr'>οὐχ</span> <span class='ocrx_word' id='word_1_969' title='bbox 2488 5048 2568 5114; x_wconf 85' lang='grc' dir='ltr'>ὠς</span> <span class='ocrx_word' id='word_1_970' title='bbox 2594 5047 2910 5117; x_wconf 72' lang='grc' dir='ltr'>φεύγοντα.</span> <span class='ocrx_word' id='word_1_971' title='bbox 2943 5045 3053 5098; x_wconf 89' lang='lat' dir='ltr'>Kal</span> <span class='ocrx_word' id='word_1_972' title='bbox 3079 5045 3187 5117; x_wconf 84' lang='grc' dir='ltr'>γὰρ</span> <span class='ocrx_word' id='word_1_973' title='bbox 3217 5045 3452 5115; x_wconf 87' lang='grc' dir='ltr'>ἐσχάτης</span> <span class='ocrx_word' id='word_1_974' title='bbox 3484 5044 3650 5098; x_wconf 82' lang='grc' dir='ltr'>ἀναλ-</span> 
     </span>
    </p>
   </div>
   <div class='ocr_carea' id='block_1_118' title="bbox 1977 5129 3654 5206">
    <p class='ocr_par' dir='ltr' id='par_1_118' title="bbox 1977 5129 3654 5206">
     <span class='ocr_line' id='line_1_118' title="bbox 1977 5129 3654 5206; baseline -0.002 -18"><span class='ocrx_word' id='word_1_975' title='bbox 1977 5135 2176 5206; x_wconf 87' lang='grc' dir='ltr'>γησίας</span> <span class='ocrx_word' id='word_1_976' title='bbox 2224 5132 2382 5187; x_wconf 85' lang='grc' dir='ltr'>τοῦτο</span> <span class='ocrx_word' id='word_1_977' title='bbox 2427 5134 2488 5188; x_wconf 85' lang='grc' dir='ltr'>τὸ</span> <span class='ocrx_word' id='word_1_978' title='bbox 2535 5135 2778 5205; x_wconf 87' lang='grc' dir='ltr'>σημεῖον,</span> <span class='ocrx_word' id='word_1_979' title='bbox 2812 5133 2906 5186; x_wconf 77' lang='grc' dir='ltr'>καὶ</span> <span class='ocrx_word' id='word_1_980' title='bbox 2945 5131 3118 5202; x_wconf 72' lang='grc' dir='ltr'>ψυχῆς</span> <span class='ocrx_word' id='word_1_981' title='bbox 3167 5132 3547 5202; x_wconf 86' lang='grc' dir='ltr'>ἐκλελυμένης,</span> <span class='ocrx_word' id='word_1_982' title='bbox 3582 5129 3654 5186; x_wconf 76' lang='grc' dir='ltr'>τδ</span> 
     </span>
    </p>
   </div>
   <div class='ocr_carea' id='block_1_119' title="bbox 1979 5224 3652 5300">
    <p class='ocr_par' dir='ltr' id='par_1_119' title="bbox 1979 5224 3652 5300">
     <span class='ocr_line' id='line_1_119' title="bbox 1979 5224 3652 5300; baseline -0.005 -17"><span class='ocrx_word' id='word_1_983' title='bbox 1979 5229 2206 5300; x_wconf 86' lang='grc' dir='ltr'>θέατρον</span> <span class='ocrx_word' id='word_1_984' title='bbox 2261 5229 2436 5281; x_wconf 90' lang='grc' dir='ltr'>ποιεῖν</span> <span class='ocrx_word' id='word_1_985' title='bbox 2486 5226 2583 5299; x_wconf 79' lang='grc' dir='ltr'>τὴν</span> <span class='ocrx_word' id='word_1_986' title='bbox 2639 5227 2816 5280; x_wconf 83' lang='grc' dir='ltr'>οἰκίαν</span> <span class='ocrx_word' id='word_1_987' title='bbox 2863 5225 2960 5296; x_wconf 80' lang='grc' dir='ltr'>τὴν</span> <span class='ocrx_word' id='word_1_988' title='bbox 3005 5225 3217 5289; x_wconf 78' lang='grc' dir='ltr'>ἐαυτοῦ,</span> <span class='ocrx_word' id='word_1_989' title='bbox 3253 5227 3347 5280; x_wconf 78' lang='grc' dir='ltr'>καὶ</span> <span class='ocrx_word' id='word_1_990' title='bbox 3381 5224 3652 5289; x_wconf 82' lang='grc' dir='ltr'>τοιούτοις</span> 
     </span>
    </p>
   </div>
   <div class='ocr_carea' id='block_1_120' title="bbox 1978 5310 3653 5388">
    <p class='ocr_par' dir='ltr' id='par_1_120' title="bbox 1978 5310 3653 5388">
     <span class='ocr_line' id='line_1_120' title="bbox 1978 5310 3653 5388; baseline -0.003 -18"><span class='ocrx_word' id='word_1_991' title='bbox 1978 5316 2214 5388; x_wconf 81' lang='grc' dir='ltr'>ᾄσμασιν</span> <span class='ocrx_word' id='word_1_992' title='bbox 2276 5315 2502 5378; x_wconf 72' lang='grc' dir='ltr'>ἑαυτοὺς</span> <span class='ocrx_word' id='word_1_993' title='bbox 2559 5315 2846 5369; x_wconf 88' lang='grc' dir='ltr'>ἐκδιδόναι.</span> <span class='ocrx_word' id='word_1_994' title='bbox 2878 5314 3051 5385; x_wconf 84' lang='grc' dir='ltr'>Ὅπερ</span> <span class='ocrx_word' id='word_1_995' title='bbox 3105 5314 3199 5367; x_wconf 74' lang='grc' dir='ltr'>καὶ</span> <span class='ocrx_word' id='word_1_996' title='bbox 3245 5315 3278 5384; x_wconf 79' lang='grc' dir='ltr'><strong>ἡ</strong></span> <span class='ocrx_word' id='word_1_997' title='bbox 3321 5310 3460 5382; x_wconf 86' lang='grc' dir='ltr'>μέθη</span> <span class='ocrx_word' id='word_1_998' title='bbox 3500 5313 3653 5365; x_wconf 86' lang='grc' dir='ltr'>ποιεῖ</span> 
     </span>
    </p>
   </div>
   <div class='ocr_carea' id='block_1_121' title="bbox 1980 5397 3651 5474">
    <p class='ocr_par' dir='ltr' id='par_1_121' title="bbox 1980 5397 3651 5474">
     <span class='ocr_line' id='line_1_121' title="bbox 1980 5397 3651 5474; baseline -0.005 -17"><span class='ocrx_word' id='word_1_999' title='bbox 1980 5402 2266 5469; x_wconf 89' lang='grc' dir='ltr'>σκοτοῦσα,</span> <span class='ocrx_word' id='word_1_1000' title='bbox 2311 5402 2468 5457; x_wconf 90' lang='grc' dir='ltr'>τοῦτο</span> <span class='ocrx_word' id='word_1_1001' title='bbox 2495 5404 2530 5473; x_wconf 85' lang='grc' dir='ltr'><strong>ἡ</strong></span> <span class='ocrx_word' id='word_1_1002' title='bbox 2573 5402 2802 5474; x_wconf 80' lang='grc' dir='ltr'>μουσικὴ</span> <span class='ocrx_word' id='word_1_1003' title='bbox 2837 5402 3174 5472; x_wconf 88' lang='grc' dir='ltr'>μαλάττουσα</span> <span class='ocrx_word' id='word_1_1004' title='bbox 3201 5401 3260 5454; x_wconf 74' lang='grc' dir='ltr'>τὸ</span> <span class='ocrx_word' id='word_1_1005' title='bbox 3291 5399 3502 5452; x_wconf 74' lang='grc' dir='ltr'>εὔτονον</span> <span class='ocrx_word' id='word_1_1006' title='bbox 3541 5397 3651 5469; x_wconf 82' lang='grc' dir='ltr'>τῆς</span> 
     </span>
    </p>
   </div>
   <div class='ocr_carea' id='block_1_122' title="bbox 1976 5483 3648 5561">
    <p class='ocr_par' dir='ltr' id='par_1_122' title="bbox 1976 5483 3648 5561">
     <span class='ocr_line' id='line_1_122' title="bbox 1976 5483 3648 5561; baseline -0.004 -18"><span class='ocrx_word' id='word_1_1007' title='bbox 1976 5489 2234 5554; x_wconf 88' lang='grc' dir='ltr'>διανοίας,</span> <span class='ocrx_word' id='word_1_1008' title='bbox 2281 5489 2376 5543; x_wconf 71' lang='grc' dir='ltr'>καὶ</span> <span class='ocrx_word' id='word_1_1009' title='bbox 2413 5488 2741 5543; x_wconf 88' lang='grc' dir='ltr'>κατακλῶσα</span> <span class='ocrx_word' id='word_1_1010' title='bbox 2765 5488 2880 5561; x_wconf 85' lang='grc'>[58]</span> <span class='ocrx_word' id='word_1_1011' title='bbox 2911 5489 3008 5560; x_wconf 84' lang='grc' dir='ltr'>τῆς</span> <span class='ocrx_word' id='word_1_1012' title='bbox 3033 5488 3212 5558; x_wconf 81' lang='grc' dir='ltr'>ψυχῆς</span> <span class='ocrx_word' id='word_1_1013' title='bbox 3239 5486 3340 5558; x_wconf 86' lang='grc' dir='ltr'>τὴν</span> <span class='ocrx_word' id='word_1_1014' title='bbox 3367 5483 3648 5556; x_wconf 86' lang='grc' dir='ltr'>ἀνδρείαν,</span> 
     </span>
    </p>
   </div>
   <div class='ocr_carea' id='block_1_123' title="bbox 1977 5569 3652 5647">
    <p class='ocr_par' dir='ltr' id='par_1_123' title="bbox 1977 5569 3652 5647">
     <span class='ocr_line' id='line_1_123' title="bbox 1977 5569 3652 5647; baseline -0.002 -17"><span class='ocrx_word' id='word_1_1015' title='bbox 1977 5577 2072 5631; x_wconf 67' lang='grc' dir='ltr'>καὶ</span> <span class='ocrx_word' id='word_1_1016' title='bbox 2101 5575 2192 5628; x_wconf 73' lang='grc' dir='ltr'>ἐπὶ</span> <span class='ocrx_word' id='word_1_1017' title='bbox 2217 5575 2467 5647; x_wconf 75' lang='grc' dir='ltr'>μείζονας</span> <span class='ocrx_word' id='word_1_1018' title='bbox 2505 5575 2771 5643; x_wconf 81' lang='grc' dir='ltr'>ἐξάγουσα</span> <span class='ocrx_word' id='word_1_1019' title='bbox 2809 5573 3111 5642; x_wconf 88' lang='grc' dir='ltr'>ἀσελγείας.</span> <span class='ocrx_word' id='word_1_1020' title='bbox 3149 5572 3223 5627; x_wconf 89' lang='grc' dir='ltr'>Τὰ</span> <span class='ocrx_word' id='word_1_1021' title='bbox 3255 5571 3323 5625; x_wconf 81' lang='grc' dir='ltr'>δέ</span> <span class='ocrx_word' id='word_1_1022' title='bbox 3355 5571 3495 5642; x_wconf 69' lang='grc' dir='ltr'>ἔργα</span> <span class='ocrx_word' id='word_1_1023' title='bbox 3531 5569 3652 5627; x_wconf 77' lang='grc' dir='ltr'>τοῦ</span> 
     </span>
    </p>
   </div>
   <div class='ocr_carea' id='block_1_124' title="bbox 2039 5805 3652 5880">
    <p class='ocr_par' dir='ltr' id='par_1_124' title="bbox 2039 5805 3652 5880">
     <span class='ocr_line' id='line_1_124' title="bbox 2039 5805 3652 5880; baseline -0.006 -10"><span class='ocrx_word' id='word_1_1024' title='bbox 2039 5817 2068 5858; x_wconf 71' lang='grc' dir='ltr'>ι’</span> <span class='ocrx_word' id='word_1_1025' title='bbox 2093 5818 2143 5870; x_wconf 75' lang='lat' dir='ltr'>In</span> <span class='ocrx_word' id='word_1_1026' title='bbox 2173 5805 2546 5880; x_wconf 16' lang='lat' dir='ltr'>BibliiSIEgilu‘r</span> <span class='ocrx_word' id='word_1_1027' title='bbox 2569 5819 2613 5864; x_wconf 85' lang='grc' dir='ltr'>οἱ</span> <span class='ocrx_word' id='word_1_1028' title='bbox 2659 5812 3013 5880; x_wconf 75' lang='grc' dir='ltr'>ἐπικρατοῦντες</span> <span class='ocrx_word' id='word_1_1029' title='bbox 3055 5811 3169 5880; x_wconf 79' lang='grc' dir='ltr'>πρὸς</span> <span class='ocrx_word' id='word_1_1030' title='bbox 3214 5813 3513 5880; x_wconf 24' lang='grc' dir='ltr'>τῆνμεωνὴψ</span> <span class='ocrx_word' id='word_1_1031' title='bbox 3566 5813 3652 5862; x_wconf 82' lang='grc'>10·-</span> 
     </span>
    </p>
   </div>
   <div class='ocr_carea' id='block_1_125' title="bbox 1981 5873 3581 5944">
    <p class='ocr_par' dir='ltr' id='par_1_125' title="bbox 1981 5873 3581 5944">
     <span class='ocr_line' id='line_1_125' title="bbox 1981 5873 3581 5944; baseline -0.004 -14"><span class='ocrx_word' id='word_1_1032' title='bbox 1981 5893 2165 5944; x_wconf 75' lang='lat' dir='ltr'>easque</span> <span class='ocrx_word' id='word_1_1033' title='bbox 2189 5880 2268 5929; x_wconf 78' lang='lat' dir='ltr'>hic</span> <span class='ocrx_word' id='word_1_1034' title='bbox 2294 5873 2459 5930; x_wconf 74' lang='grc' dir='ltr'>ΔηιοΞί</span> <span class='ocrx_word' id='word_1_1035' title='bbox 2497 5881 2724 5930; x_wconf 74' lang='lat' dir='ltr'>inversus</span> <span class='ocrx_word' id='word_1_1036' title='bbox 2765 5879 2984 5938; x_wconf 75' lang='lat' dir='ltr'>aﬂ‘crlur,</span> <span class='ocrx_word' id='word_1_1037' title='bbox 3020 5873 3102 5926; x_wconf 71' lang='lat' dir='ltr'>uli&#39;</span> <span class='ocrx_word' id='word_1_1038' title='bbox 3116 5889 3258 5940; x_wconf 75' lang='lat' dir='ltr'>supra</span> <span class='ocrx_word' id='word_1_1039' title='bbox 3283 5873 3581 5925; x_wconf 71' lang='lat' dir='ltr'>dicebamus.</span> 
     </span>
    </p>
   </div>
  </div>
