4018 6212
342 267 404 324 σι
1608 253 1671 311 IN
1713 254 1966 326 ISAIAM,
2004 255 2155 314 car.
2200 259 2265 314 v.
3543 275 3624 330 ω

407 381 456 434 4.
488 379 614 434 Ιιωο
633 378 790 434 etiam
806 392 944 432 nunc
957 376 1147 431 tentari
1167 373 1346 430 videre
1363 380 1442 429 est
1463 371 1530 426 ab
1553 372 1638 438 iis,
1667 373 1756 442 qui
1786 372 1926 426 male

339 473 532 527 divitiis
572 479 814 537 utuntur,
862 470 952 540 qui
999 468 1173 524 vicina
1218 467 1334 521 loca
1389 463 1638 520 invadere
1665 464 1920 534 cogitant,

339 579 438 618 non
463 573 516 618 ut
538 563 882 618 securitatem
911 560 1139 632 pariant,
1172 560 1268 614 sed
1310 567 1366 612 ut
1413 554 1634 612 insidias
1664 556 1924 626 proximis

340 655 649 719 moliantur,
694 655 782 726 qui
812 663 868 709 ut
899 653 1035 724 ignis
1072 665 1322 723 grassans
1344 691 1358 716 ,
1389 649 1458 704 ita
1489 649 1694 704 vicinos
1737 662 1927 702 omnes

331 744 582 817 spoliant.
617 745 882 816 Numquid
912 741 1201 798 habitabitis
1226 741 1324 797 soli
1336 757 1484 812 super
1501 739 1793 795 terram?9.
1821 739 1928 793 Au-

330 843 440 896 dita
465 852 582 897 sunt
605 842 738 896 enim
786 859 922 896 nunc
975 845 1026 895 in
1076 840 1282 894 auribus
1312 838 1519 894 Domini
1545 838 1769 895 Sabaoth
1798 838 1924 892 hinc.

335 933 581 991 Ostendit
608 935 728 990 illos
752 934 948 988 frustra
995 933 1240 988 laborare
1282 940 1337 986 et
1363 931 1512 986 nullo
1551 930 1748 986 fructu.
1790 928 1926 997 Quia

333 1025 481 1080 enim
503 1039 612 1078 non
632 1023 712 1080 ita
730 1024 990 1093 supplicia
1019 1031 1074 1078 et
1109 1022 1378 1078 cruciatus
1405 1021 1709 1092 hujusmodi
1749 1020 1926 1076 homi-

333 1130 430 1169 nes
456 1113 724 1168 abducere
753 1115 950 1181 solent,
982 1121 1041 1168 ut
1067 1127 1190 1168 cum
1211 1113 1380 1184 probe
1425 1113 1727 1177 didicerint,
1755 1127 1813 1167 se
1833 1126 1924 1166 ra-

333 1207 476 1276 pina:
500 1204 730 1260 fructum
759 1219 864 1260 non
890 1213 1259 1275 pereepturos,
1291 1203 1429 1260 hanc
1449 1205 1502 1259 in
1527 1219 1622 1260 eos
1641 1205 1744 1260 fert
1771 1218 1923 1258 eom-

330 1296 680 1350 minationem
726 1294 951 1363 dicens,
992 1295 1138 1365 ipsos
1189 1294 1557 1361 laboraturos,
1602 1302 1658 1350 et
1697 1294 1925 1349 miseriis

325 1386 550 1441 affectos
576 1395 851 1458 peccatum
871 1386 1219 1455 admissuros,
1247 1387 1343 1442 sed
1371 1386 1440 1441 ab
1467 1387 1579 1457 ejus
1611 1401 1710 1443 usu
1739 1396 1792 1442 et
1813 1387 1924 1441 fru-

325 1487 418 1532 ctu
451 1479 695 1548 lapsuros
727 1494 864 1534 esse.
884 1478 1001 1534 Non
1027 1479 1168 1536 enim
1195 1479 1455 1536 insomnis
1480 1480 1570 1536 ille
1593 1481 1779 1536 oculus
1804 1480 1923 1534 tali-

324 1570 430 1626 bus
461 1572 589 1626 visis
619 1570 942 1626 facinoribus
967 1572 1224 1642 quiescet.
1259 1571 1390 1627 Illud
1421 1585 1568 1639 vero,
1600 1571 1786 1626 Audita
1811 1580 1927 1626 sunt

327 1680 483 1728 nunc,
511 1679 614 1719 non
646 1663 776 1718 dicit
794 1663 946 1735 quasi
973 1674 1097 1719 tunc
1121 1679 1209 1720 res
1237 1671 1400 1734 gesta:
1426 1671 1567 1719 notze
1595 1663 1696 1718 sibi
1721 1671 1922 1729 essent,

325 1755 426 1811 sed
459 1756 613 1826 quasi
649 1755 781 1810 ultio
821 1771 852 1810 e
894 1755 1115 1826 vestigio
1168 1764 1513 1825 sequeretur,
1543 1752 1926 1823 retributioque

329 1848 576 1902 instaret.
604 1845 669 1902 Si
695 1846 829 1901 enim
854 1847 1042 1914 fuerint
1085 1847 1265 1901 domus
1306 1845 1500 1912 multa,
1525 1847 1577 1900 in
1603 1845 1926 1901 solitudinem

329 1949 479 1993 erunt
509 1954 714 2009 magna:
725 1946 773 1994 et
791 1939 1040 2009 pulchris,
1067 1955 1155 1993 nec
1182 1949 1324 1993 erunt
1355 1939 1442 2008 qui
1466 1937 1684 1993 habitent
1707 1939 1760 1992 in
1785 1939 1878 1993 eis.

407 2031 649 2084 Avaritia:
686 2031 910 2084 morbus.
937 2060 1011 2072 —
1043 2030 1355 2100 llujusmodi
1399 2037 1482 2086 est
1510 2031 1732 2086 avaritia
1761 2048 1774 2086 :
1801 2046 1925 2088 cum

335 2122 494 2191 plura
518 2121 913 2191 possessoribus
953 2120 1118 2187 addit,
1155 2120 1302 2192 ipsos
1341 2121 1502 2176 etiam
1531 2136 1594 2176 ex
1627 2121 1771 2192 prius
1797 2136 1924 2192 pos-

332 2213 501 2267 sessis
524 2212 720 2281 dejicit.
749 2211 900 2281 Quod
927 2213 1089 2269 etiam
1113 2212 1199 2268 hic
1226 2212 1759 2270 subindicatdicens:
1790 2213 1923 2270 Cum

330 2305 615 2376 splendide
657 2305 1069 2373 aedificaveritis,
1105 2315 1160 2361 et
1195 2305 1429 2360 omnium
1458 2305 1594 2362 bona
1627 2305 1776 2361 vobis
1801 2320 1922 2362 cor—

332 2397 613 2463 raseritis,
658 2405 784 2452 tunc
830 2395 990 2452 etiam
1037 2396 1105 2450 ab
1130 2395 1232 2459 iis,
1263 2411 1382 2466 quae
1424 2399 1571 2466 prius
1609 2396 1921 2462 habebatis,

330 2488 614 2544 excidetis.
648 2488 711 2542 Et
730 2489 948 2543 stabunt
986 2486 1130 2542 azdes
1169 2487 1342 2542 nullos
1370 2486 1696 2543 habitatores
1722 2487 1922 2543 haben-

333 2588 434 2647 tes,
465 2578 561 2634 sed
595 2579 720 2634 tuba
746 2578 1027 2634 clariorem
1073 2578 1374 2634 emittentes
1405 2593 1588 2634 vocem
1614 2589 1801 2635 contra
1826 2592 1921 2634 eos

330 2671 422 2739 qui
474 2670 596 2725 illas
623 2669 774 2739 prius
803 2677 1108 2739 rapuerant,
1149 2669 1397 2724 vastitate
1434 2669 1526 2724 illa
1555 2677 1699 2723 tanta
1741 2669 1924 2739 tropaei

334 2761 504 2816 instar
549 2761 806 2816 exhibita.
840 2760 925 2816 10.
961 2758 1058 2815 Ubi
1099 2760 1234 2814 enim
1276 2770 1550 2831 aperantur
1589 2759 1756 2814 decem
1794 2760 1927 2830 juga

335 2853 505 2916 boum,
540 2853 693 2923 faciet
723 2851 1048 2923 lagunculam
1072 2867 1226 2904 uuam
1253 2866 1273 2905 :
1293 2859 1338 2904 et
1361 2851 1448 2920 qui
1475 2851 1687 2904 seminat
1724 2851 1925 2906 artabas

334 2962 443 3008 sex,
471 2946 625 3016 faciet
665 2961 925 2999 mensuras
952 2953 1070 2999 tres.
1101 2942 1183 2998 Ab
1232 2942 1365 2998 urbe
1394 2943 1446 2998 in
1473 2942 1584 3013 agri
1626 2943 1927 2997 vastitatem

337 3051 644 3092 sermonem
678 3036 877 3100 educit,
908 3036 976 3088 ita
1007 3043 1064 3090 ut
1099 3033 1330 3104 undique
1376 3032 1670 3087 auditorem
1720 3033 1925 3102 percel-

339 3128 429 3182 lat.
462 3125 650 3198 Neque
692 3128 837 3182 enim
864 3126 1075 3191 domus,
1118 3125 1320 3196 inquit,
1351 3123 1679 3180 habitatores
1717 3124 1925 3180 detine-

337 3219 497 3286 hunt,
548 3235 721 3290 neque
765 3229 905 3273 terra
941 3233 1091 3273 suam
1120 3217 1361 3272 ostendet
1394 3215 1623 3270 nativam
1653 3217 1922 3274 virtutem.

339 3313 553 3368 Etenim
580 3313 648 3367 ab
671 3311 822 3367 initio
843 3311 912 3367 ob
937 3309 1066 3366 Adae
1096 3318 1374 3382 peccatum
1413 3308 1594 3378 spinas
1621 3316 1676 3362 et
1701 3307 1926 3362 tribulos

339 3404 590 3474 protulit;
633 3419 696 3459 ac
751 3411 870 3473 post
911 3403 1080 3467 illum,
1113 3411 1330 3472 propter
1374 3399 1523 3454 Caini
1571 3400 1920 3470 iniquitatem,

337 3496 506 3549 multo
529 3494 794 3549 minorem
819 3509 978 3564 quam
1003 3492 1213 3547 labores
1233 3491 1348 3562 ejus
1365 3491 1666 3561 exigebant,
1689 3498 1745 3545 et
1764 3503 1923 3559 quam

336 3589 414 3642 vis
437 3586 619 3641 nativa
654 3594 807 3640 terra:
849 3585 1185 3655 postulabat,
1215 3592 1529 3653 proventum
1561 3583 1698 3637 tulit.
1745 3581 1926 3652 Saepe-

335 3695 437 3750 que
461 3679 590 3733 alibi
621 3677 804 3732 videre
826 3684 911 3732 est
936 3685 1133 3732 terram
1157 3676 1226 3729 ob
1253 3683 1468 3745 peccata
1497 3674 1771 3729 hominum
1803 3676 1921 3744 ple-

335 3771 424 3826 cti.
457 3769 525 3825 Et
555 3769 683 3838 quid
726 3768 957 3833 miraris,
996 3767 1042 3821 si
1086 3765 1338 3836 iniquitas
1383 3773 1539 3820 terra:
1595 3765 1921 3820 fertilitatem

334 3861 597 3918 obtundat
648 3859 1029 3930 hominumque
1062 3857 1441 3913 fecunditatem
1462 3899 1478 3925 ,
1511 3855 1725 3928 quando
1760 3857 1922 3912 etiam

335 3964 554 4024 propter
597 3966 698 4008 nos
745 3949 1105 4019 corruptibilis
1144 3947 1282 4005 facta
1332 3957 1435 4014 est,
1460 3955 1515 4004 et
1561 3957 1778 4018 propter
1823 3963 1922 4004 nos

336 4058 549 4099 rursum
625 4041 1038 4110 incorruptibilis
1104 4038 1372 4096 efﬁcitur?
1427 4038 1559 4107 Quia
1607 4040 1753 4094 enim
1800 4055 1923 4109 pro-

332 4145 449 4205 pter
486 4149 590 4189 nos
638 4133 878 4198 omnino,
905 4140 959 4187 et
998 4140 1217 4201 propter
1249 4129 1600 4185 ministerium
1655 4139 1916 4199 nostrum,

331 4223 699 4280 exsistentiam
738 4220 960 4290 accepit,
1010 4219 1132 4274 hinc
1173 4219 1334 4275 etiam
1357 4217 1548 4289 accipit
1592 4227 1650 4274 ut
1694 4218 1794 4274 hac
1835 4221 1921 4284 vel

332 4316 417 4370 illa
439 4312 753 4369 conditione
775 4311 881 4366 sint
900 4310 1013 4381 ejus
1039 4309 1354 4381 principium
1377 4319 1431 4365 et
1456 4309 1629 4364 radix.
1657 4310 1746 4365 Sic
1759 4311 1919 4366 etiam

335 4419 584 4475 tempore
633 4402 747 4458 Noe
781 4402 1000 4457 factum.
1043 4401 1174 4468 Quia
1203 4401 1254 4455 in
1282 4410 1575 4456 extremam
1629 4402 1920 4470 nequitiam

333 4507 518 4551 natura
550 4492 826 4548 hominum
860 4491 1184 4557 deflexerat,
1215 4505 1302 4546 res
1322 4505 1509 4545 onmes
1535 4491 1916 4558 miscebantur,

334 4587 560 4652 semina,
593 4584 809 4654 plantae,
841 4583 1117 4638 brutorum
1142 4596 1360 4652 genera,
1399 4590 1536 4637 terra
1559 4623 1576 4650 ,
1608 4598 1775 4648 mare,
1803 4598 1916 4650 aer,

333 4685 564 4740 montes,
597 4674 784 4739 saltus,
823 4673 1008 4738 colles,
1047 4672 1228 4738 urbes,
1259 4673 1418 4737 muri,
1450 4671 1662 4740 domus,
1697 4683 1870 4729 turres
1900 4691 1913 4727 :

330 4766 619 4836 omniaque
663 4779 883 4835 prorsus
911 4764 1134 4818 terribili
1178 4763 1268 4819 illo
1308 4765 1494 4836 pelago
1522 4764 1910 4822 obruebantur.

331 4860 463 4925 Quia
509 4875 640 4916 vero
677 4873 890 4913 rursum
931 4873 1150 4913 necesse
1188 4866 1387 4912 eratut
1425 4858 1713 4912 humanum
1751 4874 1918 4930 genus

335 4961 689 5018 accresceret,
722 4960 861 5006 terra
890 4950 1127 5003 nativum
1153 4962 1306 5003 suum
1338 4948 1580 5004 ordinem
1607 4951 1834 5019 accepit,
1864 4959 1920 5005 et

335 5048 384 5102 in
417 5046 655 5114 priorem
686 5041 1002 5112 elegantiam
1042 5040 1282 5094 restituta
1311 5048 1412 5093 est.
1443 5037 1500 5093 ld
1531 5048 1706 5094 autem
1738 5040 1918 5097 videas

335 5149 394 5188 ex
423 5143 576 5203 mrte
611 5132 803 5185 factum
829 5130 882 5185 in
910 5129 1182 5184 hominum
1225 5127 1504 5183 honorem.
1533 5129 1740 5184 Etenim
1769 5130 1918 5199 pela-

335 5239 428 5294 gus
468 5238 532 5279 se
559 5222 871 5285 summovit,
899 5230 955 5276 et
983 5221 1174 5276 iterum
1201 5219 1462 5291 apparuit,
1511 5219 1590 5275 sol
1621 5219 1918 5276 refrenatus

335 5325 414 5370 est
431 5331 556 5371 cum
587 5315 734 5379 luna,
762 5313 1085 5383 solitumque
1107 5327 1321 5369 cursum
1347 5311 1610 5376 deseruit,
1639 5312 1774 5382 ignis
1795 5327 1917 5382 qua:

337 5407 397 5461 ad
419 5422 612 5478 aquam
631 5404 962 5475 pertinebant
981 5406 1240 5475 prtestitit,
1276 5414 1419 5460 terra
1445 5418 1564 5474 qua:
1587 5403 1652 5457 ad
1676 5402 1910 5473 pelagus,

336 5499 551 5568 plagus
579 5513 699 5566 quae
729 5495 796 5549 ad
827 5504 1018 5552 terram
1046 5514 1062 5554 :
1096 5498 1409 5568 omniaque,
1441 5502 1500 5550 ut
1527 5495 1692 5550 semel
1717 5493 1913 5560 dicam,

339 5591 387 5645 in
418 5587 702 5644 utilitatem
728 5587 995 5647 hominum
1023 5609 1080 5654 se
1110 5594 1518 5654 transformant.
1556 5589 1621 5644 Et
1647 5587 1770 5659 quia
1795 5602 1913 5642 om—

335 5683 419 5737 nia
451 5684 657 5740 honore
685 5681 928 5752 praecedit
952 5683 1102 5754 homo
1123 5739 1137 5767 ,
1172 5694 1509 5769 propterque
1533 5681 1706 5753 ipsum
1733 5679 1912 5736 omnia

2031 371 2168 427 facta
2198 381 2354 437 sunt;
2412 373 2531 430 ideo
2557 383 2611 431 et
2637 390 2801 444 nunc,
2827 376 2949 448 quia
2963 377 3216 436 Judaicus
3246 383 3472 455 populus
3497 403 3612 458 peo-

2029 465 2202 533 eavit,
2233 476 2388 522 terra:
2415 477 2595 536 partus
2625 468 2764 524 Deus
2793 469 3022 537 cohibet,
3061 488 3123 529 ac
3150 485 3272 545 post
3295 478 3490 534 multos
3521 481 3600 535 la-

2030 562 2191 616 bores
2217 561 2544 632 sudoresque
2569 577 2675 618 non
2706 563 2833 618 sinit
2858 565 2974 634 ejus
3003 567 3205 624 viscera
3236 571 3451 627 solitum
3481 589 3608 643 pro-

2029 661 2244 706 ventum
2287 651 2529 719 referre;
2579 662 2639 708 ut
2682 653 2806 709 inde
2849 655 3078 726 discant,
3119 673 3226 715 non
3271 663 3612 732 agricultura:

2028 752 2218 808 artem,
2247 757 2344 798 nec
2385 743 2548 800 boves
2576 753 2630 801 ει
2654 755 2891 803 aratrum
2912 789 2927 814 ,
2957 765 3131 822 neque
3161 760 3316 808 terra:
3340 766 3614 826 naturam,

2029 850 2130 890 nec
2157 836 2300 894 aliud
2329 838 2501 894 simile
2522 839 2814 910 quidpiam,
2837 840 2934 896 sed
2963 843 3151 898 horum
3171 846 3409 900 omnium
3431 847 3611 904 Domi-

2030 945 2156 984 num
2184 945 2326 998 esse,
2371 932 2464 1003 qui
2517 932 2726 987 liberali
2752 949 2911 988 manu
2941 936 3118 990 omnia
3162 937 3404 1005 effundit,
3432 949 3486 995 et
3512 941 3611 996 ite-

2029 1035 2171 1088 rum,
2215 1036 2335 1076 cum
2365 1021 2497 1090 vult,
2539 1021 2716 1078 omnia
2759 1023 2992 1080 cohibet.
3022 1027 3107 1081 ll.
3149 1025 3238 1082 Vte
3272 1031 3361 1100 qui
3395 1041 3612 1102 surgunt

2028 1127 2195 1179 mane,
2213 1122 2259 1167 et
2277 1114 2488 1167 siceram
2514 1123 2894 1184 persequuntur,
2919 1117 3004 1184 qui
3024 1125 3224 1172 manent
3244 1123 3313 1172 ad
3329 1136 3611 1193 vesperam.

2041 1201 2221 1256 Vinum
2261 1207 2392 1257 enim
2439 1206 2710 1259 succendet
2749 1221 2854 1258 eos.
2893 1205 2978 1260 12.
3013 1205 3152 1260 Ναηι
3196 1225 3311 1262 cum
3337 1211 3534 1266 cithara
3560 1221 3609 1268 et

2031 1293 2271 1363 psalterio
2294 1303 2341 1348 et
2381 1296 2635 1366 tympanis
2659 1305 2706 1349 et
2745 1296 2879 1350 tibiis
2909 1297 3080 1351 vinum
3099 1298 3272 1354 bibunt
3297 1317 3316 1355 :
3337 1319 3490 1372 opera
3517 1319 3614 1356 au-

2028 1395 2125 1439 tem
2153 1383 2251 1439 Dei
2271 1402 2372 1440 non
2393 1387 2686 1458 respiciunt,
2721 1396 2766 1441 et
2784 1403 2938 1456 opera
2960 1404 3200 1444 manuum
3227 1392 3336 1460 ejus
3359 1409 3459 1446 non
3481 1405 3600 1446 con-

2027 1478 2269 1533 siderant.
2294 1478 2579 1549 Postquam
2607 1479 2879 1550 ingentem
2903 1481 3113 1536 illorum
3133 1484 3412 1540 avaritiam
3426 1485 3612 1542 redata.

2026 1571 2158 1641 guit,
2189 1571 2316 1626 mali
2355 1572 2588 1627 radicem
2611 1573 2694 1627 hie
2719 1573 2889 1644 ponit.
2919 1573 3046 1629 Hazc
3071 1590 3198 1630 vero
3217 1586 3332 1630 erat
3355 1577 3606 1648 ebrietas,

2028 1673 2402 1721 sexcentarum
2433 1680 2592 1722 causa
2631 1667 2892 1722 malorum
2921 1683 2935 1720 ε
2963 1683 3082 1723 cum
3123 1669 3352 1726 maxime
3381 1670 3468 1725 illa
3494 1687 3611 1726 tne-

2027 1755 2158 1812 dum
2188 1772 2403 1813 omnem
2431 1759 2662 1812 excedit.

2098 1847 2152 1901 5.
2213 1847 2401 1902 Contra
2448 1847 2750 1903 ebrietatem.
2803 1879 2874 1890 —
2920 1849 3156 1905 Observa
3205 1851 3401 1922 igitur,
3449 1868 3606 1922 quam

2026 1947 2272 1993 accurate
2293 1939 2413 1992 illos
2461 1939 2720 1994 traducat.
2751 1940 2941 1994 Totum
2979 1941 3121 1995 enim
3147 1942 3286 1996 diem
3314 1943 3365 1996 in
3389 1942 3504 1997 haec
3529 1943 3610 1998 iu-

1992 2016 1999 2040 ¹
2027 2026 2168 2080 sumi
2193 2027 2343 2082 dicit.
2381 2026 2564 2098 Neque
2590 2028 2730 2083 enim
2759 2044 2880 2082 cum
2918 2029 3283 2098 prandendum
3313 2040 3416 2098 est,
3437 2033 3487 2086 id
3532 2032 3611 2086 fa-

2027 2115 2208 2181 ciunt,
2233 2115 2420 2186 inquit,
2448 2115 2542 2172 sed
2568 2132 2726 2171 omne
2753 2127 2961 2186 tempus
3007 2119 3058 2172 in
3085 2118 3356 2173 ebrietatis
3401 2130 3608 2190 tempus

2029 2216 2296 2262 vertentes
2317 2249 2332 2272 ,
2363 2207 2430 2263 ab
2456 2216 2576 2263 ortu
2602 2207 2705 2263 dici
2727 2248 2742 2274 ,
2785 2207 2997 2279 quando
3037 2210 3269 2266 maxime
3303 2210 3406 2266 sibi
3434 2221 3608 2268 atten-

2026 2297 2155 2353 dere
2179 2297 2442 2354 debebant
2465 2339 2480 2365 ,
2511 2298 2677 2353 multo
2702 2313 2852 2355 mero
2877 2314 2937 2354 se
2965 2299 3240 2366 dedentes,
3272 2302 3466 2359 vellent
3492 2306 3608 2361 nol-

2026 2387 2137 2442 lent
2171 2387 2424 2457 deinceps
2464 2404 2630 2459 usque
2659 2389 2726 2444 ad
2751 2404 3030 2460 vesperam
3059 2391 3110 2446 in
3144 2393 3332 2449 morbo
3361 2410 3608 2463 perseve-

2026 2477 2233 2533 rabant.
2271 2477 2494 2544 Quando
2536 2479 2677 2534 enim
2717 2479 2885 2536 semel
2923 2481 2974 2535 in
3016 2483 3317 2552 voraginem
3347 2484 3608 2557 intempe—

2027 2570 2212 2625 rantia:
2238 2585 2358 2626 sese
2383 2570 2748 2627 demerserant
2774 2612 2790 2640 ,
2817 2587 2880 2628 ac
2906 2571 2973 2627 de
3003 2575 3227 2628 naturali
3253 2579 3444 2632 mentis
3464 2589 3605 2636 statu

2027 2659 2364 2728 deciderant,
2412 2662 2750 2733 animamque
2785 2663 3048 2733 captivam
3102 2680 3276 2734 prava:
3329 2669 3604 2726 ebrietatis

2030 2751 2291 2822 tyrannidi
2329 2751 2687 2818 tradiderant;
2719 2753 3163 2822 quemadmodum
3203 2757 3354 2812 navis
3381 2772 3484 2813 n0u
3519 2774 3604 2814 sa-

2016 2841 2264 2908 ,burrata,
2294 2843 2761 2912 gubernatoreque
2790 2851 2844 2898 et
2873 2845 3047 2900 nautis
3077 2845 3348 2914 destituta,
3383 2846 3606 2905 fortuito

2029 2944 2082 2990 et
2114 2949 2522 3006 quoquoversus
2571 2935 2738 2990 fertur
2758 2976 2772 3001 ,
2805 2938 3087 2992 temerario
3113 2952 3369 3006 aquarum
3408 2941 3609 3012 impetu

2029 3026 2334 3096 exagitata:
2367 3025 2614 3080 eumdem
2647 3026 2699 3080 in
2740 3025 2954 3081 modum
2981 3027 3036 3081 hi
3073 3027 3332 3085 ebrietate
3377 3030 3609 3087 demersi

2015 3117 2289 3194 .ferunlur.
2323 3117 2446 3172 Ideo
2476 3117 2549 3173 ait
2579 3135 2593 3172 :
2635 3115 2721 3170 Va:
2751 3117 2838 3187 qui
2867 3127 3077 3188 surgunt
3115 3135 3260 3174 mane
3283 3161 3296 3184 ,
3323 3129 3373 3173 et
3397 3122 3610 3177 siceram

2029 3221 2412 3282 persequuntur.
2442 3210 2558 3266 Non
2587 3210 2728 3264 enim
2752 3211 3126 3267 necessitatem
3161 3213 3480 3284 explebant,
3515 3234 3610 3272 ne-

2027 3317 2130 3372 que
2159 3301 2450 3371 appetitum
2495 3299 2894 3371 exspectabant,
2944 3310 3002 3356 ut
3035 3302 3110 3356 illi
3165 3302 3402 3360 facerent
3447 3309 3606 3376 satis;

2026 3391 2120 3448 sed
2148 3392 2200 3445 in
2230 3391 2332 3446 hoc
2360 3392 2452 3446 toti
2479 3389 2877 3457 incumbebant,
2913 3390 3012 3448 hoc
3033 3393 3310 3463 curabant,
3339 3404 3395 3449 ut
3424 3411 3612 3466 perpe-

2028 3490 2121 3538 tuo
2152 3481 2429 3537 temulenti
2457 3491 2655 3536 essent.
2687 3480 2890 3538 Idcirco
2913 3483 2986 3537 ait
3021 3501 3034 3538 :
3063 3483 3164 3551 Qui
3191 3486 3403 3539 siceram
3433 3504 3610 3555 perse-

2027 3584 2268 3644 quuntur.
2288 3574 2522 3630 Siceram
2542 3574 2683 3629 enim
2707 3574 2790 3628 hic
2805 3573 2934 3630 dicit
2951 3574 3244 3646 palmarum
3265 3591 3481 3632 succum
3505 3578 3604 3649 (a),

2025 3683 2186 3739 quam
2215 3665 2588 3733 conficiebant,
2636 3665 2865 3721 fructum
2915 3676 3254 3723 conterentes
3300 3677 3352 3723 et
3379 3678 3609 3724 contun-

2025 3759 2215 3816 dentes
2239 3800 2254 3827 ,
2283 3767 2342 3814 ut
2371 3759 2423 3814 in
2464 3759 2572 3812 vini
2605 3757 3046 3814 transformarent
3089 3770 3352 3815 naturam.
3387 3762 3606 3833 Sopori-

2028 3852 2187 3906 ﬁcum
2229 3860 2406 3907 autem
2435 3862 2517 3906 est
2558 3849 2708 3916 illud,
2752 3849 3170 3921 ebrietatemque
3217 3853 3372 3922 parit.
3417 3857 3486 3908 At
3533 3853 3608 3910 illi

2027 3943 2158 3997 nihil
2188 3942 2377 3997 horum
2409 3942 2800 4006 observabant,
2837 3942 3160 4012 voluptatem
3190 3944 3382 4014 ubique
3428 3960 3609 4015 perse-

2025 4043 2269 4105 quentes,
2323 4042 2378 4090 et
2409 4049 2573 4104 usque
2618 4033 2685 4088 ad
2739 4049 3020 4104 vesperam
3068 4047 3363 4093 manentes.
3424 4037 3608 4094 Vinum

2025 4128 2158 4182 enim
2177 4127 2441 4182 succendet
2468 4143 2568 4182 eos.
2589 4126 2732 4182 Talis
2761 4127 2954 4198 quippe
2971 4137 3052 4182 est
3077 4129 3353 4184 ebrietatis
3375 4141 3560 4186 natura
3587 4154 3599 4188 :

2026 4233 2305 4290 progressa
2334 4227 2576 4288 augetur,
2598 4227 2657 4272 et
2684 4221 2981 4288 graviorem
3005 4218 3146 4272 sitim
3161 4219 3376 4275 excitat.
3404 4221 3608 4279 Deinde

2024 4311 2166 4367 aliud
2197 4327 2301 4366 non
2332 4311 2508 4366 minus
2549 4311 2724 4380 priore
2749 4309 2952 4365 crimen
2984 4311 3168 4381 objicit
3203 4311 3385 4368 dicens
3415 4333 3427 4368 :
3462 4313 3601 4370 Nam

2023 4422 2139 4458 cum
2167 4404 2360 4458 cithara
2393 4413 2440 4457 et
2468 4403 2710 4474 psalterio
2731 4443 2744 4467 ,
2792 4412 2838 4457 et
2872 4405 3126 4474 tympanis
3163 4415 3210 4459 et
3255 4406 3387 4462 tibiis
3433 4409 3606 4462 vinum

2025 4497 2217 4550 bibunt.
2260 4496 2407 4550 lianc
2455 4494 2880 4548 criminationem
2928 4495 3128 4564 profert
3176 4496 3312 4552 alter
3343 4500 3602 4568 propheta

2023 4587 2206 4642 dicens
2246 4603 2260 4641 :
2302 4585 2399 4652 Qui
2427 4585 2600 4640 bibunt
2640 4585 2938 4656 drfa’calttm
2976 4586 3166 4652 vinum,
3212 4598 3258 4641 et
3295 4589 3470 4658 primis
3497 4607 3595 4645 un-

2023 4679 2220 4750 guentis
2248 4678 2403 4743 uncti,
2430 4678 2514 4746 qui
2537 4676 2787 4746 plaudunt
2804 4676 2871 4730 ad
2891 4691 3056 4731 vocem
3075 4694 3405 4749 organorum.
3442 4681 3601 4746 Quasi

2021 4772 2213 4826 stantia
2238 4778 2614 4840 reputaverunt,
2645 4779 2691 4823 et
2714 4785 2814 4822 non
2855 4769 3001 4837 quasi
3023 4771 3267 4841 fugientia
3316 4773 3334 4840 (
3360 4773 3510 4829 Amos
3545 4774 3598 4829 6.

2024 4863 2078 4918 6.
2107 4863 2196 4935 5).
2228 4861 2439 4916 Etenim
2487 4870 2740 4914 extremm
2770 4859 3076 4914 stoliditatis
3110 4860 3318 4930 signum
3349 4874 3454 4928 est,
3487 4865 3606 4919 aui-

2023 4953 2201 5023 mique
2238 4950 2480 5005 dissoluti
2529 4949 2744 5004 domum
2781 4965 2930 5002 suam
2964 4951 3014 5004 in
3046 4950 3312 5006 theatrum
3343 4965 3597 5022 vertere,

2021 5055 2075 5101 et
2107 5043 2408 5116 hujusmodi
2447 5044 2668 5099 canticis
2708 5057 2767 5099 se
2810 5042 3025 5099 dedere.
3059 5043 3212 5111 Quod
3261 5053 3318 5101 et
3367 5047 3600 5104 ebrietas

2083 5177 2156 5250 (a)
2188 5175 2452 5250 singularis
2477 5182 2632 5250 _certe
2678 5174 2823 5250 vocis,
2855 5173 3042 5250 _sicerrt_,
3077 5176 3434 5238 interpretatio.
3459 5185 3608 5250 nemo

2021 5238 2203 5302 quippe
2248 5238 2430 5296 nescit,
2477 5238 2601 5286 hanc
2644 5249 2814 5286 vocem
2855 5238 3138 5286 llebraicam
3184 5252 3296 5287 esse
3330 5252 3342 5286 :
3390 5252 3451 5287 ex
3491 5244 3608 5295 τυ

2021 5313 2244 5361 nimirum
2269 5322 2556 5372 expressum
2582 5315 2676 5372 est,
2701 5307 2875 5372 sicera.
2912 5307 3150 5372 signiﬁcat
3170 5317 3332 5358 autem
3354 5321 3498 5358 omne
3523 5322 3607 5369 ro-

2022 5374 2166 5437 tionis
2187 5369 2349 5437 genus
2369 5371 2650 5437 inebriandi
2684 5372 2779 5420 vim
2802 5369 3012 5437 habens;
3036 5370 3166 5437 unde
3187 5383 3216 5420 a
3239 5372 3432 5420 caeteris
3455 5371 3606 5437 inter.

2021 5431 2243 5504 pretibus
2265 5433 2498 5504 redditur.
2523 5432 2742 5504 ebrietas.
2769 5431 3033 5504 Hesychius
3054 5431 3421 5504 imor-premar,
3446 5431 3604 5504 pinum

2019 5491 2330 5558 condimentis
2353 5496 2574 5544 mixtum.
2598 5501 2835 5558 Tempore
2859 5491 3063 5558 fortasse
3087 5491 3423 5558 Chrysostorni,
3451 5491 3610 5558 liquor

2020 5571 2083 5607 ex
2112 5555 2373 5620 palmarum
2390 5571 2536 5608 succo
2569 5555 2837 5616 confectus,
2855 5555 3009 5606 sicera
3037 5555 3311 5603 vocabatur.
3336 5557 3444 5601 Eam
3468 5556 3612 5618 quip-

2021 5635 2082 5692 pe
2107 5621 2559 5684 interpretationem
2584 5623 2739 5683 ipsum
2781 5633 2894 5672 esse
2927 5626 3250 5669 commentum
3275 5628 3370 5665 nou
3398 5624 3602 5680 putave-

2019 5696 2124 5733 ιἰιη.
