4010 6218
433 298 506 356 63
1147 295 1204 348 S.
1241 292 1520 350 JOANNlS
1556 290 2026 348 CllRYa‘OSTOMI
2067 291 2382 348 ARCHIEP.
2424 293 2956 357 CONSTANTINOP.
3326 248 3331 250 ή
3621 317 3682 374 σε

433 412 561 468 facit
605 410 838 469 tenebris
885 408 1187 474 effundens,
1212 407 1313 462 hoc
1347 417 1402 461 et
1428 405 1627 459 musica
1653 412 1906 474 operatur
1935 401 2016 456 vi-

432 519 615 574 gorem
657 502 850 557 mentis
889 499 1199 564 euiollicns,
1247 498 1517 567 roburque
1546 496 1708 550 animi
1740 493 2017 565 frangens,

431 602 487 650 et
526 593 591 648 ad
619 592 878 660 majorem
905 591 1145 646 alliciens
1168 588 1463 643 lasciviam.
1502 585 1673 656 Opera
1715 594 1884 640 autem
1923 583 2022 638 Dei

433 700 533 738 non
563 683 858 752 respiciunt,
887 690 932 736 et
959 697 1114 750 opera
1142 694 1382 733 manuum
1411 679 1521 748 ejus
1547 694 1647 732 non
1673 676 2017 731 considerant.

438 774 529 830 Vel
558 773 816 829 miracula
844 772 962 842 ejus
980 771 1128 836 dicit,
1151 770 1232 824 vel
1257 778 1460 825 naturae
1487 768 2016 840 contemplationem.

433 864 716 932 Quomodo
735 873 910 920 autem
934 863 1138 934 possint
1160 861 1355 918 borum
1379 869 1709 932 spectatores
1727 874 1867 926 esse,
1895 874 2020 915 cum

434 958 573 1013 diem
604 957 656 1012 in
700 966 909 1012 noctem
952 964 1194 1024 vertant,
1248 963 1410 1010 noctu
1457 968 1587 1009 vero
1629 954 1813 1010 nihile
1829 952 2022 1008 melius

432 1051 541 1105 sint
567 1046 742 1103 allecti
767 1089 782 1112 ,
815 1061 978 1116 quam
1005 1046 1239 1102 mortui?
1262 1044 1537 1117 quomodo
1568 1053 1820 1115 poterunt
1845 1044 2016 1100 solem

435 1141 706 1198 orientem
756 1139 956 1205 videre,
991 1138 1108 1194 caeli
1135 1136 1505 1208 splendentem
1535 1136 1980 1207 pulchritudinem
2004 1178 2020 1204 ,

432 1249 762 1306 ‘vespcreque
790 1232 996 1288 varium
1034 1232 1179 1287 illum
1209 1231 1485 1287 stellarum
1515 1229 1761 1297 chorum,
1791 1239 2023 1286 cauera-

435 1340 664 1396 rumque
693 1335 1060 1380 creaturarum
1093 1323 1337 1378 ordinem
1361 1332 1415 1379 et
1441 1323 1797 1378 ministerium
1825 1363 1840 1390 ,
1870 1331 2024 1378 exte-

438 1416 667 1473 rioribus
707 1415 1154 1486 interioribusque
1199 1413 1368 1470 oculis
1416 1413 1652 1484 privati?
1691 1412 1809 1468 Non
1838 1427 2022 1483 parum

438 1523 568 1580 ergo
612 1509 664 1564 in
696 1508 798 1564 hoc
847 1507 958 1563 laesi
985 1514 1143 1573 sunt,
1176 1504 1318 1576 quod
1359 1519 1648 1576 numquam
1677 1503 2024 1584 contemplati

441 1602 535 1658 Dei
557 1601 817 1656 mirabilia
858 1615 922 1656 ex
959 1599 1058 1654 hac
1099 1599 1204 1653 vita
1233 1597 1532 1664 discedant,
1561 1613 1684 1654 cum
1715 1598 1859 1654 omni
1891 1606 2027 1653 tem-

442 1706 575 1762 pore
600 1692 875 1748 ebrietatis
911 1690 1144 1746 tenebris
1172 1689 1345 1744 obruti
1384 1689 1595 1745 fuerint.
1626 1689 1714 1745 13.
1739 1688 1907 1760 Igitur
1933 1704 2025 1742 ca-

441 1784 608 1854 ptivus
629 1783 794 1854 factus
817 1792 888 1836 est
914 1782 1132 1854 papulas
1157 1796 1317 1847 meus,
1341 1797 1396 1835 eo
1417 1781 1551 1852 quod
1579 1796 1680 1835 non
1701 1785 2026 1852 cognoverint

440 1874 739 1930 Dominum.
768 1873 971 1928 Rursus
997 1872 1138 1944 quod
1179 1871 1412 1927 futurum
1439 1881 1554 1928 erat
1600 1880 1658 1928 ut
1698 1871 2028 1942 praeteritum

443 1966 748 2033 annuntiat,
779 1973 834 2020 ct
872 1979 1082 2035 poenam
1127 1965 1289 2020 infert
1313 1963 1508 2019 delicto
1553 1963 1699 2019 huic.
1748 1962 2027 2034 Siquidem

439 2056 525 2111 vel
547 2057 659 2126 ipsa
687 2055 917 2111 ebrietas
941 2054 1166 2125 quodvis
1190 2054 1510 2124 supplicium
1539 2063 1806 2125 exaequat,
1832 2053 2030 2109 tumul-

438 2156 551 2201 tum
603 2147 656 2202 in
700 2145 877 2201 anima
932 2146 1166 2216 pariens,
1211 2144 1438 2216 caligine
1476 2153 1710 2201 mentem
1766 2144 2026 2215 replens,

439 2241 704 2312 captivam
731 2241 902 2311 ipsam
929 2239 1284 2307 constituens,
1326 2238 1626 2296 innumeris
1654 2239 1776 2295 illos
1804 2240 2030 2296 interius

438 2341 496 2388 et
541 2334 774 2389 exterius
815 2335 1050 2389 obruens
1099 2332 1320 2388 morbis.
1365 2331 1480 2388 Hoc
1531 2341 1757 2387 noverat
1798 2331 2027 2400 Paulus,

441 2440 634 2496 nempe
683 2426 941 2481 malitiam
981 2439 1075 2496 pro
1116 2424 1378 2494 supplicio
1425 2439 1577 2491 esse;
1624 2423 1746 2479 ideo
1787 2424 1910 2479 ait:
1960 2423 2030 2479 Et

441 2516 719 2571 mercedem
743 2533 892 2587 quant
921 2517 1164 2586 aportuit,
1195 2515 1379 2570 erroris
1410 2515 1489 2569 sui
1517 2515 1568 2569 in
1591 2515 1870 2584 semetipsis
1897 2515 2030 2570 reci-

442 2607 671 2678 pientes(
688 2606 834 2662 Rom.
864 2604 915 2659 l.
939 2605 1053 2675 27).
1096 2605 1290 2661 Verum
1317 2604 1529 2676 quando
1559 2605 1611 2660 id
1635 2606 1799 2660 etiam
1827 2605 2031 2661 stolidi-

443 2701 565 2755 tatis
589 2715 774 2756 eorum
809 2699 1084 2770 proprium
1127 2706 1245 2764 est,
1285 2696 1428 2768 quod
1458 2697 1784 2768 puniantur,
1832 2713 1932 2754 nec
1971 2711 2032 2754 se

443 2793 618 2862 puniri
646 2793 900 2860 sentiant,
935 2791 1078 2862 quod
1112 2799 1393 2862 aegrotent,
1439 2806 1539 2847 nec
1579 2791 1752 2846 sciant
1780 2806 1842 2847 se
1869 2807 2033 2862 argm-

443 2896 577 2951 tare,
615 2885 683 2942 ab
719 2884 920 2941 exteris
960 2885 1124 2941 etiam
1153 2883 1476 2954 supplicium
1525 2882 1750 2952 inducit,
1803 2883 2026 2954 aitque:

441 2977 610 3053 Igitur
647 2977 871 3047 captivus
913 2977 1077 3050 factus
1105 2985 1176 3029 est
1203 2973 1422 3046 populus
1449 2991 1614 3040 meus,
1664 2991 1722 3029 eo
1770 2975 1904 3044 quod
1927 2991 2028 3028 non

440 3069 762 3145 cognoverint
807 3067 1103 3122 Dominum.
1137 3065 1204 3120 Et
1232 3065 1504 3120 multitudo
1540 3068 1678 3137 facta
1709 3076 1780 3120 est
1803 3076 2029 3119 mortuo-

439 3181 555 3218 rum
584 3174 790 3235 propter
814 3168 999 3235 [amem
1019 3167 1065 3216 et
1089 3157 1224 3218 sitim
1255 3173 1421 3232 aqute.
1450 3155 1578 3213 Vide
1606 3155 1824 3212 multam
1864 3156 2032 3214 inser-

441 3264 549 3310 tam
600 3255 654 3309 in
702 3252 963 3325 supplicio
1004 3253 1379 3318 monitionem,
1429 3266 1602 3322 neque
1657 3252 2027 3322 gravissimam

439 3345 621 3402 statim
649 3345 832 3400 induci
863 3345 1182 3402 sectionem.
1213 3343 1398 3415 Neque
1425 3345 1569 3401 enim
1597 3345 1780 3400 subito
1808 3343 2031 3415 captivi-

443 3446 608 3493 tatem
649 3435 864 3505 intulit,
896 3437 992 3492 sed
1034 3435 1227 3492 famem
1265 3436 1415 3506 prius
1450 3444 1507 3492 et
1560 3435 1732 3504 sitim,
1775 3445 1831 3491 ut
1883 3435 2030 3490 domi

439 3539 756 3594 manentes,
791 3528 1038 3585 meliores
1073 3528 1406 3596 evaderent,
1449 3542 1624 3599 neque
1649 3528 1719 3585 ob
1759 3527 2030 3584 incurabi-

444 3623 552 3680 lem
570 3622 816 3678 morbum
834 3621 1182 3678 barbarorum
1201 3620 1494 3676 exercitum
1517 3619 1870 3676 attraherent.
1893 3619 2029 3687 Quia

440 3729 568 3770 vero
593 3729 702 3770 non
723 3721 1019 3780 cesserunt,
1039 3712 1279 3783 nihilque
1308 3711 1432 3767 inde
1447 3711 1640 3767 lucrati
1661 3720 1786 3768 sunt
1808 3752 1824 3779 ,
1859 3720 2031 3768 extre-

439 3821 591 3861 mum
620 3806 852 3877 denique
876 3804 1002 3876 ipsis
1019 3802 1223 3861 inducit
1245 3803 1590 3875 supplicium.
1621 3805 1877 3860 Attamen
1904 3813 2030 3860 ante

439 3897 532 3953 illa
557 3939 573 3967 ,
606 3899 784 3955 verbis
812 3897 1021 3955 extollit
1048 3905 1104 3953 et
1131 3896 1424 3968 ampliﬁcat
1451 3897 1608 3952 famis
1635 3897 2024 3967 calamitatem,

439 3995 625 4052 dicens
657 4011 672 4050 :
706 3994 793 4048 14.
840 3990 1088 4045 Dilatavit
1129 3991 1360 4061 infernus
1397 3992 1622 4045 animant
1671 4007 1817 4046 suam
1863 4007 1884 4047 :
1922 4007 2030 4048 non

438 4085 582 4159 quod
626 4084 867 4141 infernus
895 4083 1128 4138 animam
1174 4083 1366 4139 habeat
1399 4101 1415 4139 :
1447 4083 1543 4138 sed
1572 4099 1816 4154 personae
1859 4084 2029 4142 forma

441 4179 613 4236 minas
659 4177 925 4243 intentat,
959 4183 1019 4231 ut
1056 4176 1259 4245 majore
1289 4190 1415 4233 cum
1459 4177 1704 4247 emphasi
1753 4177 2026 4248 loquatur,

441 4270 746 4342 ingentique
785 4269 978 4324 timore
1006 4266 1308 4323 auditorum
1341 4269 1550 4324 animos
1594 4268 1864 4339 percellat.
1903 4268 2031 4324 Ideo

442 4362 497 4416 iu
533 4361 904 4432 prosopopoeia
930 4360 1170 4430 persistit
1197 4359 1414 4416 dicens:
1443 4359 1512 4415 Et
1537 4363 1736 4431 aperuit
1767 4379 1825 4418 os
1850 4379 2017 4429 suum,

442 4463 497 4506 ut
539 4468 641 4506 non
666 4461 820 4506 cesset
854 4467 874 4506 :
893 4451 1046 4521 quasi
1069 4451 1138 4506 de
1171 4449 1283 4506 fera
1313 4443 1474 4506 verba
1502 4453 1737 4523 faciens,
1760 4463 1815 4510 et
1839 4455 2030 4526 imagi-

441 4559 567 4600 nem
605 4558 788 4598 rerum
833 4556 1001 4612 prope
1031 4542 1176 4611 ipsos
1205 4541 1497 4598 adducens.
1527 4544 1788 4616 Quodque
1816 4547 2031 4617 gravius

442 4643 548 4702 est,
599 4649 704 4689 non
740 4632 903 4688 modo
929 4632 1140 4702 aperuit
1166 4647 1228 4688 os
1263 4648 1440 4699 suum,
1465 4633 1561 4690 sed
1590 4634 1759 4691 hianti
1783 4651 1881 4693 ore
1910 4653 2029 4693 ma-

445 4736 556 4792 net,
587 4741 685 4782 nec
729 4741 795 4782 ex
818 4725 930 4795 jam
965 4723 1232 4796 absorptis
1259 4726 1504 4780 satiatur.
1546 4725 1611 4780 Et
1637 4727 1934 4782 descendent
1963 4729 2030 4782 ad

441 4835 557 4871 eum
585 4817 792 4888 gloriosi
813 4859 828 4883 ,
857 4827 904 4872 et
932 4827 1191 4889 magnates
1215 4857 1228 4881 ,
1257 4827 1303 4872 e't
1347 4816 1524 4872 divites
1548 4858 1562 4883 ,
1613 4829 1659 4874 et
1692 4830 1854 4890 pestes
1897 4822 2027 4891 ejus.

443 4907 672 4973 Exhinc,
710 4920 766 4962 ut
795 4909 935 4964 scias
960 4925 1066 4964 non
1091 4907 1384 4964 secundum
1411 4920 1617 4966 natura:
1644 4911 1889 4969 ordinem
1916 4914 2032 4972 haec

443 4999 581 5061 ﬁeri,
606 4999 700 5053 sed
727 5014 758 5053 a
782 5000 892 5054 Deo
920 5000 1213 5055 immissam
1250 5015 1372 5056 esse
1400 5002 1640 5072 plagam,
1670 5012 1724 5058 et
1754 5003 2028 5060 decretum

438 5108 505 5147 es
534 5091 667 5146 caelo
681 5089 917 5146 delatum
937 5133 951 5155 ,
971 5093 1024 5147 in
1056 5092 1313 5163 dignitate
1329 5103 1383 5148 et
1413 5095 1649 5164 potentia
1677 5096 2027 5166 constitutos,

439 5181 530 5252 qui
549 5181 727 5236 omnia
753 5182 1068 5250 miscebant,
1087 5199 1278 5256 resque
1293 5184 1602 5242 Judzcorum
1625 5187 2026 5260 subvertebant,

440 5290 505 5329 eo
529 5274 887 5330 descensuros
914 5289 1035 5330 esse
1063 5277 1157 5329 ait.

512 5369 568 5425 6.
598 5369 782 5425 Pestes
819 5378 996 5425 autem
1037 5370 1156 5426 illos
1185 5371 1305 5442 jure
1348 5382 1540 5440 vocat,
1583 5382 1768 5444 utpote
1803 5376 1893 5447 qui
1938 5393 2032 5433 ne—

441 5462 660 5532 quitiam
700 5475 804 5515 non
837 5475 1002 5531 penes
1041 5477 1100 5517 se
1133 5472 1447 5530 servarent,
1489 5466 1585 5519 sed
1614 5467 1771 5522 etiam
1801 5467 1868 5521 ad
1899 5468 2032 5522 alius

442 5553 686 5609 morbum
713 5553 1158 5610 transmitterent.
1191 5554 1335 5610 Talis
1362 5556 1560 5627 quippe
1590 5565 1676 5614 est
1711 5559 2030 5628 pestilentia:

441 5656 628 5699 natura
661 5661 822 5701 :cum
863 5647 930 5702 ab
967 5662 1075 5703 uno
1114 5662 1341 5719 corpore
1375 5648 1633 5717 coeperit,
1675 5650 1935 5720 gradatim
1976 5653 2028 5709 in

449 5734 834 5796 multltudinem
866 5749 1157 5812 grassatur.
1197 5740 1259 5797 Et
1285 5739 1542 5797 exsultans
1572 5742 1625 5797 in
1653 5759 1732 5799 ea.
1760 5744 1861 5811 Qui
1891 5747 2022 5804 deli-

2123 403 2218 496 ciis
2245 415 2412 496 vacat,
2443 409 2530 479 qui
2558 412 2818 477 exsultat,
2845 415 2936 484 qui
2969 422 3116 486 putat
3135 431 3193 473 se
3217 418 3506 478 immobilia
3532 428 3690 496 possi-

2121 494 2248 551 dere
2269 495 2428 566 bona,
2460 499 2574 570 ipse
2599 518 2810 574 quoque
2838 505 2994 562 cadet
3021 515 3076 563 et
3102 509 3366 579 capietur.
3397 513 3481 570 15.
3514 494 3578 572 Et
3602 520 3692 574 hu-

2122 587 2399 644 miliabitur
2420 592 2592 661 homo,
2619 604 2666 648 et
2692 595 3074 652 inhonorabitur
3097 601 3174 655 vir
3197 615 3216 655 :
3239 611 3287 656 et
3312 605 3447 660 oculi
3471 607 3693 668 sublimes

2123 679 2539 738 Itumiliabuntur.
2585 684 2671 740 16.
2705 685 2770 740 Et
2805 688 3110 744 exaltabitur
3143 689 3397 750 Dominus
3427 697 3561 752 solus
3598 699 3692 756 Sa-

2123 771 2273 828 baoth
2298 774 2351 828 in
2365 775 2586 846 judicio.
2621 776 2750 833 Vide
2775 793 2961 835 rursus
3003 781 3096 836 Dei
3131 784 3539 854 providentiam.
3581 789 3690 846 Non

2122 862 2267 919 enim
2309 865 2727 923 internecionem
2768 869 3018 938 adducit,
3050 887 3222 944 neque
3262 883 3427 932 totum
3458 894 3489 934 e
3525 882 3692 938 medio

2122 952 2291 1024 abripi
2318 955 2572 1025 populum
2602 959 2881 1028 permittit,
2913 962 3008 1017 sed
3037 964 3293 1034 quosdam
3329 967 3608 1039 relinquit,
3639 981 3693 1028 ut

2123 1056 2188 1098 ex
2209 1043 2516 1101 abeuntium
2538 1049 2799 1119 supplicio
2819 1050 3156 1122 resipiscam.
3183 1055 3295 1111 Hoc
3318 1071 3444 1128 ergo
3463 1059 3692 1116 subindi-

2124 1149 2252 1190 cans
2281 1136 2388 1202 ait,
2421 1137 2860 1210 Humiliabuntur,
2896 1143 2949 1198 id
2978 1155 3081 1210 est,
3112 1146 3200 1216 qui
3227 1157 3470 1218 manent,
3496 1151 3579 1220 qui
3610 1167 3692 1208 re-

2123 1224 2234 1282 licti
2271 1237 2416 1283 sunt.
2442 1227 2509 1283 Et
2531 1230 2836 1286 eaaltabitur
2857 1232 3108 1289 Dominus
3138 1235 3364 1291 Sabaoth
3403 1239 3455 1293 in
3475 1240 3690 1312 judicio,

2123 1327 2171 1372 et
2193 1316 2331 1374 Deus
2347 1330 2550 1375 sanctus
2567 1321 2930 1393 gloriﬁcabitur
2947 1325 2998 1380 in
3005 1327 3233 1397 justitia.
3255 1329 3368 1385 Duo
3384 1331 3527 1400 ponit
3543 1336 3690 1402 bona,

2123 1418 2178 1464 et
2205 1410 2326 1466 illos
2347 1427 2539 1482 nempe
2565 1415 2807 1470 timorem
2836 1415 3173 1487 deposituros
3192 1434 3333 1487 esse,
3356 1423 3697 1496 melioresque

2125 1499 2333 1558 futuros
2355 1543 2371 1570 ,
2408 1511 2464 1559 et
2506 1505 2673 1560 Deum
2715 1507 3054 1565 admirationi
3082 1509 3199 1568 fore
3238 1513 3378 1582 apud
3409 1530 3621 1584 omnes;
3648 1518 3696 1572 id

2125 1593 2268 1647 enim
2293 1593 2394 1650 sibi
2415 1596 2528 1651 vult
2552 1595 2680 1651 illud
2705 1638 2720 1664 ,
2750 1596 3077 1655 Exaltabitur
3100 1611 3148 1656 et
3175 1603 3572 1675 glori/icabitur;
3613 1623 3699 1677 per

2126 1685 2445 1756 supplicium
2472 1703 2684 1757 nempe,
2709 1703 2770 1744 ac
2796 1704 2892 1759 per
2916 1691 3086 1761 ipsam
3109 1693 3389 1756 ultionem.
3457 1695 3590 1764 Quid
3614 1713 3700 1752 au-

2129 1784 2237 1831 tem
2262 1775 2472 1849 esl‘Jn
2486 1778 2686 1848 judicio
2707 1780 2733 1834 .9
2761 1779 2864 1836 l‘er
2889 1781 3164 1840 ultionem.
3197 1785 3286 1840 17.
3312 1784 3380 1840 Et
3407 1797 3606 1856 pascant
3629 1789 3703 1842 di-

2127 1870 2290 1942 spersi
2310 1872 2453 1941 quasi
2475 1875 2629 1938 tauri,
2652 1880 2701 1926 et
2724 1872 2922 1929 deserta
2941 1891 3134 1944 eorum,
3155 1879 3241 1948 qui
3259 1879 3506 1950 assumpti
3531 1891 3639 1935 sunt
3660 1889 3699 1950 ε,

2128 1963 2251 2034 agni
2275 1963 2554 2018 comedent.
2576 1963 2904 2020 Relictorum
2935 1968 3255 2037 paucitatem
3280 1970 3369 2025 his
3394 1970 3702 2039 subindicat,

2129 2063 2185 2112 et
2209 2053 2479 2125 ingentem
2508 2055 2743 2126 regionis
2780 2056 3144 2116 solitudinem.
3187 2060 3276 2116 18.
3316 2059 3415 2116 Va:
3444 2062 3528 2132 qui
3555 2073 3709 2116 attra-

2130 2143 2257 2200 hunt
2283 2155 2491 2216 peccata
2515 2163 2610 2202 sua
2637 2156 2691 2202 ut
2719 2150 2948 2219 funiculo
2975 2144 3147 2222 longe,
3173 2161 3221 2206 et
3245 2154 3400 2224 quasi
3422 2155 3537 2225 jugi
3559 2155 3709 2209 corri-

2129 2237 2215 2307 gia
2239 2237 2411 2292 vitula:
2432 2239 2719 2312 iniquitates
2743 2256 2881 2296 suas.
2913 2241 3000 2298 19.
3025 2241 3125 2307 Qui
3151 2244 3324 2299 dicunt
3347 2261 3366 2299 :
3403 2244 3510 2300 Cito
3535 2263 3711 2318 appro-

2131 2329 2370 2401 pinquent
2389 2345 2504 2400 qua
2531 2329 2685 2399 faciet
2706 2330 2846 2386 Deus
2866 2373 2880 2398 ,
2908 2341 2965 2386 ut
2999 2333 3254 2389 videamus
3283 2350 3303 2388 :
3329 2344 3382 2390 et
3414 2337 3576 2392 veniat
3600 2353 3713 2391 con-

2129 2419 2299 2475 silium
2328 2422 2488 2476 sancti
2513 2420 2681 2476 lsrael
2701 2463 2719 2488 ,
2752 2432 2807 2476 ut
2834 2424 3070 2479 sciamus.
3101 2425 3392 2494 Prophetis
3418 2426 3713 2499 frequenter

2129 2512 2575 2569 comminantibus
2599 2526 2656 2570 et
2681 2514 2932 2571 terribilia
2954 2518 3465 2586 praenuntiantibus,
3493 2518 3714 2591 pseudo-

2131 2604 2406 2676 propheta:
2443 2605 2512 2662 ad
2549 2607 2774 2678 gratiam
2812 2608 3092 2678 loquentes
3115 2651 3130 2676 ,
3167 2611 3464 2683 populique
3492 2613 3714 2684 vigorem

2132 2698 2486 2756 dissolventes
2508 2741 2523 2768 ,
2552 2700 2766 2756 illorum
2789 2700 2929 2758 dicta
2957 2701 3107 2769 l'alsa,
3134 2717 3229 2758 sua
3258 2719 3391 2761 vera
3423 2720 3542 2763 esse
3570 2705 3716 2762 dicti-

2132 2791 2332 2847 tabant.
2362 2792 2510 2847 Multi
2539 2807 2667 2864 ergo
2691 2793 2896 2849 seducti
2924 2793 3138 2850 illorum
3172 2797 3351 2851 verbis
3403 2812 3507 2854 non
3536 2796 3716 2853 crede-

2131 2883 2279 2940 bant.
2323 2883 2527 2940 Deinde
2554 2886 2674 2956 quia
2705 2885 2998 2956 pr0phetize
3031 2902 3138 2942 non
3175 2888 3353 2943 statim
3401 2899 3559 2961 atque
3596 2905 3715 2961 pro-

2131 2973 2390 3030 nuntiata
2405 2983 2578 3043 erant,
2599 2975 2940 3043 eveniebant;
2965 2977 3256 3047 prophetia:
3276 2995 3517 3052 namque
3538 2991 3714 3036 natura

2130 3074 2242 3121 erat
2263 3108 2277 3132 ,
2308 3067 2478 3121 multo
2515 3075 2639 3122 ante
2667 3075 2905 3137 tempore
2933 3081 2995 3123 ea
3024 3069 3369 3137 pronuntiare
3403 3087 3524 3142 qua:
3561 3087 3716 3128 even-

2135 3164 2252 3213 tura
2291 3164 2476 3220 erant;
2517 3158 2767 3228 quoniam
2806 3172 2932 3230 ergo
2970 3157 3278 3230 frequenter
3316 3167 3599 3239 propheta:
3633 3166 3710 3221 fa-

2129 3267 2273 3308 mem
2296 3292 2311 3319 ,
2343 3261 2549 3322 pestem
2572 3292 2589 3320 ,
2625 3251 2869 3324 bellaque
2897 3253 3254 3324 praedicebant
3276 3297 3291 3320 ,
3322 3270 3433 3312 nec
3461 3267 3632 3312 tamen
3658 3269 3719 3312 ea

2130 3343 2306 3412 reipsa
2327 3343 2710 3411 ostendebant,
2742 3343 2958 3400 interim
2982 3345 3132 3401 multi
3160 3361 3224 3401 ex
3255 3345 3320 3401 iis
3341 3385 3359 3414 ,
3397 3349 3490 3418 qui
3516 3347 3720 3417 decepti

2130 3443 2284 3490 erant
2306 3476 2321 3500 ,
2350 3449 2416 3489 ex
2442 3435 2780 3492 cunctatione
2808 3435 2876 3492 ad
2900 3451 3007 3492 non
3035 3418 3364 3493 credendum
3387 3441 3722 3497 occasionem

2130 3526 2475 3598 accipientes,
2502 3526 2751 3583 dicebant
2775 3546 2789 3584 :
2809 3527 3036 3584 Veniant
3065 3545 3185 3601 qua;
3208 3528 3503 3601 dicuntur;
3529 3535 3576 3590 si
3601 3548 3722 3588 vere

2129 3619 2326 3689 dicitis,
2355 3619 2610 3676 accedant
2635 3635 2721 3676 res
2743 3621 2902 3691 ipsas;
2931 3621 3178 3678 exhibete
3201 3624 3356 3679 nobis
3379 3639 3448 3680 ex
3473 3625 3723 3696 operibus

2129 3709 2261 3780 ipsis
2279 3710 2560 3766 consilium
2588 3710 2701 3767 Dei.
2725 3711 2859 3780 Quia
2885 3713 3044 3783 igitur
3068 3714 3183 3784 ejus
3209 3715 3524 3785 patientiam
3555 3718 3725 3773 incre-

2131 3801 2368 3858 dulitatis
2392 3803 2728 3858 occasionem
2755 3803 3059 3861 efﬁciebant
3083 3846 3098 3873 ,
3126 3816 3182 3863 et
3206 3810 3448 3879 peccatis
3484 3812 3598 3866 suis
3627 3810 3724 3864 hoc

2129 3893 2469 3962 adjiciebant,
2491 3902 2601 3948 tum
2630 3894 2774 3964 quod
2804 3910 2909 3952 non
2937 3895 3240 3965 crederent,
3266 3907 3377 3954 tum
3396 3901 3542 3972 quod
3563 3901 3632 3957 ob
3649 3901 3727 3956 in-

2130 3985 2500 4043 credulitatem
2521 3987 2794 4058 segniores
2819 3989 3125 4058 evaderent,
3145 3991 3265 4061 jure
3289 3992 3439 4062 ipsos
3465 3993 3725 4064 propheta

2130 4078 2277 4149 luget
2296 4078 2512 4135 dicens:
2536 4079 2695 4147 Quasi
2719 4079 2952 4136 funiculo
2973 4081 3152 4153 longo,
3178 4083 3256 4138 sic
3280 4095 3471 4140 contra
3499 4099 3596 4141 vos
3619 4095 3728 4140 tra—

2134 4171 2260 4226 hitis
2287 4170 2420 4226 iram
2451 4171 2588 4240 Dei,
2631 4181 2687 4227 et
2725 4172 3011 4242 nequitiam
3049 4181 3282 4229 vestram
3321 4177 3553 4247 augetis.
3593 4176 3729 4244 Quia

2131 4263 2276 4318 enim
2301 4261 2456 4319 dictis
2481 4277 2587 4318 non
2614 4262 2853 4330 creditis,
2877 4262 2930 4318 id
2954 4263 3268 4336 relinquitur
3288 4267 3529 4336 demum,
3557 4277 3619 4325 ut
3641 4284 3730 4324 re—

2133 4369 2253 4409 rum
2293 4353 2447 4409 vobis
2472 4351 2800 4423 experientia
2840 4355 3113 4411 all‘eratur.
3149 4356 3223 4412 lta
3251 4367 3307 4413 ut
3332 4374 3426 4414 vos
3457 4360 3558 4431 ipsi
3589 4361 3730 4416 male

2131 4447 2284 4505 vobis
2312 4447 2626 4514 attrahatis,
2651 4449 2743 4520 qui
2774 4449 2953 4506 verbis
2985 4449 3144 4506 ﬁdem
3177 4467 3282 4508 non
3324 4452 3559 4510 habetis.
3604 4453 3732 4510 Ideo

2131 4539 2207 4593 ait
2237 4557 2250 4594 :
2286 4537 2376 4595 νω
2399 4539 2484 4610 qui
2508 4541 2768 4595 attrahunt
2795 4551 2998 4613 peccata
3025 4559 3149 4607 sua;
3181 4543 3232 4598 id
3258 4552 3339 4600 est
3359 4585 3378 4614 ,
3410 4545 3730 4602 retributio-

2133 4646 2260 4688 nem
2299 4639 2640 4703 peccatorum
2669 4649 2682 4688 :
2715 4633 2866 4703 quasi
2908 4634 3065 4704 longo
3107 4633 3341 4691 funiculo
3371 4651 3400 4691 e
3430 4638 3734 4709 longinquo

2135 4723 2343 4778 trahitis
2365 4764 2380 4790 ,
2414 4723 2618 4796 inquit,
2659 4724 2928 4780 deﬁnitam
2969 4727 3198 4796 peccatis
3222 4729 3412 4784 vestris
3441 4731 3729 4796 ultionem,

2135 4823 2189 4870 et
2214 4815 2362 4884 quasi
2385 4814 2495 4886 jugi
2524 4815 2750 4886 corrigia
2783 4816 2960 4871 vitula:
3005 4815 3332 4888 subjugalis,
3361 4828 3417 4874 ut
3455 4820 3735 4889 exprimat

2135 4907 2346 4963 illorum
2367 4909 2599 4963 studium
2625 4919 2678 4966 et
2697 4926 2879 4965 curam
2901 4911 2953 4965 in
2981 4911 3270 4980 peccando.
3297 4912 3367 4968 Ut
3393 4914 3435 4967 si
3468 4915 3596 4984 quis
3617 4914 3736 4968 loro

2134 5001 2257 5056 forti
2284 5001 2408 5071 quid
2437 5004 2754 5072 pertraxerit
2772 5043 2786 5066 ,
2819 5003 2896 5057 sic
2925 5018 3017 5057 vos
3043 5019 3139 5073 per
3168 5003 3604 5060 incredulitatem
3638 5005 3735 5060 Dei

2134 5093 2266 5149 iram
2307 5101 2491 5148 contra
2532 5108 2627 5150 vos
2657 5093 2884 5150 trahitis.
2929 5093 3128 5150 Deinde
3165 5093 3294 5151 dicit
3319 5097 3596 5166 quomodo
3626 5107 3738 5152 tra-

2199 5254 2215 5284 ί
2252 5259 2361 5302 Haec
2385 5252 2551 5317 verba,
2577 5259 2634 5317 et,
2654 5265 2742 5316 per
2765 5253 2929 5317 ipsam
2945 5251 3246 5302 ultionem...
3267 5265 3354 5314 per
3369 5249 3622 5317 ultionem.
3641 5253 3737 5317 de-

2135 5321 2273 5367 erant
2285 5319 2334 5366 in
2354 5315 2497 5378 Morel
2521 5349 2536 5372 ,
2550 5315 2638 5364 sed
2657 5315 2720 5364 ex
2739 5315 2884 5378 Regio
2901 5315 3151 5378 desumpta
3165 5315 3738 5378 sunttBavaricusetiam

2133 5379 2309 5451 habet,_
2322 5377 2410 5426 sed
2430 5375 2614 5440 aliquot
2628 5374 2830 5442 adjectis
2854 5374 3274 5440 vocibusilllaque
3297 5376 3494 5439 legerat
3515 5374 3738 5425 't‘ilmau-

2133 5452 2227 5488 nus
2248 5449 2508 5502 interpres.

2194 5503 2216 5535 ⁸
2249 5502 2303 5551 In
2325 5497 2505 5561 Graeco,
2528 5512 2810 5564 διιιλημιινῳ,
2835 5513 3001 5564 eorum
3022 5497 3106 5564 qui
3123 5499 3356 5564 ωαντιρεί
3367 5501 3496 5550 sunt.
3514 5497 3737 5548 τιιωιη-

2133 5577 2226 5615 nus
2248 5571 2484 5624 verterat,
2507 5561 2674 5614 eorum
2686 5561 2770 5624 qui
2791 5561 2947 5614 relicti
2967 5561 3092 5621 sunt,
3103 5563 3240 5625 quasi
3262 5561 3484 5625 legisset,
3501 5573 3736 5625 ἀπολαληεο

2133 5644 2256 5688 μένων.
2296 5621 2568 5688 λιιιλημμιω
2608 5621 2748 5676 certe
2768 5631 2892 5688 est,
2926 5636 3090 5688 eorum
3120 5621 3214 5684 'qui
3247 5621 3480 5688 ass'umptt'
3512 5630 3649 5688 sunt,
3668 5621 3739 5672 ab

2133 5685 2403 5750 ἐπολιμδάνω,
2429 5685 2479 5738 et
2501 5697 2662 5743 tunc!)
2703 5687 2892 5751 videtur
2915 5687 3280 5751 Chrysostomus
3310 5686 3360 5736 in
3395 5685 3737 5746 sequentibus

2139 5769 2224 5806 eos
2249 5748 2546 5817 intelligere,
2566 5752 2649 5819 qui
2668 5748 2822 5804 relicti
2847 5757 2972 5801 sunt.
