4018 6212
199 284 250 336 65
1397 267 1462 322 ΙΝ
1501 265 1714 321 lSAlAlt

1820 265 1946 322 IAP.
1991 267 2052 324 ν.
3338 277 3408 332 66

198 394 296 448 haut
321 408 332 442 :
360 388 448 458 Qui
470 386 650 450 dicunt,
672 383 784 440 Cito
813 383 1218 454 appropinquant
1241 398 1356 452 quae
1383 385 1614 455 facturus
1635 394 1712 438 est

196 483 319 543 Data,
341 493 386 534 ut
410 480 667 534 rideamus.
695 475 748 530 id
773 475 916 544 quod
945 484 999 530 et
1022 474 1160 530 alius
1190 474 1444 544 pr0pheta
1471 476 1552 530 eis
1579 476 1711 530 vitio

194 576 316 631 vertit
336 573 523 627 dicens:
555 567 641 623 Va:
660 566 1055 622 desiderantibus
1083 567 1214 620 diem
1245 564 1474 620 Domini.
1501 564 1566 620 Et
1588 568 1715 637 quid

192 668 298 722 vobis
320 667 410 718 bac
435 662 570 715 dies?
597 658 662 712 Et
689 659 799 713 Iun
823 667 896 715 est
920 659 1154 725 tenebris,
1186 675 1288 712 non
1317 658 1410 713 lux
1426 700 1440 722 ,
1472 668 1519 713 et
1545 659 1710 730 caligo

189 774 268 812 non
305 755 463 808 habens
503 751 814 822 splendorem
850 765 997 805 suum
1031 747 1206 820 (Amos
1249 750 1304 805 5.
1336 749 1423 805 18.
1453 749 1582 820 20).
1612 749 1712 804 Et-

187 847 301 902 enim
334 845 400 899 illi
430 857 628 913 quoque
673 840 929 896 increduli
965 839 1212 896 dicebant
1241 858 1256 895 :
1286 839 1508 908 Quando
1537 841 1714 896 veniet

187 939 276 994 dies
295 935 505 1006 supplicii
532 944 588 989 et
629 930 889 988 ultionis?
923 931 1017 987 20.
1061 930 1148 987 Vw
1177 932 1262 1002 qui
1306 932 1482 986 dicunt
1517 933 1711 986 malum

185 1035 348 1095 bonum,
373 1039 415 1082 et
435 1009 858 1092 bonum‘malum;
885 1024 972 1096 qui
994 1032 1187 1096 ponunt
1211 1024 1372 1081 lucem
1398 1025 1643 1092 tenebras,
1663 1035 1712 1081 et

185 1123 366 1177 tenebras
393 1121 573 1185 lucem;
599 1119 686 1188 qui
714 1126 908 1188 ponunt
934 1117 1082 1172 dulce
1107 1132 1342 1172 uiuorum
1360 1159 1376 1183 ,
1405 1127 1452 1172 et
1479 1133 1712 1172 oriturum

182 1216 310 1269 dulce.
333 1213 537 1267 Rursum
557 1210 628 1266 de
645 1209 834 1265 iisdem
853 1209 1107 1281 loquitur.
1135 1209 1394 1278 Quoniam
1424 1210 1711 1280 prophetas

182 1302 460 1359 contumeliis
482 1299 775 1356 onerabant
802 1309 856 1355 et
880 1298 1197 1371 deceptores
1221 1300 1484 1356 vocabant
1508 1319 1521 1356 :
1553 1316 1712 1370 pseu-

179 1394 479 1466 doprophetas
505 1407 634 1449 vero
664 1391 1017 1458 honorabant,
1044 1407 1332 1464 rerumque
1363 1393 1603 1450 ordinem
1629 1394 1711 1449 in-

179 1488 421 1554 vertebant,
442 1486 581 1556 ipsos
609 1486 836 1541 miseros
857 1485 1110 1554 praedicat
1136 1485 1207 1542 ob
1231 1496 1537 1556 corruptum
1562 1486 1709 1556 judi-

175 1581 304 1636 ciutn.
337 1578 444 1645 Vc,
473 1578 682 1648 inquit,
707 1579 797 1650 qui
823 1577 996 1632 dicunt
1022 1580 1215 1632 malum
1238 1575 1427 1632 bonum
1450 1620 1464 1641 ,
1494 1578 1546 1632 id
1584 1587 1666 1633 est
1690 1619 1706 1644 ,

175 1669 681 1742 pseudoprophetiam,
709 1677 756 1723 et
779 1668 967 1723 bonum
995 1668 1206 1735 malum,
1235 1667 1600 1739 prophetiam;
1625 1669 1711 1739 qui

172 1772 330 1830 ponunt
360 1762 506 1816 lucem
538 1760 806 1827 tenebras,
837 1770 885 1814 et
921 1759 1147 1814 tenebras
1175 1759 1371 1826 lucem;
1398 1761 1486 1831 qui
1513 1768 1708 1830 ponunt

170 1854 290 1906 dulce
311 1869 520 1907 amarum
541 1894 558 1918 ,
590 1861 636 1907 et
664 1867 900 1906 amarum
926 1850 1093 1907 dulce.
1117 1850 1344 1906 Etiamsi
1372 1851 1514 1905 enim
1541 1851 1711 1907 mole-

169 1955 233 1997 sta
252 1944 344 1998 sint
368 1943 532 2010 verba,
563 1943 758 2014 inquit,
791 1941 886 1997 sed
919 1941 1050 1996 nihil
1074 1940 1281 1997 dulcius
1301 1951 1383 1997 est
1408 1940 1709 2013 prophetis,

167 2035 240 2104 qui
259 2035 511 2090 verborum
530 2033 1054 2090 interminationibus
1079 2048 1256 2088 rerum
1277 2033 1709 2104 experimentum

166 2127 422 2197 depellunt.
451 2129 550 2184 Etsi
575 2127 750 2184 dulcia
775 2127 883 2183 sint
909 2126 1072 2181 verba
1098 2125 1705 2196 pseudoprophetarum,

164 2219 241 2274 sed
266 2217 383 2273 nihil
411 2217 504 2273 illis
527 2217 788 2284 amarius,
813 2217 904 2288 qui
931 2231 1026 2288 per
1047 2215 1272 2288 gratiam
1301 2217 1584 2272 verborum
1610 2217 1709 2271 mi-

165 2324 244 2366 nas
267 2310 313 2365 iu
336 2326 438 2366 rem
465 2320 516 2366 et
537 2324 709 2380 opera
735 2318 970 2365 vertunt.

221 2407 266 2460 7.
290 2406 358 2462 En
385 2405 656 2476 pr0phetse
679 2403 1016 2473 sapientiam,
1049 2401 1317 2474 quomodo
1341 2401 1558 2458 illorum
1587 2400 1706 2474 opi-

165 2496 340 2552 nionem
364 2498 606 2552 invertat.
639 2494 775 2564 Quia
803 2495 947 2550 enim
967 2494 1072 2549 illis
1097 2502 1153 2548 ut
1177 2493 1452 2548 acerbiora
1479 2506 1708 2546 narran-

164 2588 277 2644 tibus
300 2603 396 2644 nou
420 2586 815 2652 attendehant;
852 2585 933 2640 his
968 2599 1126 2640 secus
1153 2594 1210 2639 ut
1245 2582 1542 2638 mitioribus
1567 2579 1708 2635 mul-

164 2689 337 2750 tamque
350 2679 684 2736 dulcedinem
708 2677 1107 2741 exhibentihus,
1129 2675 1280 2741 dixit,
1302 2691 1416 2731 rem
1438 2673 1710 2730 contrario

161 2785 207 2824 se
223 2769 396 2827 habere
417 2770 601 2838 modo,
628 2766 957 2838 multamque
982 2781 1101 2823 esse
1127 2753 1503 2836 prophetarum
1526 2764 1710 2819 dulce-

161 2858 307 2916 dinem
328 2901 344 2927 ,
371 2861 587 2917 multam
633 2856 1221 2930 pseudoprophetarum
1248 2853 1659 2911 amaritudinem
1691 2869 1705 2909 :

159 2951 220 3008 sic
234 2953 374 3008 etiam
395 2953 461 3010 de
483 2953 613 3010 luce
635 2961 690 3007 et
707 2951 778 3007 de
801 2949 1034 3007 tenebris
1054 2964 1232 3005 sermo
1251 2947 1406 3003 nobis
1432 2947 1709 3002 habendus

159 3051 242 3097 est.
260 3042 376 3099 Nam
397 3043 470 3101 illi
491 3045 558 3101 ad
584 3058 852 3110 errorem,
872 3041 926 3097 hi
947 3041 1013 3097 ad
1037 3041 1312 3097 veritatem
1337 3039 1669 3095 deducebant
1691 3055 1706 3093 :

155 3142 199 3189 et
218 3134 285 3190 illi
307 3135 508 3208 quidem
530 3135 866 3208 captivitatis
891 3134 1102 3205 caligini
1125 3147 1322 3190 manus
1351 3131 1518 3186 ferme
1544 3131 1713 3202 ligan-

159 3237 223 3283 tes
240 3229 497 3286 tradebant
515 3269 534 3296 ,
573 3229 637 3284 bi
664 3238 845 3284 autem
885 3225 1017 3282 nihil
1046 3240 1154 3281 non
1182 3224 1446 3296 agebant,
1475 3237 1534 3278 ut
1561 3224 1612 3278 in
1641 3223 1706 3277 li-

155 3315 340 3376 bertatis
362 3318 532 3378 lucem
564 3318 928 3376 adducerent.
960 3317 1222 3386 Quoniam
1254 3330 1383 3386 ergo
1411 3313 1710 3384 oppositam

156 3419 198 3463 et
220 3425 311 3464 non
336 3420 760 3468 consentaneum
797 3407 865 3465 de
901 3407 1035 3479 ipsis
1061 3407 1377 3462 sententiam
1406 3404 1709 3468 habebant,

152 3499 250 3570 iure
269 3501 382 3559 illos
403 3502 634 3575 corrigit
657 3500 842 3557 dicens
872 3516 890 3557 :
922 3497 1026 3568 Qui
1051 3506 1242 3569 ponunt
1271 3496 1432 3551 lucem
1463 3493 1710 3560 tenebras,

154 3603 189 3647 et
218 3593 424 3650 latebras
459 3595 658 3651 lucem.
697 3590 792 3648 21.
831 3588 921 3647 Va
956 3589 1040 3660 qui
1066 3588 1396 3659 intelligentes
1431 3595 1548 3641 sunt
1575 3583 1714 3656 apud

152 3687 408 3757 metipsos
427 3727 447 3756 ,
472 3696 523 3743 et
549 3701 735 3742 coram
757 3699 814 3740 se
847 3683 1076 3739 scientes.
1115 3679 1230 3736 Non
1272 3693 1501 3751 parvum
1530 3687 1583 3732 et
1612 3675 1715 3731 hoc

152 3775 308 3830 vitium
325 3817 342 3842 ,
368 3792 489 3832 cum
516 3773 792 3849 quispiam
812 3787 872 3829 se
899 3772 1193 3842 sapientem
1219 3778 1406 3840 putat,
1433 3777 1488 3824 et
1510 3768 1713 3837 cogita-

151 3866 353 3924 tionibus
369 3870 480 3925 suis
502 3867 695 3925 omnia
720 3865 995 3938 permittit.
1029 3862 1163 3918 Nam
1193 3861 1318 3917 hinc
1346 3859 1476 3916 illud
1503 3859 1711 3926 oritur;

148 3956 369 4014 nimirum
403 3958 550 4031 quod
576 3957 770 4014 dicant
798 3955 993 4011 malum
1021 3953 1220 4008 bonum
1243 3992 1260 4020 ,
1287 3959 1344 4008 et
1366 3950 1564 4006 bonum
1603 3963 1716 4003 ma-

151 4046 258 4111 lunt,
275 4058 327 4104 et
344 4061 564 4107 cetera.
591 4046 712 4106 Hoc
729 4045 891 4104 etiam
912 4045 1108 4101 Paulus
1129 4042 1366 4099 externis
1384 4039 1718 4112 philosophis

145 4140 326 4198 crimini
355 4143 492 4200 dans
519 4141 780 4198 diccbat:
801 4137 1035 4194 Dicentes
1071 4153 1126 4192 se
1149 4135 1402 4207 sapientes
1428 4148 1554 4200 esse,
1579 4131 1719 4186 stulti

147 4233 250 4301 Ιοαί
264 4245 374 4290 sant
403 4234 590 4308 (Rom.
615 4233 668 4290 i.
684 4231 804 4302 22).
825 4228 1286 4298 Proverbialisque
1310 4237 1490 4282 sermo
1509 4237 1720 4278 rursum

143 4323 210 4378 sic
231 4325 416 4382 habet:
453 4323 575 4382 Vidi
602 4322 877 4387 hausissent,
895 4319 979 4392 qui
1001 4319 1097 4374 sibi
1117 4317 1320 4389 sapiens
1343 4314 1601 4370 videbatur
1614 4329 1722 4368 esse

144 4418 260 4483 ἀπμά
280 4419 646 4488 mdipsum;
670 4414 914 4486 majorem
935 4427 1084 4480 quam
1107 4409 1196 4464 ille
1219 4423 1360 4479 spem
1375 4406 1520 4460 habet
1539 4403 1720 4460 stultus

143 4507 301 4578 (Prov.
316 4509 408 4568 28.
429 4509 546 4583 12).
571 4509 690 4566 Hoc
705 4507 878 4577 ipsum
895 4504 1086 4559 iterum
1101 4499 1272 4571 arguit
1294 4497 1489 4553 Paulus
1505 4495 1586 4550 his
1612 4510 1720 4550 ver-

145 4597 212 4654 bis
228 4618 245 4656 :
264 4599 346 4656 Ne
362 4601 475 4658 sitis
502 4598 784 4672 prudentes
801 4595 940 4666 apud
959 4592 1284 4662 vosmetipsos
1307 4586 1583 4662 (Rom.i2.
1606 4587 1719 4659 16);

141 4704 192 4745 ac
207 4706 407 4748 rusum
427 4691 517 4748 :Si
534 4689 653 4762 quis
668 4689 721 4743 in
741 4683 1116 4743 oobisrideatur
1131 4679 1332 4753 sapiens
1348 4679 1516 4735 essein
1533 4679 1626 4732 hoc
1637 4691 1724 4731 sa:-

141 4786 255 4847 cslo,
270 4785 455 4840 statua
468 4782 733 4856 ﬂat,utsit
746 4777 1040 4848 sapiens(l.
1062 4774 1179 4830 Car.
1202 4774 1257 4829 ὅ.
1277 4773 1389 4842 18).
1405 4770 1480 4826 Ne
1496 4769 1724 4841 proprias

145 4876 415 4946 spientim,
430 4875 637 4947 inquit,
655 4887 828 4944 neque
843 4865 1251 4941 cogitationibus
1268 4863 1380 4920 suis
1391 4863 1534 4926 lldat,
1553 4861 1646 4917 sed
1663 4860 1725 4915 il-

146 4965 557 5039 hsreprimens,
585 4965 817 5036 Spiritus
838 4961 1095 5019 doctrina:
1119 4957 1353 5012 animum
1377 4953 1567 5009 tradat.
1591 4951 1723 5018 Quia

143 5057 278 5128 igitur
292 5062 434 5134 apud
452 5060 680 5118 iudices
697 5057 911 5130 quidam
930 5060 1086 5109 eratit
1099 5045 1419 5120 huiusmodi,
1439 5043 1725 5115 prophetas

143 5152 665 5225 despiciattesﬂuasi
681 5161 920 5222 pastores
931 5139 1638 5214 etcaprarios,volentesque
1652 5148 1740 5225 sa-

146 5224 330 5314 pientes
344 5247 400 5302 in
420 5244 738 5316 semetipsis
753 5240 944 5306 videri,
966 5234 1111 5309 quod
1131 5242 1242 5290 tum
1261 5227 1575 5300 arrogantia:
1596 5224 1726 5296 ipsis

147 5341 335 5394 occasio
357 5347 504 5404 erat,
523 5346 648 5392 tum
667 5343 727 5392 ut
744 5332 847 5390 sibi
862 5331 1004 5388 dicta
1022 5328 1448 5386 contemnerent,
1464 5319 1586 5390 jure
1607 5316 1727 5372 illos

150 5429 269 5497 liget
283 5431 476 5488 dicens
492 5449 509 5487 :
535 5427 626 5483 Vc
636 5430 716 5501 qui
729 5424 1065 5496 intelligentes
1077 5429 1195 5478 sunt
1205 5417 1347 5491 apud
1353 5412 1532 5470 semeti
1537 5425 1668 5481 psos,
1679 5415 1727 5461 et

151 5523 193 5575 in
204 5533 465 5595 conspectu
490 5537 596 5577 suo
616 5521 838 5576 sciattes.
854 5517 946 5572 22.
961 5513 1050 5571 Vc
1069 5512 1155 5586 qui
1174 5514 1328 5586 fortes
1342 5513 1460 5562 sunt
1473 5503 1600 5558 inter
1616 5516 1722 5568 nos,

151 5619 220 5682 qui
233 5618 398 5671 sinum
416 5616 632 5678 bibunt,
647 5614 728 5683 qui
753 5619 972 5684 potentes
990 5617 1123 5679 sunt,
1143 5605 1232 5682 qui
1257 5602 1470 5659 miscent
1490 5597 1723 5654 siceram.

153 5703 215 5762 Nc
227 5709 435 5768 mireris
455 5708 508 5767 si
524 5721 654 5764 cum
670 5706 827 5778 paulo
844 5712 965 5762 ante
976 5714 1112 5766 tanta
1135 5699 1331 5766 dixerit
1347 5703 1535 5756 contra
1551 5691 1725 5752 ebrie-

1819 393 2006 452 tatem,
2029 400 2214 440 rursus
2234 385 2480 443 eumdem
2507 398 2742 445 resumat
2759 405 3086 452 sermonem.
3107 393 3240 462 Quia
3262 395 3408 450 cnim

1811 492 1982 548 grave
2019 477 2170 533 ulcus
2194 487 2310 533 erat
2333 519 2349 545 ,
2383 494 2481 535 nec
2507 480 2768 547 cedebat,
2797 482 2918 538 ideo
2946 483 3073 538 illud
3102 483 3410 556 frequenter

1817 568 2127 640 abstergere
2155 571 2458 640 oportebat.
2499 570 2672 627 Grave
2706 581 2759 626 et
2799 582 2986 628 curatu
3030 573 3246 630 difficile
3277 576 3404 630 illud

1817 668 1899 714 est
1917 701 1932 726 ,
1964 674 2086 714 cum
2115 659 2166 714 id
2195 661 2336 731 quod
2363 661 2543 716 multis
2569 663 2780 718 videtur
2805 679 2910 718 non
2940 678 3062 720 esse
3091 673 3366 733 peceatum
3390 706 3406 732 ,

1813 751 2186 820 gravissimum
2230 760 2407 807 tamen
2461 754 2700 808 omnium
2755 763 2838 811 est
2884 767 3159 824 peccatum
3190 797 3206 822 ,
3261 757 3404 827 quod

1814 851 2099 897 sexcentos
2129 842 2404 912 ingeneret
2432 844 2668 899 morbos.
2699 843 2825 900 ideo
2849 847 2926 900 ait
2953 864 2968 901 :
3001 845 3100 913 Qui
3130 847 3299 900 uinum
3326 848 3405 899 bi-

1815 933 1974 1002 bunt,
2005 946 2053 991 et
2078 945 2301 1006 potentes
2327 979 2340 1001 ,
2367 937 2453 1007 qui
2481 938 2687 992 miscent
2717 938 2952 992 siceram.
2986 938 3185 1008 Durilcx
3216 939 3404 1007 pra-ci-

1813 1027 2038 1098 pitium,
2068 1028 2307 1100 tyrannis
2344 1028 2652 1094 ebrietatis,
2692 1037 2746 1083 et
2785 1030 3033 1097 potentius
3072 1028 3403 1100 magnitudo.

1815 1117 2074 1174 Omnibus
2101 1118 2298 1188 quippe
2327 1117 2632 1172 hominibus
2667 1117 2948 1174 ratiocinio
2975 1129 3058 1174 est
3082 1133 3216 1191 opus
3237 1158 3256 1186 ,
3287 1136 3403 1173 ma-

1813 1209 1958 1264 xime
1989 1224 2118 1264 vero
2145 1209 2208 1263 iis
2231 1208 2321 1279 qui
2352 1207 2405 1262 in
2429 1207 2687 1278 dignitate
2710 1217 2766 1263 et
2794 1208 2844 1262 in
2875 1209 3108 1278 potentia
3141 1220 3266 1264 sunt
3286 1249 3302 1275 ,
3334 1225 3402 1264 ne

1817 1301 2144 1370 principatus
2166 1310 2396 1366 tumore,
2420 1315 2519 1354 ceu
2547 1299 2914 1354 inundantium
2931 1315 3186 1371 aquarum
3206 1302 3405 1370 impetu

1814 1391 2116 1463 praecipites
2141 1399 2385 1461 agantur.
2407 1391 2497 1446 23.
2533 1390 2633 1457 Qui
2649 1391 2935 1463 justi/icant
2959 1392 3172 1462 impium
3198 1402 3406 1462 propter

1814 1499 2040 1549 munera,
2071 1492 2121 1537 et
2136 1484 2230 1554 jus
2245 1483 2374 1553 justi
2401 1483 2582 1536 tollunt
2610 1483 2673 1536 ab
2703 1483 2814 1536 illo.
2847 1482 3050 1552 Duplex
3085 1498 3267 1537 rursus
3295 1485 3402 1538 cri-

1813 1590 1935 1631 men
1963 1575 2121 1631 oii‘ert
2141 1617 2156 1642 ,
2180 1575 2321 1646 quod
2359 1590 2508 1630 reum
2537 1574 2838 1642 dimittant,
2866 1584 2920 1631 et
2947 1575 3090 1646 quod
3117 1575 3398 1630 innoxium

1812 1665 2192 1721 condemnent.
2238 1664 2527 1735 Utriusque
2573 1665 2776 1734 peccati
2818 1665 2972 1721 radix
3014 1673 3140 1722 sunt
3182 1677 3398 1736 accepta
3501 1679 3508 1687 ‘

1811 1773 2055 1814 munera.
2083 1759 2172 1814 24.
2203 1757 2331 1814 Ideo
2357 1758 2780 1832 quemadmodum
2803 1761 3132 1814 succendetur
3157 1760 3346 1830 stipula
3371 1778 3402 1815 a

1811 1852 2028 1907 carbone
2050 1853 2202 1924 ignis,
2231 1863 2278 1908 et
2301 1852 2629 1907 succendetur
2650 1869 2681 1904 a
2707 1853 2918 1923 ﬂamma
2942 1868 3172 1906 accensa.
3199 1852 3404 1907 Celeri-

1815 1952 1975 1999 tatem
1990 1944 2206 1999 ultionis
2221 1955 2273 1999 et
2294 1944 2599 2000 facilitatem
2623 1944 2865 1998 sumendi
2889 1945 3135 2013 supplicii
3161 1944 3396 2011 exhibet,

1811 2045 2107 2092 extremam
2133 2035 2344 2089 illorum
2366 2035 2654 2104 perniciem
2685 2035 2915 2104 imagine
2940 2034 3270 2103 exprimens.

1882 2128 1938 2182 8.
1976 2127 2103 2181 Haec
2128 2126 2323 2196 quippe
2342 2129 2520 2181 omnia
2543 2127 2777 2191 ﬂamma,
2807 2125 3088 2192 carbones,
3119 2127 3312 2197 stipula
3344 2136 3400 2181 et

1810 2234 1931 2290 quae
1975 2229 2271 2289 sequuntur
2310 2218 2464 2272 nobis
2505 2217 2761 2273 indicant.
2809 2217 2983 2272 Radix
3032 2235 3205 2273 eorum
3253 2221 3400 2284 quasi

1811 2311 1976 2382 pulvis
2003 2312 2126 2378 erit,
2173 2319 2220 2366 et
2260 2311 2357 2382 ﬂos
2385 2326 2558 2365 eorum
2588 2309 2731 2379 quasi
2775 2310 2939 2380 pulvis
2980 2311 3234 2364 ascendet.
3271 2311 3401 2378 Qum

1813 2401 1917 2458 lixa
1946 2411 2071 2459 sunt
2098 2411 2154 2459 et
2179 2402 2329 2457 firma
2355 2401 2621 2472 peribunt,
2652 2416 2772 2470 quas
2797 2401 3076 2470 splendida
3124 2402 3404 2458 elfonden-

1812 2504 1918 2560 tur,
1945 2512 2066 2567 quae
2089 2497 2216 2552 lmta
2249 2495 2473 2550 abibunt
2501 2505 2556 2551 et
2597 2494 2860 2550 diffluent.
2905 2494 3029 2550 Non
3067 2497 3200 2550 enim
3228 2498 3403 2551 volue-

1811 2597 1929 2641 runt
1958 2589 2115 2659 legem
2144 2587 2350 2642 Domini
2373 2585 2602 2642 Sabaoth
2632 2590 2820 2659 facere,
2851 2587 2942 2640 sed
2961 2585 3217 2653 eloquium
3242 2591 3402 2643 sancti

1812 2687 2257 2749 exasperauerunt.
2290 2677 2576 2747 Eloquium
2597 2685 2754 2731 vocat
2789 2677 2984 2747 legem.
3010 2676 3099 2732 25.
3139 2675 3207 2730 Et
3244 2678 3403 2732 iratus

1812 2781 1883 2828 est
1902 2774 2074 2844 furore
2095 2769 2345 2824 Dominus
2369 2767 2598 2824 Sabaoth
2625 2767 2677 2823 in
2713 2768 2958 2838 populum
2978 2784 3126 2822 suum
3157 2783 3176 2822 :
3193 2777 3241 2822 et
3266 2766 3403 2840 inje-

1811 2866 1878 2919 cit
1905 2880 2111 2919 manum
2133 2879 2278 2918 suant
2300 2864 2354 2917 in
2373 2879 2478 2929 eos,
2509 2871 2555 2917 et
2596 2861 2839 2933 percussit
2857 2877 2958 2915 eos.
2992 2859 3057 2913 Et
3081 2861 3404 2916 exacerbatus

1811 2967 1886 3011 est
1921 2955 2164 3010 adversus
2211 2963 2404 3009 montes
2426 2993 2442 3019 ,
2488 2962 2536 3009 et
2569 2954 2708 3023 {acta
2752 2960 2874 3006 sunt
2924 2950 3194 3005 morticina
3231 2967 3405 3004 eorum

1811 3047 1956 3118 quasi
1977 3055 2170 3102 stercus
2208 3046 2260 3100 in
2288 3045 2452 3098 medio
2495 3045 2607 3098 vite.
2642 3042 2712 3097 Et
2751 3043 2805 3097 in
2843 3041 3074 3097 ontnibus
3101 3040 3180 3094 Itis
3205 3056 3307 3094 non
3328 3050 3403 3095 est

1812 3155 2016 3194 auersus
2043 3139 2188 3209 furor
2211 3138 2327 3211 ejus
2357 3153 2378 3192 :
2395 3136 2485 3192 sed
2503 3136 2674 3190 adhuc
2695 3151 2878 3190 manus
2902 3134 3012 3206 ejus
3027 3131 3246 3188 excelsa.
3291 3133 3405 3189 lioc

1813 3234 1933 3289 loco
1974 3232 2173 3289 bellum
2218 3246 2382 3302 grave
2411 3231 2430 3263 ⁸
2454 3227 2775 3294 subindicat,
2821 3228 2875 3282 in
2919 3242 3026 3298 quo
3065 3241 3136 3282 ne
3179 3240 3405 3296 corpora

1813 3325 2026 3396 quidem
2069 3322 2286 3393 sepeliri
2331 3329 2599 3392 poterunt,
2632 3334 2740 3374 non
2777 3326 2838 3374 ut
2879 3317 2954 3373 illi
2984 3330 3170 3387 prunas
3202 3316 3330 3372 dent
3359 3318 3403 3384 ³,

1813 3416 1910 3472 sed
1937 3425 1991 3471 ut
2013 3416 2101 3486 qui
2129 3415 2308 3470 vivent
2335 3413 2525 3469 alienis
2543 3411 2700 3467 malis
2737 3409 2954 3466 abducti
2981 3409 3182 3481 aliquid
3206 3409 3402 3464 saltent

1809 3508 1884 3564 de
1905 3507 2147 3577 nequitia
2197 3504 2494 3561 succidant.
2536 3506 2616 3558 Ac
2639 3499 2764 3558 vide
2787 3499 3059 3572 quomodo
3079 3500 3403 3555 atrociorem

1813 3599 2110 3657 reddiderit
2137 3595 2598 3654 sermonem.1\'on
2641 3594 2784 3651 enim
2826 3594 2984 3660 dixit,
3013 3609 3119 3648 non
3165 3593 3405 3663 sepultos

1817 3693 2004 3759 fuisse,
2033 3691 2128 3748 sed
2151 3691 2412 3747 cadavera
2440 3686 2755 3760 abjectiora,
2783 3700 2943 3758 quam
2969 3694 3181 3741 stercus
3207 3684 3405 3754 ipsum,

1818 3784 1979 3842 modo
2001 3783 2239 3854 projects
2278 3797 2400 3837 esse
2426 3798 2443 3837 :
2466 3779 2610 3852 quod
2636 3777 2937 3834 viventibus
2962 3777 3202 3832 omnium
3235 3777 3410 3831 lmrri-

1818 3877 2139 3934 bilissimum
2185 3889 2306 3931 esse
2361 3873 2604 3939 videtur,
2653 3879 2708 3926 et
2754 3871 2869 3941 ipsa
2916 3877 3090 3924 mor-te
3137 3867 3410 3923 acerbius.

1819 3969 1973 4038 Quod
2001 3982 2124 4023 vero
2149 3966 2299 4038 pejus
2321 3972 2420 4028 est,
2443 3978 2510 4019 ne
2528 3963 2610 4018 his
2638 3961 2854 4033 quidem
2883 3961 2954 4016 ita
2980 3973 3043 4017 se
3067 3957 3410 4021 habentibus,

1820 4063 2012 4134 inquit,
2040 4059 2431 4116 moderatiores
2459 4055 2587 4111 facti
2609 4061 2766 4119 sunt;
2803 4051 2900 4109 sed
2932 4050 2984 4105 in
3014 4049 3203 4105 iisdem
3236 4047 3408 4118 persi.

1821 4165 1989 4213 stunt.
2017 4153 2150 4223 Quia
2177 4152 2339 4223 igitur
2383 4163 2490 4203 non
2532 4145 2784 4201 meliores
2807 4147 3126 4206 evaserunt,
3174 4138 3412 4192 minatur

1821 4266 2036 4308 rursum
2078 4247 2180 4303 illis
2209 4243 2579 4318 gravissimam
2608 4238 2753 4294 illam
2784 4236 3138 4291 barbarorum
3177 4230 3408 4301 plagam.

1823 4339 2182 4412 Quamobrem
2211 4335 2382 4408 pergit
2403 4333 2588 4389 dicens
2617 4346 2632 4383 :
2661 4327 2752 4383 26.
2778 4325 2951 4397 Igitur
2984 4321 3169 4378 leuabit
3211 4320 3412 4412 signum

1822 4410 1876 4490 in
1902 4430 2188 4487 nationibus
2217 4424 2414 4499 procul.
2457 4421 2534 4478 Ne
2570 4419 2670 4475 viae
2708 4413 2984 4488 longitudo
3025 4412 3079 4467 in
3127 4410 3410 4481 segnitiem

1825 4526 1944 4583 illos
1973 4521 2238 4592 conjiciat,
2268 4516 2340 4572 ait
2358 4517 2427 4570 ita
2455 4511 2612 4568 facile
2639 4523 2796 4580 posse
2813 4508 2974 4561 Deum
3002 4503 3123 4559 illos
3137 4499 3410 4566 inducere,

1824 4629 1885 4676 ut
1915 4617 2069 4673 facile
2099 4623 2181 4670 est
2207 4613 2384 4668 levare
2409 4608 2642 4678 signum,
2672 4610 2727 4658 et
2753 4614 2847 4656 eos
2867 4597 2958 4670 qui
2987 4595 3229 4651 adornati
3255 4607 3411 4664 para-

1829 4715 1972 4783 tique
1999 4717 2123 4765 sunt
2151 4705 2382 4763 educere
2408 4702 2461 4756 in
2489 4699 2685 4761 aciem,
2713 4691 2856 4764 quod
2884 4692 3065 4760 utique
3091 4687 3152 4742 ﬁt
3175 4687 3241 4783 in‘
3259 4687 3407 4756 equis

1825 4778 1899 4863 ad.
1917 4802 2230 4863 certandum
2258 4793 2556 4852 instructis.
2605 4785 2776 4845 Simul
2822 4785 2966 4839 enim
3009 4789 3172 4849 atque
3197 4778 3412 4848 signum

1826 4893 2131 4955 emissionis
2155 4893 2206 4947 in
2237 4887 2467 4943 sublime
2513 4879 2766 4950 erigitur,
2788 4889 2856 4930 ex
2881 4868 3190 4928 carceribus
3234 4866 3416 4923 confe-

1827 4991 1951 5047 stim
1981 4987 2055 5043 illi
2085 4981 2356 5041 exsiliunt.
2382 4971 2645 5043 Propheta
2675 4968 2835 5038 igitur
2861 4963 2969 5020 duo
2987 4962 3072 5016 hic
3093 4959 3410 5024 subindicat,

1829 5083 1984 5140 facile
2011 5090 2202 5146 nempe
2224 5086 2345 5128 esse
2365 5082 2460 5125 eos
2485 5062 2746 5121 accedere
2784 5059 2892 5114 Deo
2935 5061 3182 5150 vocante,
3209 5061 3265 5150 et
3308 5051 3417 5150 jarn

1829 5175 1957 5232 olim
1984 5145 2239 5227 venturos
2281 5163 2467 5227 fuisse,
2522 5155 2626 5212 nisi
2659 5167 2754 5208 eos
2799 5151 2984 5218 ingens
3024 5145 3119 5200 Dei
3168 5145 3415 5213 patientia

1831 5263 2163 5324 detinuisset.
2195 5251 2396 5312 Deinde
2434 5250 2574 5304 inter
2603 5239 2930 5300 narrandum
2973 5236 3231 5306 majorem
3267 5233 3413 5288 exhi-

1830 5359 1922 5416 bet
1958 5353 2263 5411 facilitatem
2306 5345 2489 5400 dicens
2518 5359 2533 5395 :
2561 5335 2632 5393 Et
2676 5334 2892 5390 sibilaoit
2962 5347 3046 5388 eos
3082 5330 3147 5384 ab
3183 5341 3411 5386 extremo

1833 5462 1998 5507 terra.
2027 5445 2106 5502 Ne
2130 5438 2341 5498 mireris
2365 5445 2544 5492 autem
2571 5427 2641 5487 de
2669 5429 2778 5484 Deo
2815 5426 3121 5497 loquentem
3153 5420 3228 5473 ita
3268 5431 3416 5474 cras-

1895 5563 1914 5598 ί
1947 5561 2004 5612 in
2027 5568 2144 5623 neg.
2170 5559 2223 5607 et
2250 5550 2393 5606 savii.
2425 5547 2628 5612 legitur,
2659 5539 2846 5608 aliquid
2876 5547 3041 5602 graue,
3089 5543 3195 5597 pro,
3247 5522 3418 5580 bellum

1831 5639 2076 5748 arguam,
2098 5685 2258 5733 nonut
2281 5677 2352 5733 illi
2375 5685 2540 5739 prunas
2567 5675 2695 5734 dent,
2719 5667 2898 5718 desunt
2930 5659 2978 5708 in
3003 5663 3118 5715 nes.
3141 5657 3194 5702 et
3233 5645 3380 5702 Savil.
