4018 6212
734 297 806 352 in
1442 287 1503 342 S.
1540 284 1819 343 JOANNIS
1856 277 2331 338 CllRYSOSTOMl

2304 277 2331 333 ,ι
2369 278 2684 335 ARCIIIEP.
2726 282 3260 344 CONSTANTINOP.

735 410 961 467 sissimis
991 409 1064 466 uti
1094 407 1274 464 verbis
1307 422 1320 458 :
1353 419 1477 464 nam
1508 400 1803 458 secundum
1840 397 2199 468 insipientiam
2223 410 2321 450 au—

736 501 969 555 ditorum
1007 502 1168 554 verba
1194 503 1534 566 attemperat,
1570 506 1731 547 unum
1760 491 1842 545 his
1863 488 2114 543 omnibus
2150 486 2331 542 decla—

740 607 860 646 rare
886 591 1094 656 volens,
1119 589 1171 644 id
1194 602 1384 657 nempe
1413 587 1522 640 Deo
1542 583 1700 639 facile
1728 597 1869 648 esse,
1889 591 1940 636 et
1971 595 2084 636 rem
2107 594 2328 650 prorsus

740 689 1089 746 eventuram;
1124 680 1245 734 ideo
1269 677 1545 748 subiunxit
1575 695 1589 730 :
1620 676 1689 730 Et
1715 691 1826 728 ecce
1854 677 1951 727 cito
1977 673 2210 727 velociter
2244 686 2327 724 ve-

741 773 1005 827 nient.‘27.
1038 769 1161 824 Non
1210 769 1450 833 esuriant,
1491 783 1648 837 neque
1675 762 1991 828 laborabunt,
2023 777 2181 833 neque
2211 761 2332 813 dor-

740 866 1006 920 mitabunt.
1033 862 1158 918 Hinc
1189 860 1531 934 hyperbolice
1548 866 1672 913 sunt
1697 857 1859 913 dicta.
1882 854 2163 923 Quomodo
2183 853 2329 910 enim

742 957 852 1011 tieri
885 963 1096 1024 poterat
1135 961 1196 1009 ut
1243 967 1416 1022 neque
1457 950 1744 1013 esurirent,
1793 963 1966 1019 neque
2009 944 2326 1008 dormirent,

741 1050 988 1105 homines
1007 1062 1131 1103 cum
1160 1053 1340 1101 essent
1363 1085 1378 1110 ,
1424 1056 1874 1110 communemque
1919 1047 2121 1094 naturis
2146 1036 2332 1092 condi-

741 1141 940 1196 tionem
993 1138 1168 1194 sortiti
1220 1135 1439 1192 essent?
1489 1132 1594 1189 Sed
1647 1133 1984 1187 velocitatem
2038 1129 2326 1196 exercitus,

742 1232 1073 1298 facilitatem,
1095 1229 1444 1289 celeritatem,
1475 1234 1533 1280 ut
1552 1224 1662 1294 jam
1683 1224 1811 1288 dixi,
1841 1221 1922 1278 his
1958 1221 2206 1279 omnibus
2235 1220 2332 1276 de-

743 1333 1031 1381 monstrat.
1079 1321 1260 1392 Neque
1295 1321 1484 1376 solvent
1519 1335 1674 1372 zonas
1718 1333 1838 1371 suas
1870 1334 1902 1369 a
1936 1315 2116 1369 lumbis
2148 1313 2254 1368 suis
2283 1313 2325 1380 ί,

745 1433 900 1487 neque
947 1415 1322 1484 disruntpentur
1375 1409 1606 1480 corrigiae
1643 1409 2092 1462 calceamentorum
2131 1420 2324 1460 eorum.

742 1507 834 1562 9.8.
863 1506 1089 1573 Quorum
1107 1504 1304 1575 sagitta:
1330 1512 1494 1559 acuta:
1517 1509 1651 1565 sunt,
1671 1509 1718 1553 et
1741 1515 1890 1553 arcus
1919 1514 2093 1552 eorum
2117 1497 2327 1551 extenti.

750 1598 916 1652 Pedes
943 1612 1184 1667 equorum
1235 1610 1408 1648 eorum
1437 1601 1492 1646 ut
1535 1592 1700 1646 solida
1738 1600 1880 1660 petra
1919 1589 2141 1659 reputati
2174 1597 2326 1657 sunt,

745 1700 870 1744 τοίω
893 1703 1131 1742 curruum
1167 1701 1337 1741 eorum
1375 1693 1430 1738 ut
1462 1683 1713 1752 procellte.
1740 1681 1830 1738 29.
1861 1681 2063 1752 [mpetu
2100 1680 2332 1750 feruntur

747 1793 801 1837 ut
826 1784 1013 1848 leones,
1039 1789 1087 1835 et
1115 1779 1414 1833 adstiterunt
1436 1788 1490 1830 ut
1514 1775 1669 1830 catuli
1693 1775 1916 1829 leonum.
1948 1773 2016 1827 Et
2049 1759 2348 1843 appreltené'

745 1876 850 1942 det,
877 1882 924 1927 et
951 1871 1188 1927 clamabit
1223 1871 1369 1941 quasi
1405 1869 1536 1938 fera,
1567 1877 1613 1922 et
1656 1867 1854 1938 ejiciet;
1891 1877 1939 1921 et
1975 1883 2078 1922 non
2115 1867 2207 1920 erit
2244 1866 2332 1936 qui

745 1966 1048 2020 libereteos.
1078 1962 1168 2018 30.
1199 1961 1266 2016 Et
1281 1961 1516 2014 clamabit
1545 1969 1754 2029 propter
1781 1974 1864 2013 eos
1887 1959 1941 2012 in
1961 1957 2042 2012 die
2067 1958 2179 2026 illa,
2199 1958 2331 2013 sicut

745 2073 840 2111 eoa:
859 2056 1011 2110 maris
1033 2053 1307 2110 astuantis.
1335 2050 1406 2106 Et
1426 2051 1670 2123 aspicient
1689 2051 1742 2104 in
1762 2050 1942 2105 caelum
1963 2066 2185 2118 sursum,
2211 2058 2257 2104 et
2278 2049 2331 2105 in

745 2160 932 2202 terram
961 2147 1197 2200 deorsum
1225 2160 1246 2200 :
1273 2152 1322 2198 et
1348 2159 1460 2198 ecce
1478 2142 1694 2197 tenebrat
1721 2141 1887 2209 durae,
1920 2141 2136 2197 tenebra:
2158 2141 2212 2195 in
2230 2157 2330 2195 an-

745 2239 911 2308 gustia
935 2253 1128 2292 coram.
1161 2236 1319 2292 Hisce
1347 2235 1595 2290 omnibus
1616 2247 1920 2289 sermonem
1951 2234 2326 2304 ampliﬁcavit,

745 2341 802 2387 et
841 2333 1086 2386 timorem
1131 2329 1299 2396 auxit,
1333 2329 1635 2384 minutatim
1681 2328 1890 2398 singula
1937 2343 2217 2398 enarrans,
2263 2329 2332 2387 de

745 2423 985 2486 decreto,
1013 2422 1080 2476 de
1108 2420 1436 2488 fortitudine,
1466 2419 1534 2476 de
1557 2419 1741 2486 armis,
1764 2419 1832 2475 de
1855 2420 2027 2491 equis,
2047 2419 2115 2476 de
2156 2420 2330 2476 curri-

749 2516 867 2581 bus,
899 2515 970 2569 ita
1007 2522 1067 2568 ut
1109 2513 1373 2569 dictorqu
1423 2513 1765 2569 multitudine
1814 2528 2060 2584 magnam
2109 2513 2334 2570 inferret

746 2605 1090 2671 anxietatem,
1115 2612 1167 2658 et
1189 2603 1479 2674 imaginum
1506 2604 1749 2660 claritate
1772 2619 1858 2660 res
1881 2619 2050 2676 prope
2079 2605 2179 2662 sub
2206 2621 2335 2664 ocu-

654 2712 658 2716 ·
749 2697 831 2752 los
870 2704 1071 2766 ageret.
1114 2695 1240 2751 Ideo
1280 2695 1520 2751 leonibus
1563 2695 1685 2750 illos
1722 2705 2032 2766 comparat,
2075 2711 2250 2768 neque
2278 2698 2337 2754 in

751 2787 854 2842 hoc
881 2788 1126 2857 exemplo
1145 2786 1399 2853 substitit,
1433 2787 1526 2842 sed
1552 2786 1760 2858 efﬁngit
1788 2802 1971 2844 vocem
1994 2795 2049 2844 et
2077 2789 2334 2861 impetum

750 2879 900 2946 ferae,
929 2879 1088 2948 inque
1115 2877 1428 2949 metaphora
1449 2876 1668 2946 insistit,
1694 2877 1967 2948 multaque
2005 2879 2170 2936 utitur
2194 2880 2334 2950 ﬁgu-

749 2980 872 3030 rata.
890 2969 1125 3026 dictione
1136 3008 1150 3023 .
1165 2969 1297 3024 llinc
1311 2969 1378 3024 ad
1394 2983 1542 3024 mare
1556 2983 1862 3025 sermonem
1878 2969 2125 3037 traducit,
2147 2969 2334 3028 dicens

751 3074 956 3119 tantum
975 3062 1088 3118 fore
1109 3063 1409 3128 tumultum,
1434 3071 1632 3118 tantam
1649 3061 2120 3134 perturbationem,
2137 3073 2335 3134 quanta

749 3156 910 3212 fuerit
929 3155 1228 3211 insaniente
1255 3163 1312 3212 et
1333 3163 1592 3211 aestuante
1613 3155 1800 3226 pelago
1826 3172 1841 3209 :
1870 3170 1933 3212 ac
1961 3155 2137 3212 modis
2158 3157 2332 3213 omni-

750 3248 849 3303 bus
877 3249 1136 3303 annititur
1163 3256 1220 3302 ut
1245 3257 1444 3304 metum
1464 3256 1676 3319 augeat,
1695 3257 1752 3302 ut
1771 3246 1849 3302 illi
1876 3261 1981 3303 non
2003 3256 2197 3319 egeant
2221 3250 2333 3320 ipsa

752 3354 932 3394 rerum
962 3338 1320 3408 experientia.
1347 3338 1606 3410 Quodque
1630 3337 1842 3409 gravius
1869 3347 1973 3404 est,
1995 3355 2155 3396 nemo
2178 3341 2334 3396 adfu-

752 3440 902 3485 turus
928 3439 1030 3498 est,
1050 3430 1239 3501 inquit,
1272 3445 1444 3502 neque
1469 3447 1534 3486 ex
1563 3439 1726 3498 terra,
1753 3446 1926 3501 neque
1945 3447 2011 3486 ex
2037 3432 2212 3498 caelis;
2240 3431 2334 3489 sed

752 3521 990 3576 destituti
1029 3535 1264 3591 superno
1292 3521 1520 3586 auxilio,
1552 3529 1608 3576 et
1636 3529 1844 3576 terrena
1885 3536 2019 3592 ope,
2064 3521 2341 3578 tradentur

753 3611 1019 3668 hostibus.
1041 3613 1314 3668 Tenebras
1337 3624 1514 3668 autem
1541 3612 1627 3668 hic
1650 3612 1779 3668 dicit
1799 3627 1912 3681 eas,
1947 3629 2067 3684 quae
2088 3629 2152 3670 ex
2189 3612 2334 3668 cala-

761 3705 943 3759 mitate
975 3704 1102 3773 ipsis
1128 3704 1379 3760 immissae
1411 3713 1564 3770 sunt,
1589 3719 1695 3759 non
1725 3704 1866 3774 quod
1896 3705 2028 3760 radii
2050 3705 2180 3761 solis
2206 3704 2336 3760 sub-

754 3794 844 3849 lati
879 3803 1080 3862 essent,
1115 3794 1209 3850 sed
1249 3795 1391 3866 quod
1417 3810 1513 3866 pro
1536 3794 1727 3850 aﬁeetu
1756 3795 2069 3865 patientium
2097 3795 2149 3850 in
2172 3796 2337 3852 meri-

755 3886 844 3942 die
869 3887 942 3941 illi
970 3902 1067 3958 pro
1107 3886 1226 3943 luce
1276 3886 1523 3943 tenebras
1555 3886 1785 3942 viderint
1815 3906 1830 3943 :
1862 3886 1915 3942 id
1941 3887 2083 3958 quod
2110 3888 2212 3944 illis
2245 3889 2338 3958 qui

753 3977 939 4034 dolore
959 3987 1012 4034 et
1044 3979 1298 4034 mrumnis
1329 3990 1642 4049 premuntur
1665 3980 1977 4050 contingere
2004 3980 2158 4036 solet.
2189 3981 2256 4035 Et
2284 3989 2340 4036 ut

752 4072 929 4128 discas
956 4087 1061 4127 non
1081 4088 1149 4128 ex
1170 4081 1356 4128 natura
1405 4073 1548 4128 aeris
1577 4072 1824 4129 tenebras
1861 4074 2173 4143 provenisse
2196 4115 2212 4141 ,
2242 4073 2338 4130 sed

752 4176 819 4217 ex
851 4162 1062 4218 illorum
1088 4162 1300 4232 aﬁ’ectu,
1333 4162 1528 4234 adjecit
1553 4181 1568 4218 :
1603 4163 1837 4220 Tenebras
1865 4165 2007 4222 dura:
2031 4167 2082 4221 in
2106 4166 2340 4237 angustia

751 4270 943 4309 eorum.

1365 4367 1589 4426 CAPUT
1630 4370 1718 4426 Vl.

828 4479 879 4532 1.
924 4476 990 4531 Et
1016 4481 1209 4548 factum
1232 4489 1309 4533 est
1330 4480 1383 4533 in
1411 4496 1568 4547 anno,
1593 4497 1692 4550 quo
1713 4491 1941 4538 mortuus
1971 4498 2063 4538 rex
2094 4482 2269 4540 Ozias.

833 4610 882 4664 1.
926 4608 1032 4666 Cur
1065 4619 1262 4668 castera
1308 4612 1485 4667 omnia
1511 4623 1749 4684 tempora
1794 4630 1824 4670 a
1867 4617 1975 4673 vita
2005 4633 2214 4688 regum,
2242 4619 2346 4676 hoc

757 4712 936 4758 autem
964 4712 1183 4760 antorte
1231 4720 1370 4761 nunc
1397 4707 1656 4776 propheta
1687 4710 1877 4766 notat?
1902 4709 2017 4765 Non
2053 4712 2194 4767 enim
2220 4713 2294 4768 ait
2325 4729 2341 4768 :

759 4794 979 4851 Factum
1011 4804 1093 4853 est
1119 4797 1172 4852 in
1194 4796 1382 4853 diebus
1408 4796 1571 4865 Ozias,
1603 4813 1731 4868 non,
1760 4809 2015 4870 regnante
2043 4800 2200 4869 Ozia,
2225 4803 2342 4872 sed,

758 4885 982 4941 Factum
1037 4896 1120 4943 est
1164 4902 1286 4943 cum
1335 4897 1578 4943 mortuus
1619 4897 1720 4944 est.
1766 4890 1902 4959 Quid
1948 4906 2077 4962 ergo
2110 4893 2222 4948 vult
2259 4893 2347 4950 hic

760 4977 959 5047 agere?
985 4977 1100 5033 Non
1132 4987 1368 5047 temere,
1401 4993 1500 5034 nec
1531 4978 1749 5036 fortuito
1793 4981 1879 5036 hic
1915 4983 2054 5052 agit;
2087 4983 2181 5038 sed
2220 4985 2347 5053 quid

763 5085 1015 5125 arcanum
1040 5071 1194 5126 nobis
1217 5071 1548 5128 subindicat.
1587 5071 1722 5141 Quid
1757 5074 1888 5129 illud
1909 5076 2028 5130 est?
2054 5075 2150 5132 Hic
2193 5077 2348 5133 Ozias

761 5176 829 5215 ex
852 5160 1014 5216 rebus
1061 5161 1335 5232 gestisque
1379 5166 1650 5235 prosperis
1671 5165 1872 5233 ebrius,
1903 5175 1957 5222 et
1980 5167 2236 5225 felicitate
2265 5169 2348 5225 in-

765 5251 943 5318 ﬂatus,
972 5253 1143 5321 majus
1169 5254 1440 5324 quidpiam
1468 5273 1627 5326 quam
1655 5273 1748 5314 sua
1788 5258 2019 5330 dignitas
2037 5259 2243 5318 ferebat
2265 5263 2348 5318 af-

766 5343 982 5399 fectavit
1003 5343 1079 5410 (4.
1103 5342 1230 5415 Reg.
1261 5347 1348 5402 l5.
1371 5347 1435 5412 2;
1454 5346 1509 5403 2.
1527 5348 1709 5404 Paral.
1731 5351 1844 5421 26).
1876 5352 1941 5406 Et
1960 5353 2084 5423 quia
2101 5368 2189 5410 rex
2210 5363 2351 5425 erat,

770 5436 973 5507 putavit
1005 5435 1103 5492 sibi
1132 5447 1458 5508 competere,
1479 5452 1541 5496 ut
1564 5441 1865 5500 sacerdotio
1903 5443 2242 5518 fungeretur,
2266 5447 2352 5503 in-

844 5589 1018 5655 time,
1053 5601 1084 5637 a
1107 5586 1289 5655 [unguis
1327 5585 1427 5655 suis
1455 5588 1584 5655 tatas
1610 5595 1694 5646 τῆς
1716 5589 1890 5655 ὀᾳφύρς
1926 5591 2126 5655 αὐτῶν),
2171 5594 2352 5647 desunt

781 5666 830 5701 in
865 5652 987 5712 Reg.
1023 5658 1077 5700 et
1102 5647 1281 5709 Savil,
1324 5651 1410 5699 sed
1455 5647 1699 5712 habentur
1741 5647 1795 5701 in
1834 5651 2005 5704 Morel.
2041 5647 2097 5706 εί
2116 5647 2178 5706 ’ίιι
2204 5660 2349 5708 textu

782 5709 992 5775 Biblico,
1017 5718 1070 5764 et
1097 5715 1222 5763 lecta
1257 5717 1373 5764 sunt
1394 5726 1421 5761 a
1449 5710 1720 5763 Tilmanno.

2439 393 2569 448 siliit
2599 397 2650 449 in
2674 399 2950 470 templum,
2975 400 3246 472 ingressus
3265 412 3349 458 est
3373 403 3426 458 in
3452 415 3634 461 sancta
3666 417 3840 464 sancto

2431 497 2486 542 et
2506 487 2800 544 reluctante
2825 491 3128 559 sacerdote,
3164 502 3324 563 atque
3352 495 3646 566 ingressum
3675 498 3796 555 illuc
3822 516 3840 571 ι

2431 575 2612 644 bente,
2661 593 2766 634 non
2821 581 2939 636 tulit
2978 582 3090 648 ille,
3117 583 3211 638 sed
3259 585 3312 639 in
3351 588 3584 642 amentia
3625 605 3838 658 perseve

2432 683 2649 737 parvam
2695 672 2992 728 sacerdotis
3032 675 3293 732 rationem
3331 675 3554 734 habens.
3587 679 3665 736 Ob
3690 690 3840 737 tanta:

2431 757 2740 827 pudentiam
2771 762 2994 817 immisit
3022 764 3095 818 illi
3114 764 3254 820 Dens
3285 766 3488 836 lepram
3515 769 3568 822 in
3597 768 3840 828 frontem.

2431 849 2574 904 enim
2602 851 2880 921 majorem,
2909 870 3066 924 quam
3094 857 3194 912 sibi
3215 868 3566 928 competeret,
3601 861 3840 920 honoren

2431 950 2623 1010 ctaret,
2649 945 2718 999 ab
2742 944 2833 1000 illo
2853 948 3015 1002 etiam
3039 964 3197 1018 quem
3225 950 3452 1007 habebat
3477 955 3690 1010 excidit.
3709 956 3822 1012 Non

2431 1034 2574 1088 enim
2595 1037 2951 1093 sacerdotium
2982 1055 3086 1094 non
3113 1044 3340 1114 accepit,
3370 1045 3463 1100 sed
3496 1046 3796 1107 immundus
3823 1051 3840 1104 l

2431 1143 2462 1183 a
2489 1143 2654 1201 regno
2679 1132 2842 1187 etiam
2883 1134 3139 1204 expulsus
3158 1145 3259 1199 est,
3291 1152 3355 1192 ac
3393 1153 3488 1208 per
3521 1156 3678 1198 omne
3719 1153 3840 1215 tem]

2429 1218 2592 1277 domo
2611 1221 2839 1292 quadam
2863 1225 3102 1282 occultus
3131 1225 3426 1298 habitabat,
3454 1232 3598 1301 quod
3623 1235 3840 1303 pudore:

2431 1309 2620 1367 ferret.
2649 1311 2882 1384 Populus
2905 1331 3118 1386 quoque
3141 1320 3315 1374 omnis
3347 1321 3398 1374 in
3422 1331 3628 1391 partem
3660 1327 3775 1383 talis
3799 1330 3840 1381 ui

2433 1411 2654 1459 vocatus
2673 1414 2778 1472 est,
2811 1406 2933 1476 quia
2961 1407 3106 1480 leges
3133 1409 3225 1465 Dei
3247 1409 3586 1481 despexerat,
3607 1424 3661 1471 et
3685 1429 3840 1472 contu

2431 1491 2682 1549 allectum
2734 1497 3090 1554 sacerdotium
3136 1515 3243 1556 non
3290 1503 3674 1561 vindicaverat.
3737 1508 3840 1576 Qut

2432 1586 2590 1656 igitur
2610 1589 2662 1642 in
2689 1599 2893 1657 partem
2925 1591 3142 1647 ultionis
3173 1603 3394 1650 vocatus
3423 1598 3544 1650 est?
3568 1598 3700 1665 Quia
3731 1615 3840 1670 prol

2432 1685 2663 1733 retracta
2684 1687 2805 1733 est:
2834 1679 3000 1735 iratus
3039 1683 3236 1752 quippe
3277 1683 3418 1739 Deus
3445 1686 3589 1741 circa
3616 1703 3727 1743 rem
3775 1706 3840 1760 qu

2433 1768 2566 1822 nihil
2611 1770 2899 1839 respondit.
2957 1775 3069 1831 Hoc
3123 1789 3254 1833 vero
3339 1792 3446 1832 non
3494 1778 3562 1833 ad
3603 1794 3764 1836 omne
3813 1792 3840 1836 lt

2433 1860 2578 1926 fecit,
2610 1861 2705 1916 sed
2734 1863 3028 1918 secundum
3053 1881 3357 1922 mensuram
3383 1870 3503 1925 vitae
3529 1872 3690 1943 regis,
3710 1889 3834 1930 men

2433 1966 2644 2021 quoque
2673 1951 2888 2009 ultionis
2911 1953 3172 2013 definivit.
3199 1957 3367 2014 Simul
3398 1975 3526 2032 ergo
3553 1971 3714 2034 atque
3738 1965 3830 2020 ille

2433 2043 2587 2112 obiit,
2625 2043 2769 2100 Deus
2809 2046 2940 2102 iram
2971 2048 3165 2116 solvit,
3206 2059 3262 2105 et
3307 2050 3451 2108 fores
3487 2052 3679 2109 iterum
3724 2070 3840 2127 pro;

2434 2135 2661 2205 aperuit.
2693 2127 2804 2192 ll'oc
2831 2137 3008 2208 itaque
3027 2140 3371 2199 subindicans
3393 2144 3675 2215 propheta,
3706 2163 3840 2204 mem

2433 2227 2590 2282 nobis
2621 2231 2893 2284 revocavit
2921 2231 3097 2288 obitus
3123 2234 3286 2305 regis.

2505 2315 2645 2370 Deus
2672 2319 2925 2387 quomodo
2951 2319 3107 2376 videri
3132 2324 3308 2392 possit.
3330 2355 3402 2366 —
3425 2326 3782 2396 Quamobrem
3811 2349 3836 2389 s

2433 2407 2666 2478 phetiam
2692 2409 2897 2464 orditur
2927 2425 2948 2465 :
2974 2410 3192 2468 Factum
3219 2424 3290 2470 est
3318 2417 3370 2471 in
3392 2433 3546 2486 anno,
3573 2437 3672 2491 quo
3700 2435 3840 2477 mort:

2435 2515 2527 2553 rea:
2546 2498 2720 2566 Ozias,
2741 2503 2843 2557 uidi
2860 2501 3130 2560 Dominum
3150 2507 3418 2563 sedentem.
3443 2510 3608 2582 Atqui
3641 2513 3840 2571 Christt

2438 2586 2602 2645 Deum
2625 2607 2770 2647 nemo
2807 2593 2930 2647 vidit
2967 2612 3227 2666 umquam.
3259 2597 3557 2670 Unigenitus
3589 2605 3680 2674 qui
3711 2617 3785 2660 est
3815 2609 3840 2660 ξι

2437 2679 2630 2750 Patris,
2660 2683 2751 2739 ille
2781 2687 3006 2740 narravit
3033 2688 3052 2758 (
3078 2687 3234 2744 Joan.
3265 2691 3317 2745 1.
3344 2691 3476 2763 18).
3517 2693 3586 2749 Et
3612 2712 3827 2754 rursum

2435 2785 2556 2842 quta
2575 2769 2782 2828 Patrem
2799 2776 2914 2846 quis
2937 2777 3080 2844 vidit,
3103 2780 3202 2834 nisi
3218 2781 3306 2851 qui
3332 2791 3403 2836 est
3431 2800 3463 2837 α
3488 2783 3596 2839 Deo
3613 2801 3633 2839 :
3654 2788 3744 2842 ille
3768 2790 3840 2843 via

2438 2871 2566 2916 trem
2595 2862 2777 2936 (Joan.
2811 2864 2864 2921 6.
2892 2865 3011 2936 46).
3043 2867 3241 2939 lileque
3261 2871 3616 2943 Moysi'dixit:
3643 2875 3814 2932 Nemo

2437 2954 2620 3024 faciem
2643 2973 2805 3011 meam
2828 2967 2874 3013 et
2893 2959 3017 3014 vivet
3041 2958 3061 3032 (
3089 2960 3258 3016 Exod.
3278 2964 3367 3019 55.
3388 2963 3459 3021 20
3482 2965 3523 3036 ).
3554 2967 3840 3034 Quomodo

2439 3045 2526 3103 hic
2550 3048 2625 3103 ait
2646 3063 2705 3106 se
2724 3049 2920 3107 vidisse
2946 3051 3264 3109 Dominum?
3283 3054 3416 3111 Nam
3443 3059 3536 3126 ait,
3569 3058 3688 3115 Vidi
3711 3061 3840 3117 Dom

2439 3153 2545 3194 non
2573 3142 2839 3196 contraria
2859 3141 2932 3198 ait
2961 3159 3088 3202 vero
3105 3145 3190 3215 iis,
3218 3162 3338 3218 qua:
3363 3147 3606 3206 Christus
3629 3151 3784 3216 dixit,
3813 3168 3840 3208 s

2439 3229 2656 3286 modum
2701 3246 2955 3289 consona.
2978 3234 3109 3290 Nam
3140 3237 3383 3295 Christus
3429 3239 3500 3296 de
3539 3255 3792 3298 accurata

2441 3321 2866 3394 tione'loquitur,
2897 3328 3188 3384 secundum
3231 3345 3392 3401 quam
3431 3348 3590 3390 nemo
3619 3336 3755 3392 vidit
3785 3354 3801 3394 :
3833 3355 3840 3394 ι

2436 3417 2579 3473 enim
2597 3416 2929 3475 divinitatem
2959 3435 3252 3494 puramque
3291 3424 3644 3482 substantiam
3692 3445 3840 3487 nemt

2439 3517 2633 3580 praeter
2663 3510 3039 3582 Unigenitum;
3067 3515 3324 3588 propheta
3351 3534 3480 3576 vero
3506 3530 3732 3578 eatenus
3751 3539 3813 3580 se
3835 3542 3840 3558 ’

2434 3610 2641 3670 narrat,
2673 3613 2937 3673 quatenus
2963 3616 3198 3677 poterat.
3232 3609 3416 3681 Neque
3440 3613 3583 3668 enim
3629 3615 3749 3684 ipse
3785 3616 3839 3671 id

2439 3693 2580 3749 Deus
2603 3703 2685 3750 est
2709 3695 2888 3751 videre
2915 3706 3139 3767 poterat,
3177 3700 3274 3756 sed
3319 3702 3419 3759 sub
3445 3702 3610 3774 ﬁgura
3623 3707 3840 3776 quadan

2439 3788 2916 3858 cozitemplabatur,
2959 3791 3047 3862 qui
3090 3800 3298 3848 tantum
3343 3795 3718 3865 descenderat,
3771 3815 3840 3870 qu

2440 3877 2854 3947 contemplantis
2908 3879 3188 3938 infirmitas
3233 3885 3525 3942 ascendere
3583 3896 3816 3956 poterat.

2441 3966 2583 4020 enim
2611 3981 2784 4038 neque
2810 3968 2944 4039 ipse,
2969 3984 3145 4042 neque
3170 3972 3448 4044 quisquam
3462 3977 3600 4032 alius
3621 3979 3821 4034 nudam

2441 4056 2794 4127 divinitatem,
2817 4061 2886 4116 ab
2914 4061 2979 4117 iis
3003 4077 3121 4132 quae
3159 4076 3377 4121 narrant
3407 4069 3744 4138 perspicuum
3777 4088 3836 4126 es

2441 4153 2607 4219 enim,
2637 4152 2827 4223 inquit,
2880 4152 3156 4210 Dominum
3199 4157 3472 4215 sedentem.
3519 4160 3662 4218 Deus
3707 4172 3834 4219 aute

2442 4242 2596 4298 sedet
2625 4259 2641 4298 ε
2668 4243 2784 4300 haec
2800 4245 2996 4315 quippe
3017 4246 3183 4318 ﬁgura
3199 4262 3483 4321 corporum
3505 4262 3605 4309 est.
3631 4256 3702 4309 At
3728 4271 3839 4310 non

2445 4333 2737 4400 Sedentem,
2767 4335 2882 4400 Sed,
2905 4335 3076 4406 Super
3103 4339 3308 4394 saliunt.
3342 4342 3482 4398 Deus
3499 4358 3629 4399 vero
3661 4360 3767 4400 non
3796 4361 3840 4400 Ct

2445 4434 2535 4481 tur
2561 4443 2576 4481 :
2607 4428 2876 4498 quomodo
2903 4430 3048 4484 enim
3087 4434 3349 4490 contineri
3379 4437 3566 4506 possit,
3594 4439 3687 4508 qui
3716 4439 3840 4512 ubiq

2445 4528 2550 4588 est,
2578 4528 2633 4575 et
2652 4522 2830 4575 omnia
2859 4522 3080 4591 implet,
3110 4523 3177 4579 In
3202 4529 3348 4596 cuius
3379 4545 3532 4583 manu
3571 4541 3692 4586 sunt
3729 4534 3840 4601 ﬁne.

2447 4613 2620 4683 (Psal.
2651 4613 2741 4670 94.
2772 4614 2868 4687 4)?
2897 4615 3048 4673 Unde
3077 4618 3250 4688 palam
3271 4629 3352 4675 est
3382 4621 3433 4676 id
3465 4623 3607 4693 quod
3636 4624 3840 4680 videbat

2446 4707 2890 4776 attemperatione
2945 4709 3175 4780 quadam
3221 4711 3408 4769 fuisse.
3442 4713 3530 4769 Sic
3567 4715 3729 4784 igitur
3757 4717 3840 4770 alt

2448 4797 2613 4868 pheta
2641 4814 2707 4854 ex
2737 4814 2967 4869 persona
2992 4802 3083 4857 Dei
3101 4803 3444 4860 subindicans
3465 4806 3674 4862 dicebat
3707 4808 3840 4879 :Egt

2411 4929 2416 4934 .
2448 4905 2538 4944 nes
2568 4890 2900 4962 multiplicaoi
2935 4891 3088 4963 (Osee
3105 4894 3191 4949 12.
3217 4895 3286 4950 10
3310 4897 3350 4966 ).
3383 4896 3433 4951 id
3463 4906 3577 4962 est,
3607 4898 3834 4955 Diverso

2402 5029 2408 5036 .
2449 4983 2596 5038 visus
2627 4998 2767 5038 sum.
2799 4984 2857 5040 Si
2887 4999 3044 5054 porro
3065 4985 3178 5055 ipsa
3208 4986 3501 5042 substantia
3529 4989 3667 5044 nuda
3709 5005 3840 5059 appa

2450 5090 2557 5130 non
2604 5075 2819 5132 diverso
2865 5077 3025 5133 modo
3057 5077 3373 5136 videbatur:
3407 5080 3502 5136 sed
3539 5083 3664 5152 quia
3707 5083 3840 5138 dese

2453 5184 2595 5224 nunc
2641 5169 2737 5224 illo
2766 5186 2908 5226 nunc
2943 5171 3050 5227 alio
3079 5172 3239 5229 modo
3275 5174 3550 5245 prophetis
3591 5175 3828 5246 seipsnm

2451 5264 2630 5332 debat,
2663 5265 2994 5338 temporibus
3006 5276 3388 5337 congruentem
3412 5266 3632 5338 ﬁguram
3653 5282 3757 5338 qua
3772 5267 3840 5322 vit

2453 5372 2752 5422 assumens,
2785 5356 2906 5413 ideo
2931 5356 3063 5414 dicit
3089 5375 3103 5413 :
3138 5355 3364 5413 Visiones
3379 5357 3729 5428 multiplicari,
3752 5366 3798 5411 et
3828 5359 3840 5411 i

2454 5451 2600 5507 nibus
2645 5451 3004 5522 prophetarum
3038 5451 3345 5506 assimilatas
3387 5468 3519 5507 sum.
3547 5450 3664 5507 Non
3703 5452 3840 5507 sicut

2457 5544 2800 5614 apparebam,
2829 5543 3018 5615 inquit,
3049 5542 3145 5599 sed
3182 5543 3507 5600 assimilatas
3531 5543 3579 5600 ei
3612 5543 3796 5600 forma:
3820 5584 3838 5609 ,

2457 5635 2882 5706 contemplantes
2926 5635 3110 5691 videre
3149 5643 3416 5705 poterant.
3457 5634 3618 5691 Vides
3665 5636 3824 5707 igitur

2377 5803 2389 5812 ἡ
2464 5741 2604 5781 nunc
2626 5725 2926 5795 sedentem,
2954 5742 3094 5782 nunc
3118 5737 3405 5796 armatum,
3443 5740 3586 5782 nunc
3618 5729 3770 5786 canis
3797 5743 3840 5784 cz
