4018 6212
663 265 730 323 $9
1509 258 1566 315 S.
1605 253 1891 314 ιοΑΝκιε
1924 249 2408 315 CHRYSOSTOMI
2446 247 2761 306 ABCIIlEP;
2804 246 3345 306 CONSTANTINOP.

663 380 1098 454 διαφανεστάτων
1112 380 1214 452 τὴν
1237 379 1360 450 δψιν
1389 374 1866 446 ἔξεικονιζόμενον.
1892 372 2051 435 Τίνος
2101 370 2200 441 μὲν
2235 365 2331 425 οὖν
2430 367 2748 439 καθήμενος
2781 367 3057 437 φαίνεται.
3081 368 3251 433 Δόξαν
3288 368 3345 422 δὲ
3393 366 3622 423 ἐνταῦθά
3658 384 3775 440 φησι
3816 368 3828 421 ἰ

665 473 851 527 Ξνεκεν
881 468 977 524 νῦν
1020 468 1118 540 μὲν
1148 466 1491 537 ὡπλισμένος
1533 462 1783 532 φαίνεται
1839 460 1935 512 καὶ
1981 456 2329 529 ᾑμαγμένος,

666 559 760 614 νῦν
778 559 836 612 δὲ
858 559 914 610 tv
936 556 1013 627 τῷ
1041 557 1193 626 πυρὶ,
1219 555 1314 608 νῦν
1332 554 1389 607 δὲ
1402 552 1469 606 τά
1485 550 1706 606 ὀπίσθια
1731 547 1963 611 δεικνὺς,
1996 543 2138 618 [65]
2164 543 2260 597 νῦν
2274 543 2332 597 δὲ

669 648 727 700 tv
751 642 983 716 οὐρανῷ,
1022 642 1116 697 νῦν
1143 642 1199 695 δὲ
1226 643 1284 694 tv
1313 639 1510 712 θρόνῳ,
1540 637 1635 692 νῦν
1674 636 1733 691 δὲ
1761 633 1987 689 ἐπὶτῶν
2033 630 2334 705 Χερουϐὶμ,

670 734 733 787 ού
764 731 858 786 τοῦ
882 731 1143 803 παρόντος
1175 729 1240 783 ἂν
1265 727 1350 797 εἴη
1378 726 1557 796 λέγειν
1586 723 1803 796 καιροῦ,
1832 722 1972 776 ὥστε
1999 720 2074 792 μὴ
2111 720 2171 773 τὸ
2195 719 2339 791 πάρ-

673 836 833 890 εργον
886 818 979 871 τοῦ
1018 817 1178 888 ἔργου
1208 814 1462 882 γενέσθαι
1507 812 1709 883 μεῖζον.
1745 810 1894 873 Τέως
1937 808 1997 862 δὲ
2042 809 2340 876 ἀναγκαῖον

675 907 816 977 ὑπὲρ
829 906 926 975 τῆς
948 903 1223 975 παρούσης
1246 903 1421 971 ὂψεως
1443 899 1805 970 διαλεχθῆναι.
1827 897 1982 960 Τίνος
1999 893 2091 951 οὖν
2109 895 2296 949 ἕνεκεν
2310 905 2339 936 ι

672 993 817 1047 οὕτω
857 991 1105 1062 φαίνεται
1130 990 1226 1043 νῦν
1243 990 1334 1043 ἐπὶ
1369 988 1557 1060 θρόνου
1590 986 1926 1057 καθήμενος,
1948 985 2042 1039 καὶ
2070 983 2212 1054 μετά
2230 981 2339 1036 τῶν

677 1079 958 1152 Σεραφίμς
994 1076 1358 1149 Ἀνθρώπινον
1387 1075 1505 1138 ἔθος
1546 1076 1814 1144 μιμεῖται,
1850 1071 2036 1143 ἐπειδὴ
2068 1071 2164 1125 καὶ
2204 1068 2343 1141 πρὸς

676 1167 996 1239 ἀνθρώπους
1050 1161 1118 1237 ἦν
1169 1165 1198 1217 6
1243 1164 1398 1232 λόγος
1445 1161 1613 1233 αὐτῷ.
1657 1158 1877 1231 Ἐπειδὴ
1926 1160 2035 1231 γὰρ
2071 1159 2345 1227 ἀπόφασιν

676 1256 933 1327 ἐκφέρειν
964 1253 1144 1324 μέλλει
1169 1252 1310 1323 ὑπὲρ
1339 1249 1588 1322 μεγάλων
1620 1247 1960 1320 πραγμάτων
1999 1246 2095 1301 καὶ
2120 1246 2223 1316 τῆς
2265 1245 2346 1298 οί-

680 1343 948 1412 κουμένης
978 1342 1216 1411 ἀπάσης,
1250 1339 1415 1393 ἔτιδὲ
1464 1339 1559 1392 καὶ
1608 1338 1736 1411 περὶ
1776 1336 1885 1391 τῶν
1938 1333 2345 1407 Ἰεροσολύμων,

682 1432 777 1485 καὶ
805 1429 997 1500 διπλῆν
1024 1428 1204 1498 τίθησι
1237 1426 1442 1497 ψῆφον,
1474 1426 1574 1498 τὴν
1611 1425 1707 1496 μὲν
1732 1424 1953 1478 κόλασιν
1973 1426 2040 1494 τῇ
2068 1422 2221 1476 πόλει
2254 1421 2350 1486 φέ-

674 1534 881 1591 ρουσαν
904 1517 999 1571 καί¹
1027 1515 1106 1587 τῷ
1133 1515 1275 1569 ἔθνει
1305 1514 1487 1577 παντὶ,
1521 1514 1620 1585 τὴν
1645 1513 1701 1567 δὲ
1734 1511 2054 1583 εὐεργεσίαν
2081 1512 2148 1582 τῇ
2171 1511 2351 1563 οίκου-

671 1609 843 1680 μένῃ,
875 1608 973 1662 καὶ
1011 1607 1253 1679 μεγάλας
1280 1605 1754 1676 ἔπαγγελλομένην
1785 1601 2001 1666 ἐλπίδας
2041 1601 2138 1654 καὶ
2183 1600 2351 1671 τιμάς

680 1696 1007 1759 ἀθανάτους.
1568 1708 1572 1713 ’

757 1781 823 1853 β’.
854 1781 1010 1845 Ἐθος
1036 1780 1094 1835 δὲ
1119 1781 1231 1845 τοῖς
1241 1780 1517 1845 δικάζουσι
1531 1777 1702 1834 ταῦτα
1728 1779 1899 1832 ποιεῖν
1929 1774 2002 1849 μὴ
2025 1774 2221 1854 λάθρα,
2238 1772 2351 1827 ἀλλ’

682 1873 769 1940 ἔφ’
794 1868 1001 1940 ὑψηλοῦ
1029 1869 1123 1922 τοῦ
1143 1868 1383 1939 βήματος
1414 1866 1778 1937 καθημένους,
1803 1862 2165 1935 παρεστώτων
2183 1862 2355 1915 ἀπάν-

682 1974 816 2021 των,
869 1957 964 2011 καὶ
1023 1955 1132 2009 τῶν
1184 1954 1700 2027 παραπετασμάτων
1742 1951 2150 2022 συνελκομένων
2196 1948 2355 2002 τοῦτο

689 2044 882 2097 ποιεῖν.
912 2039 1146 2101 Τούτους
1168 2038 1261 2091 καὶ
1293 2036 1451 2100 αὐτὸς
1479 2037 1813 2107 μιμούμενος
1840 2035 2183 2105 παρέστησεν
2208 2032 2357 2104 αὐτῷ

686 2130 755 2184 τά
782 2128 1052 2199 Σεραφὶμ,
1079 2125 1173 2181 καὶ
1202 2126 1286 2196 ἐφ’
1318 2123 1524 2195 ὑψηλοῦ
1564 2123 1798 2191 κάθηται
1841 2121 2054 2192 θρόνου,
2085 2121 2181 2176 καὶ
2213 2119 2357 2177 οὕτω

686 2216 785 2288 τὴν
807 2216 1079 2285 ἀπόφασιν
1113 2214 1315 2283 ταύτην
1339 2211 1584 2283 ἐκφέρει.
1615 2209 1727 2266 Καὶ
1766 2209 1852 2265 [va
1884 2209 2086 2283 μάθῃς.
2129 2209 2211 2262 ὅτι
2258 2208 2357 2279 οὐχ

689 2303 893 2373 ὑποψία
917 2303 977 2358 τὸ
1005 2303 1257 2375 πρᾶγμα,
1280 2301 1415 2355 ἀλλά
1443 2301 1601 2355 τοῦτο
1628 2298 1748 2363 ἔθος
1773 2300 1942 2371 αὐτῷ,
1976 2299 2072 2354 καὶ
2089 2299 2143 2365 ἕξ
2167 2296 2355 2372 ἔτέρου

689 2392 969 2465 προφήτου
994 2390 1153 2445 τοῦτο
1190 2390 1523 2461 πειράσομαι
1554 2389 1775 2459 ποιῆσαι
1811 2388 2062 2459 φανερόν.
2109 2389 2219 2442 Καὶ
2250 2389 2360 2458 7&9

674 2479 784 2532 ἰπὶ
830 2478 924 2532 τοῦ
973 2476 1198 2548 Δανιὴλ,
1230 2475 1418 2546 ἐπειδὴ
1448 2475 1542 2529 καὶ
1580 2477 1698 2529 ἐκεῖ
1727 2474 1911 2546 ψῆφόν
1950 2491 2071 2528 τινα
2114 2475 2359 2547 μεγάλην

691 2567 945 2638 ἐκφέρειν
973 2563 1163 2635 ἔμελλε
1197 2563 1327 2633 περὶ
1355 2561 1627 2616 κολάσεων
1671 2562 1768 2615 καὶ
1812 2561 2089 2633 τιμωριῶν
2145 2563 2361 2616 Ἰουδαῖ-

691 2654 804 2708 κῶν
829 2653 923 2706 καὶ
955 2652 1061 2704 τῶν
1090 2649 1311 2719 ἀγαθῶν
1345 2648 1452 2702 τῶν
1483 2649 1786 2720 μελλόντων
1814 2652 1879 2721 τῇ
1901 2650 2190 2723 οἰκουμένῃ
2224 2650 2361 2704 δίδο-

695 2739 839 2801 σθαι,
862 2739 1022 2792 κάκεῖ
1041 2737 1230 2808 θρόνος
1258 2733 1507 2805 φαίνεται
1533 2735 1785 2807 λαμπρὸς
1810 2736 1906 2790 καὶ
1929 2737 2250 2809 περιφανὴς,
2269 2730 2363 2793 καὶ

690 2825 864 2896 δῆμος
899 2824 1143 2894 ἀγγέλων
1174 2822 1557 2895 παρεστηκὼς,
1583 2823 1677 2878 καὶ
1709 2822 1836 2895 ἔθνη
1864 2823 2238 2896 ἀρχαγγέλων,
2267 2827 2362 2879 καὶ

694 2914 721 2967 6
749 2910 1056 2981 Μονογενὴς
1087 2910 1516 2982 συγκαθήμενος,
1565 2910 1659 2963 καὶ
1686 2909 1857 2980 βίϐλοι
1895 2911 2230 2980 ἀνοίγονται,
2269 2913 2364 2966 καὶ

694 2999 928 3068 ποταμοὶ
958 2996 1127 3069 πυρός
1155 2996 1423 3061 ἔλκονται,
1454 2996 1549 3051 καὶ
1578 2994 1841 3050 πάντοθεν
1876 2998 2064 3069 σχῆμα
2104 2997 2362 3069 δικαστη-

699 3083 813 3157 ρίου
838 3082 1171 3137 συνίσταται.
1199 3082 1309 3136 Kal.
1330 3082 1445 3136 ἔστι
1479 3084 1705 3138 κάκεῖνα
1736 3084 1971 3155 συγγενῆ
1999 3088 2114 3149 τοῖς
2133 3084 2364 3139 ἐνταῦθα

690 3168 1010 3243 λεγομένοις
1058 3168 1273 3223 ἅπαντα
1295 3211 1310 3236 ,
1363 3169 1396 3241 ἢ
1442 3170 1536 3224 καὶ
1582 3169 1915 3243 σαφέστερον
1972 3172 2175 3235 ἐκεῖνος
2224 3171 2363 3227 αὐτά

693 3256 1045 3326 ἀπαγγέλλει.
1075 3256 1169 3313 ἀτε
1198 3256 1307 3311 τῶν
1330 3257 1536 3328 χρόνων
1562 3257 1855 3331 ἐγγύτερον
1886 3257 2207 3328 γινομένων,
2266 3259 2362 3312 καί¹

697 3345 833 3414 πρὸς
855 3343 1025 3409 αὐτὰς
1053 3342 1236 3397 λοιπὸν
1263 3344 1362 3408 τὰς
1384 3344 1553 3416 θύρας
1593 3346 1697 3415 τῆς
1737 3345 2073 3418 προφητείας
2106 3346 2364 3416 ἀφικνου-

705 3430 888 3503 μένης.
925 3430 1085 3485 Ἀλλά
1107 3428 1279 3485 ταῦτα
1301 3432 1412 3495 τοῖς
1440 3431 1748 3501 φιλοπόνοις
1784 3432 2012 3502 ἀφέντες
2040 3435 2363 3503 συναγαγεῖν

700 3518 796 3572 καὶ
818 3517 1193 3589 παρατιθέναι,
1224 3519 1318 3572 καὶ
1351 3518 1451 3590 τὴν
1475 3519 1744 3590 ἑκατέρας
1765 3520 1865 3590 τῆς
1895 3519 2231 3591 προφητείας
2257 3537 2366 3574 κοι-

694 3607 895 3661 νωνίαν
949 3604 1411 3677 καταμανθάνειν,
1455 3608 1596 3676 ὅπερ
1644 3606 1781 3678 ἔφην
1805 3646 1821 3671 ,
1860 3607 1959 3676 τῆς
1998 3609 2366 3679 προκειμένης

697 3693 859 3762 ἡμεῖς
881 3691 1147 3762 ἁψώμεθα
1181 3691 1319 3762 μετὰ
1343 3691 1657 3762 ἀκριϐείας,
1696 3692 1773 3755 ὡς
1805 3692 1873 3746 ἂν
1900 3687 2013 3747 οἷόν
2044 3711 2103 3746 τε
2206 3695 2364 3767 ῥῆσιν

698 3777 936 3848 ἑκάστην
952 3778 1324 3848 ἐξηγούμενοι.
1353 3777 1510 3831 Οὕτω
1528 3778 1637 3850 7&9
1668 3779 1764 3832 καὶ
1795 3781 1925 3850 ἡμῖν
1964 3780 2059 3834 καὶ
2102 3782 2231 3852 ὑμῖν
2265 3798 2365 3836 σα-

699 3863 938 3936 φέστερα
968 3865 1120 3919 ἔσται
1146 3866 1215 3920 τά
1243 3865 1528 3937 εἰρημένα.
1559 3865 1624 3918 Τί
1651 3861 1745 3919 οῦν
1779 3882 1980 3937 φησιν;
2029 3863 2212 3924 Εἶδον
2256 3868 2367 3923 τὸν

701 3953 923 4019 Κύριον
948 3953 1303 4023 καθήμενον.
1340 3953 1413 4007 T6
1439 3952 1706 4025 καθῆσθαι
1749 3955 1842 4008 ἐπὶ
1870 3954 2059 4025 θρόνου
2096 3955 2365 4027 σύμϐολον

696 4038 788 4092 ἀεὶ
808 4037 1040 4110 κρίσεώς
1073 4040 1223 4093 ἔστιν
1243 4078 1257 4102 ,
1283 4038 1471 4111 ὥσπερ
1498 4040 1541 4093 ό
1584 4039 1746 4093 Δαυῒδ
1792 4057 1958 4111 φησιν
1987 4058 2002 4075 ο
2043 4040 2365 4111 Ἐκὰθισας

696 4123 798 4178 ἐπὶ
841 4124 1057 4193 θρόνου
1098 4126 1132 4179 ό
1172 4124 1390 4193 κρίνων
1427 4124 1824 4196 δικαιοσύνην
1847 4144 1863 4160 ο
1909 4128 2005 4183 καὶ
2047 4130 2076 4182 ό
2113 4130 2312 4200 Δανιήλ
2346 4147 2363 4164 ο

703 4212 911 4279 Θρόνοι
933 4211 1248 4279 ἐτέθησαν,
1274 4212 1374 4266 καὶ
1397 4212 1696 4281 κριτήριον
1714 4213 1976 4272 ἐκάθισε.
2006 4215 2079 4269 Τὸ
2102 4215 2159 4269 δὲ
2180 4217 2366 4282 ἁπλῶς

702 4297 974 4367 καθῆσθαι
999 4297 1184 4367 ἑτέρου
1214 4298 1480 4369 σύμϐολον
1508 4295 1647 4353 εἷναί
1669 4317 1833 4371 φησιν
1856 4300 1885 4352 6
1918 4301 2228 4372 προφήτης.
2263 4303 2362 4356 Τί-

703 4402 792 4448 νος
811 4384 870 4438 δὲ
901 4383 1122 4449 τούτους
1151 4384 1259 4439 τοῦ
1286 4384 1502 4452 παγίου,
1527 4385 1622 4439 τοῦ
1659 4388 1905 4458 μονίμου,
1926 4387 2020 4442 τοῦ
2045 4387 2361 4459 βεϐηκότος,

703 4471 799 4526 τοῦ
847 4471 1136 4544 ἀτρέπτου,
1161 4469 1259 4524 τοῦ
1283 4470 1663 4543 ἀτελευτήτου,
1693 4477 1791 4545 τῆς
1824 4474 1967 4546 ζωῆς
1993 4476 2093 4546 τῆς
2123 4476 2366 4546 ἀπεράν-

703 4576 821 4613 του.
858 4558 958 4611 Διά
985 4556 1143 4611 τοῦτό
1179 4573 1335 4627 φησι.
1363 4556 1436 4610 Σῦ
1473 4557 1776 4629 καθήμενος
1814 4561 1894 4623 είς
1916 4561 2008 4614 τὸν
2041 4559 2235 4627 αίῶνα,
2273 4564 2367 4616 καὶ

705 4648 868 4718 ἡμεῖς
900 4643 1255 4715 ἀπολλύμενοι
1277 4645 1355 4709 είς
1377 4645 1469 4698 τὸν
1502 4645 1697 4703 αἰῶνα.
1722 4646 1817 4711 Σὺ,
1848 4648 2000 4717 φησὶ,
2039 4649 2235 4719 μένων,
2267 4649 2366 4715 ὢν,

706 4735 850 4801 ζῶν,
906 4732 993 4788 ἀεὶ
1046 4730 1309 4795 ὡσαύτως
1356 4730 1453 4785 ῶν.
1500 4732 1621 4787 Ὀτι
1669 4733 1778 4804 7&9
1818 4734 1880 4786 οὐ
1923 4736 2052 4807 περὶ
2100 4735 2368 4810 καθέδρας

707 4821 911 4889 ἔλεγεν,
940 4820 975 4891 ή
1011 4818 1382 4891 ἀντιδιαστολὴ
1404 4818 1561 4889 δῆλον
1601 4819 1875 4889 ἐπτοίησεν.
1919 4822 1996 4874 Ού
2037 4821 2147 4895 7&9
2194 4821 2365 4893 εἶπεν,

717 4906 907 4978 Ἡμεῖς
947 4905 1196 4971 ἑστῶτες,
1229 4905 1383 4972 ἀλλὰ,
1433 4905 1833 4978 Ἀπολλύμενοι.
1870 4908 1945 4962 Τὸ
1974 4909 2033 4963 δὲ
2060 4911 2153 4964 ἐπὶ
2178 4912 2368 4984 θρόνου

710 4993 979 5064 καθῆσθαι
1004 4993 1066 5047 τὸ
1102 4994 1308 5066 κρίνειν
1345 4994 1480 5049 ἐστί.
1526 4994 1624 5048 Διά
1669 4994 1827 5050 τοῦτο
1860 4996 2020 5050 αὐτὸν
2057 4998 2230 5065 οὕτως
2268 5004 2371 5075 ὁρᾷ

676 5086 685 5095 ’
710 5080 1014 5152 καθήμενον
1044 5081 1137 5133 ἔπι
1163 5080 1355 5152 θρόνου
1388 5080 1594 5152 ὑψηλοῦ
1625 5082 1721 5136 καὶ
1752 5084 2066 5155 ἐπηρμένου
2085 5125 2098 5142 .
2127 5087 2161 5158 ἢ
2185 5087 2369 5160 ἔτερον

723 5169 822 5239 μὲν
847 5165 1027 5227 τοῦτο.
1043 5167 1230 5238 ἓτερον
1256 5167 1313 5220 δὲ
1342 5170 1517 5222 ἐκεῖνο
1544 5170 1854 5225 αίνίττεται.
1886 5174 1998 5226 Καὶ
2030 5175 2138 5246 γάρ
2164 5174 2369 5246 ὑψηλὸς

709 5251 779 5327 ἦν
815 5256 844 5309 6
882 5254 1089 5325 θρόνος,
1129 5253 1374 5307 τουτέστι
1399 5293 1413 5319 ,
1474 5256 1647 5327 μέγας
1671 5298 1686 5323 ,
1722 5260 1817 5313 καὶ
1855 5259 2181 5332 ὑπερμήκης
2215 5280 2230 5294 ·
2272 5266 2371 5318 καὶ

715 5340 1035 5413 ἐπηρμένος,
1062 5340 1324 5405 τουτέστι,
1370 5342 1463 5395 καὶ
1518 5346 1576 5397 tv
1621 5344 1746 5415 ὕψει
1789 5348 2110 5418 φαινόμενος
2153 5350 2368 5423 ἀφάτῳ,

707 5430 806 5488 καὶ
837 5427 1126 5501 μετέωρος.
1147 5424 1254 5482 Καί
1291 5429 1529 5499 πλήρης
1552 5433 1585 5485 ό
1612 5429 1778 5500 οἶκος
1804 5433 1913 5503 τῆς
1934 5434 2121 5504 δόξης
2159 5440 2368 5495 αὐτοῦ.

709 5524 871 5586 Ποῖος
892 5516 1070 5587 οἷκος;
1095 5518 1217 5575 εἰπέ
1244 5536 1353 5590 μοι.
1397 5521 1458 5574 Ὀ
1478 5522 1624 5586 ναός.
1648 5522 1761 5595 [66]
1794 5524 2010 5597 Ἐπειδὴ
2031 5526 2139 5599 7&9
2163 5530 2373 5585 ἐκεῖθεν

709 5612 745 5681 ή
771 5609 958 5681 ἔχθρα,
985 5607 1207 5671 εἰκότως
1222 5607 1319 5662 καὶ
1346 5608 1404 5660 tv
1432 5610 1497 5680 τῇ
1520 5608 1640 5679 ὄψει
1658 5613 1723 5682 τῇ
1757 5610 2035 5686 θαυμασία
2060 5614 2235 5688 ταύτῃ
2258 5616 2374 5671 ἐκεῖ

680 5712 687 5719 ’
712 5793 728 5805 _
751 5735 800 5805 ,⁸
825 5733 1022 5805 εἴσεισι
1042 5730 1335 5805 βινίιηῂος
1358 5732 1440 5782 οὖν
1480 5733 1733 5805 ἔνεμενείῐη
1766 5736 1940 5789 Morel.
1970 5738 2051 5790 οὖν
2075 5741 2219 5791 deest
2246 5756 2257 5791 :
2281 5743 2369 5793 sed

712 5793 793 5847 hic
816 5793 1145 5859 desideratur,
1165 5804 1219 5848 el
1234 5795 1520 5847 Tilmannus
1554 5794 1694 5861 legit.

2435 472 2594 523 τητα,
2630 455 2745 524 φῶς
2765 455 3066 526 ,ἀπρόσιτον
3086 455 3137 519 δ,
3162 456 3300 528 ὅπερ
3348 455 3671 527 ἑρμηνεῦσαι
3701 454 3772 527 τῷ
3813 454 3828 507 1

2433 541 2751 612 δυνάμενος,
2778 541 2937 607 δόξαν
2968 542 3214 603 ἐκάλεσε,
3247 542 3342 597 καὶ
3391 542 3489 613 οὐχ
3539 541 3706 606 ἁπλῶς
3741 542 3828 606 δόξι

2435 628 2567 683 Θεοῦ
2620 629 2794 697 δόξαν.
2837 629 2945 684 Καί
2994 630 3254 701 Σεραερὶμ
3303 629 3678 697 εἰστήκεισαν
3722 632 3827 685 κύκ

2437 716 2565 773 τοῦ.
2613 717 2748 770 Τίνα
2798 716 2946 786 λέγει
2984 717 3158 771 ταῦτα
3200 717 3268 772 τά
3311 718 3602 789 Σεραφίμ;
3645 719 3828 790 Δυνάμι

2430 804 2645 875 ,μάτους
2667 814 2690 844 ε
2724 803 2832 858 τῶν
2862 805 2974 860 ἀνω
3016 804 3222 877 δήμων,
3260 801 3336 860 ὧν
3358 805 3456 876 τὴν
3496 804 3683 876 ἀρετὴν
3711 808 3796 860 καὶ

2439 891 2738 963 καριότητα
2808 892 2904 946 καὶ
2970 891 3079 946 ἀπὸ
3150 894 3249 963 τῆς
3317 892 3677 964 προσηγορίας
3731 892 3828 947 ἔστι

2441 982 2521 1053 Τῇ
2578 981 2687 1053 γάρ
2744 981 3022 1053 Ἐϐραίων
3079 980 3294 1055 γλώττῃ
3357 981 3576 1053 ἔμπυρα
3632 981 3828 1053 στόματι

2443 1067 2659 1164 νεύεται
2677 1067 2756 1164 ξὰ
2784 1068 3054 1164 Σεραφίμ.

2516 1154 2583 1208 Τί
2646 1150 2738 1209 οῦν
2773 1150 2864 1211 ἔχ’
2902 1156 3090 1210 τούτου
3134 1155 3511 1228 μανθάνομεν;
3578 1157 3648 1211 T6
3702 1156 3828 1210 καθα

2444 1241 2670 1308 οὐσίας,
2705 1243 2767 1296 τὸ
2812 1242 3085 1315 ἄγρυπνον
3110 1286 3125 1311 ,
3173 1245 3236 1298 τδ
3282 1244 3722 1317 διεγηγερμένον,
3766 1247 3823 1298 τὸ

2445 1330 2506 1382 τὸ
2562 1331 2911 1404 ἐνεργητικὸν
2936 1372 2952 1397 ,
3010 1332 3072 1385 τὸ
3127 1331 3477 1401 ἀκηλίδωτον.
3534 1331 3682 1388 Οῦτω
3729 1332 3827 1401 γοῦε

2448 1424 2732 1496 προφήτης
2774 1422 2935 1477 Δαυῖδ
2991 1422 3100 1478 τῶν
3141 1424 3252 1478 άνω
3304 1422 3583 1494 δυνάμεων
3631 1422 3723 1495 τὴν
3766 1424 3828 1476 ἀτη

2451 1527 2573 1564 στον
2597 1510 2871 1565 διακονίαν
2905 1509 3223 1581 βουλόμενος
3242 1511 3374 1581 ἡμῖν
3402 1508 3746 1575 ἐνδείξασθαι,
3767 1518 3828 1563 κά

2449 1600 2551 1670 τῆς
2580 1598 2887 1669 ὑπηρεσίας
2928 1599 3024 1652 καὶ
3063 1599 3267 1671 σφόδρα
3308 1598 3547 1670 ὲνεργὲς,
3587 1598 3793 1665 ἔλεγενο

2450 1686 2593 1752 τοὺς
2620 1686 2915 1756 ἀγγέλους
2940 1687 3127 1742 αὐτοῦ
3167 1687 3494 1756 πνεύματα,
3541 1686 3636 1741 καὶ
3667 1685 3804 1751 τοὺς

2452 1772 2599 1841 τοὺς
2633 1771 2820 1827 αὐτοῦ
2864 1773 3056 1841 πυρός
3097 1775 3327 1843 φλόγα·
3372 1773 3436 1826 τὸ
3471 1774 3627 1844 ταχὺ,
3664 1772 3731 1826 τε
3764 1790 3828 1826 κο

2453 1861 2777 1931 δραστήριον
2811 1861 2943 1931 ήμῖν
2977 1860 3066 1914 διὰ
3088 1860 3197 1915 τῶν
3231 1859 3509 1931 στοιχείων
3539 1859 3734 1914 τούτων
3766 1860 3828 1913 ἐν·

2455 1966 2565 2012 νος.
2593 1947 2827 2002 Τοιαῦτα
2870 1948 2967 2001 καὶ
2999 1949 3055 2001 al
3081 1946 3337 2018 δυνάμεις
3379 1947 3537 2002 αὐταὶ
3553 1945 3603 2014 ἀ,
3625 1947 3828 2017 καθαρο’

2458 2052 2543 2090 σιν
2569 2034 2903 2106 ἀνυμνοῦσαι
2935 2033 3028 2088 τὸν
3065 2034 3360 2104 Δεσπότην,
3389 2034 3550 2106 ἔργον
3600 2033 3751 2087 τοῦτο
3778 2034 3828 2103 ἕ]

2456 2123 2688 2195 ηνεκῶς,
2705 2122 2980 2194 εὐφημίας
3006 2123 3388 2194 άναφέρουσαι,
3409 2122 3741 2195 λειτουργίαν
3756 2123 3828 2177 ἀδι

2458 2210 2706 2266 Δείκνυσι
2736 2210 2793 2263 δὲ
2824 2211 3001 2265 αὐτῶν
3030 2211 3091 2264 τὸ
3126 2210 3338 2281 ἀξίωμα
3361 2210 3421 2265 τὸ
3447 2211 3671 2281 πλησίον
3700 2207 3828 2264 εἶναι

2458 2315 2572 2356 νου.
2605 2297 2871 2370 Καθάπερ
2892 2297 3002 2367 γάρ
3034 2299 3126 2352 ἐπὶ
3151 2299 3260 2352 τῶν
3290 2298 3553 2369 βασιλέων
3576 2299 3681 2352 τῶν
3723 2299 3813 2351 ἐπὶ

2462 2387 2704 2459 μείζοσιν
2727 2384 3029 2458 ἀξιώμασιν
3055 2384 3227 2449 ὅντες,
3250 2386 3378 2457 παρ’
3405 2385 3567 2439 αὐτὸν
3600 2387 3828 2456 ἑστήκαο

2458 2492 2547 2528 νον
2572 2475 2660 2529 τὸν
2705 2474 3012 2545 βασιλικόν⁸
3050 2473 3194 2528 οὕτω
3230 2472 3294 2546 δὴ
3334 2472 3429 2525 καὶ⁵
3458 2468 3617 2527 αὐται
3650 2472 3707 2525 αἰ
3744 2471 3828 2526 6m

2456 2563 2555 2633 τὴν
2586 2561 3026 2633 ὑπερϐάλλουσαν
3076 2561 3279 2634 ἀρετὴν
3325 2559 3419 2617 τὸν
3459 2558 3572 2613 ἀνω
3613 2558 3797 2629 θρόνον

2459 2649 2560 2721 τῆς
2589 2650 2898 2722 ἀπορρήτου
2929 2650 3325 2722 μακαριότητος
3342 2651 3708 2707 ἀπολαύουσαι
3724 2652 3828 2722 διηκ

2460 2738 2801 2809 ὲντρυφῶσαι
2832 2739 2897 2808 τῇ
2941 2738 3188 2810 μακαρία
3227 2736 3377 2808 λήξει
3407 2737 3508 2808 τῆς
3533 2738 3828 2809 λειτουργία

2467 2823 2570 2889 Ἓξ
2609 2826 2897 2893 πτέρυγες
2934 2823 3014 2891 τῷ
3047 2824 3158 2890 ἐνὶ,
3187 2826 3285 2878 καί
3328 2824 3397 2889 ἓξ
3436 2824 3724 2894 πτέρυγες
3753 2826 3828 2889 τῷ

2460 2911 2591 2977 ταῖς
2621 2912 2739 2981 μὲν
2775 2911 2919 2967 δυσί
2973 2911 3427 2969 κατεκάλυπτον
3464 2912 3607 2977 τοὺς
3652 2913 3828 2981 πόδας

2460 2999 2590 3065 ταῖς
2627 2998 2696 3053 δὲ
2715 2998 2856 3054 δυσί
2877 2998 3134 3053 autemid
3142 3012 3331 3055 υπτον
3345 2999 3417 3056 τὰ
3431 3002 3724 3067 πρόσωπα
3744 3000 3828 3053 ἑαι

2461 3086 2591 3152 ταῖς
2617 3086 2799 3141 δυσίν
2825 3086 3132 3140 ἐπέτοντο.
3152 3086 3262 3140 Καὶ
3291 3085 3612 3157 ἐκέκραγεν
3634 3086 3828 3156 ἕτερος

2459 3172 2687 3241 ἕτερον,
2705 3172 2802 3227 καί
2832 3172 3074 3243 ἔλεγον
3105 3173 3324 3243 Ἀγιος,
3357 3173 3541 3243 ἅγιος,
3566 3175 3754 3244 ἅγιος,
3788 3180 3828 3229 Β

2463 3254 2638 3312 ϐαώθ.
2668 3255 2915 3325 Πλήρης
2944 3254 3113 3311 πᾶσα
3152 3256 3190 3325 ἠ
3221 3255 3296 3326 γῆ
3328 3255 3440 3326 τῆς
3464 3257 3651 3325 δόξης
3681 3260 3828 3311 αὐτο

2461 3343 2611 3397 λεται
2652 3344 2783 3414 ἡμῖν
2815 3341 2987 3396 ταῦτα
3017 3342 3085 3397 τά
3124 3344 3317 3415 πτερά,
3350 3344 3445 3397 καὶ
3470 3344 3523 3396 τί
3544 3345 3828 3398 αἰνίττοντε

2463 3430 2770 3503 πτέρυγες;
2801 3430 2875 3484 Ού
2904 3429 3012 3501 7&9
3040 3431 3102 3502 δὴ
3131 3431 3304 3502 πτερά
3332 3432 3425 3485 ἐπὶ
3471 3431 3570 3495 τὰς
3611 3432 3828 3502 ἀσωμάα

2465 3535 2586 3590 μεις
2628 3519 2846 3583 ὲκείνας
2868 3532 2882 3547 ’
2915 3517 3053 3571 ἀλλά
3087 3518 3270 3587 ⁵πάλιν
3328 3517 3416 3571 διὰ
3467 3519 3793 3589 παχυτέρων

2462 3606 2746 3678 ἀπόρρητά
2793 3622 2913 3659 τινα
2941 3607 3072 3676 ἡμῖν
3113 3606 3145 3659 6
3186 3606 3468 3677 προφήτης
3507 3606 3828 3677 παραδηλοῖ,

2463 3693 2665 3748 ϐαίνων
2696 3694 2795 3763 μὲν
2819 3694 2887 3765 τῇ
2917 3690 3174 3763 ἀσθενείᾳ.
3197 3691 3304 3745 τῶν
3330 3692 3449 3745 τότε
3477 3693 3826 3764 ἀκροωμένω

2463 3781 2559 3835 καὶ
2575 3781 2662 3835 διὰ
2679 3782 2778 3851 τῆς
2800 3777 3259 3848 συγκαταϐάσεως
3283 3779 3462 3833 πᾶσαν
3480 3779 3724 3834 διάνοιαν
3742 3781 3828 3833 ύπμ

2463 3869 2707 3939 νοήματα
2738 3864 2876 3937 μετὰ
2905 3864 3191 3937 ἀκριϐείας
3212 3867 3344 3936 ἡμῖν
3373 3865 3809 3937 ἐνδεικνύμενος.

2534 3959 2604 4022 7'.
2627 3953 2693 4007 Τί
2727 3951 2821 4006 οῦν
2838 3951 3167 4006 αἰνίττονται
3185 3952 3242 4004 al
3261 3949 3529 4022 πτέρυγες
3544 3969 3561 4018 ;
3579 3952 3656 4005 Τὸ
3670 3952 3828 4023 ὑψηλί

2464 4040 2651 4114 άρσιον
2678 4038 2784 4093 τῶν
2819 4038 3099 4109 δυνάμεων
3139 4037 3363 4093 τούτων.
3388 4037 3545 4092 Οὕτω
3574 4040 3677 4094 καὶ
3705 4043 3736 4094 ό
3770 4042 3828 4095 Γι

2462 4128 2707 4200 τόμενος,
2747 4125 2842 4180 καὶ
2872 4126 2936 4180 ὲκ
2969 4124 3077 4180 τῶν
3104 4123 3344 4195 οὐρανῶν
3377 4126 3727 4182 καταϐαίνων
3754 4147 3828 4199 φα

2467 4215 2643 4287 μάθῃς
2673 4212 2735 4266 τὸ
2769 4213 2905 4283 ταχύ
2942 4212 3035 4265 καὶ
3073 4211 3295 4282 κοῦφον.
3323 4212 3432 4268 Καὶ
3462 4212 3795 4285 θαυμάζεις,

2463 4299 2850 4372 λειτουργικῶν
2886 4299 3168 4370 δυνάμεων
3216 4299 3443 4365 ταύταις
3488 4305 3613 4366 ταῖς
3644 4302 3828 4368 λέξεσι

2463 4390 2595 4443 ὅπου
2619 4404 2683 4458 γε
2721 4388 2816 4442 καὶ
2842 4388 2928 4442 ἐπ’
2962 4385 3126 4441 αὐτοῦ
3167 4386 3261 4441 τοῦ
3290 4388 3399 4443 τῶν
3439 4387 3575 4444 ὅλων
3622 4389 3769 4444 Θεοῦ
3803 4409 3828 4445 ο

2466 4491 2595 4528 σατο
2622 4474 2825 4546 ταύτην
2873 4474 3351 4546 μεταχειρίσασθαι
3381 4477 3481 4547 τὴν
3519 4480 3828 4548 συγκατάϐι

2463 4563 2686 4635 λόμενος
2717 4564 2825 4636 7&9
2848 4560 3010 4618 αὐτοῦ
3034 4564 3201 4632 δεῖξαι
3226 4564 3258 4637 ἢ
3295 4564 3357 4618 τὸ
3387 4564 3702 4638 ἀσώματον,
3734 4568 3768 4639 ἦ
3797 4587 3828 4621 τ

2465 4651 2739 4722 πανταχοῦ
2790 4651 3111 4722 παρουσίας,¹
3156 4652 3321 4722 φησὶν
3361 4654 3390 4707 6
3431 4654 3597 4707 Δαυῖδ
3620 4671 3636 4685 ·
3683 4656 3753 4710 '0
3807 4673 3828 4709 .1

2463 4734 2561 4788 ἐπὶ
2583 4734 2887 4803 πτερύγων
2903 4733 3155 4804 ἀνέμων.
3183 4735 3374 4790 Καίτοι
3400 4734 3515 4809 [67]
3538 4754 3607 4806 γε
3634 4737 3769 4793 οὔτε
3793 4741 3828 4794 ἅ

2471 4838 2635 4893 ρυγας
2656 4820 2884 4892 ἔχουσιν,
2910 4820 3032 4874 οὐτε
3055 4821 3216 4886 αὐτὸς
3238 4822 3331 4876 ἰπὶ
3355 4824 3647 4896 πτερύγων
3672 4843 3828 4898 περιτ

2465 4911 2595 4979 γὰρ,
2626 4911 2655 4962 6
2687 4907 2959 4979 πανταχοῦ
3005 4908 3228 4981 παρώνς
3265 4909 3404 4964 Ἀλλ’
3437 4912 3574 4984 ὅπερ
3622 4912 3809 4985 ἔφθην

2466 4997 2718 5069 ἀσθενείᾳ
2742 4997 2850 5050 τῶν
2871 4997 3172 5052 ἀκουόντων
3200 4999 3673 5068 συγκαταϐαίνων,
3706 5002 3823 5055 ἀπὸ

2468 5084 2702 5157 ρούντων
2723 5084 2922 5155 ἀνῆγεν
2948 5083 3124 5138 αὐτῶν
3144 5084 3240 5154 τὴν
3266 5085 3519 5143 διάνοιαν.
3545 5089 3662 5142 Καὶ
3690 5089 3828 5143 πάλι

2468 5173 2617 5227 θειαν
2649 5174 2811 5229 αὐτοῦ
2843 5173 3166 5246 βουλόμενος
3210 5175 3306 5229 καὶ
3349 5175 3447 5248 τὴν
3496 5178 3562 5232 ἐκ
3602 5179 3824 5251 ταύτης

2468 5260 2816 5328 ἐνδείξασθαι,
2847 5265 2963 5327 ταῖς
2991 5263 3179 5328 αὐταῖς
3211 5263 3472 5337 κέχρηται
3492 5266 3731 5333 λέξεσιν,
3758 5268 3828 5321 οῦ

2481 5350 2582 5404 Ἐν
2613 5349 2811 5419 σκέπῃ
2837 5349 2955 5404 τῶν
3000 5351 3307 5423 πτερύγων
3342 5366 3459 5407 σου
3503 5352 3828 5413 σκεπὰσει.

2528 5495 2559 5536 b
2577 5497 2702 5565 Beg.
2730 5501 2783 5546 el.
2807 5497 2959 5565 Savil.
2983 5499 3080 5565 φῷς
3107 5501 3388 5565 ἀπρρῤητον.
3421 5502 3592 5553 Morel.
3647 5509 3703 5554 et
3750 5504 3824 5554 Ba

2466 5559 2742 5635 ἀπρόσιτον,
2765 5566 2917 5635 atque
2934 5559 3000 5611 ita'
3024 5561 3147 5622 legit
3165 5559 3451 5614 Tii'manaus
3470 5564 3748 5627 interpres.

2532 5627 2554 5650 ι
2587 5622 2707 5676 Reg.
2738 5622 2958 5670 elSavrl.
2995 5623 3210 5676 δυνάμεις
3228 5626 3492 5676 ἀσώματοι.
3535 5626 3720 5676 Morel.
3761 5628 3828 5676 δυ⁴

2532 5634 2554 5650 υ
2587 5634 2707 5681 Heg.
2738 5634 2958 5670 elbavrl.
2995 5634 3210 5685 δυνάμεις
3228 5634 3492 5688 ἀσώματοι.
3535 5634 3720 5676 Morel.
3761 5634 3822 5676 δυ

2469 5680 2643 5743 μάτους
2662 5690 2822 5742 recte,
2842 5688 2895 5732 et
2918 5685 2986 5733 sic
3004 5688 3151 5735 etiam
3178 5689 3405 5736 emendat
3428 5686 3644 5737 Savilius
3659 5691 3717 5738 in
3737 5703 3822 5739 ma

2470 5741 2560 5851 ad
2585 5741 2845 5795 Bal/arietis
2865 5745 3078 5796 τοιαῦται
3120 5750 3169 5798 αῖ
3210 5748 3424 5811 δυνάμεις
3468 5748 3632 5799 αὐταί.
3677 5752 3788 5801 Alii
