4018 6212
318 244 391 299 69

308 351 477 411 modo
494 350 552 408 in
578 365 727 415 aura,
754 349 915 406 modo
953 349 1006 406 in
1048 351 1190 422 igne,
1218 365 1356 406 nunc
1381 367 1413 408 a
1454 359 1604 425 tergo
1638 368 1904 424 apparen-

1593 236 1657 292 ΙΝ
1699 237 1948 309 ISMAM,
1991 242 2119 299 CAP
2146 287 2160 300 .
2204 247 2290 304 Vl.

3504 279 3572 334 70

1994 368 2123 425 est,
2173 361 2446 420 immense
2471 367 2764 426 altitudinis
2809 387 3070 442 apparens
3121 387 3176 435 et
3220 379 3480 446 sublimis.
3519 391 3585 445 Et

307 459 422 505 tem
445 490 462 517 ,
486 459 628 502 nunc.
652 459 818 516 super
847 443 1133 500 Cherubim
1155 486 1169 510 ,
1199 453 1253 500 et
1281 445 1346 500 ad
1376 445 1764 502 metallicarum
1793 463 1906 504 ma-
2007 449 2157 519 plena
2183 462 2288 506 erat
2329 455 2507 511 domus
2532 460 2694 527 gloria
2724 464 2848 534 ejus.
2883 465 3012 534 Qum
3052 468 3280 527 domus?
3308 473 3394 531 die
3430 443 3586 544 milii;

307 541 568 595 teriarum
607 538 774 605 magis
816 537 1198 606 pellucidarum
1250 537 1586 608 splendorem
1620 539 1900 609 imaginem

302 631 754 688 conformautem.
805 628 916 683 Cur
963 643 1092 698 ergo
1133 628 1292 683 modo
1325 639 1562 684 armatus
1589 640 1809 701 apparet
1847 641 1902 687 et

303 737 501 780 cruore
526 735 864 790 conspersus,
886 719 1172 790 aliquando
1190 721 1240 775 in
1266 721 1405 790 igne,
1426 721 1583 777 modo
1605 723 1898 791 posteriora

302 815 614 877 ostendens,
646 811 807 867 modo
835 813 886 867 in
933 812 1085 878 caelo,
1136 811 1297 866 modo
1331 813 1383 866 in
1420 814 1573 879 solio,
1604 829 1744 869 nunc
1769 829 1897 870 vero

299 906 789 978 superCherubim,
811 920 915 959 non
942 904 1220 974 praesentis
1245 905 1498 974 temporis
1517 904 1672 960 fuerit
1693 905 1892 974 dicere,

301 1014 371 1054 ne
392 999 737 1054 corollarium
769 996 860 1051 llat
889 1011 1052 1066 opere
1090 996 1282 1066 majus.
1316 997 1532 1052 Interim
1571 1013 1748 1068 operte
1777 1015 1898 1068 pre—

300 1091 437 1144 tium
475 1089 633 1143 fuerit
673 1087 741 1142 de
771 1087 1023 1157 prtesenti
1066 1088 1272 1143 visione
1311 1088 1598 1144 disserere.
1629 1089 1735 1145 Cur
1764 1105 1893 1161 ergo

302 1193 446 1236 nunc
471 1180 550 1235 sic
582 1187 805 1250 apparet
827 1194 988 1249 super
1012 1179 1202 1234 solium
1233 1178 1448 1246 sedens,
1489 1189 1542 1234 et
1582 1196 1701 1235 cum
1733 1180 1893 1237 Sera-

301 1269 493 1340 phim?
527 1270 828 1325 Humanum
850 1285 1055 1326 morem
1080 1271 1334 1336 imitatur,
1355 1272 1475 1341 quia
1505 1287 1626 1326 eum
1659 1272 1892 1329 homini-

297 1365 398 1419 bus
413 1378 595 1418 sermo
617 1363 714 1434 ipsi
746 1372 882 1417 erat.
908 1363 1039 1428 Quia
1067 1361 1208 1417 enim
1234 1363 1558 1418 sententiam
1591 1364 1892 1432 prolaturus

291 1465 381 1512 est
409 1456 478 1512 de
500 1457 706 1526 magnis
726 1455 889 1511 rebus
917 1455 1091 1526 deque
1123 1465 1234 1511 toto
1261 1466 1522 1510 terrarum
1552 1457 1704 1522 orbe,
1743 1459 1891 1513 insu-

296 1563 501 1619 perque
524 1548 592 1604 de
606 1547 980 1619 Jerosolymis,
1010 1547 1280 1617 duplicem
1305 1549 1506 1618 profert
1530 1550 1848 1604 sententiam
1869 1593 1884 1617 ,

290 1641 516 1696 alteram
541 1655 644 1710 qua
675 1653 884 1709 poenam
913 1638 1154 1693 decernit
1188 1638 1308 1693 urbi
1340 1647 1393 1694 et
1414 1640 1556 1710 genti
1598 1641 1725 1708 toti,
1755 1641 1888 1697 alte-

287 1747 406 1788 ram
427 1749 545 1802 qum
569 1732 884 1787 beneﬁcium
926 1731 1043 1786 orbi
1069 1740 1352 1799 terrarum,
1366 1746 1718 1805 magnamque
1737 1748 1887 1805 spem

292 1827 581 1898 pollicetur
630 1836 683 1882 et
713 1826 947 1881 honores
970 1825 1316 1881 immortales.

358 1919 419 1974 ἓ.
437 1919 551 1973 Mos
575 1926 654 1973 est
669 1927 845 1972 autem
863 1917 1133 1987 ju‘dicibus
1147 1917 1264 1973 haec
1279 1933 1386 1972 non
1405 1918 1542 1974 clam
1566 1918 1760 1985 facere,
1781 1919 1875 1977 sed

287 2011 347 2067 in
374 2011 589 2066 excelso
617 2011 864 2066 tribunali
911 2011 1160 2066 sedentes
1180 2053 1195 2078 ,
1247 2012 1494 2068 omnibus
1521 2007 1879 2072 adstantibus,

288 2115 346 2159 et
393 2105 674 2160 contractis
705 2104 858 2159 velis.
894 2103 1004 2159 llos
1033 2103 1247 2158 imitans
1297 2104 1438 2159 Deus
1474 2104 1572 2159 sibi
1595 2104 1879 2161 Cherubim

283 2195 504 2252 adstare
522 2195 701 2266 jussit,
732 2205 785 2252 et
816 2195 870 2250 in
901 2195 1114 2251 excelso
1140 2195 1276 2250 solio
1316 2195 1488 2262 sedet,
1521 2196 1706 2266 sicque
1749 2213 1876 2252 sen-

283 2291 509 2344 tentiam
555 2287 694 2343 hanc
734 2287 957 2356 profert.
995 2288 1059 2342 Et
1088 2296 1146 2342 ut
1174 2287 1350 2342 discas
1391 2302 1504 2342 rem
1536 2303 1642 2343 non
1687 2289 1877 2360 conje-

280 2388 435 2434 ctura
466 2388 666 2434 tantum
720 2380 842 2441 niti,
893 2377 987 2433 sed
1017 2377 1160 2432 hunc
1200 2378 1272 2432 illi
1305 2393 1508 2432 morem
1549 2377 1752 2445 luisse,
1803 2395 1869 2436 ex

278 2472 388 2527 alio
415 2487 628 2542 quoque
666 2469 925 2541 propheta
955 2469 1004 2524 id
1043 2469 1218 2539 palam
1269 2469 1441 2524 facere
1468 2469 1705 2524 lentabo.
1743 2469 1874 2526 Nam

276 2561 421 2632 apud
447 2561 744 2626 Danielem,
777 2562 1026 2630 quoniam
1057 2560 1126 2614 ibi
1155 2560 1312 2614 etiam
1335 2561 1652 2615 sententiam
1683 2577 1874 2632 quam-

278 2651 404 2705 dam
430 2667 676 2722 magnam
710 2651 1013 2720 prolaturus
1037 2660 1150 2706 erat
1178 2650 1319 2705 circa
1342 2651 1600 2722 supplicia
1632 2660 1684 2707 et
1715 2653 1871 2708 ultio.

277 2758 377 2798 nes
404 2742 606 2798 ludatis
636 2742 944 2797 inferendas
967 2784 982 2809 ,
1033 2751 1086 2797 et
1107 2743 1248 2796 circa
1294 2743 1430 2797 bona
1457 2758 1577 2813 quae
1621 2743 1738 2798 orbi
1767 2754 1875 2799 ter-

277 2849 459 2889 rarum
481 2833 802 2890 conferenda
825 2842 998 2900 erant,
1021 2835 1213 2888 solium
1235 2849 1442 2904 quoque
1457 2844 1675 2905 apparet
1697 2835 1874 2906 splen-

275 2924 461 2979 didum
493 2934 547 2981 et
588 2926 956 2995 conspicuum,
996 2934 1050 2980 et
1075 2925 1384 2995 angelorum
1412 2924 1607 2980 chorus
1629 2925 1865 2992 adstans,

271 3023 331 3070 et
372 3015 812 3087 archangelorum
866 3025 1055 3080 cretus,
1101 3025 1156 3070 et
1200 3015 1512 3086 Unigenitus
1551 3017 1762 3086 sedens,
1815 3029 1865 3075 et

273 3105 393 3161 libri
421 3107 754 3175 aperiuntur,
800 3116 854 3162 et
885 3106 1027 3161 fluvii
1074 3107 1213 3176 ignei
1258 3115 1503 3173 manant,
1548 3116 1603 3164 et
1631 3109 1867 3181 undique

273 3198 555 3253 tribunalis
601 3197 772 3252 forma
820 3198 1162 3252 constituitur
1191 3196 1350 3268 (Dan.
1370 3199 1446 3268 7).
1500 3196 1636 3254 Sttnt
1685 3210 1861 3256 autem

271 3293 358 3346 illa
399 3293 581 3347 omnia
612 3292 678 3347 iis
721 3291 920 3357 affinia,
952 3308 1069 3362 qua:
1099 3291 1186 3346 hic
1229 3299 1512 3346 narrantur
1539 3309 1554 3347 :
1581 3303 1672 3348 aut
1701 3294 1859 3349 etiam

266 3385 507 3453 apertius
555 3384 600 3438 is
630 3383 744 3438 haec
790 3384 1108 3449 annuntiat,
1160 3384 1280 3453 quia
1324 3383 1576 3438 viciniora
1623 3393 1860 3453 tempora

270 3477 359 3530 illa
392 3485 568 3542 erant,
599 3487 652 3531 et
680 3476 746 3530 ad
779 3477 922 3546 ipsas
949 3476 1166 3531 demum
1195 3474 1336 3531 iores
1375 3476 1649 3545 prOphetia
1675 3490 1860 3544 perveo

264 3567 648 3622 nerat.Verunt
679 3566 794 3621 hrcc
818 3566 1072 3621 studiosis
1102 3567 1484 3636 relinquentes,
1509 3576 1566 3621 ut
1597 3566 1849 3636 colligant

261 3666 316 3710 et
362 3667 673 3726 apponant,
717 3668 771 3712 et
799 3658 1074 3727 utriusque
1105 3657 1398 3727 pmphetia:
1445 3657 1850 3713 consonantiam

261 3750 529 3811 ediscant,
559 3751 635 3804 uti
659 3749 768 3819 jam
795 3750 925 3814 dixi,
953 3765 1069 3804 eam
1098 3765 1257 3820 quam
1296 3748 1450 3803 nobis
1475 3750 1856 3818 proposuimus

249 3836 656 3904 jam'accurate
701 3849 1010 3905 tractemus,
1062 3856 1161 3910 pro
1209 3839 1347 3894 virili
1395 3849 1574 3893 nostra
1620 3840 1854 3910 singulas

260 3933 525 3986 dictiones
548 3930 927 4000 expendentes.
955 3930 1026 3986 Ita
1058 3932 1199 3986 enim
1241 3941 1293 3986 et
1325 3931 1478 3985 nobis
1503 3940 1557 3985 et
1582 3932 1734 3986 vobis
1763 3931 1848 3986 di-

261 4021 519 4076 lucidiora
547 4031 703 4077 erunt
728 4038 788 4076 ea
806 4039 922 4092 qua:
944 4023 1079 4077 dicta
1098 4030 1238 4076 sunt.
1264 4021 1400 4089 Quid
1427 4022 1584 4092 igitur
1599 4023 1707 4076 ait?
1738 4021 1853 4076 Vidi

265 4109 544 4165 Dominum
569 4112 837 4166 sedentem.
867 4111 922 4165 In
953 4113 1088 4167 solio
1116 4112 1328 4180 sedere,
1381 4126 1594 4181 semper
1633 4111 1850 4182 symbo-

262 4206 368 4260 lum
386 4203 576 4273 judicii
603 4212 704 4269 est,
750 4203 1198 4273 quemadmodum
1221 4202 1384 4258 David
1415 4204 1489 4256 ait
1515 4220 1528 4255 :
1558 4202 1750 4258 Sedisti
1768 4221 1848 4256 su-

263 4313 351 4365 per
398 4298 640 4349 thronum
685 4297 772 4365 qui
804 4296 1012 4367 judicas
1047 4297 1304 4366 justitiam
1341 4296 1519 4368 (Psal.
1546 4296 1732 4367 9.4);
1789 4307 1849 4351 et

264 4388 448 4443 Daniel
483 4386 716 4442 :Throni
767 4389 916 4456 positi
953 4398 1106 4450 sunt,
1153 4397 1198 4442 et
1225 4389 1487 4455 judicium
1527 4387 1656 4442 sedit
1683 4385 1844 4455 (Dan.

259 4481 313 4532 'l.
335 4479 370 4533 9
392 4480 437 4550 ).
470 4478 676 4534 Sedere
703 4488 880 4533 autem
924 4479 1234 4547 simpliciter
1282 4479 1500 4533 alterius
1549 4477 1846 4548 symbolum

256 4581 358 4638 est,
379 4571 455 4626 ait
485 4570 762 4640 propheta.
793 4569 1122 4638 Cujusnatnt
1147 4571 1330 4636 Firmi,
1363 4571 1848 4639 manentis,proce-

257 4665 458 4730 dentis,
483 4663 846 4728 immutabilis,
868 4663 1422 4728 interminabilis,vit:e
1443 4661 1845 4732 perennis.ldeo

255 4759 361 4810 ait:
386 4755 433 4812 τ
439 4771 471 4810 ιι
501 4754 696 4810 sedens
725 4753 778 4808 in
802 4757 1077 4822 saeculum,
1104 4764 1158 4810 et
1177 4770 1272 4810 nos
1297 4764 1582 4825 pereuntes
1607 4755 1659 4809 in
1677 4768 1848 4810 saecu-

253 4850 363 4905 lum
385 4850 484 4921 (α).
523 4851 629 4916 Tu,
657 4851 848 4928 inquit,
879 4864 1124 4914 manens,
1159 4851 1440 4914 cxsistens,
1467 4847 1672 4911 vivens,
1704 4863 1845 4902 sem-

254 4957 350 5010 per
376 4942 568 4998 eodem
591 4945 862 4999 exsisteus
889 4941 1071 4997 modo.
1093 4941 1245 5008 Quod
1277 4939 1418 4995 enim
1447 4939 1498 4994 id
1529 4954 1634 4993 non
1649 4939 1842 4993 dixerit

252 5032 320 5087 de
343 5031 623 5099 cathedra,
674 5034 786 5104 ipsa
825 5032 1096 5089 distinctio
1121 5029 1520 5086 demonstravit.
1545 5027 1660 5084 Non
1701 5029 1842 5085 enim

250 5124 410 5192 dixit,
440 5125 548 5180 Nos
573 5134 800 5192 stantes,
832 5125 949 5191 sed,
974 5133 1276 5195 pereuntes.
1311 5121 1440 5178 lllttd
1471 5131 1646 5177 autem
1678 5121 1730 5176 in
1753 5135 1842 5177 so—

251 5217 325 5271 lio
352 5217 564 5282 sedere,
595 5217 646 5271 id
674 5226 758 5273 est
782 5217 1042 5287 judicare.
1071 5214 1199 5272 ideo
1225 5215 1401 5284 ipsum
1440 5213 1518 5268 sic
1563 5212 1710 5268 videt
1751 5227 1841 5268 se-

249 5310 470 5364 dentem
495 5324 657 5379 super
681 5309 874 5364 solium
904 5309 1174 5364 excelsum
1189 5316 1241 5362 et
1263 5307 1527 5362 elevatum
1555 5323 1568 5372 ;
1590 5305 1674 5360 vel
1699 5305 1842 5360 aliud

249 5404 379 5466 hoc,
403 5403 548 5458 aliud
580 5402 709 5458 illud
735 5402 1056 5458 subindicat.
1087 5401 1292 5456 Etenim
1316 5399 1585 5456 excelsum
1616 5405 1731 5452 erat
1755 5412 1844 5451 so-

249 5493 401 5557 lium,
449 5494 503 5548 id
532 5503 616 5575 est
652 5509 904 5563 magnum
933 5502 987 5549 et
1012 5492 1329 5549 altissimum
1351 5532 1366 5560 ,
1394 5499 1450 5546 et
1477 5491 1762 5554 elevatum,
1793 5489 1843 5544 id

311 5630 388 5692 (α)
421 5626 634 5692 Videtur
678 5626 758 5692 hic
787 5627 1142 5692 Chrysostomus
1182 5628 1341 5692 locum
1385 5625 1598 5692 aliquem
1635 5622 1844 5692 Danielis

249 5686 452 5752 Mc,
477 5697 563 5740 aut
585 5686 791 5740 alterius
807 5686 1074 5758 prophetia;
1097 5696 1184 5746 sed
1207 5691 1398 5746 nullum
1422 5686 1571 5738 talem
1591 5687 1807 5750 reperio.

2005 539 2303 636 :l‘emplum.
2329 547 2457 614 Quia
2477 552 2616 605 enim
2643 554 2787 610 illine
2807 555 3435 632 oriebanturinimicitite,
3462 539 3588 636 jure

2004 630 2054 685 in
2079 632 2174 688 hac
2197 636 2424 694 mirabili
2448 642 2649 698 visione
2671 645 2739 699 ibi
2761 652 3084 718 conSpieitur
3108 655 3320 712 sedens.
3346 630 3580 721 Gloriam

2000 733 2176 780 autem
2222 727 2306 783 hic
2337 741 2489 786 vocat
2538 735 3090 810 splendorem,lucem
3136 748 3578 825 inaccessibilem,

1999 832 2156 912 quam
2184 835 2302 874 cum
2332 839 2435 878 non
2480 832 2866 902 posseta'erbis
2893 838 3211 906 exprimere,
3243 843 3463 912 gloriam
3493 861 3588 900 vo-

1998 911 2157 1003 (Elvll,
2193 929 2367 984 neque
2397 917 2709 987 simpliciter
2727 924 2970 991 gloriam,
3002 928 3096 983 sed
3131 931 3222 987 Dei
3247 911 3491 1003 gloriam.
3517 939 3574 996 2.

2000 999 2066 1055 Et
2105 1003 2378 1074 Seraphim
2421 1009 2618 1064 stabant
2660 1013 2713 1065 in
2751 1014 2963 1069 circuitu
2992 1021 3117 1090 ejus.
3165 999 3416 1089 Quaenam
3447 1029 3579 1086 dicit

1997 1095 2112 1152 btec
2137 1096 2451 1170 Seraphim?
2474 1101 2713 1160 Virtutes
2736 1107 3076 1178 incorporeas
3093 1121 3441 1184 supernorum
3467 1137 3586 1184 cu:-

1996 1195 2174 1256 tuum,
2217 1205 2439 1261 quarum
2469 1192 2718 1250 virtutem
2750 1206 2803 1252 ct
2828 1199 3205 1259 beatitudinem
3233 1223 3299 1262 ex
3337 1209 3453 1279 ipso
3481 1228 3580 1268 no-

1995 1280 2336 1374 minervidere
2353 1292 2455 1339 est.
2478 1285 2608 1340 Nam
2633 1287 2888 1346 llebraica
2917 1292 3094 1365 lingua
3118 1295 3396 1370 Seraphim
3415 1303 3576 1374 ignita

1991 1386 2085 1426 ora
2115 1373 2410 1443 significant
2439 1375 2535 1450 (τι).

2074 1461 2324 1520 Virtutum
2348 1470 2620 1522 cwlestium
2650 1471 2904 1542 oﬁicia.—-
2919 1474 3054 1540 Quid
3083 1477 3242 1548 igitur
3270 1480 3393 1537 hinc
3417 1483 3580 1541 disci-

1990 1555 2146 1646 mus?
2173 1556 2459 1614 Puritatem
2486 1560 2814 1630 substaulite,
2845 1565 3188 1636 vigilantiam,
3220 1571 3572 1646 diligentiam,

1990 1645 2301 1715 agilitatem,
2334 1650 2440 1704 vim
2486 1652 2762 1720 operandi,
2795 1655 3131 1714 munditiem.
3169 1661 3244 1714 lla
3272 1663 3416 1718 enim
3446 1645 3572 1735 pro-

1989 1737 2148 1804 pheta
2178 1738 2344 1796 David
2375 1758 2723 1812 supernorum
2756 1757 3081 1817 potestatum
3112 1755 3416 1824 expeditum
3466 1762 3570 1815 mi-

1988 1828 2263 1883 niSIerium
2286 1831 2472 1886 volens
2489 1834 2642 1888 nobis
2663 1837 2968 1906 ostendere,
2999 1857 3202 1898 necnon
3233 1847 3567 1907 velocitatem

1987 1917 2384 1988 agilitatemque
2427 1923 2750 1993 ministerii,
2779 1927 2990 1984 dicebat
3019 1949 3032 1984 :
3069 1935 3168 1998 Qui
3193 1938 3322 2005 facis
3363 1944 3570 2010 angelos

1983 2017 2096 2064 tuos
2133 2014 2358 2081 spiritus,
2410 2023 2458 2067 et
2480 2016 2736 2072 ministros
2765 2028 2876 2074 tuos
2903 2021 3165 2092 ﬂammant
3211 2027 3344 2098 ignis
3392 2032 3562 2102 (I’sal.

1984 2103 2106 2158 105.
2130 2104 2217 2174 4);
2244 2106 2602 2174 velocitatem,
2635 2109 2921 2179 levitatem,
2947 2115 3234 2185 agilitatem
3284 2123 3436 2178 nobis
3470 2141 3566 2193 per

1982 2193 2098 2251 htec
2136 2197 2402 2253 elementa
2437 2199 2751 2256 ostendens.
2785 2204 3099 2274 Hujusmodi
3143 2210 3320 2266 ofﬁcia
3368 2215 3566 2272 habent

1981 2283 2064 2341 hae
2086 2287 2330 2352 virtutes,
2352 2303 2448 2345 ore
2473 2305 2606 2360 puro
2626 2292 2956 2375 celebrantes
2979 2297 3279 2366 Dominum,
3309 2302 3412 2358 hoc
3431 2321 3565 2376 Opus

1974 2379 2176 2453 jugiter
2198 2380 2477 2449 habentes,
2509 2383 2690 2439 laudes
2719 2371 3027 2455 offerentes,
3061 2392 3376 2451 incessabile
3402 2371 3562 2455 minis

1977 2471 2220 2527 sterium.
2271 2473 2466 2529 Earum
2508 2481 2686 2530 autem
2723 2475 3030 2547 dignitatem
3081 2482 3132 2537 id
3180 2499 3564 2545 commonstrat

1976 2563 2115 2632 quod
2163 2565 2298 2620 solio
2338 2565 2444 2620 sint
2483 2566 2690 2622 vicintc.
2724 2567 3179 2636 Quemadmodum
3229 2579 3368 2631 enim
3421 2581 3558 2648 apud

1977 2662 2222 2712 terrenos
2258 2672 2431 2728 reges,
2463 2659 2552 2729 qui
2598 2660 2650 2714 in
2681 2661 2884 2731 majore
2912 2661 3172 2732 dignitate
3201 2677 3346 2734 sunt,
3395 2685 3560 2740 prope

1974 2748 2169 2802 solium
2198 2749 2399 2819 regium
2431 2759 2575 2804 stant
2603 2769 2615 2805 :
2644 2752 2723 2807 sic
2745 2762 2797 2808 et
2823 2753 2905 2807 has
2936 2765 3228 2824 potestates
3249 2759 3320 2814 ob
3348 2762 3558 2818 virtutis

1972 2839 2316 2895 eminentiam
2348 2840 2575 2898 sublime
2606 2844 2800 2898 solium
2826 2845 3253 2915 circumsistunt,
3303 2851 3554 2910 ineffabili

1971 2931 2303 2989 beatitudine
2331 2943 2589 3003 perpetuo
2616 2935 2874 3001 fruentes,
2907 2948 2961 2992 et
3003 2938 3055 2993 in
3093 2939 3246 2994 beata
3280 2955 3426 2998 sorte
3457 2945 3554 3000 hu-

1962 3023 2200 3091 jusmodi
2224 3024 2390 3080 ofﬁcii
2417 3026 2729 3096 gaudentes.
2760 3029 2867 3083 Sea:
2890 3031 2987 3084 ala:
3011 3032 3118 3096 uni,
3145 3043 3191 3086 et
3220 3049 3308 3088 sex
3334 3036 3432 3088 alts-
3470 3039 3550 3092 al-

1968 3115 2079 3168 teri.
2114 3113 2176 3168 Et
2198 3116 2398 3187 quidem
2423 3117 2618 3171 duabus
2643 3117 2868 3173 uelabant
2896 3123 3044 3190 pedes
3065 3139 3202 3190 suos,
3234 3124 3430 3182 duabus
3457 3145 3552 3182 au-

1966 3215 2062 3262 tem
2087 3209 2317 3263 uelabant
2338 3210 2492 3277 facies
2516 3227 2633 3264 suas
2659 3209 2732 3283 (ὁ)
2755 3254 2767 3275 ,
2794 3222 2840 3266 et
2868 3214 3063 3268 duabus
3091 3217 3344 3271 volabant.
3373 3219 3427 3290 5.
3479 3221 3547 3276 Et

1963 3300 2248 3356 clamabant
2276 3303 2403 3357 alter
2422 3303 2490 3356 ad
2513 3303 2746 3371 alterum,
2777 3314 2823 3360 et
2859 3307 3125 3363 dicebant:
3153 3309 3394 3378 Sanctus,
3422 3330 3551 3368 san-

1963 3400 2091 3457 ctus,
2119 3401 2338 3458 sanctus,
2371 3392 2618 3447 Dominus
2657 3393 2904 3450 Sabaoth.
2940 3396 3107 3452 Plena
3135 3409 3206 3455 est
3234 3403 3396 3457 omnis
3414 3412 3549 3460 terra

1960 3484 2124 3556 gloria
2153 3488 2278 3556 ejus.
2309 3484 2442 3552 Quid
2471 3486 2625 3541 nobis
2657 3486 2739 3541 hze
2763 3503 2952 3557 penna:
2981 3491 3296 3561 significant,
3323 3504 3376 3550 et
3418 3497 3546 3567 quid

1961 3573 2116 3628 nobis
2144 3575 2242 3628 ala:
2272 3576 2642 3631 subindicant?
2666 3577 2852 3648 Neque
2879 3580 3019 3634 enim
3065 3582 3394 3652 incorporea:
3437 3588 3541 3644 illat

1957 3673 2252 3733 potestates
2283 3667 2394 3722 alas
2427 3667 2626 3724 habent
2649 3686 2663 3722 :
2686 3669 2778 3725 sed
2802 3686 3012 3727 rursum
3038 3675 3386 3731 crassiorihus
3415 3676 3550 3748 figu-

1957 3757 2032 3812 ris
2062 3773 2253 3811 arcana
2277 3757 2518 3829 qumdam
2546 3760 2700 3815 uobis
2723 3761 2918 3816 indicat
2949 3764 3224 3834 propheta,
3249 3766 3545 3824 infirmitati

1956 3862 2140 3902 eorum
2169 3851 2256 3920 qui
2287 3860 2412 3906 tunc
2446 3852 2732 3907 audiebant
2759 3869 2816 3908 se
2846 3864 3231 3925 attemperans,
3277 3860 3543 3928 simulque

1955 3941 2114 3998 etiam
2144 3957 2238 4011 per
2269 3943 2404 3998 hanc
2425 3947 2918 4014 attetnperationem
2940 3963 3097 4002 sensa
3123 3949 3365 4019 qumdam
3395 3967 3542 4006 men-

1957 4044 2061 4090 tem
2095 4051 2309 4090 omnem
2336 4038 2640 4106 superantia
2666 4047 2913 4092 accurate
2942 4039 3095 4093 nobis
3121 4040 3428 4096 ostendens.

2023 4125 2077 4181 3.
2118 4125 2253 4193 Quid
2294 4127 2451 4196 igitur
2496 4126 2833 4182 subindieant
2879 4129 3015 4182 alte?
3057 4127 3436 4185 Ceisitudinem
3483 4141 3540 4188 et

1953 4218 2329 4273 Sttblimitatem
2362 4217 2547 4273 harum
2573 4219 2850 4273 virtutum.
2890 4218 2977 4274 Sic
3005 4229 3059 4274 et
3087 4218 3297 4275 Gabriel
3327 4221 3540 4290 volans,

1952 4319 2006 4363 et
2032 4310 2097 4364 de
2124 4310 2256 4364 caelo
2284 4309 2618 4365 descendens
2638 4320 2877 4378 apparet,
2909 4320 2966 4365 ut
2993 4309 3167 4365 discas
3198 4311 3538 4370 velocitatem

1951 4409 2004 4454 et
2026 4399 2315 4455 levitatem.
2350 4400 2417 4454 Et
2440 4400 2566 4471 quid
2593 4401 2822 4466 miraris,
2855 4401 2898 4456 si
2925 4401 2990 4456 de
3018 4401 3344 4458 administris
3373 4404 3537 4459 virtu-

1952 4491 2092 4546 tibus
2117 4492 2339 4561 loquens
2364 4490 2666 4562 hujusmodi
2685 4492 2860 4548 verbis
2879 4507 3003 4548 usus
3029 4502 3131 4560 est,
3148 4495 3360 4564 quando
3373 4497 3539 4553 etiam

1949 4581 2017 4636 dc
2047 4581 2414 4638 universorum
2441 4582 2549 4638 Deo
2571 4599 2677 4638 non
2699 4582 3010 4655 dedignatus
3029 4593 3111 4640 est
3130 4585 3266 4641 hanc
3281 4586 3540 4643 adhibere

1950 4674 2494 4741 attemperalionem‘l
2530 4673 2662 4728 Cum
2697 4675 2839 4730 enim
2872 4676 3029 4731 vellet
3058 4675 3221 4731 David
3252 4679 3539 4735 ostendero

1948 4775 2039 4819 aut
2074 4766 2191 4836 ejus
2218 4766 2585 4837 incorporeum
2614 4776 2858 4821 naturam
2878 4807 2893 4831 ,
2931 4777 3024 4822 aut
3054 4769 3388 4824 velocitatem
3415 4787 3537 4841 quae

1950 4857 2142 4927 ubique
2174 4872 2415 4928 praesens
2460 4867 2564 4923 est,
2615 4857 2726 4911 ait:
2763 4858 2862 4922 Qui
2898 4858 3128 4911 ambulas
3171 4875 3322 4926 super
3343 4877 3537 4931 pennas

1947 4958 2208 5002 ventorum
2253 4947 2446 5015 (Psal.
2492 4949 2614 5004 103.
2657 4950 2734 5018 3),
2790 4949 2888 5003 etsi
2928 4964 3099 5019 neque
3141 4951 3284 5005 venti
3331 4967 3536 5021 pennas

1949 5038 2199 5105 habeant,
2226 5056 2399 5110 neque
2426 5041 2538 5111 ipse
2563 5055 2728 5109 super
2749 5055 2951 5110 pennas
2970 5041 3222 5096 ambulet.
3253 5043 3536 5109 Quomodo

1948 5133 2090 5188 enim
2117 5133 2228 5188 fieri
2257 5132 2446 5203 possit,
2473 5147 2594 5186 cum
2621 5132 2814 5202 ubique
2844 5147 3079 5201 prtesens
3097 5133 3203 5189 sit?
3228 5133 3446 5199 Verum,
3478 5143 3536 5188 ut

2011 5269 2082 5380 ﬁt)
2114 5277 2244 5319 Hanc
2266 5281 2379 5318 esse
2397 5274 2534 5330 putat
2554 5266 2923 5332 Chrysostomus
2939 5269 3390 5331 interpretationem
3403 5271 3534 5316 vocis

2011 5347 2018 5380 ι
2053 5335 2212 5380 raiae.
2249 5335 2455 5380 Dama.
2485 5331 2622 5380 quasi
2645 5328 2872 5379 videlicet
2909 5332 3171 5380 composita
3200 5330 3265 5378 sit
3288 5342 3351 5378 ex
3374 5332 3494 5380 rm:
3511 5369 3534 5380 -

1946 5328 2212 5392 Hebraiae,
2249 5328 2455 5395 thnﬁ,
2485 5331 2622 5393 quasi
2645 5328 2872 5379 videlicet
2909 5328 3171 5392 composita
3200 5330 3265 5378 sit
3288 5342 3351 5378 ex
3374 5332 3494 5407 ETW
3511 5369 3534 5392 ,

1948 5438 2108 5484 urere,
2135 5429 2188 5473 et
2208 5430 2286 5483 ΠΣ)
2313 5420 2393 5473 vel
2415 5428 2473 5483 ’Β
2496 5435 2565 5483 os,
2589 5421 2703 5473 oris.
2721 5422 2810 5472 Sed
2835 5424 3098 5485 Seraphim,
3120 5429 3174 5471 ut
3192 5433 3335 5472 nemo
3357 5421 3539 5480 nescit.

2142 5494 2222 5565 vel
2247 5494 2408 5565 igneos
2427 5495 2710 5565 simpliciter
2725 5491 2978 5565 significat.

2014 5556 2088 5618 (b)
2122 5563 2232 5606 Haec
2254 5552 2446 5618 inversa
2467 5552 2610 5614 sunt;
2635 5569 2746 5604 nam
2769 5552 2816 5603 in
2853 5556 3090 5618 Scriptura
3113 5565 3247 5602 saera
3274 5552 3426 5618 primo
3443 5563 3534 5614 po-

1949 5611 2138 5730 unguu-t
2153 5618 2242 5668 alte
2266 5632 2374 5683 quae
2398 5617 2571 5668 [aciem
2594 5611 2786 5681 tegunt,
2805 5611 3020 5664 secundo
3043 5613 3138 5664 illa:
3161 5611 3545 5678 qute'pedes'oco

1949 5695 2011 5730 cu
2055 5693 2116 5730 an
2141 5716 2154 5729 .

1949 5686 2154 5733 cultant.
