4018 6212
611 309 672 365 7|
1281 299 1343 356 8.
1380 290 1657 356 JOANNIS
1682 289 2159 351 CIIRYSOSTOMI
2198 289 2514 346 ARCHIEP.
2554 283 3085 344 CONSTANTINOP.
3823 289 3844 338 Ἰ

606 423 716 494 jam
745 419 886 486 dixi,
929 413 1225 474 infirmitati
1263 411 1592 467 audientium
1617 423 1677 464 se
1703 415 2064 477 attemperans
2083 445 2101 473 ,
2131 403 2200 460 ab

611 513 698 579 iis,
733 525 958 582 quorum
981 520 1206 578 capaces
1227 511 1398 567 erant,
1432 508 1665 556 mentem
1698 513 1882 554 eorum
1905 496 2095 552 erexit.
2125 494 2201 550 Ac

610 619 828 661 rursum
872 601 990 672 ejus
1034 598 1288 654 auxilium
1339 603 1393 650 et
1440 591 1782 648 securitatem
1827 589 1951 644 inde
1995 594 2199 658 partam

611 696 868 755 exhibere
892 692 1079 748 volens
1102 731 1118 757 ,
1150 686 1338 743 iisdem
1364 685 1528 738 utitur
1553 681 1750 745 verbis,
1778 680 1856 734 sic
1881 678 2064 733 dicens
2094 698 2098 702 ί
2133 675 2202 730 In

615 787 794 843 umbra
821 785 1020 839 alarum
1046 790 1249 834 tuarum
1276 785 1503 847 proteges
1537 789 1616 828 me
1650 770 1820 845 (Psal.
1851 769 1940 825 {6.
1965 769 2043 852 8).
2089 766 2203 822 Hoc

612 887 792 934 autem
823 876 940 932 loco
969 887 1074 927 non
1098 867 1478 926 sublimitatem
1509 863 1682 918 solum
1718 861 1834 931 ejus
1858 874 1922 914 ac
1946 857 2202 914 velocita-

615 983 723 1027 tem
755 985 850 1040 per
873 967 988 1021 alas
1009 962 1343 1026 subindicat;
1371 958 1465 1014 sed
1490 965 1544 1012 et
1567 954 1706 1010 aliud
1735 952 2002 1024 quidpiam
2025 950 2200 1004 horri-

617 1065 744 1120 bile.
792 1056 1040 1117 Ostendit
1072 1054 1215 1111 enim
1240 1095 1256 1120 ,
1285 1050 1493 1107 etiamsi
1535 1048 1586 1102 id
1623 1045 1764 1117 quod
1791 1044 2066 1098 videbatur
2105 1056 2204 1112 per

615 1155 1112 1227 attemperationem
1135 1156 1297 1212 esset,
1321 1153 1381 1200 ut
1403 1157 1589 1199 revera
1615 1149 1748 1205 erat,
1776 1151 2034 1208 supernas
2057 1144 2202 1190 certe

615 1258 905 1324 potestates
929 1288 945 1312 ,
975 1259 1044 1300 ne
1077 1243 1180 1298 hac
1220 1238 1434 1310 quidem
1478 1247 1728 1290 mensura
1774 1230 1826 1285 id
1869 1243 2062 1299 capere
2103 1241 2200 1296 po-

619 1317 808 1398 iuissc.
839 1338 971 1394 Nam
993 1333 1135 1406 quod
1161 1337 1402 1402 tegerent
1432 1325 1616 1398 pedes,
1639 1332 1694 1379 et
1719 1319 1857 1392 quod
1889 1320 2016 1374 item
2042 1317 2202 1373 dorsa

616 1433 879 1496 velarent,
925 1424 1250 1496 stupentium
1279 1427 1426 1484 erat,
1469 1427 1524 1472 et
1553 1414 1893 1470 trementium
1919 1409 2198 1480 fulgorem,

620 1538 720 1580 nec
745 1519 1027 1578 ferentium
1054 1512 1395 1587 splendorem
1415 1526 1485 1566 ex
1511 1507 1644 1563 solio
1666 1505 2050 1577 prosilientem.
2077 1499 2202 1555 Ideo

621 1617 833 1688 objectu
877 1613 1119 1676 alarum,
1166 1622 1266 1662 ceu
1311 1603 1540 1675 quodam
1587 1601 1822 1670 pariete,
1871 1593 2034 1650 facics
2078 1606 2203 1648 suas

620 1684 1042 1766 obumbrabant;
1068 1700 1119 1756 id
1143 1697 1283 1770 quod
1312 1695 1487 1751 facere
1515 1692 1750 1748 solemus
1770 1695 1861 1743 aut
1887 1686 2083 1741 tonitru
2104 1684 2202 1739 de-

622 1803 832 1859 cidente
856 1840 871 1865 ,
901 1805 992 1852 aut
1021 1792 1316 1864 fulguribus
1346 1785 1588 1848 emissis,
1620 1796 1807 1838 versus
1840 1778 2202 1850 pavimentum

623 1909 723 1952 nos
747 1891 1088 1951 inclinantes,
1117 1885 1219 1939 hoc
1243 1889 1298 1937 et
1323 1881 1427 1936 illae
1452 1876 1730 1932 faciebant.

695 1987 962 2040 Anomwos
983 1981 1273 2034 insectatur.
1301 2003 1371 2014 —-
1398 1969 1550 2037 Quod
1590 1968 1636 2022 si
1673 1963 1975 2035 Seraphim,
2002 1975 2206 2030 magna:

625 2081 730 2136 illa:
758 2075 1133 2142 mirabilesque
1166 2068 1406 2129 virtutes,
1433 2064 1602 2118 Deum
1625 2059 1924 2123 sedentem,
1968 2055 2020 2110 in
2047 2054 2204 2121 solio,

625 2172 866 2241 inquam,
893 2164 1169 2220 sedentem
1198 2160 1315 2214 sine
1344 2156 1534 2212 timore
1572 2151 1755 2207 vidcre
1793 2163 1901 2205 non
1940 2154 2204 2218 poterant,

630 2238 729 2320 sed
771 2267 828 2315 et
870 2255 1033 2312 facies
1061 2261 1114 2307 et
1139 2249 1302 2322 pedes
1328 2245 1602 2304 velabant,
1626 2238 1747 2310 quis
1774 2254 1952 2296 sermo
1998 2238 2208 2294 illorum

626 2351 888 2410 insaniam
917 2344 1192 2401 declarare
1219 2338 1435 2410 poterit,
1463 2335 1555 2406 qui
1582 2349 1641 2390 se
1667 2333 1814 2388 clare
1838 2330 2010 2401 ipsum
2042 2329 2208 2382 Deum

629 2457 790 2502 nosse
830 2440 1036 2504 dicunt,
1062 2443 1117 2491 et
1152 2432 1242 2504 qui
1283 2432 1350 2486 de
1376 2426 1661 2484 immortali
1687 2425 1775 2480 illa
1800 2421 2091 2478 substantia
2117 2436 2212 2476 cu-

629 2538 773 2594 riose
801 2527 1148 2604 perquirunt?
1181 2523 1387 2579 Duabus
1403 2518 1717 2582 volabant,et
1743 2514 2046 2568 clamabant.
2075 2511 2212 2581 Quid

631 2628 736 2684 hoc
779 2633 904 2691 est,
942 2618 1226 2681 Volabant,
1273 2622 1328 2669 et
1368 2611 1494 2683 quid
1539 2609 1652 2664 vult
1692 2605 2025 2679 significare?
2067 2604 2214 2674 lpsas

631 2734 827 2789 nempe
845 2715 1057 2772 assidue
1082 2712 1222 2766 circa
1250 2709 1416 2764 Deum
1441 2720 1582 2771 esse,
1609 2717 1711 2758 nec
1731 2704 1799 2757 ab
1821 2702 1915 2757 illo
1939 2699 2210 2764 secedere,

632 2811 727 2867 sed
775 2809 912 2864 hanc
957 2804 1064 2860 illis
1107 2815 1228 2858 esse
1254 2797 1467 2853 vivendi
1508 2795 1768 2850 rationem
1792 2832 1809 2859 ,
1853 2797 1914 2846 ut
1958 2796 2216 2860 perpetuo

634 2906 807 2976 ipsum
834 2905 1065 2960 canant,
1096 2904 1156 2949 ut
1191 2906 1404 2962 semper
1445 2887 1700 2958 Opificem
1740 2899 1894 2940 suum
1920 2883 2214 2940 celebrent.

635 2973 754 3053 Non
776 2992 920 3048 enim
943 2988 1098 3053 dixit,
1125 2985 1523 3047 Clamavcrunt,
1547 2977 1664 3042 sed,
1688 2975 2002 3041 Clamabunt,
2035 2973 2088 3028 id
2113 2981 2216 3038 est,

638 3091 741 3144 hoc
763 3091 1018 3156 perpetuo
1046 3078 1241 3133 habent
1262 3087 1416 3144 opus.
1459 3071 1601 3126 Alter
1624 3070 1691 3123 ad
1713 3069 1929 3123 alterum
1953 3107 1969 3133 ,
1996 3074 2045 3120 et
2081 3065 2219 3120 dice-

638 3177 798 3231 bant:
832 3173 1074 3233 Sanctus,
1097 3175 1320 3229 sanctus,
1345 3171 1568 3217 sanctus.
1619 3159 1731 3215 Hoc
1757 3158 2073 3214 concinnam
2101 3171 2220 3210 mo-

637 3265 978 3330 dulatamqne
1007 3271 1191 3313 eorum
1237 3251 1606 3325 symphoniam
1651 3248 1889 3313 indicat,
1935 3245 2224 3315 laudesque

640 3365 833 3424 magno
875 3362 1141 3404 consensu
1183 3343 1499 3399 celebratas.
1557 3340 1654 3394 Hic
1697 3338 1927 3410 hymnus
1970 3351 2078 3391 non
2108 3335 2223 3390 laus

641 3442 805 3501 modo
847 3449 950 3505 est,
999 3437 1092 3492 sed
1135 3435 1295 3490 etiam
1323 3430 1604 3503 prophetia
1635 3429 1702 3484 de
1727 3429 1882 3484 bonis
1909 3442 2028 3498 qute
2056 3433 2223 3482 totum

641 3534 828 3589 orbem
855 3535 1176 3596 occupatura
1201 3531 1347 3589 sunt,
1379 3530 1536 3591 atque
1549 3521 1709 3574 etiam
1734 3518 2039 3587 dogmatum
2068 3530 2227 3571 accu-

643 3632 761 3680 rata
803 3619 1101 3689 disciplina.
1148 3613 1256 3670 Cur
1282 3621 1461 3669 autem
1503 3625 1611 3666 non
1652 3610 1818 3665 semel
1859 3608 2140 3674 dixerunt,
2173 3615 2230 3662 et

644 3721 945 3776 tacuerunt,
977 3723 1150 3779 neque
1176 3704 1415 3761 secundo
1438 3745 1454 3771 ,
1485 3711 1539 3758 et
1566 3711 1751 3773 postea
1777 3699 2087 3766 desierunt,
2133 3697 2228 3754 sed

648 3805 864 3862 tertium
894 3803 1053 3858 etiam
1079 3796 1437 3854 addiderunt?
1467 3795 1659 3850 Annon
1706 3792 1877 3862 palam
1907 3799 1990 3846 est
2014 3789 2064 3845 id
2110 3788 2230 3845 ideo

646 3899 766 3955 illas
791 3895 980 3951 fecisse
1004 3935 1020 3960 ,
1053 3900 1108 3946 ut
1146 3889 1400 3962 hymnum
1429 3885 1682 3941 offerrent
1711 3882 1998 3938 Trinitati?
2027 3880 2231 3936 Idcirco

647 3992 879 4047 Joannes
909 3986 962 4042 id
987 3985 1054 4040 de
1080 3983 1214 4039 Filio
1241 3981 1441 4037 dictum
1484 3979 1645 4034 fuisse
1671 3977 1764 4044 ait,
1810 3975 1982 4031 Lucas
2009 3989 2137 4028 vero
2165 3972 2233 4027 de

649 4084 876 4156 Spiritu,
908 4077 1168 4153 propheta
1196 4075 1412 4132 demum
1442 4071 1510 4128 de
1539 4072 1720 4126 Patre.
1769 4069 1899 4138 Quae
1941 4073 2234 4137 sequuntur

649 4187 828 4232 autem
851 4173 988 4228 hanc
1007 4170 1162 4226 nobis
1182 4168 1453 4224 insinuant
1467 4162 1805 4219 sententiam.
1831 4160 1957 4215 Post
1979 4158 2232 4229 hymnum

649 4271 795 4328 enim
822 4266 1144 4324 addiderunt
1176 4282 1190 4318 :
1225 4261 1387 4316 Plena
1416 4268 1488 4314 est
1527 4257 1688 4313 omnis
1727 4265 1860 4310 terra
1896 4253 2060 4324 gloria
2102 4250 2232 4320 ejus.

652 4363 712 4421 Id
758 4359 899 4431 quod
930 4365 1194 4412 accurata:
1219 4350 1513 4422 prophetia:
1539 4355 1675 4414 erat,
1704 4345 1932 4400 futuram
1959 4339 2235 4396 scientiam

654 4451 1045 4525 praenuntiant,
1079 4459 1173 4514 per
1199 4458 1356 4514 quam
1401 4441 1681 4495 universus
1727 4435 1872 4491 orbis
1924 4433 2020 4489 Dei
2067 4431 2242 4502 gloria.

655 4544 894 4616 repletus
920 4547 1005 4596 est
1032 4554 1046 4592 :
1075 4552 1196 4591 cum
1225 4544 1408 4590 contra
1437 4533 1586 4599 olim,
1619 4539 1673 4585 et
1698 4546 1817 4584 cum
1848 4528 1963 4582 haze
1991 4527 2236 4583 diceren-

656 4647 764 4702 tur,
813 4648 919 4688 non
962 4628 1123 4687 modo
1148 4627 1366 4697 reliquas
1395 4623 1540 4679 orbis
1571 4630 1772 4692 partes,
1818 4619 1911 4675 sed
1936 4619 2096 4674 etiam
2123 4617 2237 4688 ipsa

657 4727 960 4784 ludmorum
1002 4722 1187 4793 regio,
1239 4719 1403 4774 multa
1447 4714 1719 4786 impietate
1747 4713 1921 4782 plena:
1965 4717 2139 4773 erant,
2186 4717 2241 4764 et

654 4836 814 4877 nemo
843 4831 1067 4889 usquam
1099 4816 1264 4870 Deum
1310 4809 1660 4882 glorificabat.
1707 4805 1990 4874 Testisque
2016 4811 2098 4858 est
2127 4803 2240 4872 ipse

652 4913 920 4982 propheta
948 4912 1131 4966 dicens
1159 4924 1173 4962 :
1219 4905 1437 4976 Propter
1461 4919 1546 4957 vos
1584 4916 1767 4956 nomen
1810 4913 1975 4952 meum
2005 4894 2241 4965 blasphe-

659 5015 827 5060 matur
845 5006 898 5057 in
928 5003 1156 5074 gentibus
1185 4998 1338 5072 (Isai.
1364 4997 1453 5052 52.
1484 4996 1563 5068 5).
1591 4991 1938 5062 Quandonam
1966 4990 2125 5061 igitur
2151 4989 2242 5043 im-

661 5096 802 5165 pleta
825 5102 908 5149 est
931 5101 1072 5147 terra
1093 5091 1259 5160 gloria
1281 5088 1433 5160 ejus?
1452 5087 1586 5141 Cum
1614 5085 1701 5140 hic
1725 5083 1954 5155 hymnus
1975 5083 2025 5136 in
2049 5090 2242 5136 terram

659 5187 871 5243 delatus
912 5194 996 5238 est
1018 5224 1034 5249 ,
1068 5181 1416 5250 hominesque
1461 5179 1516 5234 in
1546 5187 1686 5233 terra
1711 5173 1870 5246 positi
1894 5184 2242 5244 supernarum

659 5281 914 5336 virtutum
956 5275 1123 5330 choro
1166 5271 1399 5342 adjuncti
1446 5277 1603 5334 sunt,
1651 5280 1916 5336 unamque
1959 5262 2244 5319 melodiam

663 5371 986 5436 retulerunt,
1012 5376 1067 5422 et
1089 5365 1414 5436 conjunctim
1443 5364 1609 5419 Deum
1631 5359 1990 5418 celebrarunt.
2021 5354 2172 5424 Quod
2198 5354 2245 5410 si

662 5463 883 5522 Iudaeus
911 5461 996 5516 his
1021 5457 1359 5529 impudenter
1383 5454 1641 5520 obsistat,
1672 5451 1869 5507 indicet
1908 5447 2246 5520 quandonam

664 5554 840 5610 omnis
869 5561 1010 5608 terra
1030 5548 1201 5620 gloria
1227 5546 1343 5618 ejus
1366 5545 1570 5616 repleta
1595 5544 1697 5608 sit;
1727 5543 1826 5598 hac
1847 5555 2036 5610 nempe
2056 5538 2246 5610 gloria,

665 5658 786 5714 qua
813 5659 878 5700 ex
907 5642 1212 5714 cognitione
1238 5635 1613 5709 proﬁciscitur.
1640 5633 1744 5691 Sed
1765 5646 2050 5700 numquam
2069 5638 2250 5688 osten-

671 5733 831 5805 derit,
857 5735 1067 5793 etiamsi
1107 5731 1406 5790 sexcenties
1452 5726 1834 5801 impudentiam
1858 5739 2008 5781 suam
2037 5721 2246 5794 prodat.

2304 403 2360 458 4.
2390 403 2456 456 Et
2481 402 2721 456 eleuatum
2747 410 2818 456 est
2842 400 3227 472 superliminare
3247 415 3278 452 a
3297 415 3435 466 uoce,
3459 415 3559 469 qua
3585 399 3844 454 clamaban

2308 491 2497 547 Vidisti
2542 492 2839 564 prophetia:
2867 491 3218 557 facilitatem,
3249 504 3337 545 res
3381 490 3526 560 ipsas
3569 490 3669 545 sibi
3709 500 3843 545 muti

2305 583 2671 638 cohazrentes?
2693 582 2824 636 Nam
2855 580 3148 652 posthunc
3187 580 3443 651 hymnum
3467 620 3482 645 ,
3513 593 3634 634 cum
3674 579 3839 649 imple

2307 685 2447 732 esset
2474 685 2614 732 terra
2638 676 2803 746 gloria
2826 675 2962 745 ejus,
2989 674 3210 730 Iudaica
3235 674 3412 728 omnia
3433 681 3732 742 cessarunt,
3751 688 3844 745 qut

2307 769 2480 840 ipsum
2509 768 2744 824 ostendit
2770 783 2866 838 per
2893 769 3156 823 elevatum
3184 767 3608 836 superliminare.

2376 861 2431 916 4.
2471 860 2584 914 Hoc
2611 861 2806 930 quippe
2833 861 3042 930 signum
3078 869 3195 914 erat
3229 859 3574 916 desolationis
3623 869 3679 917 et
3720 876 3844 916 ever

2308 951 2523 1020 templi;
2548 951 2749 1020 templo
2779 960 2956 1006 autem
2983 950 3050 1006 de
3079 950 3259 1006 medio
3285 951 3516 1018 sublato,
3545 951 3648 1005 alia
3679 952 3844 1021 insupi

2307 1045 2484 1098 omnia
2504 1052 2865 1099 cessaverunt.
2889 1043 2960 1100 Ut
2978 1053 3155 1099 autem
3172 1043 3344 1100 discas
3360 1043 3568 1098 Novum
3584 1043 3844 1100 Testamei

2308 1141 2421 1188 tum
2446 1135 2730 1205 abrogasse
2761 1135 2948 1201 Vetus,
2972 1134 3017 1188 Α
3041 1151 3177 1198 voce,
3207 1135 3396 1205 inquit,
3428 1135 3671 1189 eleuatum
3701 1146 3775 1190 est
3804 1152 3844 1190 si

2309 1226 2662 1296 perliminare;
2688 1225 2738 1280 id
2769 1236 2869 1291 est,
2897 1241 2962 1281 eo
2985 1226 3126 1297 quod
3158 1225 3272 1281 haec
3309 1227 3625 1297 glorificatio
3663 1227 3843 1284 adven

2307 1318 2395 1380 rit,
2420 1327 2476 1373 et
2500 1318 2669 1388 gratia
2697 1317 2978 1385 effulserit,
3009 1317 3283 1388 gloriaque
3312 1317 3478 1372 effusa
3507 1319 3577 1372 sit
3602 1334 3699 1388 per
3725 1328 3840 1373 totu

2307 1408 2514 1474 orbem,
2547 1408 2750 1463 umbra:
2791 1408 3062 1478 dissipatae
3090 1417 3233 1464 sunt.
3267 1407 3336 1463 Et
3376 1411 3556 1464 domus
3596 1410 3789 1480 repleta
3826 1428 3844 1464 ε

2309 1503 2472 1572 iunio.
2517 1501 2632 1556 Hoc
2659 1515 2868 1572 quoque
2897 1501 3026 1556 mihi
3069 1501 3279 1557 videtur
3321 1501 3530 1572 signum
3573 1517 3694 1558 esse
3734 1502 3844 1557 futu

2307 1593 2425 1663 ejus
2452 1593 2663 1658 excidii,
2689 1593 2931 1664 ignisque
2951 1593 3235 1659 harbarici,
3263 1595 3690 1666 alrocissimique
3714 1596 3844 1652 ince:

2309 1682 2404 1737 dii.
2437 1683 2490 1738 5.
2520 1682 2587 1736 Et
2615 1683 2722 1737 dixi
2742 1698 2761 1737 :
2787 1682 2830 1737 0
2852 1699 2930 1737 me
2951 1683 3225 1737 miserum!
3247 1683 3368 1753 quia
3394 1693 3724 1750 compunctus
3758 1703 3844 1739 sui;

2309 1774 2427 1844 quia
2455 1773 2604 1828 homo
2622 1789 2736 1827 cum
2763 1774 2879 1842 sim,
2907 1783 2952 1828 et
2981 1773 3241 1828 immunda
3267 1773 3400 1827 labia
3425 1774 3651 1840 habeam,
3683 1777 3738 1830 in
3789 1793 3840 1829 m

2310 1866 2395 1921 dio
2420 1867 2596 1936 populi
2617 1867 2879 1921 immunda
2907 1865 3040 1921 labia
3066 1865 3293 1920 habentis
3321 1882 3412 1938 ego
3440 1865 3690 1927 habito,et
3716 1866 3844 1921 Dom

2310 1974 2430 2012 num
2455 1957 2684 2013 Sabaoth
2702 1959 2718 1990 ¹
2746 1958 2848 2013 vidi
2885 1957 3048 2012 oculis
3074 1959 3217 2012 meis.
3251 1957 3379 2013 Haec
3405 1958 3541 2012 visio
3579 1959 3840 2029 propheta

2311 2050 2590 2117 exterruit,
2621 2049 2996 2120 expergefacit,
3025 2050 3076 2104 in
3103 2063 3350 2120 magnam
3390 2048 3728 2105 formidinem
3772 2065 3838 2105 co

2309 2139 2460 2211 jecit,
2478 2140 2546 2196 ad
2574 2139 2964 2197 confessionem
2990 2140 3506 2212 perpulit,vilitatem
3528 2143 3758 2212 propriae
3778 2159 3839 2198 su

2314 2233 2522 2288 stantite
2551 2241 2608 2287 ut
2641 2232 2832 2288 melius
2885 2239 3232 2302 cognosceret
3269 2231 3464 2288 effecit.
3500 2231 3658 2288 Tales
3703 2233 3844 2303 quipl

2313 2334 2441 2382 sunt
2465 2325 2632 2381 sancti
2662 2339 2883 2379 omnes:
2906 2323 3118 2395 quando
3156 2323 3345 2394 majori
3392 2323 3638 2378 fruuntur
3665 2320 3844 2376 honor

2315 2425 2441 2473 tunc
2464 2418 2631 2488 magis
2657 2416 3020 2472 humiliantur.
3062 2414 3152 2471 Sic
3181 2424 3235 2470 et
3272 2413 3540 2470 Abraham
3567 2415 3737 2470 Deum
3773 2414 3843 2468 all

2315 2523 2506 2581 quens,
2538 2517 2737 2564 terram
2758 2516 2812 2564 et
2833 2508 3068 2564 cinerem
3098 2507 3332 2578 seipsum
3372 2506 3597 2562 vocabat
3625 2505 3781 2577 (Gen.
3814 2506 3836 2559 l

2315 2607 2442 2675 27);
2471 2605 2548 2661 sic
2574 2613 2630 2660 et
2654 2604 2850 2660 Paulus
2896 2602 3110 2674 quando
3160 2602 3364 2658 visione
3407 2601 3496 2656 illa
3523 2601 3775 2671 dignatus
3800 2615 3844 2656 es

2320 2708 2444 2754 tunc
2462 2697 2757 2753 abortivum
2784 2711 2843 2753 se
2869 2695 3160 2751 nominavit
3179 2694 3254 2767 (l.
3275 2693 3395 2750 Cor.
3425 2693 3617 2764 15.8);
3651 2694 3718 2748 ita
3738 2703 3794 2748 et
3824 2692 3843 2746 ἱ

2319 2802 2378 2844 se
2431 2789 2683 2844 miserum
2723 2786 3014 2858 prazdicat,
3059 2786 3231 2856 primo
3271 2801 3337 2840 ex
3383 2793 3568 2840 natura
3615 2782 3837 2841 dicens:

2321 2897 2401 2934 me
2420 2879 2689 2935 miserum!
2707 2880 2824 2949 quia
2848 2886 3174 2948 compunctus
3193 2893 3325 2944 sum,
3345 2877 3463 2948 quia
3488 2877 3637 2930 homo
3647 2893 3762 2930 cum
3791 2875 3844 2931 si;

2321 2973 2513 3028 deinde
2560 2971 2631 3026 ab
2674 2971 2837 3026 animi
2888 2970 3214 3034 conditione,
3258 2967 3327 3022 Et
3357 2969 3558 3038 impura
3608 2966 3751 3020 labia
3794 2981 3843 3018 ει

2322 3065 2551 3120 habeam.
2581 3065 2786 3134 lmpura
2812 3062 2948 3118 labia
2975 3076 3070 3116 sua
3097 3061 3323 3125 vocavit,
3353 3069 3410 3114 ut
3435 3074 3536 3130 ego
3563 3058 3837 3120 existimo,

2324 3155 2775 3226 comparationem
2804 3153 2951 3225 igniti
2977 3153 3086 3207 oris
3114 3152 3319 3206 illarum
3347 3164 3596 3220 purarum
3629 3148 3844 3202 virtutn:

2325 3256 2380 3303 et
2404 3247 2789 3304 accuratissimi
2809 3246 2950 3302 illius
2980 3243 3278 3300 ministerii.
3308 3241 3489 3312 Neque
3508 3242 3592 3299 hic
3620 3245 3793 3312 stetit,
3821 3254 3844 3293 s

2329 3355 2425 3411 pro
2455 3349 2565 3396 toto
2593 3339 2787 3410 populo
2811 3337 3110 3402 confitetur,
3131 3334 3246 3390 haec
3269 3333 3630 3402 subjungem:
3658 3330 3728 3384 In
3755 3347 3844 3387 "iet

2329 3433 2506 3504 populi
2530 3431 2792 3486 immunda
2818 3429 2953 3486 labia
2973 3427 3198 3482 habentis
3217 3443 3308 3496 ego
3335 3425 3524 3479 habito.
3552 3423 3668 3492 Qua
3699 3437 3831 3477 vero

2329 3539 2489 3579 causa
2514 3523 2601 3579 hic
2630 3523 2768 3579 labia
2792 3520 3141 3578 criminatur?
3171 3518 3242 3574 Se
3268 3517 3456 3572 ﬁducia
3478 3515 3733 3588 loquendi
3753 3514 3844 3569 des

2331 3624 2503 3671 tutum
2533 3613 2840 3670 ostendens.
2867 3611 2998 3667 Nam
3027 3617 3136 3665 tres
3165 3608 3237 3664 illi
3267 3608 3416 3679 pueri
3435 3608 3538 3662 hoc
3557 3608 3732 3677 ipsum
3751 3619 3844 3674 pro

2332 3707 2600 3774 dicebant,
2640 3720 2761 3760 cum
2803 3712 2981 3759 essent
3010 3702 3064 3756 in
3104 3701 3355 3756 fornace:
3385 3696 3505 3753 Non
3533 3698 3649 3751 licet
3679 3696 3825 3748 nobis

2333 3799 2529 3869 aperire
2557 3795 2716 3868 (Dan.
2742 3796 2796 3850 5.
2828 3792 2941 3865 58).
2982 3792 3049 3848 Et
3089 3805 3229 3846 nunc
3254 3789 3466 3860 quando
3507 3786 3836 3858 hymnorum

2337 3889 2550 3945 laudum
2581 3897 2789 3956 tempus
2811 3894 2947 3952 erat,
2991 3892 3048 3939 et
3083 3895 3343 3953 supernas
3381 3887 3676 3951 potestates
3705 3875 3844 3931 vide]

2336 3983 2439 4037 hoc
2462 3988 2698 4051 agentes,
2721 3977 2842 4048 jure
2877 3977 2944 4032 ad
2984 3975 3120 4030 labia
3157 3985 3458 4029 sermonem
3489 3968 3774 4032 convertit,
3807 3983 3840 4036 q

2336 4075 2566 4131 maxime
2599 4072 2665 4127 ad
2706 4071 2810 4127 hoc
2844 4069 3075 4124 officium
3113 4075 3389 4122 vocantur.
3417 4061 3616 4118 Verum
3644 4057 3785 4114 labia
3831 4075 3844 4112 ε

2338 4166 2458 4222 ideo
2488 4163 2756 4220 immunda
2798 4161 3039 4224 vocavit;
3084 4157 3263 4228 populi
3299 4169 3428 4210 vero
3457 4153 3593 4208 labia
3635 4166 3743 4206 non
3777 4150 3844 4203 ite

2337 4260 2431 4316 sed
2462 4259 2582 4330 quia
2612 4257 2886 4327 iniquitate
2913 4252 3078 4308 multa
3104 4249 3292 4320 repleti
3320 4256 3490 4303 erant.
3522 4245 3588 4300 Et
3605 4241 3844 4314 Regem!

2339 4353 2534 4407 minam
2569 4350 2670 4404 uidi
2697 4347 2857 4402 oculis
2885 4346 3030 4400 meis.
3061 4343 3186 4399 Ideo
3222 4355 3378 4413 gemo
3418 4347 3474 4394 et
3514 4338 3691 4408 lugeo,
3736 4336 3844 4403 inqt

2340 4443 2479 4516 quod
2503 4441 2746 4511 indignus
2767 4439 2890 4494 licet
2912 4446 3116 4491 tantum
3139 4435 3397 4489 honorem
3417 4431 3518 4485 sim
3539 4434 3844 4498 consequut

2340 4535 2431 4607 qui
2462 4548 2636 4588 meam
2660 4531 2968 4601 dignitatem
2993 4535 3227 4597 superat,
3253 4537 3533 4593 meamque
3559 4529 3803 4575 naturam
3833 4534 3844 4570 ι

2341 4625 2502 4682 cedit.
2531 4624 2664 4679 Cum
2691 4630 2867 4676 autem
2895 4618 3040 4684 dicit,
3073 4616 3203 4683 Vidi,
3225 4629 3292 4670 ne
3306 4623 3547 4669 exactam
3573 4610 3844 4682 cognition

2344 4726 2518 4790 putes,
2550 4715 2643 4771 sed
2672 4729 2790 4769 eam
2817 4711 2970 4780 cujus
2992 4709 3078 4764 ille
3104 4722 3272 4777 capax
3299 4713 3436 4760 erat.

2415 4806 2756 4880 Confessionis
2784 4805 2980 4858 lucrum
3015 4809 3277 4871 quantum.
3300 4826 3371 4836 —
3397 4796 3477 4850 Ac
3503 4791 3817 4848 consideres

2346 4903 2437 4958 lim
2467 4908 2722 4971 quantum
2750 4898 2818 4952 sit
2845 4891 3194 4951 confessionis
3219 4889 3446 4944 lucrum.
3485 4886 3733 4956 Seipsum
3780 4897 3843 4936 ac

2346 4995 2501 5058 savit,
2527 5000 2580 5046 et
2601 4989 2778 5046 statim
2805 4986 3090 5042 mundatus
3136 4990 3238 5038 est.
3268 4979 3404 5046 Quia
3441 4978 3584 5034 enim
3616 4976 3732 5028 haec
3764 4989 3844 5027 νει

2347 5087 2657 5160 protulerat,
2690 5084 2741 5139 6.
2771 5083 2960 5136 Missus
2979 5088 3052 5133 est
3077 5077 3144 5132 ad
3174 5091 3271 5141 me,
3304 5072 3494 5143 inquit,
3524 5085 3657 5124 unus
3681 5084 3744 5122 ex
3771 5067 3843 5121 Se

2349 5181 2510 5252 phint,
2542 5187 2587 5232 et
2615 5178 2668 5230 in
2694 5189 2848 5228 manu
2870 5188 2964 5226 sua
3001 5167 3208 5223 habebat
3235 5165 3520 5230 carbonem,
3552 5176 3698 5231 quem
3727 5175 3844 5211 acce

2347 5248 2428 5326 rat
2452 5269 2644 5343 forcipe
2668 5266 2731 5320 de
2752 5263 2921 5318 altari.
2944 5262 2996 5316 7.
3017 5259 3082 5314 Et
3103 5258 3261 5329 tetigit
3272 5273 3328 5310 os
3346 5270 3528 5318 meum,
3559 5262 3604 5307 et
3626 5250 3752 5305 dixit
3771 5265 3791 5304 :
3805 5248 3844 5303 Ε

2351 5360 2506 5432 tetigit
2535 5359 2640 5413 hau:
2678 5354 2812 5410 labia
2836 5362 2943 5419 tua,
2973 5359 3019 5406 et
3045 5353 3236 5419 auferet
3261 5345 3547 5415 iniquitates
3587 5353 3721 5404 tuas,
3749 5347 3798 5393 et
3818 5357 3844 5410 ῃ

2351 5464 2465 5507 cata
2490 5461 2577 5505 tua
2601 5447 2849 5520 purgabit.
2880 5442 3106 5512 Quidam
3129 5440 3314 5496 dicunt
3354 5437 3470 5492 haec
3500 5435 3798 5490 futurorum
3825 5450 3838 5485 ι

2353 5547 2634 5604 steriorum
2661 5540 2902 5614 symbols
2923 5553 3075 5596 esse:
3107 5536 3274 5591 altare
3304 5547 3518 5604 nempe,
3549 5532 3724 5604 ignem
3749 5545 3844 5603 sup

2423 5729 2440 5760 ί
2477 5725 2531 5777 lu
2555 5720 2720 5774 Bibliis
2733 5719 2933 5786 legitur,
2959 5725 3130 5781 Regem
3151 5710 3411 5766 Dominum
3432 5711 3649 5763 Sabaoth.
