4018 6212
310 253 367 307 τε
1569 235 1635 292 ιΝ
1677 232 1880 291 ιειιιειι

1986 231 2114 288 ιΑιι.
2158 229 2245 286 Vl.
3497 230 3566 288 76

308 366 540 438 pusitttm,
590 361 846 417 virtutem
895 358 1305 420 ministrantem,
1349 352 1488 422 quod
1532 352 1778 406 admotus
1807 349 1878 402 sit

305 459 393 519 ori,
425 453 564 524 quod
593 453 657 506 ad
689 451 1053 522 purgationem
1083 456 1420 517 peccatorum
1443 463 1455 498 ε
1482 458 1579 498 uos
1599 451 1776 495 autem
1799 441 1878 493 in—

309 551 443 603 terim
473 546 708 601 historia:
749 545 1032 604 hzeremus,
1062 555 1126 594 ae
1149 539 1396 605 dicimus,
1424 537 1574 605 cujus
1603 535 1678 589 rei
1718 547 1876 588 causa

307 640 395 694 hoc
423 639 615 692 factum
637 636 724 690 sit.
756 632 1044 690 Mittendus
1071 641 1156 686 est
1190 629 1254 684 ad
1285 628 1534 698 pepulitm
1576 625 1873 692 Judaieum,

307 731 550 786 terribilia
581 728 821 800 qumdam
850 734 905 782 et
943 723 1272 780 intoleranda
1303 721 1733 775 annuntiaturus.
1761 718 1880 772 Mit-

303 831 477 877 tuntur
495 835 621 891 ergo
636 817 938 888 Serapbim,
962 827 1016 871 ut
1035 831 1157 870 eum
1177 815 1368 869 timore
1382 813 1537 868 simul
1555 821 1610 866 et
1630 810 1875 881 loquendi

305 913 480 968 ﬁducia
500 912 774 980 impleant.
793 911 870 964 Ac
887 923 953 962 ne
969 907 1245 976 objieeret,
1273 903 1716 975 quemadmodum
1735 903 1881 975 Moy-

301 1020 398 1070 ses,
429 1019 489 1060 se
517 1004 712 1058 exilem
740 1015 924 1056 vocem
949 999 1146 1053 habere
1172 996 1364 1068 (Exod.
1390 997 1446 1051 4.
1480 995 1593 1066 10),
1616 1004 1672 1051 et
1697 1004 1755 1049 ut
1787 996 1881 1051 .le-

303 1096 509 1160 remias,
538 1093 878 1162 sejuniorem
904 1104 1023 1146 esse
1048 1087 1177 1161 (Jer.
1207 1089 1259 1142 1.
1286 1085 1363 1156 6),
1394 1086 1470 1141 sic
1487 1096 1540 1142 et
1567 1089 1677 1156 ipse
1695 1101 1753 1142 se
1783 1087 1881 1140 im-

301 1187 488 1242 munda
517 1186 654 1240 labia
678 1183 873 1238 habere
898 1223 914 1248 ,
943 1196 1048 1234 non
1072 1194 1228 1249 posse
1263 1178 1420 1232 dictis
1443 1179 1766 1245 ministrare,
1789 1194 1880 1232 ve-

301 1279 442 1332 niunt
461 1276 742 1346 Seraphim
761 1282 818 1328 ut
835 1280 1129 1342 expurgem
1144 1270 1259 1338 ejus
1275 1278 1510 1339 peccata,
1541 1285 1645 1324 non
1670 1271 1878 1340 propria

301 1370 489 1422 virtute
520 1369 645 1435 (hoc
669 1367 809 1421 enim
838 1373 920 1419 est
951 1363 1122 1418 solum
1150 1361 1342 1425 Patris,
1383 1369 1438 1416 et
1463 1360 1602 1422 Filii,
1640 1368 1695 1415 et
1718 1360 1884 1429 Spiri-

300 1470 377 1514 tus
394 1460 616 1528 sancti),
641 1457 736 1513 sed
775 1457 950 1526 jussu,
997 1464 1048 1510 et
1092 1453 1398 1509 admotione
1426 1453 1736 1508 carbonum.
1766 1453 1880 1508 Non

298 1553 432 1606 enim
457 1551 614 1616 dixit,
649 1549 789 1604 Ecce
817 1547 1054 1602 auferam
1080 1559 1201 1616 ego,
1234 1543 1351 1610 sed,
1381 1543 1514 1598 Ecce
1555 1545 1649 1598 hoc
1691 1547 1882 1615 auferet

297 1643 588 1714 iniquitates
614 1651 747 1706 tuas,
776 1648 822 1694 et
851 1647 1055 1708 peccata
1084 1647 1172 1691 tua
1197 1638 1450 1708 purgabit,
1483 1643 1702 1706 pr0pter
1735 1651 1884 1690 man-

297 1733 474 1788 datum
509 1732 788 1787 mittentis.
809 1729 920 1786 Cur
931 1739 1109 1785 autem
1137 1728 1337 1800 forcipe
1357 1728 1636 1799 Seraphim
1664 1743 1886 1798 accepe-

297 1836 415 1880 runt
444 1825 773 1880 Carbonem?
816 1824 998 1895 Neque
1034 1823 1175 1878 enim
1218 1824 1532 1894 incorporea
1571 1824 1739 1879 virtus
1769 1838 1885 1878 car-

297 1916 525 1970 bonibus
553 1916 631 1970 uri
661 1922 886 1984 poterat.
909 1913 1017 1970 Cur
1036 1913 1150 1970 haec
1175 1913 1308 1968 facta
1334 1913 1495 1968 sunt?
1522 1913 1623 1968 Per
1639 1929 1883 1984 magnam

297 2005 702 2075 indulgentiam.
733 2004 962 2074 Ideoque
989 2020 1054 2060 ex
1104 2005 1260 2060 altari
1308 2004 1520 2075 accipit,
1566 2005 1655 2060 ubi
1695 2005 1885 2060 hostiae

300 2096 653 2151 efferebantur
668 2112 730 2151 ex
740 2096 1106 2166 piationesque
1129 2105 1488 2166 peccatorum.
1511 2095 1658 2164 Quod
1676 2099 1719 2151 si
1738 2095 1886 2152 dixe-

297 2193 403 2242 ris:
435 2188 714 2256 Quomodo
738 2204 802 2244 os
845 2187 1117 2259 prophetae
1160 2204 1264 2243 non
1294 2188 1540 2243 adustum
1583 2189 1700 2244 est?
1726 2188 1886 2245 Certe

295 2285 411 2350 quia
451 2280 506 2334 id
533 2280 672 2350 quod
699 2281 992 2350 apparebat
1010 2296 1114 2334 non
1133 2289 1250 2335 erat
1276 2281 1412 2351 ignis
1433 2280 1728 2346 sensibilis;
1754 2282 1887 2337 alias

293 2385 440 2435 vero,
470 2387 598 2426 cum
621 2372 888 2441 Quidpiam
916 2371 1055 2426 Deus
1080 2381 1354 2440 operatur,
1383 2387 1449 2428 ne
1470 2372 1684 2429 curiose
1711 2373 1886 2444 inqui-

288 2476 375 2516 ras
401 2463 491 2516 vel
521 2463 795 2516 scruteris.

361 2553 415 2607 5.
450 2550 670 2606 Etenim
701 2551 895 2607 ardens
919 2560 975 2608 et
997 2552 1265 2608 sensibilis
1293 2553 1429 2624 ignis
1452 2555 1764 2625 corporibus
1791 2555 1885 2611 ad-

285 2654 469 2699 motus
491 2686 509 2712 ,
539 2659 600 2699 ea
631 2660 738 2700 non
773 2645 948 2701 effecit
975 2662 1094 2718 quas
1128 2657 1435 2718 competunt
1465 2650 1572 2720 igni
1600 2649 1698 2720 (a).
1731 2650 1885 2716 Quod

284 2736 329 2790 si
365 2736 457 2790 ubi
506 2743 776 2790 sarmenta
801 2777 817 2801 ,
850 2745 906 2791 et
940 2737 1026 2808 pix
1048 2777 1064 2802 ,
1107 2736 1320 2792 llamm‘a
1353 2739 1584 2810 proprias
1611 2739 1776 2795 oblita
1804 2750 1886 2796 est

282 2836 501 2881 naturae
528 2867 544 2892 ,
573 2825 698 2896 quid
729 2827 1010 2886 miraris.si
1042 2843 1180 2883 nunc
1210 2829 1262 2883 in
1294 2839 1400 2884 tam
1431 2830 1694 2900 stupende
1717 2846 1844 2887 casu
1864 2873 1880 2899 ,

285 2918 371 2972 hic
399 2919 548 2988 ignis
576 2918 912 2987 purgaverit,
943 2933 1040 2972 nec
1067 2917 1369 2974 adusserit?
1396 2919 1450 2976 8.
1491 2919 1557 2974 Et
1601 2921 1770 2975 a‘udivi
1797 2937 1885 2976 tvo-

279 3025 386 3063 cem
416 3009 634 3062 Domini
659 3009 870 3062 dicentis
897 3023 915 3061 :
941 3009 1099 3074 Quem
1127 3009 1339 3075 mittam,
1372 3019 1417 3064 et
1445 3011 1556 3080 quis
1583 3010 1670 3064 ibit
1697 3012 1766 3065 ad
1794 3028 1886 3082 po-

283 3105 464 3169 pulum
489 3099 668 3153 hunc?
689 3099 875 3155 Viden’
898 3109 1152 3170 quantum
1178 3101 1433 3170 profuerit
1455 3102 1607 3168 visio,
1632 3112 1881 3172 quantam

277 3208 390 3247 rem
421 3191 718 3263 perfecerit
745 3192 941 3246 timor?
968 3191 1115 3247 Licet
1148 3193 1248 3248 sub
1286 3192 1466 3264 Moyse
1499 3195 1768 3265 quidpiam
1805 3196 1880 3250 si-

276 3283 406 3337 mile
425 3292 647 3352 gestum
672 3283 741 3337 sit
764 3298 778 3335 :
801 3283 901 3337 etsi
923 3284 1064 3337 enim
1087 3282 1366 3354 Serapbim
1390 3299 1493 3338 non
1516 3287 1878 3355 apparuerint,

273 3390 377 3430 nec
407 3376 563 3430 Deus
599 3375 651 3428 in
677 3375 813 3430 solio
853 3374 1078 3440 sedens;
1115 3385 1350 3432 attamen
1383 3377 1525 3432 aliud
1561 3379 1882 3448 stupendum

273 3466 659 3536 spectaculum
686 3476 812 3522 tunc
833 3468 1107 3538 propheta:
1132 3467 1426 3524 exhibitum
1448 3479 1550 3536 est,
1575 3479 1882 3544 tantumque

271 3566 331 3611 ut
350 3573 531 3613 nemo
556 3558 608 3611 in
635 3557 761 3613 illud
785 3559 1054 3628 respicere
1079 3563 1266 3629 possit.
1293 3559 1465 3616 Bubus
1484 3563 1627 3617 enim
1651 3564 1878 3633 ardebat,

272 3650 453 3720 inquit
473 3690 493 3713 ,
541 3659 591 3703 et
631 3665 731 3704 non
767 3651 1146 3706 comburebatur
1175 3651 1380 3725 (Exod.
1422 3656 1474 3710 5.
1504 3654 1598 3724 2).
1629 3656 1880 3712 Attamen

266 3742 438 3796 etiam
473 3751 602 3810 post
639 3742 728 3795 illa
749 3783 763 3806 ,
791 3746 992 3812 etpost
1027 3743 1248 3798 multam
1286 3743 1381 3800 Dei
1419 3744 1878 3814 adhortationem,

268 3832 584 3888 reluctatur
606 3840 781 3888 tamen
812 3833 1020 3906 Moyses
1045 3835 1138 3892 ille
1165 3851 1410 3907 magnus,
1436 3838 1790 3907 causificatur,
1816 3855 1880 3898 ac

265 3935 574 3980 sescentas
598 3927 865 3997 excogitat
898 3927 1175 3983 recusandi
1202 3943 1390 3984 causas
1415 3929 1598 3987 dicens
1623 3949 1636 3985 :
1662 3931 1879 3988 Gracilis

265 4019 408 4071 cocis
436 4033 583 4083 sum,
611 4028 658 4072 et
685 4019 858 4089 lingua
886 4020 1060 4074 tardus
1087 4019 1284 4090 (Exod.
1313 4021 1365 4075 4.
1398 4022 1486 4077 10.
1517 4023 1604 4093 15)
1628 4040 1644 4089 ;
1671 4033 1745 4091 et,
1775 4024 1880 4079 De-

266 4109 372 4180 (59¢
397 4119 456 4163 tu
487 4110 680 4178 alium,
708 4128 853 4181 quem
882 4114 1050 4167 mittas
1079 4112 1214 4185 (Jer.
1243 4115 1297 4168 1.
1323 4114 1434 4186 16).
1462 4115 1722 4170 Jeremias
1749 4131 1877 4171 vero

263 4210 498 4255 :etatem
535 4209 771 4256 macram
801 4203 1061 4258 obtendit.
1106 4205 1353 4260 Ezechiel
1388 4214 1564 4261 autem
1597 4215 1875 4277 postquam

261 4292 460 4356 jussus
504 4291 714 4355 fuerat,
743 4303 947 4361 septem
987 4292 1172 4348 diebus
1201 4297 1340 4349 circa
1371 4295 1566 4350 flumen
1602 4306 1874 4365 versatur,

263 4383 563 4435 reluctans
586 4394 640 4436 et
669 4384 1045 4452 tergiversaris.
1076 4384 1200 4439 Ideo
1229 4385 1532 4455 parabolam
1569 4387 1711 4441 illam
1741 4387 1878 4442 Deus

263 4471 486 4540 adjecit
511 4473 694 4527 dicens
721 4491 734 4526 :
765 4472 1147 4543 Speculatorem
1172 4484 1219 4530 te
1242 4476 1358 4528 dedi
1383 4476 1553 4530 domui
1577 4475 1778 4542 Israel;
1799 4489 1874 4540 et,

259 4563 530 4615 Animam
566 4579 738 4617 eorum
773 4565 839 4618 de
869 4580 1024 4618 manu
1050 4575 1138 4619 tua
1167 4566 1417 4635 requiram
1446 4566 1666 4639 (Ezech.
1702 4568 1754 4622 5.
1785 4569 1872 4622 17.

262 4654 389 4722 18).
426 4653 602 4709 Jonas
631 4664 806 4710 autem
836 4670 942 4711 non
970 4658 1129 4712 modo
1157 4656 1443 4724 recusavit,
1473 4658 1566 4713 sed
1594 4659 1752 4714 etiam
1783 4675 1878 4713 au-

259 4747 433 4816 fugit.
486 4745 622 4811 Quid
669 4748 863 4816 igitur?
906 4748 1227 4804 audaciorue
1264 4750 1512 4805 omnibus
1550 4749 1644 4806 fuit
1679 4751 1873 4818 Isaias,

258 4841 556 4905 etiamque
591 4853 782 4908 magno
815 4838 908 4894 illo
936 4839 1161 4910 Moyse?
1189 4840 1319 4907 Quis
1363 4842 1476 4896 haec
1511 4841 1744 4898 dixerit?
1770 4845 1880 4899 Cur

255 4944 402 4999 ergo
433 4930 534 4984 ille
554 4933 736 4999 jussus
760 4932 1139 5000 reluctabatur,
1165 4933 1250 4988 hic
1275 4949 1401 4990 vero
1428 4951 1532 4990 non
1563 4947 1744 5006 aperte
1764 4937 1879 5006 jus-

256 5034 397 5084 sus,
437 5022 684 5076 insiliens
723 5035 920 5093 praesto
958 5023 1092 5078 fuit?
1118 5023 1299 5096 Neque
1327 5025 1466 5081 enim
1493 5026 1650 5092 dixit,
1684 5027 1830 5083 Vade
1860 5047 1873 5084 :

257 5111 362 5165 sed
401 5111 529 5165 Deo
551 5115 761 5169 dicente
784 5155 800 5179 ,
830 5115 990 5180 Quem
1013 5117 1252 5170 mittam?
1274 5117 1481 5186 jussum
1511 5118 1598 5174 ille
1627 5119 1875 5191 abripuit.

256 5204 522 5267 Quidam
543 5219 686 5261 certe
706 5206 908 5271 dicunt,
935 5224 1080 5274 eum,
1108 5209 1228 5278 quia
1257 5222 1585 5280 peccaverat,
1609 5213 1749 5283 quod
1773 5229 1877 5268 non

257 5296 719 5364 reprehendisset
753 5299 972 5369 Oziarn,
1003 5303 1093 5372 qui
1139 5304 1190 5358 in
1231 5305 1390 5375 adyta
1428 5321 1488 5360 se
1527 5307 1881 5364 intromittere

258 5403 450 5442 ausus
482 5401 588 5454 est,
614 5401 667 5443 ut
692 5392 758 5445 de
789 5393 879 5445 illo
910 5404 1126 5463 peccato
1156 5411 1275 5451 sese
1301 5407 1548 5467 purgaret
1576 5413 1668 5468 per
1692 5399 1879 5452 alaeri-

259 5487 450 5533 tatem
482 5477 818 5547 οὺριίὶριιιίλιι,
845 5485 1020 5539 statim
1048 5485 1311 5554 insiliisse,
1341 5497 1398 5544 ut
1431 5489 1592 5544 Deum
1624 5491 1876 5560 placaret.

257 5613 450 5728 ὦ
461 5619 581 5662 utre
600 5623 818 5677 spectant
842 5617 899 5671 ad
923 5625 1024 5672 tres
1046 5634 1059 5684 ι
1075 5633 1224 5671 ueros
1243 5628 1295 5672 et
1311 5620 1370 5672 ad
1394 5621 1635 5673 fornacem
1659 5624 1784 5684 ignis
1801 5633 1879 5672 ar-

1986 344 2186 401 Idcirco
2215 347 2354 402 enim
2383 345 2588 417 impura
2613 361 2732 402 esse
2757 346 2895 403 labia
2921 363 3015 404 sua
3040 347 3268 416 diccbat,
3289 349 3431 420 quod
3458 364 3565 406 non

1982 436 2227 494 libertate
2266 439 2514 508 loquendi
2542 453 2668 495 usus
2691 450 2856 496 esset.
2881 441 2952 496 At
2978 456 3072 496 eos
3099 443 3186 512 qui
3229 443 3350 496 talia
3379 441 3567 497 dicunt

1981 527 2123 586 ferre
2161 545 2263 585 non
2306 531 2503 600 possim
2535 549 2549 586 :
2582 547 2704 588 nam
2732 532 2836 588 fide
2861 533 3070 604 dignior
3099 533 3204 588 illis
3229 545 3309 588 est
3337 534 3562 598 Paulus,

1982 621 2072 692 qui
2113 622 2367 678 audacem
2409 623 2554 678 illum
2592 633 2740 679 vocat
2777 632 2831 679 et
2867 626 2979 693 ait,
3011 627 3178 680 Isaias
3204 641 3315 679 vero
3340 625 3490 679 audet
3519 635 3568 678 et
3646 652 3656 660 ε

1982 714 2104 767 dicit
2130 715 2303 786 (Rom.
2329 716 2416 771 10.
2442 717 2558 785 20).
2589 717 2712 772 Ideo
2737 717 2896 787 igitur
2915 733 3021 773 non
3045 733 3109 774 ex
3135 714 3404 774 communi
3427 718 3565 789 lege,

1985 813 2043 859 ut
2081 806 2266 871 aiunt,
2308 816 2533 863 mortem
2575 809 2746 876 obiit,
2775 809 2866 864 sed
2906 811 3278 879 gravissimum
3316 807 3572 865 sustinuit

1983 897 2297 966 supplicium
2329 898 2401 969 (α)
2425 939 2440 962 ,
2479 898 2677 954 ,ιιιιιςιιίς
2717 901 2830 971 ejus
2857 901 3104 971 loquendi
3134 902 3430 957 libertatem
3463 918 3568 958 non

1985 986 2295 1042 ferentibus.
2330 989 2532 1046 Prteter
2559 990 2672 1046 hinc
2697 1001 2872 1048 autem
2907 991 3178 1063 Scriptura
3203 1007 3460 1064 nusquam
3488 993 3571 1047 di-

1984 1078 2088 1143 cit,
2120 1078 2290 1148 ipsum
2321 1090 2634 1148 praesentem
2665 1080 2828 1137 fuisse
2847 1124 2861 1147 ,
2889 1091 2945 1138 et
2981 1093 3296 1152 praesentem
3326 1084 3580 1152 siluisse,

1983 1169 2197 1238 quando
2225 1169 2378 1225 Ozias
2419 1171 2504 1225 illa
2542 1173 2861 1227 attentavit:
2889 1173 2985 1230 sed
3022 1173 3109 1243 qui
3140 1173 3256 1229 lucc
3292 1173 3573 1244 proferunt

1985 1277 2051 1315 ex
2080 1263 2270 1333 seipsis
2300 1263 2421 1318 talia
2452 1264 2763 1335 conjiciunt.
2803 1266 2939 1334 Quid
2979 1281 3106 1338 ergo
3135 1267 3416 1322 dicendum
3444 1268 3570 1324 est?

1984 1351 2099 1407 Non
2130 1368 2250 1408 esse
2288 1369 2467 1424 parem
2499 1356 2695 1427 Moysis
2719 1367 2773 1413 et
2805 1357 2961 1428 hujus
2989 1359 3272 1415 rationem.
3305 1359 3398 1414 lile
3427 1361 3570 1413 enim

1987 1441 2038 1495 in
2066 1443 2295 1498 alienam
2323 1454 2378 1500 et
2416 1447 2692 1502 barbaram
2722 1457 2916 1504 terram
2949 1450 3283 1512 mittebatur,
3311 1463 3362 1506 et
3391 1451 3458 1505 ad
3486 1460 3571 1520 ty-

1986 1550 2214 1590 rannum
2256 1536 2550 1605 furentem,
2593 1539 3056 1612 insanientemque
3083 1557 3146 1597 ac
3173 1542 3454 1610 rabidum;
3485 1543 3573 1598 hic

1987 1641 2116 1683 vero
2141 1627 2205 1683 ad
2236 1644 2392 1694 suos,
2422 1632 2509 1700 qui
2539 1647 2597 1686 se
2623 1648 2765 1703 saepe
2792 1634 3102 1699 audierant,
3130 1635 3404 1706 multoque
3433 1645 3572 1690 tem-

1988 1732 2117 1787 pore
2144 1719 2364 1774 instituti
2393 1720 2604 1776 fuerant
2634 1741 2647 1778 :
2677 1740 2848 1794 neque
2874 1727 3014 1794 paris
3039 1735 3154 1781 erat
3176 1727 3492 1781 constantia:
3519 1728 3573 1782 in

1989 1808 2080 1863 illo
2105 1811 2231 1864 etin
2259 1809 2360 1866 hoc
2380 1827 2505 1868 casu
2527 1815 2767 1884 obsequi.
2794 1815 3016 1882 Quidam
3045 1833 3207 1887 porro
3226 1818 3408 1873 dicunt
3428 1818 3571 1873 aliud

1986 1899 2254 1968 quidpiam
2288 1910 2486 1958 tantam
2513 1905 2588 1958 illi
2619 1905 2873 1962 indidisse
2896 1907 3243 1964 alacritatem.
3265 1909 3398 1977 Quia
3428 1911 3573 1964 enim

1987 2005 2085 2061 pro
2112 2007 2170 2047 se
2197 2002 2252 2047 et
2280 1995 2476 2064 populo
2514 1997 2791 2054 confessus
2828 2010 2976 2065 erat,
3007 2013 3061 2057 et
3089 2003 3369 2072 Serapbim
3408 2004 3475 2058 ad
3513 2020 3575 2060 se

1988 2085 2126 2140 mitti
2155 2086 2381 2153 viderat,
2410 2105 2528 2159 quae
2559 2090 2694 2146 labia
2721 2107 2813 2146 sua
2843 2103 3218 2164 expurgarent,
3241 2111 3362 2150 cum
3391 2112 3575 2166 spera-

1987 2185 2068 2230 ret
2105 2178 2290 2232 eadem
2333 2180 2445 2250 ipsa
2487 2183 2683 2252 p0pulo
2707 2193 2960 2240 eventura
2990 2200 3109 2241 esse
3133 2228 3146 2253 ,
3174 2201 3337 2258 seque
3363 2189 3428 2242 ad
3458 2189 3574 2243 haec

1988 2269 2348 2325 annuutianda
2394 2271 2658 2329 abiturum
2703 2290 2856 2342 esse,
2905 2277 3153 2335 alacriter
3195 2279 3392 2335 dictum
3443 2283 3571 2336 illud

1987 2360 2244 2429 rapuisse.
2275 2361 2454 2418 Sancti
2477 2365 2616 2419 enim
2644 2375 2702 2421 ut
2742 2366 2834 2422 Dei
2874 2381 3113 2425 amantes
3140 2380 3325 2434 erant,
3357 2373 3425 2427 ita
3454 2375 3574 2442 plus

1987 2465 2146 2520 quam
2184 2453 2274 2508 alii
2315 2468 2504 2511 omnes
2549 2455 2795 2514 homines
2838 2460 3086 2529 populum
3129 2463 3397 2519 amabant.
3437 2464 3570 2520 Cum

1987 2552 2230 2610 speraret
2258 2543 2416 2614 igitur
2441 2560 2502 2602 se
2531 2548 2793 2603 malorum
2821 2550 3103 2619 quamdam
3130 2553 3449 2612 solutionem
3471 2573 3572 2611 au-

1988 2636 2356 2693 nuntiaturum
2384 2640 2646 2704 esse,eito
2672 2641 2910 2709 insilivit,
2938 2652 2990 2699 et
3013 2645 3087 2699 ait
3115 2663 3129 2701 :
3158 2643 3290 2701 Ecce
3315 2665 3406 2720 ego
3435 2666 3569 2712 sum.

1986 2725 2126 2780 mitte
2160 2742 2258 2780 me.
2299 2727 2448 2784 Alias
2483 2745 2612 2785 vero
2649 2731 2880 2788 animam
2918 2733 2985 2789 ad
3025 2736 3258 2805 pericula
3296 2740 3573 2796 subeunda

1987 2815 2140 2872 valde
2183 2833 2501 2889 propensam
2549 2819 2779 2877 habebat
2825 2841 2837 2876 :
2880 2824 3158 2895 ipsumque
3205 2827 3276 2882 ita
3323 2829 3572 2885 allectum

1986 2907 2150 2965 fuisse
2190 2926 2286 2981 per
2329 2921 2492 2968 totam
2530 2915 2647 2983 ejus
2681 2917 3013 2986 prophetiam
3047 2918 3368 2976 declaratur.
3412 2922 3575 2981 Post-

1985 3019 2142 3074 quam
2173 3020 2300 3076 ergo
2329 3008 2646 3076 promiserat
2673 3025 2732 3064 se
2758 3010 3046 3078 abiturum,
3073 3027 3193 3067 cum
3222 3029 3324 3068 non
3349 3015 3570 3072 auderet

1985 3096 2123 3152 ultra
2153 3097 2405 3162 abnuere,
2434 3107 2558 3156 tunc
2584 3101 2750 3155 tristia
2776 3103 2994 3158 audivit.
3022 3104 3292 3174 Siquidem
3324 3106 3462 3161 Deus
3485 3122 3574 3162 sa-

1983 3188 2185 3258 gaciter
2207 3204 2328 3244 cum
2350 3190 2442 3246 illo
2465 3206 2578 3246 rem
2602 3194 2864 3248 tractavit.
2889 3194 3070 3266 Neque
3089 3197 3232 3250 enim
3256 3213 3286 3251 a
3313 3199 3572 3270 principio

1983 3278 2118 3334 dixit
2148 3297 2162 3334 :
2192 3278 2338 3336 Vade
2359 3322 2374 3347 ,
2407 3290 2462 3337 et
2486 3281 2609 3350 die;
2636 3284 2730 3338 sed
2772 3286 2916 3355 prius
2944 3287 3245 3343 mandatum
3278 3289 3332 3344 iu
3357 3288 3572 3346 sublimi

1985 3380 2204 3436 tenens,
2236 3374 2502 3429 missionis
2533 3377 2747 3432 modum
2774 3378 3038 3433 occultum
3079 3379 3280 3435 habuit.
3313 3381 3442 3436 Cum
3471 3398 3571 3438 au-

1987 3472 2091 3519 tem
2120 3465 2207 3521 ille
2233 3464 2388 3521 facile
2417 3468 2702 3537 paruisset,
2731 3479 2857 3526 tunc
2881 3470 3014 3524 mala
3039 3487 3157 3541 qua:
3180 3471 3392 3528 Juilieos
3421 3473 3572 3528 iuva-

1983 3571 2107 3611 sura
2135 3565 2288 3612 erant
2310 3557 2460 3614 dixit.
2489 3559 2740 3628 Qumnam
2773 3576 2932 3631 porro
2958 3561 3071 3617 hmo
3095 3566 3288 3619 erant?
3313 3565 3367 3621 9.
3409 3564 3566 3632 Vade,

1984 3645 2153 3716 inquit
2171 3688 2186 3711 ,
2212 3656 2259 3702 et
2289 3649 2371 3702 dic
2400 3651 2588 3720 populo
2612 3651 2729 3704 huic
2755 3667 2772 3705 :
2798 3652 2989 3706 Audita
3017 3653 3261 3719 audietis,
3285 3667 3331 3710 et
3361 3672 3461 3710 non
3491 3657 3570 3710 iu-

1983 3737 2246 3808 telligetis,
2273 3750 2320 3794 et
2351 3741 2568 3796 videntes
2605 3742 2832 3797 videbitis
2851 3783 2866 3808 ,
2895 3753 2940 3798 et
2978 3761 3078 3799 non
3117 3747 3444 3817 perspicielis.
3479 3750 3569 3804 10.

1982 3826 2329 3883 Iucrassatum
2355 3832 2490 3884 enim
2513 3841 2586 3886 est
2615 3849 2703 3886 cor
2727 3833 2904 3904 populi
2929 3834 3081 3906 hujus
3099 3876 3114 3901 ,
3149 3846 3194 3890 et
3227 3840 3433 3893 auribus
3464 3841 3571 3894 suis

1981 3917 2199 3988 graviter
2221 3919 2508 3986 audierunt,
2537 3930 2582 3974 et
2605 3924 2777 3976 oculos
2799 3940 2917 3977 suos
2943 3926 3313 3993 clauserunl,uc
3335 3931 3468 3997 forte
3491 3931 3570 3983 ei-

1983 3999 2133 4063 deant
2157 4009 2342 4075 oculis,
2371 4019 2416 4062 et
2451 4011 2655 4064 auribus
2683 4011 2914 4074 audiant,
2946 4022 2992 4066 el
3014 4015 3164 4068 corde
3190 4013 3494 4084 intelligant,
3521 4027 3571 4072 et

1983 4108 2367 4168 convertantur,
2397 4109 2443 4154 et
2477 4116 2650 4155 senem
2689 4118 2791 4156 eos.
2829 4102 2953 4158 llaec
2992 4103 3433 4174 interpretatione
3461 4124 3567 4163 non

1981 4204 2116 4259 opus
2142 4188 2338 4245 habere
2365 4198 2510 4259 puto,
2535 4206 2654 4246 cum
2683 4191 2716 4246 ii
2738 4191 2827 4262 qui
2855 4191 2971 4249 hinc
2995 4192 3160 4263 probe
3179 4196 3438 4262 sciebant,
3455 4196 3568 4267 jam

1981 4284 2107 4339 olim
2137 4299 2202 4340 ea
2235 4294 2481 4342 accurate
2520 4285 2848 4356 interpretati
2889 4288 3032 4354 sint;
3061 4286 3296 4345 Joannes
3323 4290 3571 4348 videlicet

1983 4377 2200 4433 tonitrui
2226 4377 2387 4443 ﬁlius,
2414 4389 2467 4434 et
2494 4379 2710 4447 Paulus,
2742 4380 2833 4452 qui
2863 4390 2915 4436 et
2943 4390 3122 4437 vetera
3148 4394 3202 4437 et
3229 4398 3362 4438 nova
3393 4387 3572 4456 appri-

1982 4487 2069 4527 me
2093 4482 2334 4527 noverat.
2361 4473 2457 4528 llic
2477 4474 2620 4530 enim
2649 4475 2834 4530 Roma:
2859 4475 2924 4530 iis
2943 4477 3289 4543 concionans,
3312 4479 3402 4550 qui
3427 4491 3571 4550 post-

1981 4577 2140 4632 quam
2179 4573 2545 4630 accesserant,
2573 4565 2874 4621 resilierant
2901 4575 2955 4620 et
2981 4565 3119 4624 dicta
3154 4582 3250 4623 sua
3289 4583 3395 4623 non
3429 4570 3568 4626 fere-

1981 4653 2128 4719 bant,
2152 4654 2328 4710 aiebat
2347 4672 2360 4707 :
2379 4653 2515 4710 Bene
2530 4657 2656 4710 dixit
2678 4655 2902 4726 Spiritus
2921 4667 3124 4712 sanctus
3141 4673 3161 4711 :
3179 4658 3314 4712 Aure
3331 4660 3569 4722 audietis,

1982 4755 2028 4800 et
2055 4763 2155 4801 non
2181 4747 2468 4817 intelligetis
2498 4746 2516 4817 (
2534 4747 2643 4800 Act.
2674 4747 2764 4802 28.
2795 4746 2886 4802 25.
2915 4746 3044 4818 26).
3075 4746 3239 4802 Filius
3270 4763 3397 4804 vero
3427 4751 3571 4804 toni-

1983 4838 2108 4906 trui,
2133 4854 2253 4894 eum
2278 4839 2530 4894 miracula
2557 4838 2814 4903 viderent,
2847 4855 2943 4894 nec
2967 4839 3268 4906 crederent,
3293 4840 3571 4913 dogmata-

1981 4946 2085 5002 que
2105 4931 2369 4997 audirent,
2396 4945 2492 4986 nec
2512 4930 2846 4988 attendereut
2866 4931 3130 5002 (Christus
3149 4934 3289 4989 enim
3309 4934 3565 4992 Lazarum

2045 5127 2120 5196 (tt)
2153 5128 2390 5178 Veterum
2413 5135 2602 5179 t‘atrum
2623 5130 2784 5196 opinio
2805 5133 3145 5196 sententiaque
3167 5133 3254 5187 fuit
3278 5135 3446 5186 Isaiam
3471 5144 3566 5186 tta-

1981 5189 2134 5240 naSsis
2155 5199 2376 5252 tempore
2416 5198 2602 5239 sectum
2627 5189 2794 5240 fuisse.
2817 5192 2866 5240 ld
2891 5194 2956 5242 ait
2979 5189 3266 5246 Athanasius
3288 5199 3372 5247 lib.
3400 5201 3464 5248 de
3488 5206 3564 5246 ln-

1995 5254 2300 5322 carnatiune,
2323 5256 2442 5322 Ton:
2490 5260 2540 5322 il,
2571 5273 2617 5321 p.
2643 5259 2723 5317 68,
2755 5260 2792 5307 Β
2830 5259 2985 5308 τοὺδὲ
3024 5264 3088 5315 ὡς
3119 5262 3321 5316 Ἡσαΐας
3341 5263 3566 5322 ἑπρίσθη,

1995 5326 2048 5368 et
2067 5332 2116 5390 ρ.
2143 5319 2222 5376 78,
2247 5320 2284 5369 ί..
2305 5317 2556 5390 "fiducia;
2574 5317 2776 5384 ἶπρίσῦη
2810 5323 2910 5390 μὲν,
2926 5323 3048 5390 Δἀλλ’
3090 5325 3288 5390 ρύκᾼέπὶ
3312 5317 3448 5390 ξιόλιὸυ
3478 5339 3570 5390 ,κς-

1994 5378 2276 5442 κρέμασται.
2305 5378 2655 5438 Hieronymus
2681 5378 2882 5432 vero'in
2919 5383 3282 5441 Questionibus
3312 5378 3567 5448 Hebraicis

1995 5441 2054 5490 ad
2089 5440 2171 5488 tib.
2206 5441 2417 5493 Paralio.
2444 5456 2486 5491 c.
2514 5445 2572 5492 53
2598 5459 2608 5492 ;
2641 5444 2862 5493 Tradunl
2891 5443 3110 5493 Hebrtei.
3138 5443 3324 5493 idcirco
3354 5454 3566 5491 acetsum

1995 5449 2054 5490 ait
2089 5449 2171 5488 tib.
2207 5449 2417 5504 Paratip.
2444 5456 2486 5491 c.
2514 5449 2572 5492 55
2598 5459 2608 5492 ;
2641 5449 2862 5494 Tradunl
2891 5449 3110 5502 Hebriei,
3138 5449 3324 5494 idcirco
3354 5454 3566 5491 acetsum

1997 5500 2284 5570 [saiam,_eo
2305 5505 2432 5570 quod
2460 5518 2547 5570 eos
2558 5505 2880 5570 appellaverit
2901 5503 3143 5570 principes
3168 5507 3495 5570 §_odotnorum
3519 5510 3566 5552 et

1994 5562 2306 5636 (ῧοηιοιτίςᾳι.⁸
2318 5562 2372 5636 ’11
2379 5565 2418 5616 is
2431 5565 2576 5636 _addi_
2592 5562 2783 5636 possent
2809 5562 3118 5636 angustiam,
3153 5565 3496 5636 Tlieodoretus,
3523 5574 3568 5636 et

1993 5629 2164 5674 auctor
2194 5624 2306 5694 libri
2336 5625 2396 5677 de
2425 5624 2680 5693 Prophetis
2713 5632 2844 5692 apud
2873 5624 3211 5691 Epigr/rauim»,
3243 5625 3447 5690 aliique,
3481 5630 3566 5678 sed

1995 5687 2100 5738 Iiwc
2122 5690 2238 5738 satis
2258 5696 2414 5740 sunto.
