4018 6212
309 317 375 375 17
1551 293 1620 351 IN
1661 284 1910 352 lSAlAll,
1951 284 2100 341 CAP.
2145 284 2255 340 vn.
3475 287 3544 342 τε

310 427 567 485 mandant
609 430 666 478 et
693 421 939 483 stabunt,
966 417 1137 472 donec
1176 412 1456 484 pristinum
1486 409 1607 461 vitze
1646 402 1858 459 institu-

311 520 603 576 tumuerunt
632 512 935 584 acceperint
954 551 969 575 ,
996 517 1051 566 et
1075 508 1142 563 ad
1183 507 1412 578 priscam
1443 497 1701 558 redierim
1730 510 1856 551 san-

309 605 603 672 ctimoniam.

872 711 1100 769 CAPUT
1142 710 1248 766 Vll.

308 837 351 892 Ι.
397 833 453 890 Et
481 835 668 905 factum
691 839 764 886 est
807 829 861 882 in
903 827 1078 882 diebus
1131 825 1306 880 Actias
1359 824 1456 895 ﬁlii
1502 820 1729 876 Joatltan
1771 819 1865 888 ﬁlii

809 921 950 976 θείω
976 921 1106 992 regis
1133 917 1167 972 J
1174 919 1293 972 uda.

369 1061 411 1114 l.
449 1057 594 1112 Ratio
638 1055 1035 1126 prapltetiarum.
1081 1052 1374 1122 I’rapltetite
1419 1050 1669 1120 quomodo
1717 1050 1868 1117 [idem

307 1151 486 1206 elideret
505 1148 666 1203 Deus.
692 1176 764 1188 -
790 1147 846 1202 ld
872 1146 1012 1216 quod
1041 1161 1184 1215 saepe
1206 1144 1337 1208 dixi,
1365 1145 1418 1198 id
1433 1152 1487 1198 et
1510 1156 1650 1197 nunc
1667 1140 1864 1203 dicam,

308 1240 589 1313 prophetias
606 1239 736 1295 olim
755 1253 862 1292 non
891 1237 1012 1293 ideo
1045 1237 1268 1291 emissas
1289 1234 1452 1289 fuisse
1479 1234 1674 1296 solum,
1702 1242 1756 1286 ut
1780 1231 1872 1286 Ju-

304 1333 388 1388 daei
400 1333 564 1387 futura
575 1331 866 1396 discerent,
886 1327 980 1384 sed
997 1335 1054 1382 ut
1067 1326 1267 1391 edocti,
1285 1326 1494 1382 lucrum
1507 1326 1628 1380 inde
1642 1325 1872 1394 percipe-

303 1434 425 1490 rent,
438 1432 488 1478 et
504 1422 769 1477 minarum
790 1429 994 1475 terrore
1020 1418 1462 1488 temperantiores
1481 1417 1690 1482 ﬁerent,
1707 1416 1873 1470 bonu-

304 1531 498 1586 rumque
529 1513 887 1585 promissione
914 1509 1264 1566 studiosiores
1299 1509 1614 1566 exercenda:
1630 1508 1868 1562 virtutis:

304 1609 542 1677 utrimque
569 1605 840 1660 discentes
873 1613 928 1659 et
955 1603 1047 1663 Dei
1099 1603 1413 1672 potentiam,
1472 1611 1527 1656 et
1569 1602 1686 1672 ejus
1741 1616 1870 1672 erga

306 1700 409 1754 illos
429 1696 840 1766 providentiam.
877 1694 987 1750 Hac
1005 1695 1146 1749 enim
1168 1693 1236 1748 de
1255 1709 1414 1749 causa
1443 1692 1558 1748 haec
1605 1691 1862 1762 praedice-

303 1787 582 1850 bantur,ac
603 1801 670 1841 ne
716 1794 964 1855 putarent
990 1799 1054 1840 ea
1104 1800 1224 1854 quae
1286 1783 1618 1849 accidebant,
1673 1793 1873 1839 temere

303 1891 351 1935 ct
385 1895 501 1936 casu
542 1879 797 1949 quopiam
850 1877 1196 1947 contingere,
1253 1876 1546 1932 secundum
1587 1874 1871 1946 quamdam

304 1980 485 2027 natura:
502 1971 729 2037 seriem,
756 1978 849 2024 aut
866 1968 1158 2025 secundum
1185 1982 1362 2024 rerum
1391 1981 1642 2032 cursum;
1671 1966 1763 2022 sed
1797 1967 1876 2020 vi-

303 2062 476 2119 derent
516 2080 586 2119 ex
637 2077 873 2133 superno
914 2071 970 2118 et
995 2061 1178 2117 divino
1214 2060 1431 2116 decreto
1481 2059 1596 2116 haec
1645 2070 1871 2130 utraque

308 2156 409 2211 ﬁeri
435 2173 448 2209 :
477 2157 521 2210 id
549 2155 696 2227 quod
724 2155 828 2210 illis
848 2155 1077 2210 maxime
1097 2153 1164 2208 ad
1197 2153 1289 2208 Dei
1336 2152 1691 2223 cognitionem
1745 2153 1874 2207 utile

304 2257 422 2300 erat.
453 2245 648 2302 Verum
693 2245 965 2316 quoniam,
994 2252 1053 2299 ut
1094 2253 1218 2299 ante
1261 2243 1392 2310 dixi,
1438 2243 1714 2313 pr0phetia
1768 2258 1872 2299 non

305 2337 472 2392 eodem
517 2339 645 2407 ipso
694 2345 934 2406 tempore
1000 2347 1156 2391 suum
1210 2333 1408 2390 exitqu
1465 2333 1729 2400 habebat;
1781 2335 1874 2390 scd

302 2432 444 2486 verba
469 2429 692 2500 quidem
749 2440 876 2483 tunc
922 2426 1349 2498 proferebantur,
1403 2439 1490 2480 res
1529 2434 1707 2482 autem
1757 2436 1877 2496 post

299 2519 524 2574 diuturna
551 2519 683 2574 inde
705 2529 940 2590 tempora
969 2519 1170 2572 exitum
1210 2516 1468 2572 habitura:
1520 2527 1696 2583 erant,
1756 2532 1874 2572 cum

296 2612 393 2682 jam
411 2611 656 2666 nonnulli
691 2627 759 2666 ex
776 2612 841 2665 iis
861 2611 954 2680 qui
981 2609 1280 2676 audierant,
1303 2624 1446 2678 sazpe
1471 2619 1698 2664 mortem
1715 2610 1877 2666 obiis—

301 2713 425 2770 sent,
452 2720 547 2759 nec
576 2704 878 2774 potuissent
901 2701 968 2757 de
992 2701 1252 2756 dictorum
1269 2711 1465 2765 eventu
1486 2699 1748 2770 judicare,
1792 2703 1871 2755 vi-

297 2794 361 2850 de
384 2796 502 2866 quid
530 2795 702 2850 faciat
725 2801 782 2848 et
806 2793 1054 2849 moliatur
1086 2794 1246 2848 Deus.
1279 2792 1615 2862 Prophetiam
1645 2793 1878 2862 prophe-

303 2884 378 2938 tiis
391 2885 661 2940 connectit
684 2899 699 2949 ;
724 2884 790 2938 iis
813 2898 930 2953 quze
957 2891 1079 2953 post
1107 2883 1321 2953 longum
1347 2889 1554 2952 tempus
1611 2894 1874 2938 eventura

301 2989 484 3044 essent,
507 2993 636 3034 eam
659 2976 812 3046 cujus
847 2976 1022 3031 exitus
1069 2989 1235 3046 prope
1284 2983 1421 3040 erat,
1475 2989 1573 3046 per
1597 2990 1716 3030 eam
1758 2991 1878 3046 quae

302 3066 380 3120 illa
427 3070 474 3122 in
499 3066 852 3139 generatione
873 3067 1069 3121 exitum
1093 3065 1334 3120 habitura
1363 3073 1497 3131 erat,
1545 3064 1610 3120 iis
1651 3081 1877 3135 quorum

300 3168 511 3214 eventus
533 3167 666 3231 post
681 3157 987 3212 diuturnum
1009 3167 1216 3227 tempus
1233 3155 1439 3212 futurus
1459 3165 1572 3212 erat
1592 3157 1877 3213 maximam

302 3249 447 3304 fidem
480 3251 712 3305 faciens.
755 3249 811 3303 ln
835 3249 1124 3319 evangeliis
1151 3258 1326 3304 autem
1356 3250 1458 3302 hoc
1499 3250 1736 3304 utilitatis
1790 3265 1882 3321 ge-

299 3353 390 3394 nus
415 3340 516 3395 alio
545 3339 714 3394 modo
741 3347 951 3407 tract-it,
982 3338 1232 3394 miracula
1284 3338 1572 3410 prophetiis
1601 3341 1876 3411 copulans,

299 3432 430 3487 aliud
466 3433 578 3488 alio
610 3435 952 3488 conlirmans.
998 3432 1238 3502 Exempli
1276 3447 1436 3488 causa
1468 3451 1482 3488 :
1510 3433 1737 3489 accessit
1784 3434 1882 3489 ali-

299 3523 501 3591 quando
541 3523 619 3578 ad
655 3539 777 3579 eum
815 3525 1077 3594 leprosos,
1105 3533 1161 3578 et
1186 3523 1469 3579 mundatus
1495 3533 1595 3591 est,
1651 3540 1715 3581 ac
1761 3536 1881 3596 post

298 3613 436 3668 illum
456 3629 652 3670 rursus
676 3629 807 3683 puer
834 3615 1160 3670 centurionis
1182 3629 1212 3668 a
1240 3614 1384 3685 gravi
1416 3615 1506 3670 illo
1536 3615 1726 3670 morbo
1747 3616 1880 3671 lihe-

299 3714 436 3760 ratus
454 3715 557 3771 est,
606 3706 856 3776 signaque
881 3705 995 3760 haec
1021 3720 1211 3775 magna
1241 3713 1394 3760 erant
1420 3723 1434 3760 :
1461 3715 1514 3760 et
1543 3714 1718 3761 tamen
1770 3722 1876 3762 non

297 3793 346 3847 in
392 3797 558 3866 signis
612 3797 780 3860 stetit,
826 3795 920 3850 sed
968 3805 1022 3850 et
1080 3796 1414 3865 prophetiam
1476 3795 1690 3866 adjecit.
1740 3797 1875 3863 Quia

296 3887 429 3940 enim
459 3889 712 3943 centurio
756 3888 1123 3943 admirandam
1155 3889 1297 3943 illam
1349 3897 1403 3943 et
1441 3905 1682 3960 magnam
1729 3889 1882 3944 exhi-

296 3976 475 4033 buerat
518 3979 708 4043 ﬁdem.
758 3994 861 4049 qua
907 3994 1131 4050 puerum
1175 3979 1242 4034 ab
1287 3979 1597 4050 aegritudine
1643 3981 1875 4051 eripuit,

296 4071 406 4128 ire
427 4074 669 4129 subdidit
694 4073 935 4130 Christus
969 4093 984 4129 :
1013 4073 1165 4128 Multi
1201 4075 1262 4128 ab
1303 4076 1494 4128 oriente
1537 4082 1582 4127 et
1625 4074 1880 4128 occidente

292 4167 499 4230 venient,
525 4176 574 4221 et
602 4165 887 4220 recumbent
912 4183 1024 4220 cum
1051 4166 1326 4230 Abraham,
1355 4164 1506 4218 Isaac
1529 4175 1575 4219 et
1592 4164 1774 4230 Iacob,
1805 4167 1873 4235 [i-

294 4255 347 4306 lii
373 4266 544 4311 autem
595 4257 736 4327 regni
761 4255 1020 4327 ejicientur
1058 4266 1200 4310 extra
1227 4256 1245 4326 (
1271 4254 1455 4310 Matth.
1481 4258 1534 4311 8.
1564 4257 1620 4310 il
1659 4257 1699 4326 ).
1749 4257 1876 4312 Haec

294 4359 449 4413 porro
493 4347 729 4410 dicebat,
760 4357 814 4401 ct
865 4348 1102 4417 gentium
1148 4347 1438 4402 Ecclesiam
1465 4357 1520 4403 et
1567 4347 1875 4404 Judmorum

295 4440 722 4508 reprobationem
751 4441 1112 4508 pnenuntians
1135 4458 1149 4504 ;
1175 4439 1317 4509 quod
1341 4441 1498 4496 etiam
1553 4457 1694 4495 nunc
1719 4457 1880 4510 opere

291 4531 616 4600 completum
635 4542 739 4598 est,
765 4540 821 4587 et
867 4532 982 4587 sole
1009 4532 1206 4586 clarius
1247 4533 1496 4588 omnibus
1543 4534 1827 4590 exhibetur
1860 4553 1873 4590 :

291 4621 381 4673 sed
427 4632 558 4675 tunc
587 4621 873 4677 obscurum
893 4631 1028 4689 erat,
1057 4631 1110 4678 et
1150 4623 1218 4678 ab
1264 4624 1549 4679 incredulis
1580 4642 1684 4681 non
1724 4625 1880 4684 facile

289 4711 688 4767 admittebatur.
725 4713 954 4785 Ideoque
994 4715 1202 4785 signum
1247 4724 1370 4772 tunc
1391 4717 1686 4774 exhibitum
1741 4736 1880 4790 pra:-

288 4804 467 4868 cessit,
520 4805 664 4876 quod
693 4806 911 4861 multam
937 4807 1092 4862 lidem
1137 4818 1260 4864 ante
1299 4807 1524 4865 faciebat
1566 4812 1642 4866 rei
1694 4821 1877 4882 postea

289 4905 568 4951 eventura:
593 4915 604 4949 :
627 4897 1070 4968 quemadmodum
1087 4909 1140 4955 et
1157 4899 1267 4969 ipsa
1290 4901 1584 4971 prophetia,
1603 4919 1718 4974 quae
1741 4922 1879 4962 nunc

289 4998 453 5053 opere
472 4989 793 5058 completur,
825 4992 980 5061 signo
1012 4999 1138 5046 tunc
1183 4991 1325 5048 facto
1373 5009 1618 5064 magnam
1677 4997 1880 5066 praebet

290 5077 772 5137 wnﬁrntationem.
802 5083 938 5152 Quid
968 5084 1163 5140 dixerit
1192 5085 1497 5142 incredulus
1517 5095 1540 5142 't
1565 5105 1630 5143 an
1656 5091 1878 5146 munda-

291 5172 400 5222 tutn
450 5186 562 5225 non
619 5174 779 5231 fuisse
827 5175 1134 5247 leprosum?
1167 5177 1435 5249 Rcspiciat
1484 5197 1534 5236 In
1587 5182 1877 5253 prophetia:

300 5259 608 5327 veritatem,
646 5277 699 5319 ut
746 5266 831 5321 illa
905 5277 1182 5338 perspecta
1247 5272 1399 5340 signo
1451 5271 1610 5327 fidem
1661 5273 1874 5329 habeat.

293 5348 425 5414 Quid
462 5367 627 5420 porro
652 5356 885 5412 dixerint
911 5358 988 5412 illi
1018 5367 1142 5413 tunc
1170 5359 1380 5415 Judari?
1403 5377 1468 5416 an
1498 5379 1560 5418 ea
1614 5381 1732 5435 qum
1784 5365 1874 5421 ille

296 5442 626 5509 prmdicchat
673 5463 778 5502 non
825 5463 946 5504 esse
1007 5453 1174 5507 vera?
1221 5452 1531 5524 Respiciant
1599 5456 1871 5527 leprosum

295 5532 634 5599 mandatum,
659 5547 711 5592 et
734 5554 798 5594 ex
828 5539 1085 5598 beneficio
1111 5543 1184 5599 illi
1210 5545 1405 5601 collato
1426 5545 1615 5603 futuris
1634 5564 1740 5604 non
1773 5564 1867 5604 ue-

293 5633 417 5688 gent
470 5623 655 5691 ﬁdem,
697 5644 820 5682 cum
875 5634 1157 5690 maximum
1213 5637 1288 5693 illi
1334 5638 1630 5708 prophetiae
1687 5640 1876 5710 pignus

293 5713 646 5784 acceperint.
697 5733 884 5791 nempe
933 5723 1156 5798 signum,
1204 5738 1261 5786 ut
1308 5727 1553 5786 hodierni
1597 5731 1734 5803 signi
1795 5733 1875 5803 pi~

1968 416 2103 470 gnus
2154 400 2486 471 prephetiam
2516 401 2732 459 habent.
2776 401 2963 459 Viden‘
3009 403 3276 474 quomodo
3320 405 3546 462 alterum

1966 491 2136 546 altero
2185 492 2574 548 conﬁrmetur?
2626 492 2760 548 illud
2809 494 2972 549 etiam
3021 494 3074 549 in
3120 497 3292 552 Veteri
3362 496 3546 552 Testa-

1967 591 2148 636 mento
2174 582 2355 638 videre
2391 594 2475 638 eSt
2496 585 2513 654 (
2535 586 2587 639 5.
2619 584 2872 656 RngS).
2903 586 3038 653 Quia
3090 588 3231 641 enim
3262 589 3549 645 Jeroboant

1967 677 2277 746 gravissima
2315 679 2400 732 illa
2448 680 2650 734 insania
2706 680 2984 748 laboravit,
3028 691 3083 737 et
3123 682 3315 737 vitulas
3361 699 3548 738 aureas

1967 772 2160 837 erexit,
2203 771 2423 826 veniens
2461 773 2717 844 prephela
2757 772 2930 828 futura
2960 777 3351 844 praenuntiavit,
3385 785 3439 831 et
3475 777 3550 830 si-

1967 875 2128 929 gnum
2155 863 2334 916 statim
2363 863 2530 918 dedit.
2565 863 2644 919 Ne
2681 865 2800 934 quis
2831 865 2974 920 enim
3005 865 3162 921 ﬁdem
3191 881 3295 922 non
3320 865 3544 921 haberet

1970 954 2056 1019 iis,
2081 969 2201 1024 quze
2243 963 2363 1025 post
2393 965 2660 1012 trecentos
2698 973 2866 1012 annos
2891 972 3147 1014 eventura
3176 968 3330 1014 erant
3353 999 3368 1022 ,
3401 974 3550 1014 aram

1971 1047 2144 1119 fregit,
2190 1056 2245 1104 et
2284 1048 2494 1119 adipem
2519 1049 2722 1114 effudit,
2755 1050 3001 1121 regisque
3048 1067 3262 1106 manum
3304 1051 3550 1117 arefecit,

1971 1154 2036 1196 ex
2066 1141 2149 1205 iis,
2178 1156 2295 1210 quas
2324 1150 2447 1197 ante
2489 1143 2672 1197 oculos
2697 1143 3030 1209 eveniebant,
3059 1160 3242 1199 eorum
3284 1159 3405 1213 qu:e
3434 1155 3553 1212 post

1972 1236 2197 1287 multum
2223 1234 2480 1302 temporis
2503 1245 2756 1289 eventuum
2774 1243 2924 1290 erant
2940 1236 3279 1302 Conspicuam
3307 1235 3556 1306 przebens

1972 1325 2502 1381 demonstrationem.
2534 1327 2799 1396 Multaque
2827 1325 3127 1396 hujusmodi
3175 1327 3358 1380 videre
3396 1328 3555 1381 estin

1972 1415 2121 1472 Novo
2145 1425 2200 1472 et
2221 1418 2398 1472 Veteri
2427 1417 2788 1484 Testamento,
2821 1417 2931 1473 Deo
2959 1417 3186 1471 diversis
3212 1417 3382 1472 modis
3398 1417 3558 1471 saluti

1974 1519 2173 1565 nostra:
2201 1511 2572 1580 prospiciente.
2602 1509 2655 1564 Id
2677 1509 2819 1581 quod
2847 1511 3005 1565 etiam
3031 1510 3117 1565 hic
3137 1510 3350 1575 accidit,
3373 1519 3427 1566 et
3447 1511 3554 1565 uti-

1975 1616 2081 1670 que
2109 1617 2228 1656 cum
2259 1603 2448 1672 majori
2479 1601 2630 1671 copia
2656 1620 2670 1656 :
2708 1617 2814 1656 non
2843 1602 3050 1672 signum
3082 1602 3223 1656 enim
3245 1601 3427 1669 modo,
3455 1601 3547 1656 sed

1978 1692 2310 1762 prophetiam
2351 1708 2472 1748 cum
2502 1695 2655 1763 signo
2685 1694 2992 1748 eonnexuit.
3027 1692 3224 1746 Verum
3265 1701 3323 1747 ut
3349 1708 3411 1748 ea
3439 1706 3566 1761 qur

1975 1782 2205 1837 diximus
2233 1783 2456 1838 clariora
2484 1783 2742 1850 evadant,
2774 1784 2943 1854 ipsam
2983 1783 3258 1838 historiam
3313 1795 3562 1840 accurata-

1977 1887 2381 1944 prosequamur.
2426 1876 2476 1929 1.
2512 1874 2576 1928 Et
2602 1875 2793 1945 factum
2835 1885 2903 1930 est
2944 1876 2998 1929 in
3034 1875 3206 1930 diebus
3253 1876 3426 1929 Achaz
3464 1876 3561 1944 ﬁlii

1975 1963 2202 2019 Joatltan
2248 1966 2343 2034 ﬁlii
2391 1965 2529 2020 θείω
2571 1968 2703 2035 regis
2752 1965 2930 2032 Juda,
2987 1966 3212 2020 ascendit
3263 1965 3421 2020 Rasin
3471 1981 3562 2022 rex

1978 2060 2152 2121 Aram,
2183 2068 2230 2112 et
2267 2057 2464 2112 Pltaces
2503 2058 2639 2125 ﬁlius
2667 2057 2913 2112 Romelite
2935 2074 3026 2111 rex
3067 2057 3230 2112 Israel
3254 2059 3307 2111 in
3342 2057 3560 2112 Jerusa-

1979 2151 2098 2214 lem,
2125 2159 2178 2202 ut
2205 2159 2556 2220 oppugnarent
2583 2165 2716 2213 eam,
2763 2165 2853 2203 nec
2879 2158 3146 2219 potuerunt
3169 2165 3474 2218 expugnare.
3501 2149 3558 2203 9..

1980 2240 2047 2297 Et
2091 2243 2443 2297 annuntiatum
2477 2253 2550 2297 est
2571 2243 2626 2296 in
2655 2243 2805 2297 domo
2839 2242 3000 2296 David
3026 2260 3058 2296 a
3087 2242 3360 2296 dicentibus
3384 2258 3402 2294 :
3426 2241 3558 2296 Con-

1977 2335 2134 2389 sensit
2155 2335 2309 2388 Aram
2335 2351 2449 2388 cum
2480 2333 2751 2404 Ephraim.
2784 2334 2908 2390 Hazc
2931 2333 3150 2389 historia
3172 2343 3318 2400 sunt,
3348 2349 3557 2390 rerum-

1980 2443 2083 2497 que
2107 2435 2376 2498 gestarum
2405 2428 2637 2482 narratio
2667 2444 2680 2480 :
2710 2427 2808 2482 sed
2827 2427 2916 2498 qui
2943 2437 3123 2482 mente
3150 2427 3310 2494 valet,
3335 2435 3556 2482 etacute

1980 2521 2142 2587 videt,
2196 2522 2423 2576 multum
2472 2521 2596 2576 hinc
2637 2521 2772 2576 lucri
2810 2521 3026 2584 referet,
3069 2520 3160 2576 Dei
3203 2534 3446 2590 magnam
3477 2534 3564 2573 sa-

1980 2613 2234 2684 pientiam
2260 2655 2275 2680 ,
2337 2628 2542 2668 necnon
2588 2613 2704 2684 ejus
2741 2627 2867 2683 erga
2909 2611 3124 2667 .lud:eos
3173 2611 3562 2682 providentiam

1981 2707 2246 2762 edisceus.
2295 2705 2477 2776 Neque
2506 2706 2647 2761 enim
2689 2721 2717 2759 a
2747 2705 3008 2776 principio
3039 2704 3237 2759 bellum
3282 2704 3561 2774 repressit.

1981 2813 2155 2868 neque
2183 2797 2299 2868 ipso
2325 2797 2602 2868 ingruente
2622 2798 2807 2853 urbem
2837 2797 2955 2866 capi
2984 2796 3247 2867 permisit,
3275 2794 3370 2850 sed
3398 2794 3565 2849 verbo

1983 2895 2135 2943 tenus
2166 2897 2368 2942 tantum
2402 2888 2870 2944 comminationem
2913 2887 3029 2942 ﬁeri
3073 2887 3277 2952 sinens,
3321 2886 3438 2954 ejus
3459 2899 3558 2940 ex-

1984 2981 2334 3050 perimentum
2362 2979 2648 3050 prohibuit,
2679 2980 2796 3034 illos
2826 2995 2927 3034 una
2974 2978 3424 3048 expergefacieus,
3451 2986 3505 3032 et
3533 2991 3564 3030 a

1983 3072 2224 3128 socordia
2248 3072 2528 3136 reducens,
2559 3085 2821 3141 suamque
2849 3070 3137 3140 potentiam
3163 3069 3559 3124 demonstrans:

1983 3166 2125 3235 quod
2153 3164 2397 3220 videlicet
2435 3165 2550 3234 ipse
2593 3164 2782 3234 possit,
2808 3163 2968 3219 etiam
2998 3177 3120 3218 cum
3150 3175 3236 3217 res
3275 3161 3340 3216 ad
3383 3170 3564 3216 extre-

1985 3269 2130 3309 mum
2162 3255 2322 3310 ﬁnem
2352 3253 2596 3310 deductte
2623 3253 2890 3319 videntur,
2918 3253 3068 3322 quasi
3096 3252 3330 3308 nondum
3362 3252 3560 3320 cuspis-

1985 3354 2126 3409 sent,
2166 3345 2246 3401 sic
2284 3345 2335 3400 in
2363 3345 2602 3415 periculo
2630 3353 2906 3400 versantes
2927 3344 3125 3398 illznsos
3149 3357 3384 3398 servare.
3412 3341 3565 3408 Quod

1986 3435 2158 3505 ipsum
2185 3450 2328 3505 saepe
2355 3433 2548 3491 fecisse
2571 3434 2753 3490 videre
2782 3441 2885 3499 est,
2917 3441 2976 3489 ut
2997 3433 3146 3488 verbi
3173 3433 3340 3502 gratia
3369 3431 3422 3486 in
3447 3430 3565 3486 for-

1986 3543 2116 3583 nace
2145 3525 2486 3598 Babylonica,
2514 3526 2565 3580 in
2596 3525 2711 3581 lacu
2729 3525 2966 3592 leonum,
2998 3534 3052 3580 et
3077 3523 3129 3579 iu
3156 3523 3274 3578 aliis
3295 3523 3563 3580 sexcentis

1983 3619 2215 3674 casibus.
2256 3618 2467 3674 Etenim
2505 3615 2557 3672 hi
2597 3625 2873 3681 venerunt,
2917 3615 3266 3682 obsederunt,
3303 3623 3357 3670 et
3387 3629 3566 3670 muros

1983 3709 2309 3775 adorientes,
2337 3708 2787 3778 obsessorumque
2815 3707 3022 3762 animos
3043 3704 3559 3777 perterrefacientes,

1985 3799 2114 3854 nihil
2137 3799 2274 3854 ultra
2296 3798 2471 3854 facere
2499 3807 2804 3868 potuerunt.

2053 3889 2108 3943 2.
2151 3889 2286 3945 Hinc
2314 3901 2488 3945 autem
2520 3891 2820 3960 perspicere
2845 3890 2970 3946 licet
2992 3889 3176 3946 decem
3207 3889 3440 3944 tribuum
3461 3887 3564 3942 ini-

1985 3982 2259 4053 quitatem,
2305 3981 2446 4052 quod
2481 3995 2586 4036 non
2617 3981 2778 4038 modo
2820 3981 2975 4037 civile
3019 3980 3314 4048 inceperint
3344 3978 3563 4041 bellum,

1985 4087 2157 4144 neque
2182 4072 2342 4128 modo
2365 4081 2550 4128 contra
2579 4072 2770 4126 fratres
2799 4086 2943 4125 arma
2977 4070 3261 4131 moverint,
3281 4069 3375 4123 sed
3403 4067 3567 4122 etiam

1984 4169 2296 4240 alienigenis
2314 4167 2620 4236 exterisque
2637 4165 2878 4236 gentibus
2905 4178 2963 4220 se
2987 4161 3347 4232 adjunxerint,
3373 4169 3426 4215 et
3449 4175 3564 4224 eos,

1983 4260 2296 4331 quibuscum
2323 4257 2632 4313 societatem
2663 4255 2859 4310 habere
2881 4252 3011 4324 ipsis
3037 4268 3144 4308 non
3171 4251 3385 4318 licebat,
3405 4251 3563 4306 etiam

1983 4351 2375 4407 commilitones
2395 4349 2718 4414 vocaverint,
2741 4362 2864 4403 cum
2885 4347 3054 4417 iisque
3087 4344 3445 4402 castramctati
3465 4344 3563 4399 ad-

1985 4457 2174 4498 versus
2197 4442 2468 4497 civitatem
2493 4441 2754 4496 steterint.
2787 4439 2992 4495 Etenim
3024 4439 3183 4493 Rasin
3213 4437 3564 4508 alienigenam

1985 4532 2242 4588 adversus
2285 4533 2620 4601 metropolim
2671 4529 2820 4586 suam
2865 4530 3184 4585 excitarunt.
3226 4528 3460 4598 Eratque
3510 4528 3564 4582 in

1981 4619 2168 4691 prtelio
2196 4616 2424 4688 partium
2470 4617 2828 4688 inaequalitas.
2882 4617 3035 4688 Apud
3069 4618 3188 4674 illos
3215 4617 3359 4672 enim
3391 4618 3569 4673 inulti-

1978 4713 2105 4767 tudo
2136 4711 2343 4767 infinita
2373 4721 2508 4776 erat,
2537 4720 2593 4766 et
2621 4709 2803 4778 urbes,
2835 4718 2892 4765 et
2918 4717 3110 4780 gentes
3139 4716 3194 4763 et
3223 4709 3432 4776 populi;
3483 4709 3570 4766 hic

1977 4819 2152 4865 autem
2181 4808 2310 4864 nihil
2333 4807 2532 4872 simile,
2556 4805 2649 4862 sed
2684 4808 2808 4861 urbs
2835 4821 2936 4860 una
2966 4813 3020 4860 et
3044 4803 3382 4874 metropolis,
3411 4805 3478 4860 ita
3512 4817 3570 4859 ut

1980 4900 2072 4956 Dei
2105 4899 2362 4955 fortitudo
2389 4897 2772 4954 exuberantius
2799 4898 3140 4952 enitesceret.
3165 4895 3394 4952 Nemino
3422 4896 3568 4952 enim

1976 5005 2126 5047 arma
2170 4999 2440 5056 movente,
2493 4988 2709 5044 nemine
2750 4997 2984 5044 exeunte
3027 4997 3083 5043 et
3124 4996 3562 5055 castrametante,

1979 5099 2166 5142 eorum
2191 5083 2409 5155 maligni
2437 5093 2659 5138 conatus
2689 5082 2742 5137 in
2775 5081 2998 5137 nihilum
3027 5083 3295 5139 abierunt.
3330 5082 3449 5138 Non
3475 5098 3570 5152 po.

1980 5187 2184 5234 luerunt
2203 5177 2882 5248 enim,inquit,expugnare
2901 5191 3032 5230 eam.
3061 5176 3128 5231 At
3153 5175 3280 5246 quid
3309 5174 3567 5244 impedie-

1980 5270 2104 5326 bat?
2131 5268 2273 5325 Nihil
2304 5268 2449 5323 aliud
2475 5284 2634 5339 quam
2679 5266 2774 5321 Dei
2819 5282 3029 5332 manus,
3057 5281 3176 5337 qua:
3204 5281 3300 5322 eos
3327 5265 3566 5320 invisibi-

1981 5363 2103 5418 liter
2150 5362 2474 5432 depellebat.
2523 5361 2925 5426 Verumtamen,
2951 5367 3008 5415 ut
3048 5359 3158 5428 jam
3206 5357 3335 5423 dixi,
3367 5357 3563 5412 bellum

1979 5455 2208 5524 depulit,
2235 5454 2329 5509 sed
2360 5462 2560 5510 metum
2602 5470 2708 5509 non
2754 5454 2935 5508 statim
2983 5451 3221 5507 sustulit.
3269 5448 3402 5504 Nam
3452 5447 3562 5503 ait:

1981 5549 2351 5602 Annuutiatttm
2375 5549 2522 5604 estin
2553 5549 2704 5603 doma
2736 5547 2904 5603 David
2933 5566 2946 5600 :
2975 5546 3242 5601 Consensit
3269 5546 3426 5596 Aram
3449 5558 3566 5596 cum

1983 5636 2255 5705 Ephraim.
2306 5636 2375 5692 Et
2406 5649 2572 5694 emota
2607 5648 2683 5693 est
2721 5637 2894 5692 anima
2920 5639 3062 5706 ejus,
3093 5644 3142 5688 et
3184 5634 3358 5687 anima
3388 5633 3567 5704 papuli

1984 5733 2115 5805 ejus.
2149 5733 2280 5792 Cum
2322 5733 2435 5792 vult
2467 5733 2608 5791 Deus
2633 5731 2835 5803 aliquid
2865 5729 3199 5798 inopinatum
3229 5727 3433 5795 lacere,
3461 5743 3568 5785 non
