4018 6212
619 316 692 371 19
1363 316 1420 372 S.
1460 316 1735 373 JOANNZS
1772 314 2245 374 CllRYSOSTOEll
2284 317 2601 376 ARCHIEP.
2643 320 3177 386 CONSTANTINOP.
3814 337 3862 392 81

620 436 800 489 statim
832 432 1142 491 miraculum
1172 430 1403 496 inducit,
1432 430 1525 487 sed
1561 434 1707 501 prius
1747 444 1843 486 eos
1885 431 1974 501 qui
2000 430 2203 485 benefi—

619 525 767 580 cium
794 524 1168 595 cousequuturi
1199 533 1343 590 sunt,
1386 537 1546 578 sensu
1577 522 1835 576 malorum
1869 522 2009 592 tangi
2053 521 2200 585 sinit,

624 624 685 672 ut
714 633 800 682 ne,
834 626 1112 686 postquam
1143 633 1172 671 a
1199 616 1351 671 malis
1375 616 1544 686 erepti
1573 614 1790 681 fuerint,
1820 614 2088 686 quidpiam
2118 615 2200 669 in-

619 709 754 775 grati
796 708 959 762 animi
984 708 1290 764 exhibeant.
1324 708 1455 775 Quia
1486 707 1629 762 enim
1659 707 1895 778 plerique
1926 707 2201 763 hominum

620 803 811 868 partim
840 815 905 854 ex
936 801 1204 870 superbia,
1236 800 1426 869 partim
1455 815 1520 855 ex
1551 801 1780 870 ignavia,
1810 817 1930 855 mox
1963 810 2021 856 ut
2047 802 2202 856 malis

618 891 855 946 defuncti
897 901 1045 956 sunt,
1088 905 1272 945 eorum
1319 891 1727 958 obliviscuntur,
1772 901 1863 946 aut
1903 901 2049 948 certe
2092 907 2199 948 non

607 983 786 1044 .ohliti,
818 997 904 1036 res
933 982 1068 1037 bene
1089 991 1269 1053 gestas
1294 982 1393 1038 sibi
1414 982 1644 1038 adscribi
1672 985 1913 1053 cupiunt,
1945 983 2111 1054 ipsos,
2140 993 2200 1039 ut

620 1071 847 1125 tristium
894 1087 1056 1128 sensu
1083 1074 1486 1143 cxagitarentur
1513 1075 1657 1144 prius
1683 1074 1918 1141 relictos,
1946 1084 2071 1130 tunc
2097 1074 2199 1130 de-

616 1179 764 1218 mum
802 1163 996 1219 liberat
1020 1163 1089 1219 ab
1125 1164 1496 1221 infcstautibus
1523 1182 1539 1233 ;
1570 1167 1621 1221 id
1650 1168 1793 1237 quod
1819 1168 1978 1222 etiam
2005 1167 2092 1222 hic
2116 1166 2200 1222 fc-

626 1258 711 1312 :it.
759 1257 959 1312 Eorum
999 1258 1162 1313 corda
1208 1259 1469 1314 exterreri
1513 1259 1779 1330 permisit,
1810 1269 1861 1314 et
1900 1259 1952 1313 in
2001 1274 2201 1329 angore

615 1351 790 1406 multo
844 1352 1069 1418 versari,
1096 1360 1152 1406 et
1190 1359 1314 1407 tunc
1355 1367 1383 1405 a
1421 1352 1574 1406 malis
1621 1353 1765 1420 ipsos
1815 1351 2030 1420 eripuit.
2085 1350 2200 1406 Hoc

615 1445 777 1499 etiam
818 1444 979 1500 modo
1006 1459 1132 1515 erga
1174 1459 1424 1515 magnum
1463 1444 1714 1500 Davidem
1742 1459 1802 1500 sc
1836 1445 2022 1516 gessit.
2066 1443 2199 1512 Quia

615 1537 758 1591 enim
791 1551 911 1591 eum
957 1536 1009 1592 in
1030 1537 1199 1592 aciem
1235 1536 1523 1592 educturus
1562 1545 1697 1603 erat,
1731 1551 1794 1592 ac
1822 1551 1917 1607 per
1943 1535 2061 1606 ejus
2081 1550 2199 1591 ma-

618 1642 719 1683 nus
745 1628 1080 1698 splendidum
1110 1626 1242 1686 illud
1270 1637 1527 1698 tropzcum
1554 1637 1848 1694 erecturus,
1871 1642 1976 1683 non
1998 1642 2028 1682 a
2050 1626 2199 1698 prin-

618 1722 759 1790 cipio
784 1722 987 1778 helli~id
1016 1721 1142 1778 fecit
1167 1738 1183 1787 ;
1216 1722 1310 1778 sed
1342 1737 1463 1777 cum
1496 1721 1825 1791 permisisset
1852 1735 1945 1778 eos
1969 1720 2198 1792 quadra-

618 1814 763 1883 ginta
813 1813 1023 1868 dierum
1066 1814 1238 1885 spatio
1276 1813 1466 1869 confici
1507 1814 1717 1880 timore,
1759 1828 1884 1869 cum
1931 1813 2000 1868 de
2027 1813 2198 1868 salute

623 1918 722 1957 sua
753 1902 1125 1973 desperarent,
1147 1912 1202 1960 et
1229 1914 1485 1959 sexcenta
1517 1903 1710 1973 probra
1738 1902 1994 1958 barbarus
2023 1902 2197 1958 eﬂun-

619 1997 793 2059 deret,
817 2011 1083 2063 nemoque
1123 2010 1345 2066 surgere
1370 1994 1613 2060 auderet,
1636 2006 1798 2066 atque
1833 1994 2197 2050 adversarium

616 2090 865 2159 excipere
889 2105 907 2155 ;
955 2098 1080 2144 tunc
1108 2090 1313 2145 scilicet
1342 2130 1357 2155 ,
1387 2097 1515 2144 tunc
1541 2104 1663 2144 cum
1687 2089 1795 2160 jam
1820 2104 1880 2145 se
1918 2096 2200 2160 superatos

619 2180 938 2247 faterentur,
966 2190 1021 2237 et
1049 2183 1329 2238 inlirmitas
1374 2182 1546 2252 palam
1572 2192 1745 2247 esset,
1784 2181 1968 2238 eduxit
2011 2181 2197 2237 adole-

616 2272 918 2326 scentulum
949 2272 1014 2326 ad
1040 2272 1256 2338 bellum,
1292 2281 1346 2328 et
1393 2274 1809 2344 inexspectatum
1847 2272 1993 2327 illam
2031 2274 2198 2328 vieto-

618 2362 753 2416 riam
799 2362 1110 2431 reportavit.
1151 2364 1219 2417 At
1259 2364 1476 2417 enimsi
1518 2374 1640 2433 post
1674 2364 1813 2430 bare,
1842 2373 1964 2433 post
1992 2372 2196 2419 tantam

618 2451 1000 2507 imbecillitatis
1039 2452 1574 2518 demonstrationem,
1621 2468 1716 2508 rex
1758 2454 1849 2510 ille
1887 2464 2132 2512 servatus
2165 2471 2196 2511 a

620 2542 789 2598 livore
817 2551 871 2598 et
902 2542 1100 2598 invidia
1122 2544 1314 2611 victus,
1353 2543 1536 2599 Davidi
1574 2544 1855 2601 insidiatus
1881 2556 1984 2615 est,
2015 2548 2197 2603 animo

619 2648 837 2702 prorsus
893 2634 1199 2690 exulcerato
1240 2675 1256 2702 ,
1308 2634 1651 2706 ingratusque
1709 2651 1834 2707 erga
1898 2636 2195 2693 beneficum

618 2724 764 2778 visus
787 2732 868 2778 est
890 2765 907 2787 .
937 2725 983 2779 si
1013 2739 1116 2779 non
1145 2732 1348 2779 tantum
1374 2724 1613 2783 dedisset
1637 2735 1692 2782 et
1716 2742 1830 2783 sua:
1852 2736 1906 2783 et
1929 2729 2197 2785 exercitus

625 2815 791 2869 totius
831 2814 1052 2883 ignavia:
1095 2825 1507 2886 argumentum,
1549 2818 1676 2889 quid
1705 2835 1810 2874 non
1837 2818 2087 2876 fecisset?
2112 2820 2205 2876 ldo

619 2908 867 2978 ipsumet
892 2908 1014 2963 alibi
1062 2924 1203 2979 saepe
1248 2911 1417 2966 Deum
1450 2911 1640 2967 fecisse
1681 2912 1862 2969 videre
1902 2923 2026 2973 est:
2054 2911 2197 2985 quod

619 3000 780 3054 etiam
809 3000 896 3056 hic
924 3001 1116 3069 agitur.
1142 3002 1343 3056 Bellum
1371 3017 1602 3072 namque
1626 3002 1891 3059 soluturus
1912 3014 1966 3060 et
1983 3020 2014 3059 a
2031 3003 2200 3062 tristi-

620 3093 720 3148 bus
765 3094 1084 3149 liberaturus
1112 3094 1265 3156 illos,
1297 3093 1424 3149 sinit
1450 3094 1570 3149 illos
1613 3103 1737 3150 ante
1769 3110 1799 3149 a
1830 3096 1986 3151 malis
2011 3098 2196 3171 exagi-

622 3186 745 3241 tari.
775 3189 864 3241 Ait
888 3187 1030 3242 enim
1054 3203 1068 3240 :
1091 3186 1278 3240 Eurota
1299 3196 1371 3240 est
1401 3188 1573 3241 anima
1588 3188 1699 3258 ejus
1717 3229 1732 3253 ,
1758 3197 1804 3242 et
1824 3188 1994 3242 anima
2020 3190 2198 3260 populi

619 3279 750 3347 ejus,
774 3277 1192 3347 quemadmodum
1218 3278 1269 3332 iu
1294 3279 1438 3349 sylva
1465 3277 1657 3349 lignum
1681 3296 1713 3333 a
1739 3288 1881 3333 acuta
1901 3281 2086 3335 moveri
2113 3297 2195 3335 so-

620 3369 708 3423 let.
738 3368 847 3424 lloc
871 3369 1028 3423 etiam
1061 3368 1354 3440 prophetia:
1379 3378 1464 3425 est
1488 3371 1779 3440 proprium,
1810 3379 1867 3425 ut
1891 3385 2075 3427 eorum
2106 3385 2197 3427 ar-

619 3474 750 3516 cana
780 3461 831 3516 iu
860 3462 1089 3517 medium
1122 3464 1399 3533 producat.
1430 3462 1561 3518 Nam
1586 3466 1846 3537 cujusque
1871 3466 2033 3521 animi
2062 3464 2196 3520 alle-

621 3560 769 3607 ctum
813 3555 969 3610 nobis
1005 3557 1271 3625 explicat,
1313 3569 1368 3615 et
1404 3561 1663 3615 claritatis
1703 3575 1860 3616 causa
1910 3558 2196 3630 imaginem

622 3641 809 3706 addit,
863 3655 919 3698 ut
967 3647 1233 3716 ingentem
1280 3649 1576 3719 angustiam
1618 3650 1901 3720 exprimat.
1953 3650 2194 3721 Agitata,

562 3745 583 3752 ’
621 3736 821 3806 inquit,
852 3737 950 3793 fuit
981 3740 1155 3794 anima
1195 3756 1418 3807 eorum;
1446 3743 1686 3811 dejectns
1727 3751 1811 3798 est
1853 3743 2094 3809 animus,
2128 3742 2198 3800 de

618 3829 793 3884 salute
818 3844 910 3884 sua
946 3832 1297 3901 despcraruut
1316 3874 1331 3899 ,
1364 3834 1418 3888 in
1444 3834 1699 3890 extremis
1723 3850 1781 3890 se
1810 3835 2006 3890 versari
2039 3845 2197 3904 puta-

618 3921 769 3990 bant,
802 3923 930 3978 nihil
973 3925 1096 3980 boui
1118 3928 1500 3995 exSpectabant
1521 3968 1535 3991 ,
1578 3928 1771 3999 singuli
1804 3943 1833 3981 a
1865 3929 1977 3982 suis
2002 3929 2201 3998 cogita-

623 4014 857 4071 tionibus
900 4017 1091 4086 proditi
1123 4027 1296 4073 erant.
1340 4020 1476 4089 Quid
1506 4020 1666 4089 igitur
1696 4018 1869 4074 Dens?
1894 4018 2198 4075 Liberatio-

619 4122 744 4162 nem
774 4109 1012 4178 przedicit
1032 4153 1046 4176 ,
1079 4111 1355 4182 ipsamque
1382 4120 1507 4166 tunc
1532 4125 1695 4181 opere
1721 4110 1986 4181 complet,
2020 4125 2088 4166 ne
2108 4110 2197 4165 alii

618 4200 849 4269 cuipiam
900 4201 1202 4257 libertatem
1258 4201 1406 4257 urbis
1456 4201 1823 4257 adscriberent
1870 4215 1884 4253 :
1934 4202 2199 4271 mittitque

621 4291 938 4357 prophetam
989 4295 1077 4362 qui
1125 4295 1300 4349 futura
1364 4294 1779 4364 pra-nuntiaret.
1849 4293 1939 4348 Ait
1970 4292 2128 4349 enim
2181 4309 2194 4348 :

618 4381 673 4436 3.
695 4399 714 4433 ι
746 4382 880 4437 Dixit
908 4383 1159 4438 Dominus
1184 4385 1249 4438 ad
1276 4385 1464 4438 Isaiam
1496 4403 1510 4439 :
1545 4384 1811 4455 Egredere
1838 4386 1890 4439 in
1922 4400 2198 4440 occursum

621 4473 803 4527 Achaz
823 4515 837 4536 ,
867 4483 922 4526 tu
946 4512 961 4534 ,
993 4484 1045 4527 ct
1077 4476 1165 4545 qui
1194 4475 1484 4531 derelictus
1508 4485 1592 4530 est
1617 4476 1783 4531 Jasub
1809 4476 1950 4530 lilius
1981 4485 2103 4531 tuus
2131 4474 2198 4528 ad

621 4563 881 4632 piscinam
909 4578 1169 4618 ascensus
1194 4565 1306 4635 agri
1341 4565 1577 4620 fullonis.
1603 4567 1655 4620 Δ.
1686 4566 1753 4620 Ει
1774 4566 1923 4622 dices
1948 4566 2012 4620 ad
2034 4578 2154 4620 eum
2180 4581 2194 4618 :

622 4653 861 4707 Observa
893 4662 954 4708 ut
1003 4654 1270 4723 quiescas,
1301 4663 1355 4710 et
1383 4670 1450 4710 ne
1478 4656 1686 4718 timeas.
1715 4669 1888 4725 neque
1908 4655 2083 4709 anima
2110 4662 2199 4709 tua

625 4744 953 4811 inlirmetur,
980 4760 1152 4816 neque
1177 4745 1446 4813 formidet,
1472 4760 1502 4800 a
1531 4746 1739 4802 duobus
1769 4746 1925 4815 lignis
1953 4745 2198 4800 titionum

621 4832 993 4904 fumigantium
1024 4836 1234 4893 horum.
1269 4836 1401 4892 Cum
1448 4840 1589 4892 enim
1636 4836 1711 4891 ira
1768 4835 1962 4891 furoris
2006 4835 2197 4919 fuerit,

623 4941 835 4983 rursum
863 4929 1137 4987 medebor.
1169 4950 1188 4984 ι
1216 4931 1350 5001 Quid
1373 4939 1458 4988 est
1478 4974 1493 5000 ,
1521 4931 1774 5006 Egredere
1805 4932 1860 4986 iu
1887 4946 2149 4986 occursum
2168 4931 2194 4984 ?

623 5018 741 5073 Pta:
770 5018 1053 5077 formidine
1107 5032 1160 5078 et
1186 5038 1390 5094 angore
1411 5039 1505 5079 rex
1537 5040 1643 5079 non
1673 5023 2001 5095 quiescebat,
2027 5038 2201 5093 neque

620 5111 766 5167 domi
794 5128 1012 5170 manere
1038 5116 1372 5184 sustinebat,
1399 5117 1492 5174 sed
1512 5158 1528 5184 ,
1560 5126 1619 5172 ut
1644 5117 1820 5172 solent
1861 5116 2204 5179 obsessi,fre-

621 5211 852 5272 quenter
895 5203 1113 5271 exibat,
1173 5222 1357 5262 muros
1405 5208 1845 5278 circumspiciens
1868 5248 1883 5271 ,
1914 5207 1983 5262 ad
2020 5215 2201 5278 portas

566 5350 579 5360 ,
622 5293 928 5362 accedens,
970 5295 1181 5351 curiose
1223 5286 1575 5369 perquirens,
1604 5298 2051 5369 'exploransque,
2094 5312 2200 5369 quo

625 5386 679 5440 in
707 5394 849 5441 statu
880 5400 968 5443 res
1014 5385 1248 5442 hostium
1273 5403 1334 5444 se
1374 5389 1653 5445 haberent.
1702 5389 2036 5460 Quapropter
2078 5390 2198 5443 ait:

624 5476 882 5549 Egredere
898 5479 953 5533 in
970 5493 1251 5533 occursum.
1273 5478 1410 5548 Quid
1438 5495 1566 5535 vero
1591 5480 1693 5537 sibi
1723 5481 1837 5535 vult
1859 5480 1986 5536 illud
2008 5521 2024 5546 ,
2057 5478 2134 5534 Tu
2155 5488 2205 5534 e:

625 5570 714 5639 qui
737 5571 1001 5624 derelictus
1029 5579 1100 5625 est
1126 5567 1291 5626 Jasub
1317 5572 1454 5641 ﬁlius
1473 5583 1591 5627 tuus
1615 5572 1641 5627 ?
1663 5571 1828 5628 Jasub
1857 5571 2201 5628 Hebraeorum

629 5661 808 5732 lingua
831 5664 1168 5719 conversatio
1192 5663 1404 5730 dicitur,
1432 5671 1489 5718 et
1507 5664 1697 5735 agendi
1721 5663 1912 5721 modus
1939 5662 2036 5737 (a).
2061 5663 2204 5731 Qua-

690 5775 766 5841 (ιι)
799 5777 1118 5846 Hieronymus
1155 5780 1204 5833 in
1237 5779 1411 5834 Isaiam
1437 5779 1497 5832 ad
1519 5780 1650 5832 hunc
1673 5780 1833 5833 locum
1865 5796 1876 5832 :
1903 5781 2051 5834 [σετιὸ
2073 5779 2202 5847 (ilius

2312 440 2532 499 propter
2576 431 2727 490 Jcsse
2772 435 3024 494 Davidem
3068 441 3285 498 mittens
3332 441 3540 500 diccbat
3580 466 3595 499 :
3629 443 3693 500 Et
3725 445 3862 502 Jaqu

2304 537 2479 574 eorum
2497 525 2803 597 aceipies(l.
2828 525 2952 600 Reg.
2985 531 3069 587 l7.
3098 533 3208 605 l8);
3231 533 3284 588 id
3304 536 3862 596 est.Conversationen

2308 625 2495 666 eorum
2520 617 2864 672 aununtiabis
2910 621 3038 675 mihi
3066 663 3081 683 ,
3121 632 3178 678 et
3206 625 3331 694 quid
3354 638 3534 696 agant.

2378 702 2432 756 5.
2455 703 2548 757 llic
2570 704 2729 774 igitur
2752 706 2960 764 videtur
2978 710 3104 764 mihi
3135 713 3407 783 propheta:
3430 717 3642 786 praecipi
3670 726 3724 772 ut
3744 720 3862 776 mul

2307 791 2588 848 titudiuetn
2608 811 2788 851 secum
2815 800 3059 870 accipiat,
3080 813 3161 869 ut,
3177 818 3299 859 cum
3318 820 3404 860 res
3424 809 3618 862 exitum
3647 808 3859 866 haberet

2309 897 2414 937 non
2448 886 2614 953 possit
2646 902 2735 942 rex
2769 888 2972 959 ingrate
3004 907 3063 947 se
3089 908 3296 963 gerere,
3327 911 3389 951 ac
3418 897 3462 951 si
3490 898 3623 952 nihil
3645 915 3821 955 eorum
3850 920 3862 957 :

2309 976 2565 1046 propheta
2591 979 2847 1036 audisset.
2877 982 3025 1050 Quod
3055 984 3212 1054 igitur
3238 987 3313 1041 ait
3343 987 3444 1044 hoc
3470 999 3552 1044 est
3581 1009 3593 1043 :
3621 989 3862 1061 Egredcri

2306 1066 2361 1121 in
2388 1082 2690 1137 occursum,
2733 1081 2787 1125 tu
2823 1082 2878 1128 et
2918 1075 3006 1145 qui
3035 1083 3206 1130 tecum
3247 1088 3553 1146 versantur,
3584 1084 3672 1152 qui
3715 1085 3862 1139 τρΙίενι

2305 1168 2432 1211 sunt
2456 1172 2521 1214 ex
2555 1162 2771 1230 populo.
2804 1161 2883 1217 Ne
2917 1164 3126 1220 mireris
3154 1175 3331 1221 autem
3368 1169 3411 1222 si
3444 1171 3694 1241 populum
3731 1156 3862 1228 voce

2307 1246 2475 1302 lilium
2504 1263 2660 1304 suum
2693 1270 2707 1304 :
2738 1267 2860 1307 nam
2902 1253 2953 1308 in
2993 1257 3334 1325 sequentibus
3370 1261 3444 1314 ait
3476 1279 3489 1314 :
3529 1261 3661 1317 Ecce
3695 1280 3805 1334 ego,
3836 1282 3862 1319 ε

2307 1338 2451 1408 pueri
2478 1340 2601 1406 mei,
2622 1357 2748 1410 quos
2772 1343 2910 1397 dedit
2940 1346 3065 1399 mihi
3088 1345 3229 1402 Deus
3257 1346 3408 1418 (lsai.
3440 1352 3495 1406 8.
3532 1352 3640 1421 l8).
3676 1354 3862 1409 l-Iteuin

2310 1437 2517 1499 patrum
2544 1431 2786 1487 ordinem
2813 1435 3065 1491 tenebant
3088 1440 3276 1505 sancti,
3304 1441 3392 1511 qui
3418 1444 3637 1499 caritate
3659 1455 3711 1500 et
3737 1447 3861 1500 solli

2303 1523 2538 1580 citudine
2567 1526 2707 1581 circa
2736 1528 2985 1598 papulum
3015 1530 3165 1585 illum
3237 1547 3332 1587 eos
3363 1549 3550 1590 omnes
3578 1538 3664 1604 qui
3697 1547 3862 1592 natur:

2303 1622 2487 1683 patres
2528 1625 2684 1671 erant
2725 1619 3065 1689 superabant.
3101 1622 3336 1678 Relictos
3382 1640 3511 1681 vero
3551 1626 3710 1693 dicit,
3736 1645 3862 1699 quoi

2305 1704 2454 1759 multi
2487 1706 2553 1760 ab
2585 1706 2826 1763 hOStibus
2865 1708 3093 1766 fuissent
3136 1712 3369 1768 abducti.
3412 1714 3480 1769 lu
3521 1717 3602 1770 ria
3629 1720 3739 1789 agri
3780 1721 3861 1790 {ul

2302 1793 2455 1848 lanis.
2486 1794 2686 1867 Magna:
2716 1797 2846 1852 mihi
2875 1799 3202 1856 difﬁcultatis
3233 1802 3284 1857 id
3315 1818 3435 1858 esse
3462 1806 3688 1874 videtur,
3717 1810 3759 1861 si
3790 1826 3862 1879 qu

2302 1884 2481 1940 vallati
2509 1895 2565 1941 et
2604 1887 2810 1943 obsessi
2852 1899 3036 1957 erant,
3078 1906 3146 1946 nc
3178 1893 3444 1963 respicere
3480 1895 3690 1965 quidem
3730 1909 3862 1953 extr:

2302 1983 2483 2046 portas
2506 1976 2784 2043 audentes,
2812 1988 2987 2035 tamen
3015 1996 3135 2037 sese
3155 1984 3539 2040 monstrabant.
3570 1985 3701 2042 Nam
3732 1999 3862 2043 extr:

2304 2081 2488 2122 muros
2515 2066 2630 2123 hare
2658 2068 2740 2123 via
2772 2070 2885 2139 jam
2924 2085 3043 2127 esse
3068 2071 3295 2128 videtur.
3326 2074 3580 2142 Quaenam
3617 2077 3773 2148 igitur
3800 2095 3861 2133 es

2302 2155 2462 2229 hujus
2512 2158 2846 2216 difﬁcultatis
2885 2162 3114 2219 solutio?
3138 2163 3274 2219 Olim
3318 2166 3447 2221 urbs
3491 2166 3686 2237 duplici
3728 2185 3862 2223 muri

2300 2248 2644 2304 muniebatur
2671 2267 2685 2305 :
2717 2265 2839 2305 nam
2870 2250 2976 2307 duo
3018 2253 3167 2309 urbis
3195 2255 3389 2309 mtenia
3418 2266 3604 2313 erant:
3632 2256 3787 2328 idque
3814 2274 3862 2313 e1

2300 2340 2408 2396 alio
2452 2343 2714 2412 propheta
2765 2344 3042 2401 attendere
3095 2346 3403 2403 volentibus
3455 2348 3681 2419 probare
3732 2350 3862 2405 licet

2301 2434 2563 2505 Egressus
2608 2435 2769 2506 igitur
2810 2436 3018 2506 lapsum
3042 2453 3226 2493 eorum
3255 2439 3410 2510 erigit
3444 2442 3702 2509 animum,
3731 2451 3788 2496 et
3814 2443 3862 2496 dt

2301 2524 2492 2581 futuris
2521 2526 2794 2584 conlidere
2818 2527 2991 2598 jubet.
3020 2530 3268 2597 Quiesce,
3296 2531 3396 2597 ait,
3416 2539 3472 2586 et
3494 2546 3563 2587 ne
3589 2532 3805 2601 timeas;
3828 2548 3862 2587 e

2301 2630 2455 2688 reges
2472 2626 2627 2673 vocat
2654 2618 2869 2675 titiones
2893 2619 3178 2690 lignorum,
3204 2636 3388 2676 eorum
3412 2623 3572 2677 simul
3591 2623 3862 2678 vehemen-

2306 2708 2434 2762 tiam
2468 2716 2523 2763 et
2563 2708 2980 2765 imbecillitatem
3018 2709 3315 2767 declarans.
3344 2710 3476 2766 Nam
3506 2712 3624 2768 ideo
3654 2712 3862 2767 addidit

2302 2796 2711 2870 Fumigautium,
2728 2799 2778 2854 id
2796 2810 2899 2868 est,
2921 2805 3009 2871 qui
3034 2815 3158 2856 mox
3179 2801 3548 2874 exstinguendi
3571 2812 3738 2859 erant.
3776 2803 3857 2857 Ex

2304 2888 2430 2944 hinc
2471 2889 2751 2945 declarans
2771 2929 2788 2956 ,
2820 2906 2923 2945 non
2954 2906 3018 2946 ex
3060 2906 3245 2947 eorum
3276 2893 3531 2963 potentia,
3561 2892 3653 2948 sed
3683 2907 3747 2948 ex
3788 2894 3862 2947 Dc

2308 2980 2660 3050 permissioae
2690 2980 3019 3036 invasionem
3050 2996 3171 3038 esse
3195 2981 3416 3049 factam,
3446 2984 3522 3038 ait
3549 3001 3564 3037 :
3592 2982 3717 3038 Cum
3746 2986 3862 3037 enin

2298 3075 2379 3127 ira
2407 3073 2594 3145 furoris
2641 3074 2737 3128 mei
2783 3075 2961 3145 fuerit,
3001 3068 3210 3129 rursum
3254 3076 3507 3131 medebor.
3536 3077 3600 3132 5.
3622 3075 3689 3130 Et
3740 3077 3861 3143 ﬁlia.

2301 3166 2478 3233 Aram,
2498 3175 2544 3221 et
2567 3163 2700 3236 filius
2722 3164 2982 3233 Ramelie,
3001 3168 3120 3238 quia
3138 3167 3355 3222 inierunt
3371 3168 3636 3223 consilium
3665 3171 3856 3223 malum

2301 3260 2551 3332 Epltraim
2576 3268 2623 3313 et
2639 3259 2778 3329 ﬁlius
2812 3260 3052 3316 Ramelia:
3069 3271 3242 3316 contra
3262 3272 3310 3316 te
3328 3261 3546 3316 dicentes
3567 3276 3587 3315 :
3615 3260 3667 3315 6.
3695 3260 3862 3315 Asceu

2302 3350 2476 3405 demus
2490 3350 2543 3403 iu
2573 3349 3411 3427 Judteametaﬁtigemugeam(b),u
3441 3351 3717 3418 collaquuti
3738 3366 3814 3403 an.
3833 3370 3861 3404 τε

2301 3449 2459 3494 tentus
2479 3456 2563 3494 eos
2585 3440 2654 3493 ad
2669 3456 2782 3508 uos,
2807 3451 2853 3495 et
2882 3441 3213 3510 pra’ﬁciemus
3237 3442 3281 3494 ei
3301 3457 3464 3512 regent
3489 3442 3650 3510 ﬁlium
3677 3441 3861 3496 Tabeel

2301 3531 2357 3586 ’1.
2388 3529 2512 3585 Haec
2530 3531 2650 3585 dicit
2675 3531 2924 3585 Dominus
2945 3531 3169 3585 Sabaoth
3192 3549 3212 3585 :
3242 3530 3359 3584 Non
3377 3532 3592 3586 manebit
3612 3535 3862 3587 cousiliun

2302 3622 2417 3688 hae,
2448 3638 2605 3691 neque
2622 3623 2714 3676 erit
2737 3638 2755 3675 :
2779 3622 2834 3677 8.
2857 3622 2946 3675 sed
2974 3633 3125 3693 caput
3150 3623 3301 3675 Aram
3331 3621 3628 3685 Damascus,
3651 3634 3696 3676 et
3725 3640 3861 3693 capu

2301 3713 2544 3769 Damasci
2577 3714 2757 3769 Rasiu.
2804 3714 2870 3769 Et
2910 3714 3076 3767 adhuc
3100 3717 3359 3786 sexaginta
3405 3716 3623 3785 quinque
3657 3718 3802 3780 anni,
3834 3736 3861 3767 ι·

2300 3806 2501 3876 deﬁciet
2570 3821 2778 3877 regnum
2841 3804 3087 3875 Epltraim
3155 3821 3187 3856 a
3246 3805 3472 3876 populo.“
3508 3806 3561 3861 9.
3615 3816 3662 3860 et
3727 3823 3861 3875 rapa

2305 4002 2557 4074 [stringam
2580 4003 3135 4074 interpretaturrelictus
3155 4010 3298 4070 atque
3316 4011 3591 4074 certamen:
3605 4018 3622 4057 :
3637 4004 3858 4074 iutyprm

2304 4065 2633 4132 ηοριιρξλιιαα
2655 4065 2868 4132 quierat
2897 4068 2960 4117 de
2983 4068 3193 4132 duorum
3218 4065 3388 4128 regum
3417 4067 3635 4117 manibus
3663 4065 3862 4118 mea.»

2304 4128 2412 4177 dus.
2442 4128 2560 4179 Plus
2582 4128 2767 4191 negotii
2793 4130 2985 4179 facessit
3011 4131 3140 4176 alter
3162 4129 3297 4178 locus
3320 4140 3673 4191 moxsequens
3699 4145 3710 4178 :
3743 4133 3862 4189 Qua-

2303 4199 2560 4256 propter?
2585 4189 2993 4256 conversationem
3014 4189 3505 4256 eorunttmuuntiabis
3527 4190 3645 4256 mihi
3674 4197 3720 4242 et
3751 4194 3862 4256 quia

2304 4250 2469 4315 agant,
2494 4251 2684 4315 Graece.
2705 4254 2782 4302 διὰ
2806 4255 2946 4303 τοῦτο
2980 4254 3062 4302 καὶ
3095 4254 3122 4300 ὁ
3162 4250 3338 4301 Ἰεσσαὶ
3361 4255 3577 4315 πέμπων,
3602 4254 3684 4301 τὸν
3726 4250 3862 4304 Asculi

2305 4311 2566 4378 ἔλεγε-Κιξί
2585 4314 2639 4378 rt}
2675 4313 2864 4378 Ἰασοὺὸ
2896 4315 3051 4363 αὐτῶν
3079 4314 3229 4378 λήψῃ,
3253 4311 3486 4378 sauciari,
3527 4316 3613 4378 τὴν
3639 4315 3862 4378 ἀναστροκ

2305 4372 2578 4440 ρήνμύξτᾶξν
2608 4374 2885 4440 damnaui;
2905 4393 3015 4440 pot.
3033 4372 3196 4440 γκαὶςὲίξ
3223 4376 3439 4440 διάγουσι
3463 4376 3762 4440 πράττοντες
3793 4372 3857 4425 lib

2304 4433 2453 4485 Savil.
2483 4433 2648 4489 habet.
2689 4433 2768 4485 δίάὶ
2800 4438 2855 4485 τὸ
2896 4433 3042 4485 ἑίτοὺό
3085 4436 3244 4494 αὐτόν,
3286 4433 3518 4485 mendose
3558 4449 3645 4494 pro
3677 4438 3843 4485 αὐτῶν

2303 4505 2414 4559 qua)
2439 4494 2786 4559 lectio,_éau66,
2807 4497 2964 4559 magis
2982 4496 3168 4559 accedit
3191 4498 3250 4546 ad
3276 4495 3537 4559 veritatem
3559 4494 3852 4547 Hebraicam

2304 4553 2543 4621 Sedncum
2578 4553 2953 4616 Chrysostomiis
2994 4558 3076 4621 hic
3117 4570 3310 4621 vocem,
3338 4557 3564 4621 νἸασοὺᾷ,
3599 4560 3773 4621 afferat
3814 4575 3862 4608 at

2304 4613 2698 4680 explicationem
2712 4623 2934 4680 ejusdem
2976 4619 3123 4672 vocis.
3160 4613 3365 4676 Ἰασοῦϐ,
3395 4633 3505 4680 quia
3533 4613 3582 4668 in
3622 4617 3746 4669 Isaia
3784 4621 3862 4669 ha-

2303 4672 2471 4744 betur,
2510 4677 2615 4744 hinc
2656 4672 2850 4744 ridetur
2895 4672 3376 4744 retinenda_lectio_';
3402 4672 3534 4744 cum
3555 4680 3780 4744 maxime
3820 4681 3862 4731 it

2302 4735 2461 4796 Regio
2484 4736 2632 4787 etiam
2658 4740 2835 4795 Codice
2856 4744 3106 4792 habeatur.
3135 4742 3254 4791 Nam
3285 4735 3479 4789 etiamsi
3505 4742 3668 4793 Codex
3694 4739 3862 4792 (ἷοίςιίη

2304 4799 2483 4867 manus
2525 4799 2719 4867 quidam
2760 4808 2800 4856 Χ
2837 4801 3031 4859 smeuli,
3074 4816 3174 4867 quo
3215 4801 3289 4852 usi
3328 4816 3497 4867 sumus
3537 4805 3586 4851 in
3632 4803 3862 4867 Hexaplis

2304 4862 2488 4926 nostris
2510 4861 2571 4926 ad
2592 4863 2726 4914 hunc
2751 4861 3198 4916 memoratum'bic
3224 4868 3382 4926 locum
3408 4862 3429 4910 l
3462 4865 3605 4926 Reg,
3628 4861 3862 4912 Joannem

2302 4918 2473 4990 Chrys.
2495 4922 2726 4985 all'erens,
2756 4929 2949 4990 ἐσουᾷἀ,
2969 4929 3127 4990 legat,
3163 4927 3211 4990 id
3238 4925 3361 4990 agit.
3395 4927 3509 4986 quia
3534 4918 3862 4990 Hexaplarem

2306 4980 2583 5055 editionem?
2608 4980 2821 5055 tractans
2854 4980 3151 5055 videbai‘sic
3180 4980 3463 5055 lege'ndut'n.
3490 4980 3740 5055 Oportere.
3775 4987 3862 5055 llic

2304 5048 2497 5110 autem,
2523 5044 2673 5096 citato
2699 5050 3029 5109 Chrysostomi
3072 5050 3205 5106 loco,
3230 5044 3341 5110 post
3375 5044 3544 5096 ultima
3570 5047 3750 5110 verba,
3785 5051 3862 5106 rain

2303 5102 2558 5173 Evasit-9...:
2589 5111 2670 5157 καὶ
2686 5111 2740 5173 Ατί
2764 5102 2979 5173 δῖάγονσι
3016 5102 3339 5173 «penam,
3357 5110 3427 5173 sic
3461 5109 3657 5173 pergit:
3695 5102 3747 5156 οῖ’
3782 5102 3862 5169 0⁷,

2303 5165 2397 5234 Καὶ
2419 5165 2513 5234 ὃὰρι
2533 5169 2590 5234 ἇγ
2610 5171 2819 5234 χρῄζωσι
2852 5165 3030 5234 ζ(νῴσῃ.
3055 5165 3137 5229 6.,
3164 5173 3244 5219 καὶ
3270 5165 3411 5234 stam
3442 5165 3654 5233 χξρήζῖυσι
3684 5165 3862 5232 γνὼσῃζ

2307 5229 2387 5299 Av
2402 5228 2492 5299 2ιαῖ
2523 5228 2874 5304 ’τήῖᾶύμμιξιῦ
2893 5228 3047 5281 αὐτῶν
3070 5234 3216 5341 Inita.
3243 5234 3316 5291 Σ.,
3339 5228 3531 5304 ttat-{ﬁs}
3564 5228 3862 5307 μισθόφορίᾲῖ

2307 5302 2461 5335 αυτων
2483 5289 2628 5341 latim.
2652 5293 2905 5341 Διόδωρος.
2929 5295 3010 5341 καὶ
3031 5295 3087 5341 τὸ
3125 5293 3138 5310 ’
3180 5294 3299 5341 σοὺϐ
3324 5293 3483 5340 αὐτων
3506 5295 3654 5341 λήψῃ.
3676 5295 3862 5341 Θεοδω-

2303 5289 2461 5335 αὐτῶν
2483 5289 2628 5356 λήψῃῖ
2652 5289 2905 5356 ᾼιόὃωρος,
2929 5295 3010 5341 καὶ
3031 5295 3087 5341 τὸ
3125 5289 3483 5356 Ἐὸ-οὺϐαὐτῶν
3506 5289 3656 5356 λὴᾧῃτ
3676 5289 3862 5356 6-5036)-

2300 5363 2458 5456 gg'roc:
2482 5351 2564 5422 θεαὶ
2579 5351 2634 5398 τὸ
2660 5351 2866 5404 Ἐσουϐἁ
2896 5356 3051 5403 αὐτῶν
3077 5356 3222 5417 λήψῃ.
3255 5355 3488 5429 Itasime.
3509 5351 3590 5429 καξ
3701 5354 3862 5429 Ἐφου-

2399 5425 2555 5456 an)th
2590 5412 2739 5456 “dm.
2786 5415 2845 5456 Ὀ
2878 5417 2930 5456 δὲ
2963 5417 3228 5456 imitmur/()1
3282 5415 3488 5456 ’ltaauﬁa
3535 5433 3691 5456 αυτων
3718 5418 3862 5456 indm.

2344 5409 2366 5493 it
2399 5408 2555 5485 ᾳύτῶν
2786 5415 2845 5465 ‘O
2962 5408 3231 5493 Σύμμάχοξ,
3262 5408 3488 5493 λΕςονϐἆ
3535 5416 3699 5493 aurci):
3718 5418 3862 5479 in'lﬂai

2302 5471 2609 5540 ῇρμήγιυσεν.
2635 5471 2770 5525 νδάα
2804 5471 3503 5540 χρῄζορσίῆνῶᾆῃλεξιεῑυω
3542 5490 3631 5540 vox
3668 5475 3732 5525 de
3770 5471 3862 5537 ’q'u'i

2304 5529 2383 5579 hic
2403 5529 2699 5594 disputatur.
2727 5539 2767 5586 si
2876 5529 3138 5588 veritatem
3158 5529 3449 5588 l-l'ebraicam
3477 5537 3746 5597 scribatur,
3772 5529 3862 5588 erit

2305 5601 2511 5688 ‘39:“;
2534 5603 3264 5688 inseruissedictum
3312 5609 3465 5661 ιιειδει
3503 5612 3625 5688 “Ph
3672 5610 3862 5661 Dm“

2302 5671 2428 5727 nm.
2464 5676 2511 5720 et
2532 5671 2705 5735 pignus
2726 5680 2895 5720 eorum
2915 5671 3142 5732 accipies.

2324 5775 2388 5839 (³πῖ
2414 5788 2540 5844 nec,
2566 5783 2611 5831 et
2626 5774 2886 5843 uﬂligemus
2909 5785 3031 5837 eam,
3054 5782 3148 5821 non
3169 5774 3282 5821 sunt
3305 5768 3352 5818 in
3371 5770 3511 5817 textu
3528 5769 3658 5815 .Lxx.
