3968 6208
478 349 544 408 ει
1179 331 1236 388 S.
1279 321 1564 385 1051‘le
1602 302 2098 374 CIIBYSOSTOMI
2147 301 2469 360 ABCHIEP.
2512 300 3061 358 CONSTANTINOP.
3628 302 3695 358 33

483 467 593 534 γὰρ
621 462 650 514 6
685 460 850 530 φόϐος
895 451 1204 513 κατέσεισε,
1252 445 1349 499 καὶ
1395 440 1501 534 πρδ
1543 433 1839 534 ὀφθαλμῶν
1885 424 1954 534 ᾖν
1991 424 2061 478 τά

483 521 654 616 δεινὰ,
685 521 752 605 τά
775 549 832 602 δὲ
857 545 1069 617 χρηστά
1099 543 1156 594 ἐν
1179 537 1378 598 ἐλπίσι,
1404 532 1503 587 καὶ
1531 524 1854 617 προσδοκίαν
1885 521 2055 589 ὑπερ-

487 647 740 701 ϐαίνοντα
772 641 975 700 πᾶσαν,
1022 633 1118 690 καὶ
1145 631 1194 682 οί
1229 624 1569 698 ἀκροώμενοι
1609 619 1670 672 o6
1718 615 1923 685 σφόδρα
1962 627 2056 662 πι-

491 736 625 799 στοὶ,
655 733 754 803 ὅρα
778 729 831 783 τί
861 728 1028 780 ποιεῖ.
1057 721 1250 776 Δίδωσι
1286 716 1510 786 σημεῖον
1543 703 2058 803 μέγιστονᾼτῶνὶέκ-

491 791 827 894 θησομένων,
856 815 925 869 τὰ
952 810 1292 884 βουλεύματα
1328 804 1437 858 τῶν
1470 798 1744 870 πολεμίων
1779 791 2065 894 είςνμέσον

492 878 758 982 ἐκφέρων.
789 878 1086 974 Δέγεινγάρ
1113 878 1293 952 αῦτῶν
1313 894 1414 963 τὴν
1441 890 1687 982 γνῶμην,
1711 883 1832 982 μεθ’

491 969 858 1073 εστράτευσαν
876 969 948 1067 τῇ
979 969 1151 1055 πόλει,
1199 988 1294 1043 καὶ
1336 985 1389 1039 τί
1435 981 1568 1052 πρὸς
1597 969 2060 1073 ἀλλήλουςδιελέ-

489 1065 730 1168 χθησαν,
777 1089 873 1144 καὶ
905 1065 956 1141 τί
990 1083 1271 1143 συνθέντες
1309 1073 1626 1146 ἐπανῆλθον,
1661 1069 1757 1124 καὶ
1793 1065 2068 1168 δείκνυσιν

491 1154 526 1258 ἢ
560 1154 849 1256 προδοσίαν
882 1179 943 1232 τὸ
990 1175 1221 1248 πρᾶγμα
1252 1169 1311 1224 ὃν
1345 1161 1898 1258 (Συλλαλήσαντες
1928 1154 2060 1258 γάρ,

493 1246 682 1349 φησίν,
703 1272 933 1337 αὐτοῖς,
962 1246 1421 1334 ἀποστρέψομεν
1445 1255 1666 1320 αὐτοὺς
1691 1252 1843 1349 πρὸς
1861 1246 2062 1349 ἡμᾶς),

492 1339 528 1442 ή
557 1339 722 1438 πολλῇ
754 1367 818 1436 τῇ
843 1361 1068 1432 ἀπονοίᾳ
1103 1356 1420 1430 μεθύοντας,
1451 1349 1544 1403 καὶ
1575 1346 1894 1418 νομίζοντας
1911 1339 2066 1442 Δμηδὲ

493 1431 672 1515 έπλων
697 1431 877 1518 αὐτοῖς
905 1431 1053 1518 δεῖν,
1084 1447 1217 1522 μηδέ
1253 1440 1610 1515 παρατάξεως
1652 1437 1746 1492 καὶ
1794 1431 2068 1504 συμϐολῆς

497 1644 650 1715 φησὶ,
687 1615 845 1712 μόνον
874 1637 967 1692 καὶ
1011 1631 1376 1703 διαλεχθῆναι,
1422 1628 1517 1680 καὶ
1545 1625 1750 1715 πάντας
1792 1615 2070 1715 αἰχμαλώῖ

496 1751 622 1797 τους
657 1731 919 1791 λαϐόντας
969 1725 1240 1780 ἀπελθεῖν.
1288 1717 1452 1784 Εἶτα,
1488 1719 1624 1788 ὅπερ
1679 1714 1978 1782 πάσχουσιν
2019 1707 2070 1761 οἱ

497 1826 776 1890 ἀλαζόνες,
823 1819 930 1875 ὑπὸ
964 1819 1064 1889 τῆς
1097 1814 1310 1877 ἐλπίδος
1351 1810 1556 1880 ταύτης
1596 1804 1930 1877 φυσηθέντες
1975 1799 2073 1855 καὶ

499 1919 629 1990 περὶ
657 1914 916 1988 βασιλέως
947 1907 1306 1982 βουλεύονται,
1331 1903 1405 1966 ὼς
1426 1900 1526 1972 ήδη
1553 1899 1650 1968 τῆς
1679 1895 1885 1957 πόλεως
1911 1891 2067 1990 ἀλου-

501 1985 622 2082 σης,
641 1985 733 2064 καὶ
754 2007 874 2060 τίνα
903 2001 1193 2070 ἐπιστῆσαι
1211 1999 1290 2050 δεῖ
1309 1999 1372 2067 τῇ
1394 1991 1744 2065 μητροπόλει.
1761 1988 1874 2041 Καὶ
1888 1987 1956 2040 τὰ
1975 1985 2074 2055 μὲν

500 2081 723 2158 ἐκείνων
739 2098 984 2161 τοιαῦτα,
1008 2094 1172 2166 φησί·
1187 2091 1258 2146 τά
1274 2092 1330 2145 δὲ
1346 2089 1436 2143 τοῦ
1455 2087 1588 2142 Θεοῦ
1613 2086 1826 2140 πάντων
1849 2081 2074 2136 ἐκείνων

501 2191 838 2264 ἁναιρετικά.
871 2190 961 2243 Διὸ
987 2189 1080 2241 καὶ
1113 2185 1392 2255 ἐπήγαγε·
1431 2179 1580 2234 Τάδε
1624 2177 1787 2246 λέγει
1831 2176 2070 2243 Κύριος·

502 2288 597 2342 καὶ
620 2286 718 2340 οὐκ
749 2284 898 2354 έστη,
918 2282 1053 2335 ἀλλά
1076 2277 1402 2350 προσέθηκε,
1429 2272 1862 2329 Σαϐαὼθ.”οταν
1888 2268 1998 2337 γάρ
2022 2283 2076 2319 τι

507 2381 648 2451 μέγα
673 2373 1033 2444 ἀπαγγέλλειν
1079 2370 1272 2442 μέλλῃ,
1316 2367 1416 2436 τῆς
1453 2364 1733 2433 δυνάμεως
1767 2358 2076 2451 ἀναμιμνή-

507 2448 626 2525 σκει
656 2467 751 2522 τοῦ
782 2464 938 2531 Θεοῦ,
977 2463 1072 2517 καὶ⁵
1107 2462 1204 2531 τῆς
1232 2455 1510 2528 βασιλείας
1543 2453 1641 2522 τῆς
1671 2451 1801 2514 ἄνω,
1833 2449 1928 2502 καὶ
1955 2448 2079 2502 θαυ-

510 2561 722 2634 μαστῆς
750 2558 965 2628 ἐκείνης
1001 2556 1174 2626 ἀρχῆς
1228 2551 1322 2603 καὶ
1352 2545 1680 2619 παραδόξου.
1708 2542 1773 2594 Τί
1794 2536 2079 2634 φησιν

506 2631 536 2707 6
564 2653 731 2717 Θεός;
771 2652 854 2704 06
878 2647 967 2718 μὴ
991 2647 1171 2716 μείνῃ
1205 2643 1242 2709 ἡ
1265 2639 1468 2706 ,βουλὴ
1507 2637 1680 2702 αὕτη,
1709 2631 1851 2688 οὐδὲ
1870 2631 2075 2686 ἔσται·

509 2747 646 2802 ἀλλ’
675 2747 712 2813 ἠ
745 2741 977 2811 κεφαλὴ
1015 2738 1184 2806 Ἀρὰμ
1228 2731 1565 2803 Δαμασκός.
1606 2728 1670 2780 Ἦ
1700 2724 1842 2797 ἀρχὴ
1877 2719 2042 2776 αὑτοῦ
2062 2759 2078 2783 ,

511 2838 696 2909 φησὶν,
725 2838 758 2907 ή
790 2831 1006 2900 ἐξουσία
1048 2825 1210 2882 αὑτοῦ
1263 2828 1320 2879 ἐν
1352 2819 1624 2892 Δαμασκῷ
1658 2819 1937 2889 στήσεται,
1988 2815 2081 2869 καὶ

511 2905 818 2996 περαιτέρω
845 2923 903 2977 o6
937 2920 1288 2993 προϐήσεται.
1307 2915 1413 2969 Kal
1437 2916 1474 2983 ἠ
1499 2909 1733 2982 κεφαλὴ
1763 2905 2082 2977 Δαμασκοῦ

521 3021 748 3075 Ῥασίν.
777 3015 892 3074 Καὶ
923 3017 951 3068 6
980 3016 1162 3086 ἄρχων
1199 3007 1511 3080 Δαμασκοῦ,
1548 3003 1701 3075 φησί,
1735 3003 1830 3056 καὶ
1873 3003 1902 3054 6
1947 3017 2083 3070 κρα-

510 3113 621 3168 τῶν
654 3110 839 3164 Ῥασίν
867 3109 1017 3160 ἔσται
1038 3123 1051 3137 ·
1075 3103 1368 3162 τουτέστιν,
1394 3100 1450 3151 ἐν
1475 3099 1583 3159 τοῖς
1614 3093 1776 3148 αὑτοῦ
1821 3094 1968 3163 μενεῖ
1992 3091 2084 3144 καὶ

511 3203 734 3260 πλείονα
771 3199 832 3252 o6
863 3196 1163 3268 προσθήσει
1195 3191 1420 3261 δύναμιν
1459 3185 1624 3257 αὐτῷ.
1657 3185 1767 3239 Kal
1806 3181 1903 3237 έπι
1946 3180 2086 3248 ἑξή-

513 3312 701 3352 κοντα
746 3293 842 3346 καί
873 3291 1051 3344 πέντε
1081 3288 1188 3356 ἐτη
1211 3325 1225 3351 ,
1268 3284 1366 3338 καὶ
1401 3281 1669 3349 ἐκλείψει
1714 3278 1753 3345 ἡ
1797 3275 2086 3342 ,ϐασιλεία

525 3388 728 3458 Ἐφραῒ
724 3404 768 3455 μ
797 3383 916 3439 ἀπὸ
953 3381 1129 3436 λαοῦ.

584 3457 646 3534 δ’.
671 3477 917 3546 Μεγίστη
947 3475 1046 3544 τῆς
1079 3468 1332 3541 ἀληθείας
1359 3465 1659 3530 ἀπόδειξις,
1693 3462 1820 3516 ὃταν
1848 3457 2088 3521 καὶτοὺς

517 3571 743 3644 καιροὺς
786 3567 1126 3639 προλέγωσιν
1171 3565 1220 3616 οί
1261 3561 1571 3634 προφῆται,
1610 3554 1944 3626 παρέχοντες
1974 3553 2088 3613 τοῖς

521 3643 860 3736 βουλομένοις
892 3652 1167 3720 ἐξετάζειν
1219 3649 1358 3722 μετά
1400 3644 1685 3736 ἀκριϐείας
1732 3643 1832 3712 τῆς
1876 3656 2089 3711 προφη-

522 3734 673 3817 τείας
699 3751 800 3821 τὴν
827 3748 1076 3817 δύναμιν.
1107 3741 1217 3797 Νῦν
1247 3741 1343 3812 μὲν
1373 3737 1503 3808 γὰρ,
1538 3735 1723 3806 φησὶν,
1751 3734 2088 3804 ἀποστήσον-

516 3863 606 3899 ται
645 3844 744 3914 τῆς
776 3840 981 3901 πόλεως
1000 3851 1015 3866 ·
1059 3832 1194 3906 μετὰ
1228 3831 1286 3885 δέ
1335 3829 1498 3883 πέντε
1539 3828 1634 3880 καὶ
1680 3825 1943 3914 ἐξήκοντα
1989 3822 2089 3914 έτη

514 3908 806 4002 ὁλόκληρον
855 3925 1134 3981 ἀπολεῖται
1171 3919 1234 3973 τδ
1273 3917 1452 3982 ἔθνος,
1482 3915 1575 3969 καὶ⁵
1606 3914 1656 3967 οί
1699 3911 1945 3982 πολέμιοι
1989 3908 2088 3964 λα-

516 3999 947 4087 ϐόπεςναύτοὺς,
975 4012 1338 4070 ἀπελάσονται
1363 4009 1593 4070 πάντας.
1626 4003 1741 4059 Νῦν
1773 4003 1954 4075 μέντοι
1983 3999 2090 4072 πρὸ

515 4117 615 4189 τῆς
648 4112 899 4174 ἁλώσεως
945 4107 1157 4176 ἐκείνης
1197 4103 1346 4158 οὐδὲν
1389 4099 1551 4153 πλέον
1593 4097 1704 4151 τῶν
1745 4095 1962 4149 οἰκείων
1989 4093 2089 4164 λή-

511 4187 728 4280 ψονται.
760 4205 880 4258 Ἵνα
918 4201 1027 4272 γὰρ
1059 4198 1135 4271 μὴ
1176 4188 1416 4256 ἀκούσας
1444 4192 1473 4245 6
1501 4189 1783 4262 βασιλεὺς,
1815 4189 1897 4242 ὃτι
1954 4187 2090 4258 μετὰ

514 4278 779 4372 ἐξήκοντα
820 4295 980 4349 πέντε
1025 4292 1118 4362 ἐτη
1161 4287 1506 4345 ἀπολοῦνται,
1533 4283 1666 4354 λέγῃ
1694 4282 1830 4353 πρδς
1861 4278 2050 4332 ἑαυτόν
2071 4292 2089 4310 ο

513 4369 742 4453 Τίνοῦνς
771 4386 864 4439 ἐὰν
896 4381 992 4437 νῦν
1018 4382 1167 4451 ἡμᾶς
1203 4378 1477 4440 λαϐόντες,
1502 4374 1622 4427 τότε
1665 4370 2011 4434 ἀπολοῦνται,
2037 4369 2091 4421 τί

516 4481 580 4535 τὸ
624 4478 813 4548 ὄφελος
845 4477 1006 4545 ήμῖν;
1051 4471 1280 4541 θάρρει,
1321 4467 1418 4520 καὶ
1460 4465 1586 4536 περὶ
1636 4463 1744 4516 τῶν
1785 4461 2088 4533 παρόντων.

528 4570 856 4622 ’Δλώσονται
899 4564 1008 4633 γὰρ
1046 4562 1167 4614 τότε
1212 4555 1523 4618 παντελῶς·
1564 4555 1659 4608 νῦν
1697 4553 1878 4623 μέντοι
1929 4551 2091 4605 πλέον

516 4663 672 4717 οὐδὲν
693 4671 712 4692 ⁸
742 4659 848 4712 τῶν
894 4654 1109 4710 οἰκείων
1141 4649 1256 4724 [79]
1295 4649 1525 4716 ἕξουσιν.
1573 4645 1712 4698 Ἀλλ’
1741 4645 1892 4698 ἔσται
1936 4645 1970 4715 ὴ
1997 4660 2092 4696 κε-

517 4753 667 4824 φαλὴ
707 4748 966 4822 Ἐφραῖμ,
996 4745 1262 4807 τουτέστι,
1292 4741 1399 4794 τῶν
1442 4738 1573 4792 δέκα
1602 4736 1803 4806 φυλῶν,
1843 4738 1877 4807 ἡ
1909 4735 2094 4807 Σαμᾶ-

519 4864 647 4917 ρεια
666 4861 680 4874 ·
717 4846 833 4898 ἐκεῖ
860 4841 967 4912 γάρ
998 4835 1066 4911 ἦν
1094 4837 1274 4898 αὐτοῖς
1300 4834 1334 4904 ἡ
1363 4831 1641 4903 βασιλεία·
1679 4829 1772 4884 καὶ
1802 4829 1902 4882 οὐκ
1931 4831 2092 4882 ἐκτα-

519 4939 747 5008 οήσεται
783 4932 1090 5004 περαιτέρω
1109 4946 1122 4959 ·
1154 4929 1248 4982 καὶ
1277 4928 1309 4997 ή
1348 4924 1555 4994 κεφαλὴ
1595 4921 1906 4992 Σαμαρείας
1935 4923 1963 4975 6
1993 4919 2091 4990 βα-

524 5030 704 5092 σιλεὺς
729 5026 822 5080 τοῦ
857 5023 1104 5096 Ἰσραήλ·
1129 5021 1265 5091 ὅπερ
1288 5017 1381 5072 ἐπὶ
1400 5015 1491 5070 τοῦ
1515 5011 1875 5086 Δαμασκηνοῦ
1915 5011 2090 5080 ἔλεγε,

523 5122 682 5176 τοῦτο
711 5120 802 5174 καλ⁸
835 5112 1068 5171 ἐνταῦθα
1095 5111 1288 5184 δηλῶν,
1314 5112 1396 5164 ὄτι
1426 5109 1578 5163 οὐδὲν
1606 5107 1767 5161 πλέον
1799 5105 2032 5171 ἕξουσιν,
2056 5105 2091 5175 ἢ

523 5213 694 5267 ταῦτα
727 5211 763 5264 ἃ
788 5207 884 5263 νῦν
915 5205 1252 5277 κατέχουσιν.
1284 5198 1438 5266 Εἶτα,
1471 5201 1656 5272 ἐπειδὴ
1688 5200 1989 5272 πράγματα
2013 5193 2093 5252 εἴ·

524 5321 626 5358 πεν
671 5299 1064 5372 ὑπερϐαίνοντα
1100 5296 1258 5364 λόγον
1296 5291 1665 5363 ἀνθρώπινον,
1713 5292 1808 5344 καὶ
1847 5291 2095 5364 ἀνώτερα

523 5400 624 5467 τῆς
650 5395 758 5447 τῶν
796 5390 1072 5462 λογισμῶν
1098 5385 1435 5450 ἀκολουθίας,
1467 5385 1561 5439 καὶ
1591 5382 1890 5455 προφητεία
1919 5383 1980 5436 τὸ
2003 5383 2094 5435 λε-

523 5490 754 5561 γόμενον
790 5481 879 5556 ἦν.
919 5482 1144 5545 εἰκότως
1189 5480 1492 5550 ἐπήγαγεν·
1544 5479 1685 5532 Ἐὰν
1720 5476 1806 5546 μὴ
1847 5477 2094 5531 πιστεύ-

523 5597 699 5649 σητε,
727 5576 869 5631 οὐδὲ
899 5573 984 5644 μὴ
1013 5569 1262 5640 συνῆτε.
1306 5570 1397 5638 Μὴ
1430 5569 1616 5640 ζήτει,
1648 5567 1814 5637 φησί,
1855 5562 1970 5631 πῶς
2003 5568 2097 5620 καὶ

524 5672 629 5726 τίνι
662 5670 846 5741 τρόπῳ
873 5665 1042 5721 ταῦτα
1071 5663 1222 5717 ἔσται
1243 5679 1256 5693 ·
1285 5661 1417 5724 Θεὸς
1446 5661 1555 5732 γάρ
1595 5661 1744 5713 ἐστιν
1788 5661 1818 5712 6
1861 5660 2090 5730 ἐργαζό-

529 5777 708 5830 μενος,
738 5761 828 5812 καὶ
861 5754 1098 5819 πίστεώς
1130 5773 1208 5808 σοι
1241 5755 1321 5808 δεῖ
1348 5754 1532 5826 μόνης,
1573 5753 1667 5806 καὶ
1697 5751 1966 5822 ἐννοήσεις
2001 5752 2092 5806 τοῦ

593 5895 612 5915 ⁸
639 5893 785 5943 Οὐδέν
810 5892 952 5943 decsl
973 5892 1021 5942 in
1041 5891 1162 5954 Reg.

2167 419 2445 484 ποιοῦντος
2471 419 2571 489 τὴν
2597 418 2824 490 δύναμιν
2846 434 2860 448 ο
2895 419 3075 470 πᾶσαν
3112 415 3341 479 έλαϐεςὶι
3370 415 3472 468 τῶν
3501 417 3705 485 εἰρημέο

2168 531 2275 578 νων
2306 513 2404 585 τὴν
2432 511 2723 578 ἀπόδειξιν.
2747 511 2838 564 Διὸ
2861 512 2956 562 καὶ
2980 511 3008 562 6
3035 509 3316 581 προφήτης
3345 507 3498 560 Δαυίδ
3520 508 3708 578 ἔλεγεν·

2180 605 2560 667 Ἐπίστευσα,
2601 602 2695 657 διὸ
2739 601 3034 669 ἐλάλησα.
3083 601 3246 653 Καὶὸ
3276 598 3479 662 Παῦλος
3505 599 3710 665 εἰκότως

2168 696 2556 767 ἐπιλαϐόμενος
2582 696 2680 766 τῆς
2716 696 2924 767 ρήσεως
2949 693 3171 762 ταύτης,
3198 692 3291 745 ἐπὶ
3318 690 3531 762 μείζονα
3557 694 3711 760 αὐτὴν

2166 787 2383 841 εἵλκυσε
2433 784 2733 856 πράγματα
2790 782 2994 852 λέγων·
3033 783 3315 850 Ἔχοντες
3355 779 3424 834 δέ
3469 780 3532 833 τὸ
3577 782 3709 834 αὐτὸ

2169 879 2409 947 Πνεῦμα
2426 875 2538 945 τῆς
2563 876 2844 941 πίστεως,
2866 873 3017 929 κατά
3044 873 3110 928 τό
3140 871 3558 943 γεγραμμένον,
3574 873 3714 926 Ἐπί-

2169 985 2425 1032 στευσα,
2451 969 2544 1024 διὸ
2574 969 2674 1023 καί
2699 968 2997 1036 ἐλάλησα·
3029 967 3128 1022 καὶ
3154 966 3324 1036 ἡμεῖς
3357 967 3714 1034 πιστεύομεν,

2169 1065 2263 1120 διὸ
2287 1065 2384 1119 καὶ
2404 1064 2732 1132 λαλοῦμεν.
2755 1063 2818 1116 Εἰ
2849 1061 2959 1132 γὰρ
2985 1059 3054 1113 τὰ
3087 1058 3289 1112 παλαιὰ
3316 1058 3544 1122 πίστεως
3572 1059 3719 1130 ἔχρῃ-

2171 1152 2254 1218 ζε,
2286 1152 2534 1206 τοσοῦτον
2563 1151 2833 1220 ἀπέχοντα
2866 1147 2976 1202 τῶν
3010 1149 3068 1201 ἐν
3093 1149 3160 1218 τῇ
3195 1148 3394 1217 Καινῇ,
3424 1146 3544 1198 ὅσον
3586 1147 3619 1215 ή
3653 1147 3721 1214 γῆ

2171 1245 2279 1300 τῶν
2307 1243 2572 1316 οὐρανῶν,
2623 1240 2804 1312 πολλῷ
2855 1239 3052 1311 μᾶλλον
3100 1239 3136 1308 ή
3177 1237 3288 1290 τῶν
3319 1235 3489 1299 οὕτως
3519 1235 3723 1306 ὑψηλῶν

2172 1338 2459 1408 δογμάτων
2483 1336 2686 1406 γνῶσις
2733 1335 2826 1389 καὶ
2872 1333 2995 1388 οὐδὲ
3041 1332 3120 1395 είς
3164 1329 3292 1384 νοῦν
3334 1328 3586 1382 ἐλθόντων
3624 1327 3724 1382 τινί

2175 1446 2326 1484 ποτε.
2354 1429 2534 1498 Ὅπερ
2568 1422 2661 1481 οὖν
2691 1426 2784 1480 καὶ
2806 1424 2967 1488 αὐτὸς
2993 1421 3168 1494 δηλῶν
3195 1421 3376 1490 ἔλεγεν
3395 1422 3480 1475 ’Ἃ
3517 1421 3728 1488 ὀφθαλ-

2050 1562 2071 1588 ,
2169 1520 2286 1590 μός
2306 1522 2416 1575 οὐκ
2443 1515 2622 1584 εἶδεν,
2660 1517 2758 1572 καὶ
2782 1512 2890 1582 οὖς
2911 1517 3021 1570 οὐκ
3059 1514 3310 1583 ἤκουσε,
3351 1511 3449 1566 καὶ
3479 1511 3574 1565 ἐπὶ
3603 1528 3729 1579 acap-

2175 1608 2314 1662 δίαν
2327 1607 2638 1676 ἀνθρώπου
2655 1608 2766 1660 οὐκ
2787 1606 2992 1672 ἀνέϐη,
3010 1603 3048 1657 ἃ
3068 1603 3398 1672 ἡτοίμασεν
3418 1603 3450 1656 ό
3465 1601 3602 1667 Θεὸς
3620 1600 3731 1666 τοῖς

2175 1695 2490 1767 ἀγαπῶσιν
2513 1695 2717 1750 αὐτόν.
2741 1695 2849 1749 Kal
2876 1691 3201 1762 προσέθετο
3234 1692 3448 1760 Κύριος
3482 1689 3732 1758 λαλῆσαι

2176 1789 2258 1854 τῷ
2290 1787 2473 1856 "Agat
2497 1787 2719 1856 λέγων·
2746 1787 3001 1853 Αἵτησαι
3047 1782 3282 1848 σεαυτῷ
3319 1781 3570 1851 σημεῖον
3591 1781 3735 1848 παρὰ

2178 1879 2399 1948 Κυρίου
2422 1879 2530 1933 τοῦ
2561 1878 2709 1933 Θεοῦ
2744 1894 2882 1943 σου,
2927 1879 3013 1941 είς
3039 1875 3232 1941 ,βάθος
3259 1873 3297 1942 ἢ
3323 1876 3413 1940 εις
3431 1875 3603 1942 ὕψος.
3638 1872 3736 1926 Καὶ

2178 1969 2348 2026 εἶπεν
2371 1970 2572 2041 Ἀχαζ·
2599 1973 2681 2025 Οὐ
2699 1971 2785 2040 μὴ
2809 1969 3056 2037 αἰτήσω,
3081 1968 3223 2022 οὐδὲ
3243 1966 3326 2041 μὴ
3350 1966 3612 2035 πειράσω
3635 1967 3739 2021 Κύ-

2172 2081 2328 2132 ριον.
2381 2063 2491 2120 Kal
2535 2064 2705 2117 εἶπεν
2754 2063 3024 2126 Ἡσαΐας·
3083 2061 3413 2114 Ἀκούσατε
3448 2058 3552 2126 δὴ,
3592 2055 3742 2124 οἵκος

2181 2154 2362 2210 Δαυΐδ
2381 2171 2394 2186 ·
2433 2155 2528 2222 Μὴ
2557 2154 2772 2224 μικρὸν
2803 2153 2964 2222 ὑμῖν,
2990 2152 3196 2222 ἀγῶνα
3228 2151 3517 2221 παρέχειν
3543 2148 3743 2218 ἀνθρώ-

2182 2259 2319 2309 ποις
2337 2261 2355 2309 ;
2374 2243 2484 2296 Kal
2512 2241 2638 2307 πῶς
2662 2242 2854 2309 Κυρίῳ
2877 2240 3166 2309 παρέχετε
3190 2238 3434 2308 ἁτῶνα;
3458 2237 3558 2291 Διὰ
3585 2236 3745 2290 τοῦτο

2182 2331 2364 2387 δώσει
2397 2331 2612 2400 Κύριος
2651 2330 2832 2396 αὐτὸς
2859 2330 3002 2399 ὑμῖν
3034 2329 3308 2398 σημεῖον.
3346 2328 3497 2383 Ἰδοὺ
3536 2327 3572 2395 ἡ
3613 2343 3747 2394 παρα

2184 2424 2358 2490 θένος
2403 2423 2474 2478 ἐν
2509 2423 2717 2494 γαστρὶ
2753 2423 3033 2492 λήψεται,
3076 2424 3174 2478 καί
3213 2422 3450 2488 τέξεται
3487 2423 3633 2485 υἱὸν,
3661 2421 3750 2476 καί

2186 2515 2519 2572 καλέσουσι
2559 2515 2626 2568 τὸ
2669 2515 2858 2585 ὄνομα
2899 2514 3086 2570 αὑτοῦ
3134 2515 3540 2585 Ἐμμανουήλ.
3589 2513 3751 2583 Πολλὴ

2185 2607 2280 2661 τοῦ
2307 2606 2440 2660 Θεοῦ
2483 2606 2887 2675 συγκατάϐασις
2906 2646 2921 2672 ,
2969 2607 3062 2660 καὶ
3097 2605 3191 2660 τοῦ
3230 2605 3502 2676 βασιλέως
3539 2609 3572 2677 ή
3599 2605 3754 2674 ἀγνω-

2190 2700 2417 2770 μοσύνη.
2451 2699 2599 2753 Ἔδει
2630 2700 2727 2770 μὲν
2751 2698 2862 2770 γάρ
2887 2698 3050 2752 αὐτὸν
3087 2697 3400 2753 ἀκούσαντα
3435 2698 3528 2752 τοῦ
3558 2698 3752 2769 προφή-

2185 2810 2302 2857 του,
2337 2792 2498 2864 μηδέν
2530 2791 2886 2862 ἀμφιϐάλλειν
2924 2792 3052 2862 περὶ
3084 2789 3191 2844 τῶν
3233 2790 3578 2862 εἰρημένων·
3625 2791 3670 2843 εί
3705 2788 3754 2842 δὲ

2189 2885 2281 2938 καὶ
2307 2882 2637 2953 ἀμφέϐαλλε,
2662 2881 2764 2936 κᾶν
2786 2881 3010 2953 σημεῖον
3031 2881 3261 2936 λαϐόντα
3296 2881 3610 2947 πιστεῦσαι,
3629 2882 3755 2951 ὅπερ

2190 2976 2376 3029 πολλοὶ
2406 2975 2514 3028 τῶν
2554 2974 2705 3046 παρά
2740 2974 3014 3037 Ἰουδαίοις
3047 2975 3416 3044 πεποιήκασι.
3455 2975 3563 3028 Καὶ
3593 2973 3696 3045 γὰρ
3727 2973 3755 3024 6

2189 3067 2340 3129 Θεὸς,
2361 3066 2737 3137 φιλάνθρωπος
2756 3065 2852 3131 ὣν,
2883 3065 3003 3118 οὐδέ
3029 3065 3185 3118 τοῦτο
3211 3067 3573 3137 παρῃτήσατο
3595 3081 3759 3136 παρα-

2193 3160 2339 3227 σχεῖν
2370 3157 2628 3220 πολλάκις
2657 3160 2769 3221 τοῖς
2810 3155 3140 3227 παχυτέροις
3184 3155 3277 3210 κα)⁸
3318 3157 3503 3227 χαμαὶ
3542 3154 3762 3227 συρομέ-

2191 3263 2325 3310 νοις,
2377 3248 2471 3300 καὶ
2498 3249 2564 3318 τῇ
2599 3251 2669 3317 γῇ
2719 3247 3180 3318 προσηλωμένοις,
3231 3243 3345 3299 οἷον
3386 3247 3643 3318 ἐποίησεν
3675 3245 3762 3297 ἐπὶ

2191 3339 2283 3393 τοῦ
2314 3337 2536 3394 Γεδεών.
2580 3339 2796 3411 Ἐπειδὴ
2831 3339 2940 3410 γὰρ
2988 3337 3205 3392 πάντων
3249 3339 3676 3409 καταδεέστερος
3699 3332 3763 3408 ἦν

2193 3433 2288 3487 καὶ
2319 3431 2662 3503 παχύτατος,
2693 3433 2796 3502 ὅρα
2839 3431 2941 3486 ποῦ
2987 3431 3303 3486 καταϐαίνει
3345 3431 3516 3485 πάλιν
3549 3431 3577 3483 6
3617 3427 3758 3491 Θεός.

2192 3523 2366 3587 Αὐτὸς
2400 3522 2561 3578 αὐτὸν
2606 3523 2914 3592 ἐφέλκεται,
2959 3523 3053 3577 καὶ
3081 3522 3379 3594 προτρέπει
3413 3521 3552 3594 πρὸς
3595 3522 3652 3574 τὸ
3683 3537 3766 3589 ση-

2199 3618 2346 3686 μεῖον
2378 3616 2634 3684 αἰτῆσαι·
2663 3615 2841 3668 καίτοι
2889 3629 2952 3682 γε
2977 3613 3095 3667 οὐδὲ
3132 3613 3325 3685 μικρὸν
3351 3612 3515 3668 τοῦτο
3553 3612 3764 3682 σημεῖον

2193 3703 2283 3778 ἦν,
2316 3705 2378 3759 τδ
2430 3705 2649 3774 ἐλέγξαι
2682 3703 2849 3758 αὐτοῦ
2881 3705 2950 3759 τά
2993 3704 3300 3776 ἀπόρρητα,
3345 3707 3445 3759 καὶ
3487 3707 3570 3768 εἱς
3612 3702 3767 3773 μέσον

2203 3800 2430 3868 ἀγαγεῖν
2451 3797 2615 3851 αὐτοῦ
2642 3796 2740 3867 τὴν
2770 3795 2994 3867 γνώμην
3025 3796 3265 3860 ἃπασαν,
3291 3796 3389 3849 καὶ
3423 3797 3523 3869 τὴν
3548 3795 3767 3864 ὑπόκρι-

2197 3902 2281 3940 σιν
2326 3883 2592 3953 διελέγξαι
2624 3885 2822 3938 πᾶσαν.
2866 3883 3082 3954 Ἐπειδὴ
3124 3883 3233 3954 γὰρ
3261 3885 3290 3938 6
3337 3886 3442 3954 μὲν
3487 3885 3768 3956 προφήτης

2195 3974 2370 4042 εἶπεν,
2417 3977 2671 4045 Αῑτησαι
2711 3974 2946 4041 σεαυτῷ
2988 3959 3270 4045 σημεῖον,
3317 3977 3532 4041 ἐκεῖνος
3578 3977 3634 4030 δὲ
3681 3974 3768 4028 τὸν

2197 4071 2400 4142 σφόδρα
2424 4071 2615 4124 πιστὸν
2642 4068 3086 4139 ὑποκρινόμενος,
3118 4067 3322 4137 ἔλεγεν,
3361 4071 3448 4124 Οὐ
3477 4068 3566 4139 μὴ
3614 4065 3772 4134 altri-

2195 4178 2304 4228 σω,
2330 4160 2473 4216 οὐδέ
2491 4160 2576 4231 μὴ
2597 4159 2858 4228 πειράσω
2878 4160 3116 4227 Κύριον,
3137 4159 3238 4232 ὅρα
3261 4158 3380 4223 πῶς
3409 4161 3553 4232 μετά
3574 4160 3772 4229 πολλῆς

2195 4253 2293 4323 τῆς
2326 4251 2681 4321 σφοδρότητος
2715 4248 2828 4321 [80]
2857 4249 3052 4318 ἐπάγει
3079 4250 3179 4321 τὴν
3200 4249 3374 4321 τομὴν
3403 4253 3433 4304 6
3463 4253 3773 4323 προφήτης.

2197 4343 2420 4407 εἰκότως
2445 4343 2581 4413 μετά
2606 4342 2704 4411 τὴν
2736 4341 3008 4408 ἀπόδειξιν
3030 4343 3129 4412 τῆς
3157 4343 3508 4414 ὑποκρίσεως
3545 4344 3776 4417 βαρυτέ-

2201 4449 2300 4504 ραν
2325 4432 2642 4502 ποιούμενος
2668 4430 2764 4501 τήν
2793 4431 3149 4502 κατηγορίαν.
3171 4432 3268 4485 Διά
3290 4433 3354 4503 δὴ
3377 4435 3542 4488 τοῦτο
3571 4437 3776 4490 ἐκεῖνον

2201 4525 2299 4595 μὲν
2329 4523 2451 4577 οὐδέ
2479 4521 2824 4593 ἀποκρίσεως
2852 4521 3026 4587 ἀξιοῖ,
3060 4524 3195 4594 πρὸς
3227 4524 3283 4577 δέ
3307 4523 3399 4579 τὸν
3429 4527 3608 4598 δῆμον
3645 4529 3778 4581 άποο

2199 4616 2487 4688 στρέφεται
2513 4613 2684 4683 λέγων
2700 4631 2716 4646 ·
2749 4614 3094 4681 Ἀκούσατε,
3119 4611 3283 4682 οἶκος
3309 4618 3495 4672 Δαυΐὸ
3514 4635 3528 4650 ο
3565 4618 3664 4687 Μὴ
3683 4637 3777 4688 μι⁹

2197 4707 2347 4776 κρόν
2377 4706 2538 4776 ὑμῖν,
2569 4703 2768 4776 ἀγῶνα
2808 4706 3094 4776 παρέχειν
3115 4707 3487 4776 ἀνθρώποις;
3513 4709 3630 4764 Καὶ
3659 4707 3781 4772 πῶς

2197 4798 2393 4865 Κυρίῳ
2430 4795 2721 4864 παρέχετε
2775 4796 3014 4867 ἁγῶνα;
3069 4798 3300 4866 Ἀσαφὲς
3335 4800 3396 4852 τὸ
3447 4800 3779 4870 εἰρημένον·

2198 4889 2280 4944 διὸ
2311 4891 2374 4961 δὴ
2404 4890 2485 4943 δεῖ
2507 4888 2604 4962 τὴν
2635 4890 2791 4960 ῥῆσιν
2811 4900 2834 4928 ο
2869 4889 3167 4954 ἀναπτύξαι
3202 4890 3342 4961 μετά
3368 4890 3683 4962 ἀκριϐείας.
3720 4891 3784 4941 '0

2199 4983 2307 5056 γὰρ
2353 4983 2540 5052 λέγει,
2580 4981 2737 5035 τοῦτό
2793 4981 2937 5034 ἐστι·
2981 4980 3072 5053 Μὴ
3121 4982 3228 5052 γάρ
3279 4981 3387 5053 ἐμά
3436 4981 3510 5035 τά
3561 4983 3783 5052 ῥήματά

2200 5077 2350 5140 ἐστι;
2390 5074 2464 5146 μὴ
2503 5074 2612 5144 γάρ
2655 5073 2763 5144 ἐμὴ
2805 5074 2839 5142 ὴ
2889 5073 3198 5144 ἀπόφασις;
3247 5073 3310 5127 El
3360 5072 3416 5125 δὲ
3463 5073 3786 5145 ἀνθρώποις

2198 5167 2446 5220 ἀπιστεῖν
2469 5163 2654 5228 ἁπλῶς
2673 5165 2767 5218 καὶ
2796 5164 2921 5218 ἄνευ
2941 5164 3098 5233 λόγου
3123 5163 3262 5235 βαρὺ
3290 5165 3383 5218 καὶ
3409 5165 3784 5237 ἐγκλημάτων

2200 5259 2368 5324 ἄξιον,
2382 5258 2560 5329 πολλῷ
2575 5257 2773 5329 μᾶλλον
2789 5257 2924 5328 Θεῷ.
2942 5258 3016 5310 TY)
3029 5253 3120 5312 οὖν
3139 5256 3324 5324 ἀγῶνα
3338 5258 3607 5328 παρέχειν
3633 5257 3789 5311 οὐδὲν

2201 5351 2386 5422 ἕτερόν
2413 5353 2578 5414 ἐστιν,
2608 5351 2928 5421 ῆὰπιστεῖν.
2946 5351 3115 5404 Τοῦτο
3141 5347 3254 5415 οὖν,
3287 5349 3441 5422 φησὶ,
3479 5352 3560 5422 μὴ
3589 5351 3790 5423 μικρόν

2203 5443 2351 5496 ἐστιν
2372 5440 2658 5510 έγκλημα;
2693 5439 2765 5511 μή
2789 5442 2822 5511 ἡ
2847 5440 3080 5511 τυχοῦσα
3107 5441 3407 5513 κατηγορία
3433 5443 3556 5504 τοῖς
3574 5439 3792 5512 ἀνθρώυ

2204 5549 2324 5596 ποις
2339 5533 2608 5596 άπιστεῖν;
2631 5531 2694 5584 El
2713 5531 2770 5584 δὲ
2784 5530 2940 5584 τοῦτο
2957 5530 3117 5603 βαρὺ,
3132 5531 3311 5602 πολλῷ
3327 5529 3535 5602 μᾶλλον
3549 5531 3632 5602 τῷ
3648 5530 3791 5601 Θεῷ.

2264 5643 2294 5683 b
2329 5637 2472 5692 Ριιιει
2493 5644 2699 5692 Alienus
2718 5650 2832 5693 ante
2853 5648 3010 5692 πᾶσαν
3033 5644 3192 5699 ἔλαϐες
3215 5644 3392 5706 aliquid
3410 5642 3630 5706 deesse,
3652 5657 3796 5694 nem-

2204 5719 2267 5768 pe
2289 5705 2542 5754 πίστευσον
2567 5705 2706 5768 μόνον
2725 5706 2834 5768 καί,
2861 5707 2935 5754 vel
2967 5706 3084 5767 quid
3107 5707 3284 5754 simile.
3301 5705 3305 5706 ν
3322 5705 3418 5768 8εᾴ
3449 5709 3698 5755 exislimo
3722 5708 3790 5757 lo-

2205 5765 2451 5842 lium-Idae
2501 5767 2606 5842 ull‘q
2626 5765 2998 5842 Aaflditamenlo‘
3022 5774 3153 5818 stare
3176 5781 3338 5830 posgc.
3365 5765 3476 5816 Mox
3502 5769 3554 5816 in
3580 5768 3709 5833 Reg.
3745 5774 3799 5818 cl

2207 5830 2354 5880 Savil.
2379 5829 2532 5887 ἔλεγεν
2551 5828 2713 5876 deest.

2274 5894 2294 5921 “
2317 5890 2422 5953 Reg
2466 5890 2536 5938 διὸ
2559 5889 2626 5939 δεῖ
2648 5891 2730 5948 τήν
2757 5892 2904 5956 ῥῆσιν.
