4018 6212
267 388 334 450 81
1481 378 1546 436 ΙΝ
1586 379 1837 447 ISAIAM,

1974 380 2026 436 P.
2073 377 2181 435 VII.
3485 381 3532 435 gs

269 497 526 570 Ephraim
557 495 840 558 Somoron,
873 504 921 551 et
947 504 1100 567 caput
1129 493 1378 548 Somaron
1413 495 1552 562 ﬁlius
1595 493 1856 548 Romelite.

267 589 335 642 Et
373 589 419 644 si
448 605 550 642 non
589 588 902 642 credideritis
921 629 936 653 ,
982 603 1085 641 non
1133 585 1440 656 intelligetis.
1490 584 1696 639 Rursus
1739 599 1862 654 pro—

265 680 426 749 pheta
459 694 710 749 magnum
737 677 1031 750 prophetiae
1064 685 1434 747 argumentum
1461 675 1696 730 exhibet.
1729 674 1860 743 Quia

264 772 413 826 enim
466 771 628 824 timor
676 770 794 824 illos
835 768 1178 840 exagitabat,
1223 775 1277 821 et
1323 776 1448 821 ante
1493 766 1679 820 oculos
1725 766 1859 819 mala

265 871 458 923 erant.
497 862 636 916 bona
673 870 849 916 autem
892 861 944 915 in
978 875 1098 930 spe,
1140 859 1700 930 exspectationemque
1744 872 1862 910 om-

265 970 394 1007 nem
438 953 768 1022 superantia,
818 967 918 1006 nec
958 951 1091 1006 satis
1126 950 1328 1005 creduli
1373 957 1529 1005 erant
1569 948 1860 1013 auditores,

263 1046 392 1099 vide
437 1046 562 1113 quid
598 1043 778 1099 faciat.
808 1043 908 1099 Dat
934 1043 1146 1113 signum
1189 1042 1477 1095 maximum
1521 1055 1705 1094 eorum
1744 1053 1864 1108 quae

264 1149 529 1192 eventura
552 1144 726 1200 erant,
747 1135 968 1189 consilia
993 1133 1222 1188 hostiqu
1247 1132 1548 1186 inmedium
1571 1130 1860 1184 adducens.

269 1226 476 1282 Eurum
509 1242 738 1296 namque
764 1227 1000 1279 animum
1031 1225 1224 1294 aperit,
1255 1239 1359 1292 quo
1389 1221 1519 1277 moti
1549 1223 1732 1276 urbem
1763 1236 1863 1291 0p-

269 1317 605 1388 pugnahant,
635 1327 691 1373 et
736 1317 861 1386 quid
893 1325 1077 1370 mutuo
1113 1316 1406 1386 colloquuti
1436 1322 1644 1379 essent,
1678 1325 1732 1369 et
1757 1329 1864 1385 quo

266 1421 432 1480 pacto
471 1411 604 1464 inito
667 1409 944 1473 redierint,
994 1408 1332 1478 ostenditque
1374 1417 1466 1462 aut
1510 1407 1860 1476 proditionem

260 1516 388 1556 esse
412 1501 463 1555 id
485 1500 626 1568 quod
647 1500 901 1570 agebatur
922 1499 1229 1570 (Colloquuti
1261 1499 1426 1562 enim,
1453 1508 1644 1562 mutuo,
1673 1499 1860 1569 inquit,

261 1611 386 1648 cum
418 1598 563 1663 ipsis,
584 1610 668 1648 eos
695 1603 975 1648 avertemus
994 1593 1062 1646 ad
1083 1591 1229 1661 nos);
1257 1600 1349 1646 aut
1377 1591 1540 1645 multa
1561 1592 1862 1661 arrogantia

264 1687 419 1755 ipsos
469 1685 651 1744 ebrios
697 1699 858 1751 esse,
919 1684 1286 1740 existimantes
1338 1697 1405 1738 ne
1443 1683 1606 1736 armis
1648 1681 1861 1752 quidem

265 1780 406 1847 ipsis
433 1791 554 1832 esse
577 1791 733 1842 opus,
767 1791 938 1846 neque
963 1775 1079 1830 acie
1105 1786 1159 1830 et
1185 1773 1455 1837 conﬂictu,
1479 1785 1539 1828 ut
1567 1773 1753 1828 urbem
1774 1788 1864 1827 ca-

268 1880 488 1938 perent.
515 1867 658 1922 Satis
677 1875 760 1921 est
781 1908 796 1933 ,
828 1867 1070 1936 inquiunt
1102 1906 1119 1932 ,
1150 1865 1195 1919 si
1219 1865 1270 1918 iu
1301 1873 1651 1934 conspectum
1677 1864 1860 1918 venia-

267 1979 396 2016 suus
449 1971 506 2015 et
559 1961 975 2030 colloquantur,
1018 1965 1070 2012 et
1122 1973 1312 2012 omnes
1381 1959 1434 2012 iu
1493 1955 1862 2025 captivitatem

265 2053 602 2106 abducentes
625 2049 982 2105 discedemus.
1007 2048 1228 2113 Deinde,
1260 2056 1313 2101 ut
1337 2048 1512 2102 solent
1528 2055 1861 2117 arrogantes,

269 2144 382 2196 hac
408 2159 503 2210 spe
529 2142 686 2196 innati
715 2141 782 2196 de
819 2156 945 2211 rege
972 2139 1347 2195 Constituendo
1371 2139 1650 2193 consilium
1684 2138 1866 2192 ineunt

266 2238 431 2306 quasi
454 2235 562 2305 jam
588 2245 739 2305 capta
768 2235 900 2289 urbe
925 2274 940 2298 ,
971 2244 1026 2289 et
1053 2249 1213 2304 quem
1246 2241 1490 2302 oporteat
1516 2232 1568 2287 iu
1597 2240 1866 2301 metropo-

267 2330 369 2384 lim
399 2344 580 2399 regem
601 2328 930 2383 constituere
957 2327 1278 2382 consultant.
1329 2325 1404 2379 Eo
1437 2325 1489 2378 in
1520 2332 1661 2379 statu
1693 2339 1781 2380 res
1802 2325 1867 2379 il-

269 2422 454 2476 lorum
487 2429 661 2485 eraut,
687 2420 858 2490 inquit
881 2437 896 2476 :
919 2434 1038 2488 qua:
1068 2433 1197 2473 vero
1227 2417 1365 2471 Deus
1391 2416 1713 2470 moliebatur
1751 2417 1868 2471 lucc

265 2513 458 2568 omnia
485 2512 555 2568 de
582 2513 759 2567 medio
788 2512 1136 2568 sustulerunt.
1169 2509 1372 2564 Idcirco
1397 2508 1702 2577 subjunxit:
1735 2507 1864 2561 llrec

267 2604 399 2658 dicit
428 2603 676 2657 Dominus
703 2620 723 2668 ;
751 2617 923 2673 neque
950 2601 1036 2656 hic
1061 2600 1228 2667 stetit,
1259 2599 1352 2655 sed
1378 2599 1591 2669 adjecit,
1615 2597 1864 2654 Sabaoth.

267 2697 414 2752 Cum
440 2697 584 2749 enim
607 2693 781 2764 magni
811 2691 1084 2762 quidpiam
1105 2689 1518 2746 annuutiaturus
1539 2697 1644 2756 est,
1674 2697 1866 2759 poten-

273 2789 412 2842 tiam
449 2787 540 2843 Dci
568 2795 852 2849 memorat,
877 2800 1168 2855 supernum
1190 2787 1383 2854 nempe
1411 2797 1634 2852 regnum
1663 2824 1678 2848 ,
1708 2791 1870 2852 atque

271 2880 566 2947 imperium
600 2878 725 2933 illud
763 2891 1014 2947 magnum
1039 2891 1102 2932 ac
1139 2875 1482 2944 stupendum.
1510 2873 1647 2942 Quid
1693 2875 1870 2941 itapte

272 2975 355 3026 ait
381 2971 568 3026 Deus?
597 2969 718 3024 Non
756 2969 974 3022 manebit
1009 2968 1278 3022 consilium
1306 2967 1400 3020 liae
1421 2982 1580 3037 neque
1617 2966 1712 3020 erit
1737 2981 1756 3020 :
1779 2965 1868 3020 sed

269 3075 438 3131 caput
473 3063 632 3116 Aram
663 3062 962 3114 Damascus.
993 3059 1278 3129 Imperium
1300 3058 1415 3128 ejus
1445 3098 1460 3122 ,
1493 3057 1564 3110 ait
1595 3098 1610 3122 ,
1635 3065 1870 3126 potestas

273 3156 424 3226 ejus,
450 3156 501 3210 in
527 3155 784 3208 Damasco
811 3153 973 3207 stabit
1012 3193 1028 3217 ,
1063 3167 1163 3208 nec
1193 3152 1330 3206 ultra
1361 3149 1747 3219 progredictur.
1801 3147 1870 3202 Et

268 3258 437 3318 eaput
470 3247 707 3302 Damasci
735 3247 911 3301 Rasin.
974 3245 1037 3300 Et
1087 3245 1331 3315 princeps
1361 3243 1602 3298 Damasci
1634 3283 1650 3307 ,
1680 3241 1868 3310 inquit,

271 3351 447 3411 atque
473 3340 776 3394 dominator
801 3338 962 3393 Rasin
995 3335 1098 3392 erit
1131 3352 1147 3401 ;
1194 3334 1245 3389 id
1284 3341 1402 3400 est,
1455 3333 1506 3388 in
1550 3333 1615 3387 iis
1653 3346 1773 3402 qua
1802 3331 1869 3386 ad

275 3434 459 3501 imum
479 3431 748 3501 pertinent
768 3429 1022 3494 manebit,
1045 3441 1109 3482 ac
1128 3426 1383 3496 majorem
1398 3423 1497 3478 sibi
1526 3439 1632 3476 non
1657 3422 1872 3492 adjiciet

276 3524 601 3593 [silentiam
640 3520 704 3576 Et
733 3520 899 3574 adhuc
917 3519 1186 3590 sexaginta
1206 3526 1254 3572 et
1279 3517 1499 3587 quinque
1523 3513 1668 3582 anni,
1699 3523 1752 3568 et
1779 3513 1870 3568 de-

275 3617 422 3685 ﬁciet
447 3631 655 3685 regnum
681 3611 927 3682 Ephraint
950 3628 982 3665 α
1003 3611 1214 3682 populo.

359 3711 416 3765 ι.
448 3710 671 3764 Maxima
692 3707 930 3762 veritatis
956 3703 1367 3760 demonstratio.
1399 3699 1611 3773 quando
1633 3707 1872 3769 tempora

277 3799 582 3872 pradicqu
605 3796 905 3868 prophetm,
932 3809 1119 3850 ansam
1151 3793 1450 3864 praebentes
1477 3792 1541 3846 iis
1569 3791 1657 3860 qui
1686 3790 1874 3844 volunt

277 3890 600 3962 explorandi
647 3905 769 3945 cum
816 3887 1153 3943 accuratione
1198 3886 1306 3940 vim
1361 3883 1674 3954 prophetiae.
1721 3881 1872 3937 Nunc

277 3986 464 4047 enim,
496 3982 699 4051 inquit,
745 3978 1033 4035 abscedent
1059 3977 1127 4032 ab
1151 3976 1314 4039 urbe;
1357 3974 1452 4029 sed
1494 3982 1612 4044 post
1639 3972 1873 4043 quinque

277 4087 338 4130 et
368 4075 646 4144 sexaginta
675 4087 844 4128 annos
875 4072 1119 4126 universa
1149 4083 1281 4139 gens
1308 4066 1534 4137 peribit,
1571 4075 1626 4121 et
1651 4079 1872 4134 regnum

284 4168 450 4223 Israel
471 4167 538 4221 de
565 4164 742 4220 medio
767 4164 1015 4226 tolletur;
1043 4161 1110 4216 ab
1134 4159 1376 4215 hostibus
1401 4157 1679 4224 intercepti
1705 4155 1876 4209 abdu-

281 4270 480 4315 rentur
507 4271 716 4312 omnes.
749 4255 899 4310 Nunc
925 4262 1073 4309 certe
1117 4261 1240 4307 ante
1266 4250 1532 4305 excidium
1586 4246 1712 4302 illud
1743 4246 1874 4301 nihil

283 4355 406 4423 plus
453 4350 756 4414 habebunt,
786 4363 946 4418 quam
986 4361 1048 4400 ea
1075 4359 1194 4414 qua:
1219 4356 1316 4396 sua
1357 4349 1502 4395 sunt.
1539 4338 1604 4394 Ut
1628 4353 1697 4392 ne
1730 4337 1873 4392 enint

281 4462 378 4500 rex
412 4443 638 4498 audiens
666 4456 760 4496 eos
789 4448 906 4510 post
940 4437 1212 4506 sexaginta
1252 4431 1486 4503 quinque
1524 4444 1692 4484 annos
1747 4443 1873 4498 per~

284 4540 463 4593 ituros
483 4550 625 4598 esse,
645 4532 782 4605 apud
804 4547 863 4586 se
883 4531 1087 4585 diceret
1107 4543 1122 4583 :
1152 4527 1287 4593 Quid
1320 4522 1508 4594 igitur?
1525 4522 1873 4591 si,poSIquam

283 4643 386 4683 nos
417 4641 558 4680 nunc
585 4624 854 4695 ceperint,
903 4630 1029 4674 tunc
1076 4618 1356 4688 peribunt,
1385 4630 1503 4685 qua:
1555 4611 1679 4666 hinc
1722 4610 1875 4666 nobis

285 4719 531 4775 utilitas?
552 4716 805 4776 Conﬁde,
847 4714 1049 4783 inquit,
1091 4711 1251 4766 etiam
1276 4709 1342 4763 de
1369 4704 1734 4776 praesentibus.
1770 4700 1874 4758 Ca-

285 4814 505 4879 pieutur
527 4810 666 4864 enim
694 4819 820 4862 tunc
844 4806 1097 4867 Omnino;
1126 4801 1219 4857 sed
1245 4815 1384 4855 nunc
1412 4797 1539 4853 nihil
1570 4796 1688 4866 plus
1717 4794 1878 4849 habe-

281 4908 424 4960 bunt
441 4947 457 4970 ,
483 4919 642 4974 quam
673 4902 723 4956 id
745 4901 882 4972 quod
909 4899 1124 4953 habent.
1155 4895 1263 4952 Sed
1290 4894 1391 4950 erit
1409 4901 1568 4962 caput
1599 4889 1873 4961 Ephraim,

290 4995 393 5051 huc
423 5006 506 5049 est
543 4994 727 5048 decent
759 4993 990 5047 tribuum
1011 5031 1026 5051 ,
1057 4987 1293 5044 Samaria
1323 5003 1336 5038 τ
1387 4984 1456 5039 ibi
1479 4982 1622 5039 enim
1666 4981 1876 5036 illorum

289 5091 439 5160 regia
478 5097 623 5152 erat;
654 5095 709 5141 et
729 5101 834 5139 non
857 5083 1082 5138 ulterius
1109 5077 1460 5139 extendetur;
1492 5085 1547 5129 et
1574 5080 1735 5142 caput
1773 5071 1876 5127 Sa-

293 5185 474 5240 maria:
505 5199 596 5236 rex
625 5181 808 5237 Israel.
839 5177 993 5247 Quod
1019 5177 1088 5231 de
1119 5175 1448 5230 Damasceno
1477 5167 1724 5231 dicebat,
1775 5165 1877 5220 hoc

292 5279 453 5332 etiam
506 5275 592 5330 hic
630 5274 923 5344 signiﬁcat,
972 5284 1165 5338 nempe
1213 5265 1342 5321 nihil
1401 5263 1518 5334 plus
1565 5259 1874 5323 habituros,

295 5382 451 5435 quam
495 5379 635 5418 nunc
674 5363 956 5418 haberent.
1008 5356 1246 5423 Deinde,
1295 5354 1417 5426 quia
1459 5350 1622 5407 verba
1670 5349 1881 5404 dixerat

299 5456 579 5511 humanam
609 5455 868 5509 rationem
914 5451 1221 5522 superantia
1243 5488 1258 5514 ,
1288 5455 1344 5502 et
1380 5443 1624 5514 quamvis
1662 5437 1878 5496 ratioci-

299 5550 566 5603 nationum
596 5547 789 5603 seriem
829 5543 1173 5608 excedentia,
1199 5557 1318 5594 cum
1352 5538 1402 5593 id
1435 5535 1578 5607 quod
1603 5533 1879 5588 dicebatur

299 5639 569 5710 mla-tia
597 5646 773 5699 esset,
799 5636 918 5705 jure
944 5635 1172 5704 adjecit:
1208 5631 1323 5686 Nisi
1349 5626 1685 5689 credideritis,
1721 5638 1878 5692 neque

303 5733 603 5802 intelligetis.
633 5730 711 5784 Nc
736 5743 942 5798 quaeras
960 5771 974 5791 ,
1008 5728 1202 5797 inquit,
1229 5741 1335 5796 quo
1363 5720 1525 5775 anulo
1563 5727 1618 5773 et
1643 5733 1746 5789 qua
1793 5729 1879 5769 ra-

305 5825 441 5880 tione
478 5824 592 5878 hac
623 5821 800 5877 futura
830 5820 931 5875 sint
964 5837 976 5874 :
1008 5819 1142 5877 Deus
1182 5820 1322 5877 enim
1356 5822 1435 5872 est
1469 5811 1556 5883 qui
1589 5819 1838 5882 operatur
1859 5848 1872 5873 ν

1967 493 2186 560 solaque
2212 491 2315 547 ﬁde
2347 505 2482 562 opus
2511 491 2603 547 tibi
2625 500 2738 556 est,
2770 500 2822 548 et
2852 493 3111 564 intelliges
3141 495 3411 564 operantis
3442 496 3522 548 vir

1969 594 2170 650 tutcm;
2201 585 2712 641 demonstrationem
2752 601 2963 642 munem
2992 603 3148 656 supra
3173 587 3433 642 dictorum
3463 604 3524 642 ac

1967 681 2175 751 cepisti.
2203 680 2328 735 Ideo
2359 680 2522 736 David
2551 680 2806 751 propheta
2836 681 3048 736 dicebat
3078 699 3092 736 :
3123 681 3539 754 Credidi,pr0ptet

1967 771 2103 841 quod
2130 771 2368 839 loquutus
2387 787 2497 826 sum
2525 771 2695 841 (Psal.
2725 773 2848 828 115.
2879 773 2990 841 10).
3021 773 3086 828 Et
3115 774 3312 828 Paulus
3339 773 3438 827 hac
3465 790 3546 828 ar-

1969 869 2117 930 repta
2140 860 2393 928 dictione,
2409 878 2440 917 e
2461 877 2518 917 re
2536 863 2677 917 illam
2701 862 2768 918 ad
2797 878 2883 920 res
2899 864 3128 934 majores
3149 866 3308 919 traxit
3325 865 3512 922 dicens
3535 881 3550 920 :

1971 949 2224 1008 Habentes
2253 963 2422 1008 autem
2463 955 2692 1009 eumdem
2724 955 2973 1024 Spiritum
3017 956 3170 1025 ﬁdei,
3191 957 3464 1012 secundum
3500 957 3551 1012 id

1967 1047 2101 1115 quod
2120 1045 2360 1114 scriptum
2387 1055 2478 1112 est,
2508 1046 2745 1112 Credidi,
2769 1057 2972 1118 propter
2994 1049 3131 1118 quod
3157 1047 3390 1120 loquutus
3417 1064 3548 1114 sum,

1969 1145 2015 1187 et
2037 1151 2126 1189 nos
2170 1137 2439 1201 credimus,
2472 1146 2678 1208 prapter
2704 1137 2840 1207 quod
2865 1148 2914 1192 et
2957 1137 3205 1209 loquimur
3231 1137 3310 1208 (2.
3350 1141 3468 1196 Cor.
3495 1144 3551 1196 4.

1970 1223 2083 1290 15).
2106 1224 2237 1280 Nam
2263 1227 2307 1280 si
2336 1236 2515 1281 vetera
2546 1227 2649 1281 ﬁde
2690 1241 2822 1297 Opus
2864 1227 3165 1290 habebant.
3197 1245 3316 1298 qua:
3348 1236 3550 1283 tantum

1967 1317 2165 1373 distant
2187 1318 2255 1374 ab
2281 1318 2344 1373 iis
2374 1333 2493 1389 quae
2519 1319 2570 1372 in
2596 1334 2732 1373 nova
2760 1320 2877 1390 lege
2901 1328 3058 1386 sunt,
3089 1331 3341 1390 quantum
3363 1322 3552 1376 caelum

1967 1424 1996 1464 a
2021 1419 2158 1465 terra
2181 1449 2196 1475 ,
2237 1410 2404 1464 multo
2449 1410 2616 1480 magis
2647 1421 2752 1466 tam
2791 1410 3094 1465 sublimium
3131 1411 3436 1481 dogmatum
3464 1427 3553 1474 co-

1966 1502 2156 1571 gnitio,
2188 1516 2306 1570 qua:
2338 1501 2388 1555 in
2421 1502 2618 1556 nullius
2647 1517 2896 1571 umquam
2922 1511 3152 1556 mentem
3183 1513 3461 1557 venerunt.
3499 1502 3552 1557 Id

1967 1592 2109 1660 quod
2130 1603 2183 1647 et
2210 1593 2323 1662 ipse
2359 1592 2663 1662 signiﬁcans
2697 1594 2945 1648 dicebat:
2979 1594 3107 1662 Qme
3131 1595 3309 1649 oculus
3347 1612 3447 1648 non
3477 1597 3552 1648 vi-

1967 1685 2076 1749 dit,
2108 1693 2152 1739 et
2172 1686 2313 1740 auris
2341 1703 2442 1740 non
2486 1687 2708 1752 audivit,
2737 1696 2781 1739 et
2805 1687 2856 1740 in
2886 1703 2974 1740 cor
2999 1687 3216 1742 hominis
3255 1704 3354 1740 non
3379 1704 3556 1742 ascen-

1925 1830 1938 1837 _
1967 1777 2148 1832 derunt
2168 1822 2182 1847 ,
2214 1796 2326 1847 qua:
2356 1780 2660 1850 prteparavit
2683 1779 2819 1834 Deus
2841 1780 3164 1851 diligentibus
3184 1796 3238 1833 se
3265 1781 3340 1848 (1.
3357 1779 3475 1834 Cor.
3495 1777 3550 1832 2.

1967 1871 2046 1942 9).
2081 1871 2168 1926 10.
2201 1871 2264 1925 Et
2289 1873 2472 1942 adjecit
2504 1873 2750 1925 Dominus
2778 1872 2914 1941 loqui
2941 1871 3009 1924 ad
3032 1872 3203 1925 Acha:
3222 1871 3392 1924 dicens
3414 1886 3433 1924 :
3465 1871 3552 1924 11.

1971 1962 2094 2016 Pete
2121 1963 2208 2016 tibi
2235 1964 2433 2033 signum
2454 1979 2485 2016 a
2515 1961 2735 2017 Domino
2763 1961 2868 2016 Deo
2898 1972 2984 2015 tuo
3011 1963 3063 2015 in
3085 1961 3394 2032 profundum
3415 2001 3429 2023 ,
3455 1961 3556 2015 sive

1967 2055 2019 2108 in
2037 2056 2304 2110 excelsum.
2329 2055 2413 2110 12.
2459 2054 2528 2109 Et
2572 2054 2700 2108 dixit
2740 2055 2946 2106 Acltaz:
2978 2051 3100 2107 Non
3139 2061 3335 2121 petam,
3368 2062 3415 2106 et
3455 2069 3555 2106 non

1969 2151 2168 2205 tentabo
2196 2149 2495 2204 Dominum.
2546 2151 2632 2204 l3.
2683 2147 2747 2202 Et
2769 2148 2895 2202 dixit
2933 2146 3100 2202 Isaias
3127 2162 3148 2201 :
3175 2146 3359 2200 Audite
3399 2163 3549 2217 ergo,

1969 2243 2147 2296 donms
2186 2239 2354 2295 David
2385 2255 2404 2294 :
2433 2238 2694 2309 Numquid
2723 2255 2903 2310 parum
2943 2237 3078 2292 vobis
3105 2246 3198 2302 est,
3231 2253 3440 2307 agonem
3462 2253 3553 2290 ex-

1971 2331 2137 2387 hibere
2164 2330 2490 2386 hominibus?
2533 2329 2595 2382 Et
2623 2346 2714 2383 cur
2757 2327 2974 2382 Domino
3022 2326 3262 2382 exhibetis
3303 2325 3556 2396 agonem!

1971 2423 2058 2478 H.
2094 2421 2308 2493 Propter
2337 2422 2429 2476 hoc
2450 2421 2588 2474 dabit
2613 2420 2860 2474 Dominus
2889 2420 2994 2488 ipse
3019 2419 3153 2473 vobis
3175 2418 3392 2489 signum.
3424 2415 3556 2470 Ecce

1970 2519 2110 2588 virgo
2136 2517 2188 2570 in
2232 2525 2373 2569 utero
2413 2514 2623 2583 accipiet
2647 2522 2693 2568 et
2739 2512 2900 2584 pariet
2951 2510 3113 2580 ﬁlium
3145 2525 3164 2563 :
3193 2519 3239 2563 et
3269 2509 3512 2563 vocabunt
3537 2509 3554 2540 ι

1971 2623 2152 2661 nomen
2178 2607 2286 2677 ejus
2316 2604 2638 2659 Emmanuel.
2679 2603 2838 2658 Multa
2868 2601 2956 2656 Dei
2986 2601 3310 2672 indulgentia
3331 2641 3347 2667 ,
3381 2600 3556 2670 ingra-

1974 2701 2208 2754 tissimus
2254 2707 2334 2752 est
2363 2697 2502 2767 regis
2538 2695 2768 2751 animus.
2795 2694 3086 2764 Oportebat
3121 2693 3264 2748 enim
3309 2706 3554 2746 eunnau-

1972 2792 2084 2846 dito
2115 2789 2369 2859 propheta
2390 2829 2404 2852 ,
2434 2787 2501 2842 de
2540 2786 2694 2841 dictis
2723 2785 2849 2840 nihil
2875 2784 3118 2839 dubitare
3147 2801 3161 2838 :
3191 2781 3332 2853 quod
3372 2781 3417 2836 si
3460 2780 3555 2835 du-

1975 2883 2208 2946 bitabat,
2247 2880 2435 2936 saltem
2477 2879 2590 2932 viso
2632 2878 2784 2947 signo
2819 2875 3040 2932 credere
3065 2917 3079 2941 ,
3120 2873 3260 2945 quod
3317 2873 3556 2943 plerique

1972 2974 2108 3044 apud
2132 2973 2345 3030 Jud:eos
2393 2970 2650 3026 fecerunt.
2681 2969 2888 3024 Etenim
2944 2967 3081 3022 Deus
3128 2966 3386 3036 benignus
3431 2980 3552 3018 cum

1973 3068 2076 3134 sit,
2109 3084 2212 3122 non
2248 3065 2513 3121 recusavit
2546 3077 2690 3133 saepe
2718 3062 2866 3133 signa
2910 3059 3151 3131 pratbere
3202 3056 3554 3114 crassior-ibus

1973 3170 2028 3214 et
2051 3159 2194 3213 lmmi
2247 3157 2555 3226 repentibus
2605 3164 2866 3223 tcrrmque
2893 3151 3066 3206 afﬁxis
3111 3166 3126 3205 :
3181 3157 3238 3204 ut
3287 3148 3410 3203 fecit
3450 3148 3554 3204 Gc-

1973 3251 2132 3306 deoui
2187 3249 2285 3320 (τι).
2337 3248 2469 3302 Cum
2518 3246 2659 3302 enim
2704 3243 2933 3317 (Achaz)
2985 3250 3129 3298 esset
3171 3241 3466 3312 imperitior
3502 3250 3556 3294 et

1974 3340 2258 3396 admodum
2302 3338 2482 3402 rudis,
2514 3337 2636 3392 vide
2677 3351 2782 3407 quo
2829 3335 2969 3390 Deus
3011 3349 3068 3390 se
3099 3333 3388 3388 demiserit.
3439 3329 3555 3401 Ipse

1975 3435 2121 3490 illum
2148 3433 2398 3498 attrahit,
2424 3441 2478 3487 et
2504 3430 2745 3486 hortatur
2772 3439 2832 3484 ut
2859 3428 3068 3499 signum
3101 3434 3241 3497 petat
3271 3447 3284 3482 :
3317 3426 3416 3481 etsi
3447 3440 3552 3479 non

1975 3547 2195 3603 parvum
2237 3530 2338 3584 hoc
2365 3529 2572 3600 signum
2599 3537 2746 3592 erat,
2771 3525 2887 3594 ejus
2916 3539 3105 3579 arcana
3134 3521 3380 3592 prodere,
3409 3519 3556 3588 ejus-

1974 3638 2080 3693 que
2122 3621 2441 3678 sententiam
2472 3627 2634 3673 totam
2665 3617 2716 3672 in
2767 3615 3002 3671 medium
3035 3612 3362 3684 producere,
3403 3619 3457 3665 et
3486 3609 3558 3663 si-

1976 3714 2321 3768 mulationem
2367 3711 2482 3782 ejus
2521 3723 2732 3764 omnem
2763 3707 3034 3776 detegere.
3085 3702 3218 3771 Quia
3245 3700 3388 3756 enim
3435 3713 3558 3768 pro-
3594 3727 3596 3729 -

1979 3804 2135 3874 pheta
2164 3802 2396 3867 dicebat,
2423 3799 2546 3854 Pete
2564 3800 2650 3852 tibi
2667 3801 2887 3870 signum,
2915 3795 3004 3850 ille
3024 3807 3153 3848 vero
3181 3806 3241 3848 se
3269 3789 3555 3845 admodum

1976 3895 2197 3950 credere
2227 3892 2482 3947 simulans
2509 3882 3018 3960 reSpondebat,N0n
3038 3892 3222 3953 petam.
3255 3891 3420 3936 etnon
3451 3889 3558 3933 ten.

1977 3985 2092 4039 tabo
2125 3982 2417 4046 Dominum,
2447 3979 2566 4036 vide
2583 3995 2704 4034 cum
2722 3985 2916 4048 quanta
2937 3972 3270 4030 vehementia
3299 3970 3556 4040 propheta

1977 4075 2270 4130 sectionem
2315 4070 2509 4141 inﬁigat
2535 4111 2551 4135 ,
2579 4069 2698 4138 jure
2727 4075 2847 4136 post
2871 4065 3285 4119 demonstratam
3335 4059 3558 4114 simula-

1978 4165 2174 4221 tionem
2219 4161 2429 4233 gravius
2469 4161 2734 4214 iutentans
2757 4155 2980 4210 crimen.
3009 4151 3132 4206 ldco
3174 4151 3318 4203 illum
3362 4164 3430 4202 ne
3470 4162 3557 4200 re-

1977 4257 2265 4327 sponsione
2281 4252 2491 4324 quidem
2507 4251 2772 4320 dignatur,
2795 4245 2888 4301 sed
2908 4245 2972 4300 ad
2991 4243 3242 4316 populum
3255 4256 3557 4297 sermonem

1977 4347 2240 4404 convertit
2272 4364 2285 4400 :
2317 4343 2702 4404 Auditeulomus
2732 4337 2935 4392 David:
2967 4333 3230 4404 Numquid
3261 4348 3442 4402 parmn
3467 4348 3555 4384 roo

1979 4441 2052 4495 bis
2081 4448 2186 4503 est,
2227 4426 2438 4507 agonem
2478 4430 2698 4503 pra'bere
2735 4425 3058 4483 hominibus?
3097 4423 3164 4478 Et
3209 4440 3299 4476 cur
3340 4421 3560 4476 Domino

1977 4546 2188 4602 agonem
2215 4525 2482 4598 prarbetis?
2506 4524 2800 4580 Obscurum
2826 4530 2908 4576 est
2933 4519 2987 4574 id
3015 4517 3155 4590 quod
3177 4516 3369 4572 dicitur
3397 4531 3409 4568 :
3440 4515 3561 4569 ideo

1976 4622 2178 4677 dictum
2207 4619 2337 4674 illud
2384 4625 2633 4674 accurate
2660 4627 2742 4670 est
2789 4610 3187 4683 explicandum.
3218 4607 3370 4676 Quod
3417 4605 3561 4662 enim

1976 4716 2134 4779 dicit,
2161 4713 2262 4768 hoc
2285 4723 2367 4768 est
2398 4728 2413 4768 :
2437 4710 2570 4766 Num
2602 4723 2718 4764 mea
2747 4707 2906 4762 verba
2934 4702 3099 4760 sunt?
3127 4717 3252 4756 num
3279 4713 3396 4754 mea
3435 4713 3562 4753 sen-

1981 4805 2181 4864 tentia?
2218 4804 2274 4862 Si
2311 4812 2488 4860 autem
2535 4800 2840 4856 hominibus
2864 4811 2970 4852 non
3014 4793 3233 4850 credere
3259 4791 3374 4846 sine
3403 4803 3563 4844 causa

1978 4915 2139 4972 grave
2164 4907 2219 4954 et
2240 4896 2613 4953 criminatione
2653 4891 2870 4962 dignum
2898 4896 2974 4942 est
2994 4927 3009 4952 ,
3040 4885 3206 4940 multo
3229 4881 3397 4952 magis
3429 4881 3558 4936 Deo.

1980 4995 2115 5052 lllud
2146 4994 2326 5065 igitur,
2352 5002 2578 5061 agonem
2626 4985 2902 5056 praebere,
2943 4979 3072 5035 nihil
3101 4975 3243 5033 aliud
3271 4985 3355 5031 est
3402 4989 3562 5065 quam

1981 5090 2139 5146 ﬁdem
2169 5064 2382 5156 negare.
2415 5081 2561 5144 lloc,
2589 5076 2793 5149 inquit,
2817 5088 2942 5129 num
2973 5087 3192 5142 parvum
3223 5068 3426 5124 crimen
3447 5064 3563 5122 est?

1980 5199 2047 5238 an
2080 5195 2234 5252 parva
2256 5173 2642 5234 criminationis
2667 5184 2825 5226 causa
2851 5166 3155 5222 hominibus
3174 5179 3277 5220 non
3303 5156 3567 5218 credere?

1982 5274 2134 5342 Quod
2161 5272 2206 5328 si
2233 5271 2334 5326 hoc
2358 5283 2548 5342 grave,
2579 5263 2748 5320 multo
2779 5260 2948 5331 magis
2978 5275 3083 5314 non
3105 5256 3326 5313 credere
3358 5253 3490 5308 Deo.

2045 5415 2062 5446 ⁸
2102 5411 2159 5462 In
2175 5409 2336 5460 Bibliis
2357 5407 2559 5470 legitur,
2581 5407 2628 5454 et
2648 5398 2852 5454 vocabis.

2046 5497 2119 5558 (a)
2152 5469 2450 5558 lticomnino
2489 5497 2712 5551 putamus
2755 5481 2932 5558 aliquid
2955 5469 3567 5558 desiliet-ariLFalprritt-f

1984 5534 2912 5614 intiiiiu'vidi‘iilu'r'ea'quasvsequuniur
2943 5542 3027 5614 de
3455 5543 3568 5614 ξιῇιξξ

1982 5601 2692 5672 iiii-ueridelchaio‘diéuntur.
2716 5601 2884 5671 Reque.
2906 5601 3437 5672 solet_Chr-ysest_otnus,
3455 5605 3568 5672 cura

1983 5659 2405 5743 sesima;
2413 5659 2573 5743 vitiis
2586 5659 2827 5743 dedecui;
2841 5680 2919 5743 ,ρει
2927 5659 3397 5743 E‘PP‘.‘.‘.‘.‘2.“E..I‘“.‘.‘E
3401 5659 3484 5743 ῨΞΧ
3489 5667 3569 5743 ‘1'!)

2591 5714 3025 5797 'sjéﬁé—ﬁdicanlé
3049 5714 3178 5783 quod
3213 5714 3294 5768 vel
3333 5714 3479 5784 quale
3503 5719 3568 5767 sit

1986 5806 2103 5862 illud
2130 5800 2424 5866 cxctuplunt.
