3968 6208
517 379 586 433 85
1232 372 1286 428 S.
1325 367 1602 425 JOANNIS
1638 361 2103 421 CilliYSOSTOMl
2145 357 2464 416 ARCHIEP.
2500 356 3029 415 CONSTANTINOP.
3253 367 3257 372 '
3695 369 3753 422 ει

690 489 800 543 line
847 502 1005 558 porro
1052 484 1279 548 dicebat,
1311 492 1369 536 ιιι
1414 481 1681 535 discerent
1729 492 1935 536 omnes.
1968 489 2098 543 pro-

519 583 733 651 phetam
762 580 930 647 decipi
965 594 1068 632 nou
1098 591 1273 646 posse,
1303 589 1401 628 nec
1442 589 1472 627 a
1516 570 1712 636 verbis,
1734 585 1853 638 qua:
1899 567 2099 637 prolata

519 683 750 737 Inerant,
803 673 1082 741 deceptum
1127 686 1268 736 esse,
1299 667 1392 723 sed
1443 667 1510 720 ab
1555 667 1636 726 iis,
1669 678 1786 734 qua:
1828 663 1876 714 in
1925 669 2101 715 mente

521 765 715 818 Acltazi
767 776 945 827 erant,
982 763 1184 817 ferebat
1228 759 1568 815 sententiam.
1600 757 1713 811 lloc
1753 767 1804 809 et
1829 753 2098 806 Christum

515 873 660 923 sa-pe
701 856 888 908 fet-isse
920 855 969 907 in
1001 853 1298 922 Evangeliis
1331 851 1540 920 legitur.
1571 848 1723 901 Prius
1759 846 1900 900 enim
1943 857 2100 913 quam

518 945 1024 1001 demonstrationem
1073 960 1136 998 ex
1194 943 1358 1013 signis
1405 939 1688 1010 przcberet,
1720 937 1972 990 malitiam
2003 934 2100 988 .Iu-

515 1039 777 1100 da'orum,
805 1053 962 1106 quam
1007 1045 1182 1088 mente
1218 1034 1522 1094 versabant,
1564 1031 1615 1084 in
1649 1029 1879 1083 medium
1922 1026 2096 1095 prol'eo

517 1141 657 1188 rens,
696 1126 795 1179 hoc
821 1126 931 1194 jam
977 1142 1080 1178 non
1125 1139 1341 1192 parvum
1374 1123 1580 1191 signum
1618 1119 1847 1172 edebat:
1893 1126 1949 1168 ut
1979 1116 2102 1168 fecit

514 1219 653 1271 cirCa
686 1218 1056 1286 paralyticum.
1101 1215 1233 1267 Cum
1266 1215 1408 1270 enim
1459 1211 1531 1265 illi
1573 1211 1791 1263 dixisset
1821 1224 1835 1262 :
1867 1205 2095 1274 Con/ide,

515 1310 611 1375 ﬁli,
635 1309 954 1360 tlimiilunlttr
983 1307 1069 1360 tibi
1099 1317 1322 1376 peccata,
1349 1304 1553 1373 ipsique
1570 1301 1810 1355 dicerent
1831 1300 1881 1352 in
1905 1305 2100 1352 semet-

518 1402 668 1468 ipsis,
720 1399 1042 1466 Blaspltemat
1074 1398 1284 1467 (Matth.
1314 1397 1368 1451 9.
1398 1396 1452 1448 2.
1486 1395 1539 1458 ’5)
1575 1413 1588 1444 :
1631 1393 1761 1445 dixit
1793 1391 1892 1444 iliis
1923 1389 2100 1458 prius-

514 1508 673 1559 quam
706 1492 1055 1561 paralyticum
1089 1490 1366 1542 roboraret
1395 1506 1408 1541 :
1454 1485 1591 1553 Quid
1617 1483 1847 1554 cogitatis
1878 1481 2011 1534 mala
2048 1481 2100 1533 in

515 1582 752 1634 cordbus
780 1580 950 1633 vestris
978 1579 1138 1648 (Ibid.
1169 1594 1214 1631 υ.
1241 1579 1335 1647 4)?
1385 1577 1668 1630 maximum
1715 1574 1814 1626 hoc
1860 1571 2100 1640 praebens

517 1672 809 1724 divinitatis
839 1672 1110 1732 indicium,
1147 1669 1285 1738 quod
1317 1683 1505 1721 arcana
1552 1666 1745 1719 mentis
1789 1670 1990 1716 nosset.
2026 1659 2101 1712 Tu

515 1763 672 1826 enim,
707 1760 892 1830 inquit,
941 1761 1072 1813 nosti
1115 1761 1268 1812 corda
1313 1761 1449 1812 solus
1502 1759 1574 1827 (5.
1610 1757 1734 1824 Reg.
1783 1755 1834 1808 8.
1887 1752 2003 1820 59).
2034 1751 2102 1805 Ει

519 1852 682 1906 David
709 1869 888 1906 rursus
910 1853 1010 1905 ait‘
1040 1870 1052 1905 :
1081 1853 1323 1906 Scrutans
1350 1850 1504 1903 corda
1527 1860 1571 1903 et
1595 1866 1734 1902 rencs
1765 1847 1896 1900 Deus
1925 1845 2096 1913 (Psal.

519 1943 572 1996 7.
602 1944 706 2006 10).
740 1943 848 1996 lloc
879 1943 1039 1996 etiam
1072 1943 1342 2010 prophetis
1369 1955 1509 2008 sane
1539 1940 1699 1993 dabat
1727 1940 1864 1992 Deus
1894 1947 1951 1990 ut
1979 1952 2101 1990 nos-

515 2043 636 2088 sent
661 2074 675 2098 ,
711 2035 879 2102 utqui
913 2033 1199 2087 audiebant
1247 2034 1368 2086 hinc
1395 2033 1714 2096 ediscerent,
1754 2030 1882 2084 nihil
1913 2045 2096 2092 eorum

514 2142 632 2195 qua:
677 2125 989 2180 dicebautur
1031 2127 1316 2179 humanum
1348 2140 1488 2189 esse,
1517 2123 1609 2176 sed
1658 2138 1886 2191 superne
1930 2131 1983 2175 et
2032 2122 2098 2176 de

513 2218 658 2270 cadis
686 2232 845 2270 mune
873 2217 1149 2272 dictetum
1197 2233 1316 2270 esse
1355 2215 1608 2269 delatum.
1653 2215 1778 2268 ldi-o
1825 2213 2098 2267 vocalissi-

516 2323 636 2362 Inus
667 2307 750 2360 Ιιίιτ
792 2308 952 2361 l~aias
983 2317 1259 2376 postquam
1291 2323 1413 2360 cum
1441 2306 1584 2359 omni
1615 2305 1976 2358 moderatione
2016 2318 2099 2357 re-

513 2413 632 2467 gem
679 2406 792 2451 erat
817 2399 1140 2467 alloquntus,
1165 2413 1392 2466 eumque
1421 2412 1449 2448 a
1480 2396 1632 2450 mahs
1675 2396 2010 2449 liberaverat.
2035 2409 2098 2448 ac

513 2491 582 2545 de
615 2492 964 2559 prtrseutibus
991 2490 1529 2557 conﬁdercjusserat,
1569 2499 1620 2542 et
1657 2489 1845 2542 imlicia
1876 2487 2097 2556 lmjusce

514 2582 590 2636 rei
625 2582 722 2653 ipsi
755 2582 1088 2648 pra-buisset,
1119 2581 1258 2650 quod
1289 2581 1565 2634 consilium
1598 2595 1656 2634 se
1683 2581 2095 2650 oppugnantium

515 2672 614 2740 ipsi
659 2674 979 2742 aperuisset,
1012 2674 1364 2743 proditionem
1394 2673 1698 2736 detexi-set,
1729 2673 2096 2742 excidiumque

515 2763 777 2832 integrum
806 2762 1016 2816 lsraelis
1055 2763 1402 2833 praedixisset,
1433 2774 1486 2818 et
1530 2773 1737 2832 tempus
1773 2762 2092 2829 adjecisset:

518 2852 600 2906 his
630 2871 732 2906 non
755 2863 1058 2917 contentus,
1082 2853 1306 2908 ulterius
1335 2854 1686 2923 progreditur,
1708 2870 1877 2923 neque
1903 2853 2096 2908 insistit

517 2955 575 3000 ut
604 2947 809 3015 signum
853 2949 1103 3015 postulet,
1137 2947 1230 3002 sed
1259 2948 1426 3015 illum,
1455 2948 1526 3001 oh
1559 2949 1777 3002 nimiam
1811 2948 2096 3002 increduli-

515 3047 676 3094 tatem
727 3041 773 3093 id
827 3041 1118 3103 uolentem,
1150 3041 1417 3105 hortatur;
1465 3055 1635 3110 neque
1679 3041 1728 3093 id
1761 3041 2090 3108 simpliciter,

511 3133 608 3186 sed
661 3134 881 3186 liberam
933 3143 1245 3202 potestatem
1299 3133 1505 3200 signum
1548 3133 1774 3201 eligendi
1823 3133 2090 3202 relinquit.

517 3223 698 3290 Neque
744 3225 885 3277 enim
932 3224 1086 3294 dicit,
1110 3226 1214 3279 hoc
1244 3224 1326 3277 vel
1379 3223 1503 3278 illud
1535 3224 1763 3292 signum,
1793 3223 1884 3278 Sed
1916 3232 1973 3277 ut
2003 3240 2094 3277 νο·-
2132 3226 2145 3233 “

513 3314 710 3379 lueris,
755 3317 861 3381 ait;
912 3317 1059 3370 dives
1087 3325 1174 3373 est
1215 3317 1487 3382 Dominus,
1521 3317 1857 3384 omnipotens
1904 3318 2090 3384 virtus,

514 3405 799 3460 ineﬂ'abilis
829 3417 1084 3474 potestas.
1119 3407 1171 3459 Si
1199 3423 1262 3460 ex
1290 3408 1435 3460 carlis
1477 3407 1726 3469 volueris,
1762 3408 1886 3460 nihil
1930 3409 2095 3476 impe-

513 3495 629 3559 dit;
677 3497 719 3548 si
769 3513 832 3550 ex
869 3509 1028 3561 terra,
1059 3497 1184 3550 nihil
1235 3498 1496 3566 prohibet.
1545 3497 1598 3551 ld
1645 3499 1785 3552 enim
1837 3499 1934 3551 sibi
1983 3499 2095 3553 vult

512 3589 662 3652 illud,
695 3587 756 3641 In
778 3591 1108 3659 profundum,
1139 3601 1226 3642 aut
1255 3591 1306 3643 in
1337 3591 1606 3644 excelsum.
1639 3589 1767 3643 Cum
1795 3600 1969 3643 autem
1997 3606 2094 3645 nec

510 3681 588 3733 sic
635 3698 755 3733 eum
809 3681 1110 3746 adduxerit,
1141 3699 1207 3736 ne
1257 3680 1342 3736 hic
1389 3681 1601 3750 quidem
1655 3683 1834 3743 tacuit,
1864 3681 1955 3735 sed
2005 3696 2092 3736 re-

515 3771 868 3838 prehensione
897 3753 1196 3837 Subjuucta,
1229 3771 1384 3840 idque
1425 3771 1488 3823 ad
1529 3770 1951 3824 emendationem
2001 3786 2094 3823 au-

511 3861 792 3923 dientis,et
821 3872 873 3915 ut
900 3864 1204 3917 ostenderet
1226 3879 1282 3918 se
1311 3878 1414 3916 non
1443 3864 1584 3917 illum
1608 3863 1898 3933 decepisse,
1921 3879 2093 3933 neque

510 3953 927 4008 circumvenisse
957 3955 1156 4018 verbis,
1203 3955 1533 4024 prophetiam
1578 3956 1778 4009 revelat
1823 3970 2086 4022 arcanam,

511 4045 560 4097 in
590 4046 813 4098 Salutem
836 4046 981 4099 orbis
1003 4046 1254 4112 futuram,
1278 4055 1331 4099 ct
1361 4047 1410 4099 in
1442 4063 1617 4099 rerum
1650 4047 1884 4099 omnium
1911 4061 2091 4101 emen-

509 4136 780 4191 dationem
808 4156 820 4190 :
849 4139 1027 4206 aitque
1057 4138 1264 4208 signqu
1303 4154 1408 4191 non
1433 4137 1684 4208 deinceps
1714 4137 1825 4191 dari
1859 4139 2089 4201 Acbazo,

508 4229 599 4281 sed
631 4229 724 4282 toti
771 4227 1078 4282 ,Ιιιιιςιιυιοιιιιι
1117 4229 1328 4298 populo.
1366 4227 1518 4282 lnitio
1541 4229 1680 4282 enim
1714 4229 1881 4296 ipsum
1915 4244 2090 4298 regem

508 4319 910 4386 alloquebatur;
960 4323 1080 4388 quia
1125 4337 1252 4374 vero
1293 4335 1351 4374 se
1394 4321 1505 4387 ipse
1537 4321 1806 4390 indignum
1839 4321 2088 4385 reddidit,

513 4410 714 4463 hnbam
737 4424 824 4476 p'i;
846 4410 918 4461 uli
949 4411 1259 4479 alloquitur.
1290 4410 1434 4471 Ideo,
1457 4411 1643 4479 inquit,
1670 4411 1806 4464 dabit
1834 4426 1938 4464 non
1973 4411 2087 4476 tibi,

508 4499 600 4552 Eed
630 4499 764 4550 vobis
793 4499 1009 4568 signant.
1054 4499 1221 4558 Vobis,
1248 4501 1598 4568 quibusnam?
1646 4500 1713 4556 lis
1757 4502 1844 4570 qui
1872 4510 1994 4554 sunt
2037 4501 2088 4554 itt

507 4590 668 4642 duum
719 4590 902 4643 David.
966 4593 1170 4645 litcnim
1235 4593 1377 4644 illiue
1426 4593 1632 4660 signum
1683 4603 1924 4646 extortum
1983 4601 2086 4647 est.

506 4681 783 4747 Quodnam
817 4681 974 4750 igitur
997 4691 1076 4733 est
1106 4681 1349 4750 signum?
1382 4680 1511 4734 Ecce
1532 4682 1667 4752 virgo
1695 4681 1745 4734 in
1779 4693 1919 4734 utero
1957 4684 2090 4734 acci-

504 4774 622 4844 piet,
655 4784 700 4826 et
745 4775 903 4841 pariet
933 4773 1116 4841 ﬁlium,
1147 4783 1190 4824 et
1221 4773 1460 4825 vocabunt
1504 4789 1682 4826 nomen
1727 4774 1834 4843 ejus
1875 4772 2086 4826 Emma-

505 4867 644 4918 nuel.
679 4867 1100 4932 Observamlum,
1125 4867 1171 4918 id
1201 4865 1340 4934 quod
1371 4875 1424 4920 et
1450 4875 1570 4919 ante
1593 4865 1722 4929 dixi,
1750 4881 1851 4919 non
1876 4865 2087 4920 Achazo

503 4957 684 5009 datum
719 4957 880 5010 fuisse
909 4959 1137 5027 signum.
1163 4957 1312 5025 Qttod
1344 4968 1518 5011 autem
1551 4956 1598 5010 id
1644 4973 1745 5010 non
1791 4973 1856 5011 ex
1901 4959 2085 5025 ctinje-

501 5059 650 5103 ctura
698 5049 920 5113 dicatur,
957 5051 1067 5118 ipse
1115 5051 1370 5120 propheta
1403 5050 1699 5120 objurgavit
1738 5059 1793 5103 et
1821 5051 2086 5105 accusavit

503 5143 688 5194 dicens
712 5157 726 5192 τ
763 5140 1024 5210 Numquid
1050 5161 1229 5210 parum
1257 5144 1390 5196 vobis
1421 5154 1490 5196 est
1515 5160 1723 5214 agonem
1747 5145 1967 5212 prcebere
1996 5143 2088 5196 lio-

502 5231 761 5284 minibus?
787 5242 838 5285 et
865 5231 1090 5299 adjecit:
1124 5232 1246 5286 Ideo
1273 5234 1408 5286 dabit
1440 5234 1682 5287 Dominus
1707 5235 1840 5288 vobis
1861 5235 2080 5305 signum.

504 5323 634 5376 Ecce
664 5324 801 5392 virgo
835 5325 884 5375 in
919 5336 1057 5376 utero
1098 5325 1312 5378 habebit.
1339 5326 1394 5379 Si
1439 5338 1614 5380 autem
1647 5327 1793 5396 virgo
1823 5343 1924 5378 nou
1959 5326 2085 5379 fuis-

503 5426 604 5482 set,
639 5417 846 5484 signum
895 5431 1000 5468 ιιιη
1029 5427 1161 5469 erat.
1201 5417 1418 5480 Signum
1470 5418 1610 5471 enim
1661 5433 1835 5472 rerum
1888 5417 2080 5472 seriem

561 5528 573 5558 ι
615 5533 728 5589 Reg.
759 5533 810 5575 et
831 5523 1060 5589 savd.,_et
1087 5525 1453 5589 Paulus_rursu_s
1475 5525 1559 5576 ait.
1605 5528 1767 5577 Morel.
1808 5534 1861 5578 et
1896 5535 2078 5589 Bavar.,

493 5595 537 5636 ct
583 5588 734 5638 Imrid
761 5601 930 5636 rursus
953 5586 1036 5637 ait.
1086 5594 1136 5650 et
1167 5589 1238 5637 sic
1261 5586 1383 5649 legit
1415 5587 1681 5650 Interpres.
1709 5590 1875 5640 Melius
1897 5599 2036 5640 certe
2064 5586 2077 5639 ἐ

495 5663 602 5697 nam
625 5652 715 5698 etsi
743 5651 947 5711 idipsum
996 5649 1182 5706 t’aulus,
1207 5657 1335 5697 ttom.
1362 5652 1409 5705 8,
1436 5651 1514 5709 27,
1545 5649 1607 5698 ex
1635 5653 1810 5699 Davide
1835 5661 2083 5700 nuntiatus

495 5716 720 5769 proterat.
739 5724 854 5776 cum
878 5715 1036 5776 verba
1054 5719 1237 5760 tantum
1263 5712 1466 5776 Davidis,
1512 5711 1625 5761 nihil
1643 5727 1728 5776 pte
1754 5712 1881 5761 aliud
1907 5713 2080 5762 adera-

494 5777 589 5830 lur,
609 5774 765 5822 David)
792 5774 967 5823 melius
983 5775 1269 5823 aJscrib'itur
1291 5770 1443 5823 locus.

2213 471 2475 526 excedere
2499 470 2678 536 debet,
2707 481 2760 525 et
2800 481 2999 525 natura:
3041 473 3470 528 consuetudinem
3506 493 3753 546 superare,

2210 561 2442 630 itemque
2482 578 2675 616 novum
2709 571 2763 616 et
2806 563 3223 630 inexspectatum
3259 580 3395 627 esse,
3437 567 3503 619 ita
3531 578 3585 620 ut
3608 568 3655 622 id
3683 569 3756 623 in-

2208 653 2358 718 signe
2405 655 2474 708 sit
2525 655 2747 722 singulis
2774 654 2866 722 qui
2916 654 3092 708 vident
3118 666 3171 708 et
3199 657 3437 710 audiunt.
3489 657 3607 713 Ideo
3629 662 3752 717 enim

2207 745 2414 813 signum
2456 747 2774 815 appellatur,
2803 746 2941 814 quod
2987 749 3053 800 sit
3094 747 3318 815 insigne.
3365 748 3563 818 Insigne
3599 761 3754 808 autem

2208 856 2312 894 non
2365 839 2539 904 fuerit,
2571 841 2612 893 si
2653 840 2930 894 delitescat
2972 841 3022 892 in
3053 842 3429 895 communitate
3466 854 3750 900 casterarnm

2208 945 2402 984 rerum.
2450 930 2628 999 Itaque
2672 931 2714 983 si
2743 945 2919 983 sermo
2945 940 3088 983 esset
3132 931 3198 984 de
3227 931 3446 984 muliere
3490 935 3755 988 secundum

2207 1032 2410 1075 natura:
2461 1023 2626 1092 legem
2681 1023 2950 1089 pariente.
2995 1037 3090 1075 cur
3133 1023 3338 1091 signum
3387 1035 3596 1077 vocaret
3636 1027 3755 1093 quod

2208 1113 2444 1179 quotidie
2490 1113 2603 1165 lieri
2654 1113 2832 1166 solet?
2876 1114 2997 1167 ldeo
3028 1114 3078 1166 in
3125 1113 3346 1167 exordio
3375 1117 3643 1181 sermonis,
3669 1133 3756 1170 non

2208 1206 2523 1273 simpliciter
2543 1205 2695 1268 dixit,
2740 1205 2878 1259 Ecce
2903 1205 3072 1274 virgo,
3098 1205 3212 1267 sed,
3245 1204 3373 1258 Ecce
3398 1205 3501 1258 lucc
3525 1207 3655 1276 virgo
3675 1205 3756 1276 (ιι),

2208 1296 2479 1349 additione
2508 1296 2715 1349 articuli
2749 1297 3006 1365 insignem
3035 1295 3340 1363 quamdam,
3369 1305 3422 1349 et
3451 1295 3582 1349 hanc
3609 1299 3758 1349 solam

2208 1388 2371 1441 fuisse
2404 1387 2556 1441 nobis
2584 1387 2948 1442 subiudicaus.
2977 1387 3126 1454 Quod
3159 1389 3298 1441 enim
3335 1388 3435 1442 hoc
3459 1387 3760 1442 additamen-

2207 1493 2316 1534 tum
2363 1480 2415 1534 id
2458 1480 2738 1550 signilicet,
2783 1497 2847 1535 ex
2887 1480 3186 1548 Evangeliis
3229 1480 3439 1534 discere
3483 1495 3759 1547 possumus.

2205 1574 2334 1626 Cum
2363 1574 2504 1626 enim
2529 1573 2592 1626 ad
2618 1573 2875 1626 Joannem
2905 1573 3166 1625 misissent
3187 1571 3356 1625 Judmi
3387 1571 3760 1638 interrogantes,

2209 1663 2333 1728 Quis
2371 1664 2461 1716 cs?
2493 1678 2594 1715 nou
2630 1663 2896 1726 dicebant,
2930 1662 3008 1716 Tu
3039 1678 3098 1716 es
3123 1662 3405 1722 Christus;
3434 1661 3548 1725 sed,
3574 1662 3632 1716 Si
3657 1673 3703 1714 tu
3723 1680 3763 1714 ﬂ

2204 1757 2290 1810 ille
2315 1755 2544 1811 Christus
2571 1775 2590 1809 :
2619 1771 2789 1824 neque
2831 1755 3097 1818 dicebant,
3128 1755 3207 1807 Tu
3237 1769 3298 1808 es
3340 1753 3624 1823 pr0pbela;
3653 1755 3762 1814 sed.

2207 1851 2268 1903 Si
2295 1860 2348 1903 tu
2375 1867 2425 1903 es
2455 1851 2540 1902 ille
2563 1850 2808 1920 prop/tela
2828 1847 3009 1916 (Joan.
3053 1849 3102 1902 Ι.
3144 1847 3225 1901 i9.
3251 1847 3345 1916 25)
3371 1864 3384 1899 :
3418 1847 3554 1915 quod
3586 1856 3765 1900 utrum-

2204 1958 2308 2012 que
2338 1943 2588 1996 eximium
2619 1952 2752 1996 erat.
2789 1942 2910 1995 ldeo
2938 1941 3174 1996 Joannes
3202 1941 3545 2008 Evangelium
3575 1939 3769 1992 ordiens

2205 2052 2309 2089 non
2333 2035 2561 2097 dicebat,
2593 2035 2645 2087 lu
2675 2033 2934 2103 principio
2959 2046 3071 2088 erat
3100 2033 3356 2095 Verbum,
3395 2031 3510 2096 sed,
3549 2030 3607 2083 In
3645 2032 3768 2098 prin-

2203 2127 2334 2195 cipio
2379 2135 2487 2180 erat
2533 2125 2662 2180 illud
2701 2125 2935 2190 Verbum,
2963 2135 3012 2177 et
3060 2125 3188 2178 illud
3246 2123 3461 2178 Verbum
3505 2132 3608 2175 erat
3651 2121 3770 2190 apud

2203 2216 2366 2270 Deum
2399 2217 2575 2286 (Joan.
2612 2218 2660 2269 l.
2706 2218 2781 2285 1).
2823 2216 2911 2270 Sic
2950 2215 3128 2269 ethoc
3169 2217 3294 2269 loco
3337 2229 3442 2268 non
3473 2213 3621 2278 dixit,
3654 2213 3770 2266 Ecce

2203 2312 2373 2379 virgo,
2393 2310 2507 2374 sed,
2531 2309 2656 2362 Ecce
2674 2315 2781 2362 Iure
2805 2312 2943 2380 virgo
2969 2325 2986 2362 :
3011 2324 3072 2363 ac
3092 2325 3213 2363 cmn
3239 2309 3496 2377 dignitate
3523 2307 3773 2377 propheta:

2201 2402 2534 2456 Convenienti
2567 2401 2716 2464 illud,
2753 2400 2900 2466 Ecce,
2929 2402 3295 2471 prmmittitur.
3334 2400 3466 2455 Nam
3516 2400 3674 2454 ferme
3701 2400 3772 2452 vi-

2202 2493 2378 2548 dentis
2421 2503 2475 2548 et
2522 2494 2804 2563 imaginem
2836 2494 2886 2547 in
2937 2505 3115 2548 mente
3161 2493 3419 2549 habentis
3463 2494 3574 2548 hmc
3617 2504 3772 2555 erant,

2202 2585 2526 2650 multamque
2575 2583 2626 2637 in
2671 2599 2728 2638 se
2781 2583 3027 2638 habentis
3072 2599 3262 2638 eorum
3313 2601 3435 2654 qua:
3485 2584 3775 2638 dieehantur

2201 2677 2542 2731 evidentiam.
2588 2675 2718 2730 Nam
2767 2677 2840 2730 illi
2870 2677 3006 2730 oculi
3046 2677 3247 2730 clarius
3273 2693 3434 2747 quam
3486 2677 3646 2730 nostri
3698 2675 3776 2729 illa

2201 2767 2301 2820 sub
2338 2775 2610 2835 aspectum
2655 2783 2758 2820 non
2803 2767 3044 2821 cadentia
3089 2767 3368 2821 videbant.
3399 2769 3599 2822 Sensus
3647 2766 3774 2820 enim

2199 2858 2373 2928 decipi
2405 2868 2611 2928 potest;
2639 2859 2870 2927 Spiritus
2899 2874 3028 2913 vero
3073 2859 3249 2928 gratia
3277 2859 3410 2914 nulli
3451 2857 3667 2913 fallacia:
3692 2856 3780 2911 ob-

2204 2951 2414 3004 noxiam
2447 2950 2764 3004 sententiam
2796 2949 3083 3018 prtehebat.

2271 3041 2324 3095 6.
2360 3040 2424 3094 Et
2448 3055 2542 3094 cur
2569 3055 2672 3094 non
2703 3040 2915 3110 adjecit,
2947 3039 3173 3110 inquies,
3205 3049 3422 3110 partum
3447 3040 3561 3095 fore
3585 3055 3649 3095 ex
3676 3039 3784 3106 Spi-

2199 3132 2304 3186 ritu
2330 3132 2550 3185 sancto?
2579 3131 2856 3200 Prophetia
2889 3141 3001 3184 erat
3028 3131 3078 3185 id
3106 3132 3252 3200 quod
3286 3132 3588 3195 dicebatur,
3616 3141 3667 3185 et
3695 3127 3783 3180 sub

2200 3224 2383 3278 umbra
2411 3224 2710 3277 annuntiari
2731 3222 2978 3284 debebat,
3011 3233 3066 3276 ut
3095 3237 3240 3292 saepe
3267 3223 3403 3285 dixi,
3437 3222 3506 3275 ob
3537 3223 3782 3290 ingratum

2201 3317 2526 3370 audientium
2551 3315 2811 3381 animum,
2834 3331 2901 3368 ne
2927 3315 3102 3368 omnia
3129 3315 3280 3370 clare
3312 3317 3606 3378 discentes,
3637 3312 3788 3366 libros

2199 3422 2384 3461 omnes
2427 3407 2822 3461 comburerent.
2868 3406 2924 3461 Si
2955 3421 3182 3476 namque
3229 3406 3517 3477 prophetis
3555 3421 3657 3459 non
3701 3419 3785 3472 pc-

2201 3509 2506 3569 perceruut,
2528 3501 2698 3554 multo
2729 3499 2904 3552 minus
2921 3514 2947 3550 a
2967 3499 3175 3567 scriptis
3203 3499 3628 3554 abstinuissent.
3651 3494 3791 3561 Quod

2198 3600 2376 3646 autem
2405 3590 2453 3643 id
2487 3605 2592 3643 non
2626 3605 2692 3644 ex
2720 3589 3022 3658 eonjecwra
3051 3590 3250 3642 dictum
3294 3592 3388 3654 sit,
3423 3589 3564 3642 alius
3592 3586 3795 3655 quidam

2198 3698 2295 3736 rex
2329 3682 2427 3735 sub
2453 3682 2682 3736 Jeremia
2703 3720 2719 3745 ,
2750 3695 2870 3735 cum
2900 3680 3042 3749 ipsos
3069 3681 3230 3735 libros
3269 3682 3612 3750 accepisset,
3646 3676 3798 3734 disci-

2199 3774 2294 3834 dit,
2323 3783 2376 3827 et
2419 3773 2525 3841 igni
2570 3771 2784 3826 tradidit
2826 3770 2960 3838 (ler.
3003 3773 3092 3826 56.
3139 3771 3254 3841 ‘23).
3302 3771 3504 3826 Viden’
3545 3769 3792 3825 insaniam

2200 3863 2627 3919 intolerabilem?
2655 3863 2826 3916 viden‘
2843 3863 2971 3916 iram
2997 3865 3202 3916 ratione
3226 3864 3508 3918 vacuam?
3532 3862 3647 3917 Non
3675 3861 3796 3914 satis

2199 3960 2298 4028 ipsi
2329 3960 2424 4014 fuit
2450 3960 2643 4026 scripta
2675 3959 3023 4021 obliterasse,
3051 3958 3209 4012 etiam
3251 3959 3586 4022 combussit,
3619 3966 3674 4011 ut
3712 3970 3795 4008 ra-

2199 4053 2360 4108 tionis
2385 4062 2658 4124 expertem
2691 4051 2937 4106 allectum
2968 4050 3230 4118 impleret.
3273 4052 3538 4105 Attamen
3568 4049 3667 4105 etsi
3709 4048 3801 4101 nii-

2198 4147 2378 4202 rahilis
2398 4145 2481 4199 hic
2502 4143 2762 4213 prolibeta
2781 4143 3008 4197 obscure
3032 4142 3284 4210 loquutus
3307 4143 3402 4205 sit,
3434 4152 3608 4196 totum
3630 4151 3798 4194 tamen

2198 4239 2457 4294 exhibuit.
2493 4238 2650 4306 Virgo
2691 4250 2938 4304 namque,
2981 4234 3154 4289 donec
3205 4244 3400 4290 manet
3443 4236 3635 4305 virgo,
3669 4232 3803 4285 unde

2199 4346 2389 4401 parere
2420 4330 2619 4398 possit,
2659 4328 2758 4381 nisi
2786 4343 2850 4381 ex
2878 4327 3078 4395 Spiritu
3122 4330 3353 4382 sancto?
3385 4328 3624 4384 Solvere
3665 4327 3800 4379 enim

2199 4424 2365 4492 legem
2395 4431 2596 4475 natura:
2624 4436 2726 4474 non
2770 4420 2987 4474 alterius
3016 4431 3162 4488 erat,
3195 4437 3358 4487 quam
3407 4423 3533 4490 ejus
3559 4423 3651 4491 qui
3683 4435 3807 4473 con-

2199 4514 2331 4567 didit
2361 4522 2625 4565 naturam.
2652 4511 2834 4579 Itaque
2860 4525 2982 4564 cum
3015 4509 3183 4564 dixit:
3207 4510 3372 4580 Virgo
3403 4513 3601 4580 pariet,
3641 4519 3805 4564 totum

2198 4602 2502 4658 declaravit.
2539 4600 2767 4654 Proinde
2793 4601 2936 4654 dicto
2978 4609 3151 4669 partu,
3194 4599 3326 4654 dicit
3355 4611 3416 4654 et
3461 4617 3666 4656 nomen
3694 4600 3810 4668 eius

2197 4695 2286 4764 qui
2327 4705 2483 4747 natus
2507 4702 2608 4756 est,
2644 4708 2746 4745 non
2779 4691 2827 4744 id
2869 4691 3011 4761 quod
3047 4691 3096 4745 ei
3145 4692 3466 4761 impositum
3498 4705 3606 4758 est,
3636 4693 3729 4748 sed
3761 4691 3808 4743 id

2197 4788 2338 4857 quod
2362 4804 2424 4840 ex
2455 4787 2613 4840 rebus
2655 4786 2784 4854 ipsis
2822 4786 2891 4839 illi
2935 4784 3288 4853 competebat.
3321 4785 3811 4850 Quemadmodum

2195 4881 2335 4934 enim
2353 4879 2650 4934 Jerusalem
2679 4889 2830 4932 vocat
2855 4879 3122 4932 civitatem
3146 4877 3373 4946 justitia!
3405 4879 3568 4948 (Isai.
3607 4881 3661 4934 1.
3691 4879 3810 4943 26).

2195 4971 2316 5025 licet
2368 4987 2624 5038 nusquam
2676 4970 2778 5023 hoc.
2825 4970 3037 5023 nomine
3090 4970 3360 5038 appellata
3420 4971 3540 5033 sit,
3591 4971 3688 5025 sed
3745 4985 3809 5022 ex

2194 5063 2354 5117 rebus
2385 5063 2510 5132 ipsis
2544 5061 2679 5116 hanc
2706 5063 2891 5115 sortita
2919 5061 2988 5114 sit
3018 5061 3497 5116 nomenclatnratn
3521 5105 3537 5128 ,
3569 5078 3641 5117 eo
3669 5062 3812 5133 quod

2192 5155 2474 5209 admodum
2500 5153 2747 5208 mutanda
2773 5153 2821 5207 in
2847 5153 3040 5212 melius,
3056 5163 3108 5206 et
3134 5151 3411 5218 :equitatis
3434 5154 3814 5220 patrocinium

2191 5246 2327 5301 foret
2347 5245 2564 5318 (etenim
2583 5262 2701 5300 cmn
2727 5245 2866 5298 illam
2889 5245 3222 5297 meretricem
3243 5255 3400 5296 vocat
3419 5239 3438 5310 [
3455 5245 3603 5298 Ibid.
3629 5263 3657 5297 υ
3698 5243 3813 5315 21],

2192 5354 2296 5392 non
2327 5338 2589 5407 signiﬁcat
2613 5353 2728 5390 eam
2758 5335 3040 5405 aliquando
3060 5334 3157 5388 hoc
3185 5333 3410 5388 nomine
3442 5336 3620 5391 fuisse
3650 5353 3815 5390 voea-

2193 5440 2296 5484 tam
2321 5447 2335 5494 ;
2363 5428 2456 5484 sed
2487 5444 2515 5482 a
2550 5428 2782 5498 nequitia
2815 5442 3006 5481 nomen
3049 5426 3300 5495 imponit;
3333 5425 3420 5478 sic
3470 5438 3531 5481 et
3566 5441 3761 5498 postea
3789 5443 3819 5482 ιι

2251 5584 2322 5646 (a)
2357 5583 2411 5633 In
2433 5589 2608 5651 arma),
2627 5589 2708 5651 tacti
2725 5593 2966 5651 ἧπαριινος,
2984 5592 3091 5628 cum
3114 5575 3314 5651 articulo
3339 5581 3432 5645 qui
3456 5579 3690 5651 aliquam
3716 5587 3818 5633 vir.

2186 5644 2351 5709 ginem
2387 5647 2637 5709 speciatim
2672 5644 2877 5709 inplicat;
2901 5654 3067 5701 παριέντος
3096 5647 3290 5709 autem.
3338 5644 3518 5709 rit-go,
3551 5649 3736 5709 virgzn
3759 5657 3824 5709 -ιη

2187 5699 2460 5769 {generatim
2505 5706 2637 5754 dicit.
2668 5704 2779 5769 _Vex
2805 5699 3057 5764 adjective,
3088 5701 3210 5762 hac,
3250 5699 3473 5752 multum
3515 5699 3676 5755 abest
3701 5706 3827 5768 quin

2188 5766 2374 5822 articuli
2391 5769 2537 5819 Graeci
2555 5769 2648 5817 vim
2668 5766 2860 5816 habeat.
