4048 6208
681 220 754 274 8'3
1350 225 1409 278 S.
1447 223 1733 281 JUANNIS
1768 226 2258 285 CHRYSOSTOMI
2299 227 2621 288 ARCHIEP.
2662 237 3203 295 CONSTANTINOP.
3849 247 3870 301 Ε

679 334 886 398 πόλεως
916 332 1059 388 οὕτω
1103 333 1233 388 ποτὲ
1262 334 1571 407 κληθείσης,
1607 337 1743 393 ἀλλά
1777 339 1886 394 ἀπὸ
1925 341 2025 410 τῆς
2063 341 2261 403 κακίας

692 422 753 474 τὸ
774 421 938 487 ὖνομα
988 416 1231 488 τίθησιν·
1262 417 1405 471 οὔτω
1439 418 1620 489 δήκαὶ
1662 421 1802 491 μετὰ
1840 423 2011 476 ταῦτα
2033 423 2141 476 ἀπὸ
2160 422 2262 493 τῆς

684 500 924 569 ἀρετῆς)’
953 498 1016 551 τὸ
1047 500 1178 553 αὐτὸ
1206 501 1386 553 τοίνυν
1414 502 1506 555 καὶ
1524 504 1616 555 ἐπὶ
1635 504 1728 557 τοῦ
1758 506 1993 577 Χριστοῦ
2021 506 2257 570 λεκτέον,

684 582 765 636 δτι
796 582 856 634 16
874 581 982 634 ἀπὸ
1002 581 1112 634 τῶν
1144 583 1481 653 πραγμάτων
1508 585 1655 656 αὐτῷ
1683 587 1854 657 ὄνομα
1877 588 2108 643 τέθεικε.
2127 589 2261 642 Τότε

684 662 793 733 γὰρ
828 663 1058 732 μάλιστα
1093 664 1211 735 μεθ’
1250 667 1405 734 ἡμῶν
1431 667 1460 719 ὁ
1488 666 1619 733 Θεὸς
1639 670 1882 738 γέγονεν,
1911 672 2003 725 ἐπὶ
2040 672 2140 742 τῆς
2160 672 2262 741 γῆς

684 744 890 813 ὀφθεὶς,
927 747 1021 799 καί
1056 749 1168 811 τοῖς
1198 747 1505 818 ἀνθρώποις
1537 753 2128 824 συναναστρεφόμενος,
2164 753 2262 807 καὶ

683 827 780 897 τὴν
819 829 1019 899 πολλήν
1062 830 1500 903 ἐπιδεικνύμενος
1540 835 1671 906 περὶ
1718 837 1861 907 ἡμᾶς
1913 835 2259 907 κηδεμονίαν.

686 909 883 963 Οὐκέτι
917 915 1025 982 γὰρ
1053 912 1283 980 ἄγγελος
1304 956 1319 980 ,
1357 916 1477 970 οὐδέ
1523 918 1861 989 ἀρχάγγελος
1913 918 2030 990 μεθ’
2082 918 2261 989 ἡμῶν,

688 991 802 1043 ἀλλ’
832 992 993 1057 αὐτὸς
1023 995 1310 1059 καταϐἀςό
1340 1000 1612 1069 Δεσπότης
1640 993 1741 1071 τήν
1762 1004 1941 1056 πᾶσαν
1979 1002 2263 1068 ἀνεδέξατο

686 1073 989 1144 διόρθωσιν,
1008 1078 1233 1147 πόρναις
1250 1079 1647 1152 διαλεγόμενος,
1668 1077 1928 1148 τελώναις
1953 1085 2265 1140 συνανακεί-

690 1173 872 1227 μενος,
907 1163 988 1223 εἰς
1014 1162 1353 1232 ἁμαρτωλῶν
1390 1165 1608 1228 οἰκίας·
1639 1167 1842 1232 εἰσιὼν,
1873 1167 2098 1240 λῃσταῖς
2124 1170 2264 1241 παρο

689 1242 883 1313 ρησίαν
906 1244 1098 1310 διδοὺς,
1131 1249 1338 1317 μάγους
1389 1249 1771 1321 ἐφελκόμενος,
1807 1252 1986 1307 πάντα
2037 1252 2264 1323 περιιὼν

687 1325 783 1412 καὶ
831 1325 1225 1412 διορθούμενος,
1261 1331 1356 1385 καὶ
1403 1332 1571 1406 αὐτὴν
1618 1335 1718 1408 τήν
1767 1335 1929 1405 φύσιν
1965 1336 2100 1390 ἐνῶν
2129 1338 2265 1412 πρὸς

687 1407 898 1492 ἑαυτόν.
929 1411 1114 1467 Ταῦτα
1153 1410 1244 1468 οὗν
1272 1416 1446 1469 πάντα
1477 1418 1506 1470 6
1536 1407 1822 1489 προφήτης
1866 1407 2263 1492 προαναφωνεῖ,

687 1489 823 1561 ὁμοῦ
853 1492 948 1546 καὶ
977 1494 1068 1547 τὸν
1086 1496 1240 1550 τόκον
1268 1497 1460 1565 λέγων,
1496 1499 1588 1553 καὶ
1617 1500 1679 1554 τὸ
1715 1489 2036 1572 κέρδοςτῶν
2062 1489 2265 1555 ὠδίνων

688 1573 749 1625 16
775 1574 979 1642 ἄφατον
1007 1578 1184 1655 ἐκεῖνο
1203 1579 1294 1632 καὶ
1318 1581 1565 1652 ἄπειρον.
1589 1582 1759 1636 Ὀταν
1795 1585 1903 1655 γὰρ
1920 1587 1949 1638 6
1968 1584 2101 1648 Θεὸς
2128 1583 2265 1655 μετὰ

689 1656 787 1709 ἀνθ
796 1656 991 1727 ρώπων
1010 1652 1065 1732 ᾖ,
1082 1660 1233 1714 οὐδὲν
1250 1661 1329 1714 δεῖ
1347 1662 1531 1716 λοιπὸν
1551 1652 2000 1725 δεδοικέναι.οὐδέ
2019 1652 2264 1738 τρέμειν,

689 1739 805 1793 ἀλλ’
833 1741 970 1814 ὑπὲρ
998 1742 1252 1797 ἁπάντων
1294 1744 1546 1817 θαρρεἴνο
1591 1747 1728 1820 ὅπερ
1774 1745 1867 1804 οὖν
1906 1750 1998 1803 καὶ
2029 1750 2263 1818 ἐγένετο.

689 1823 801 1876 Καὶ
828 1824 935 1893 γάρ
959 1825 1029 1878 τά
1060 1827 1259 1896 ἀρχαῖα
1283 1827 1462 1882 ἐκεῖνα
1508 1830 1605 1882 καὶ
1628 1830 1861 1902 ἀκίνητα
1893 1832 2056 1903 ἐλύθη
2100 1832 2265 1893 κακὰ,

689 1904 786 1957 καὶ
808 1906 843 1976 ή
871 1906 1012 1960 κατὰ
1035 1906 1130 1960 τοῦ
1156 1909 1336 1961 κοινοῦ
1366 1910 1558 1979 γένους
1584 1913 1860 1982 ἀπόφασις
1884 1915 2158 1987 ἀνῃρεῖτο,
2176 1915 2269 1968 καὶ⁸

687 1989 788 2058 τῆς
833 1988 1106 2060 ἁμαρτίας
1162 1990 1231 2044 τά
1285 1992 1454 2063 νεῦρα
1514 1995 1778 2050 ἐκέκοπτο
1807 2036 1823 2060 ,
1873 1997 1968 2051 καὶ
2022 1997 2267 2051 διαϐόλου

686 2072 940 2141 τυραννὶς
962 2073 1273 2140 κατελύετο,
1311 2077 1408 2129 καὶ
1434 2080 1463 2131 6
1500 2080 1665 2132 πᾶσιν
1697 2078 1896 2143 ἄϐατος
1943 2080 2269 2152 παράδεισος

686 2154 1001 2226 ἀνδροφόνῳ
1031 2156 1127 2210 καὶ
1148 2157 1315 2232 λῃστῇ
1352 2160 1566 2231 πρῶτον
1592 2161 1858 2231 ήνοίγετο,
1896 2164 1991 2217 καὶ
2028 2163 2269 2234 οὐράνιοι

687 2237 874 2307 ἀψῖδες
919 2240 1361 2308 ἀνεπετάννυντο,
1384 2244 1478 2297 καὶ
1521 2244 1775 2314 ἀγγέλοις
1814 2245 2099 2318 ἄνθρωπος
2146 2263 2266 2301 συν-

688 2321 1030 2391 ανεμίγνυτο.
1062 2324 1156 2377 καὶ
1179 2324 1315 2396 πρὸς
1338 2326 1429 2379 τὸν
1461 2326 1738 2396 βασιλικὸν
1770 2329 2010 2401 θρόνονή
2046 2330 2207 2398 φύσις
2233 2332 2267 2402 ή

688 2403 937 2475 ⁴ἡμετέρα
987 2406 1218 2475 ἀνήγετο
1243 2447 1259 2469 ,
1317 2406 1538 2461 καὶτοῦ
1594 2409 1722 2481 ᾅδου
1779 2410 1841 2464 τὺ
1896 2410 2268 2483 δεσμωτήριον

689 2486 958 2558 ἄχρηστον
972 2484 1061 2560 ἦν,
1084 2489 1099 2561 1
1111 2490 1196 2561 85]
1212 2489 1304 2544 καὶ
1320 2491 1348 2543 6
1366 2490 1591 2557 θάνατος
1605 2494 1774 2563 ὄνομα
1789 2493 1972 2548 λοιπὸν
1987 2494 2177 2566 ἔμενεν
2186 2495 2267 2561 ὃν,

690 2567 1011 2637 πράγματος
1043 2569 1485 2640 ἀπεστερημένον
1504 2586 1520 2602 ⁸
1551 2572 1645 2625 καί
1667 2572 1961 2645 μαρτύρων
1982 2575 2154 2645 χοροὶ,
2174 2576 2269 2630 καὶ

689 2651 945 2715 γυναῖκες
977 2650 1388 2705 κατακλάσασαι
1413 2651 1508 2709 τοῦ
1540 2653 1667 2725 ᾅδου
1688 2653 1759 2707 τά
1779 2656 2002 2726 κέντρα.

760 2730 947 2785 Ταῦτα
976 2727 1070 2787 οὖν
1121 2734 1298 2788 πάντα
1348 2736 1599 2808 προορῶν
1658 2738 1687 2790 6
1720 2738 2003 2811 προφήτης
2041 2738 2270 2810 ἐσκίρτα

689 2812 785 2866 καὶ
838 2813 1078 2883 ἐχόρευε,
1143 2817 1236 2869 καὶ
1290 2817 1501 2883 δι’ἐνὸς
1544 2821 1789 2891 ῥήματος
1818 2822 1948 2891 ήμῖν
1995 2822 2136 2875 αὐτὰ
2184 2826 2269 2876 ἐν·

689 2895 982 2958 εδείκνυτο,
1011 2899 1369 2971 προφητεύων
1390 2903 1521 2974 ἡμῖν
1547 2903 1638 2957 τὸν
1668 2903 2031 2976 Ἐμμανουήλ.
2049 2906 2270 2961 Βούτυ-

684 2980 912 3046 ρονκαί
962 2981 1102 3049 μέλι
1148 2984 1415 3053 φάγεται,
1452 2985 1594 3051 πρὶν
1623 2986 1662 3055 ἣ
1706 2985 1928 3057 γνῶναι
1980 2987 2168 3042 αὐτὸν
2227 2990 2291 3058 ἢ

688 3062 1046 3129 προελέσθαι
1071 3065 1323 3134 πονηρὰ,
1348 3068 1656 3132 ἐκλέεεται
1680 3069 1706 3109 ι’
1739 3069 1807 3122 τὸ
1845 3070 2089 3140 ἀγαθόν.
2113 3072 2269 3127 Διότι

688 3145 834 3213 πρὶν
884 3146 924 3215 ἢ
967 3145 1187 3221 γνῶναι
1240 3148 1307 3202 τὸ
1354 3149 1595 3204 παιδίον
1642 3151 1899 3218 ἀγαθὸν,
1957 3152 1997 3223 ἢ
2056 3154 2265 3218 κακὸν,

688 3227 922 3282 ἀπειθεῖ
964 3230 1225 3298 πονηρίᾳ
1251 3270 1267 3294 ,
1321 3232 1429 3286 τοῦ
1478 3232 1840 3295 ἐκλέξασθαι
1894 3235 1963 3289 τὸ
2019 3237 2267 3307 ἀγαθόν.

701 3309 918 3381 Ἐπειδὴ
962 3311 1021 3364 τὸ
1062 3312 1383 3383 τικτόμενον
1427 3315 1639 3368 παιδίον
1678 3315 1801 3370 οὔτε
1861 3319 2149 3390 ἄνθρωπος
2199 3316 2268 3391 ἦν

688 3392 863 3462 ψιλὸς,
908 3392 1032 3448 οὐτε
1078 3395 1211 3459 Θεὸς
1248 3397 1408 3467 μόνον
1434 3438 1450 3460 ,
1510 3397 1648 3453 ἀλλὰ
1681 3399 1813 3461 Θεὸς
1856 3402 1915 3454 ἐν
1973 3403 2265 3475 ἀνθρώπῳ,

689 3475 915 3539 εἰκότως
954 3477 1050 3531 καὶ
1092 3478 1123 3530 6
1175 3481 1460 3551 προφήτης
1508 3481 1776 3536 ποικίλλει
1827 3483 1919 3535 τὸν
1954 3484 2131 3552 λόγον,
2171 3486 2268 3539 νῦν

693 3560 791 3629 μὲν
820 3560 997 3626 τοῦτο,
1021 3560 1115 3615 νῦν
1140 3561 1197 3614 δὲ
1229 3563 1404 3616 ἐκεῖνο
1448 3562 1639 3631 λέγων,
1664 3565 1845 3619 καὶτὰ
1881 3566 2155 3638 παράδοξα
2180 3586 2266 3622 τι-

689 3642 821 3707 θεὶς,
852 3646 946 3698 καὶ
971 3644 1070 3698 οὐκ
1103 3646 1285 3715 ἀφιεὶς
1314 3646 1677 3719 ἀπιστηθῆναι
1715 3650 1815 3721 τήν
1839 3651 2148 3721 οἰκονομίαν
2178 3653 2267 3708 διὰ

687 3725 787 3795 τὴν
804 3727 897 3780 τοῦ
929 3726 1204 3798 θαύματος
1229 3727 1555 3799 ὑπερϐολήν.
1588 3730 1770 3784 Εἰπὼν
1794 3732 1920 3804 γάρ,
1946 3734 2028 3787 δτι
2055 3733 2268 3799 τέξεται

687 3810 723 3880 ή
766 3809 1066 3882 παρθένος,
1106 3812 1242 3883 ὅπερ
1273 3807 1341 3883 ἦν
1377 3812 1691 3884 ἀνώτερονα
1745 3814 1997 3883 φύσεως,
2050 3819 2144 3870 καὶ
2186 3820 2267 3873 ὅτι

689 3893 1018 3965 κληθήσεται
1059 3895 1421 3966 Ἐμμανουήλ,
1454 3896 1484 3950 6
1514 3898 1611 3950 καὶ
1646 3898 1777 3951 αὐτὸ
1811 3899 1995 3968 μεῖζον
2040 3904 2268 3973 προσδο-

690 3979 816 4044 κίας
865 3974 955 4050 ἦν,
1010 3980 1099 4033 ἵνα
1138 3980 1211 4051 μή
1255 3996 1344 4044 τις
1382 3980 1474 4036 16v
1513 3982 1855 4055 Ἐμμανουήλ
1884 3984 2155 4052 ἀκούσας,
2198 3987 2268 4041 τά

690 4062 1016 4133 Μαρκίωνος
1045 4063 1213 4136 πάθῃ,
1239 4062 1334 4117 καὶ
1352 4067 1555 4136 νοσήσῃ
1578 4065 1647 4119 τά
1666 4065 1758 4118 τοῦ
1778 4066 2150 4133 Οὐαλεντίνου,
2179 4068 2268 4123 διὰ

688 4146 790 4215 τήν
831 4146 1172 4217 οἰκονομίαν,
1199 4145 1495 4219 διαρρήδην
1534 4149 1782 4219 ἐπήγαγε
1804 4151 1898 4204 καὶ
1931 4151 2030 4222 τῆς
2060 4152 2267 4206 οἰκονο-

692 4242 825 4312 μίας
850 4243 1193 4315 σαφεστάτην
1213 4242 1505 4310 ἀπόδειξιν,
1527 4244 1637 4298 ἀπὸ
1657 4246 1757 4316 τῆς
1785 4246 2064 4319 τραπέζης
2098 4247 2267 4319 αὐτὴν

690 4324 1066 4396 πιστούμενος.
1092 4327 1157 4378 Τί
1182 4328 1292 4398 γάρ
1315 4343 1478 4398 φησι;
1504 4329 1808 4398 Βούτυρον
1846 4330 1944 4384 καί
1976 4329 2117 4400 μέλι
2162 4332 2269 4402 φά-

689 4422 872 4475 τεται.
920 4406 1090 4461 Τοῦτο
1111 4406 1168 4460 δὲ
1207 4409 1307 4461 οὐκ
1338 4409 1405 4462 ἂν
1431 4407 1517 4479 εἴη
1545 4409 1817 4481 θεότητος,
1854 4411 1992 4467 ἀλλά
2021 4413 2119 4483 τῆς
2161 4415 2265 4482 φύ-

691 4506 826 4552 σεως
849 4489 951 4558 τῆς
981 4490 1275 4563 ήμετέρας.
1297 4490 1397 4544 Διά
1426 4491 1535 4562 γάρ
1558 4508 1641 4546 τοι
1658 4494 1815 4549 τοῦτο
1833 4494 1857 4534 δ
1889 4495 2009 4549 οὐδέ
2052 4497 2264 4568 ἀνθρω-

690 4587 792 4624 πον
828 4570 1014 4634 ἁπλῶς
1045 4571 1252 4636 πλάσας
1293 4572 1568 4643 ἐνῴκησεν
1598 4575 1658 4627 ἐν
1678 4574 1845 4646 αὐτῷ,
1872 4577 2009 4631 ἀλλὰ
2042 4578 2136 4632 καί¹
2165 4579 2265 4650 τῆς

690 4657 941 4727 κυήσεως
978 4658 1256 4728 ήνέσχετο,
1296 4656 1391 4711 καὶ
1418 4657 1621 4729 ταύτης
1665 4659 2113 4731 ἐννεάμηνιαίου,
2169 4665 2265 4718 καὶ

688 4738 893 4793 ὠδίνων
926 4741 1018 4795 καὶ
1045 4741 1395 4812 σπαργάνων,
1431 4741 1646 4813 καὶτῆς
1690 4742 1755 4794 ἐκ
1800 4742 2024 4814 πρώτης
2050 4745 2265 4816 ήλικίας

687 4826 915 4894 τροφῆς,
945 4824 1032 4878 ἵνα
1082 4823 1168 4878 διά
1216 4824 1432 4879 πάντων
1464 4824 1717 4897 ἐμφράξῃ
1761 4824 1831 4879 τὰ
1871 4825 2115 4897 στόματα
2154 4829 2262 4883 τῶν

689 4905 968 4975 ἀρνεῖσθαι
990 4908 1089 4978 τήν
1113 4908 1425 4979 οἰκονομίαν
1464 4908 1905 4981 ἐπιχειρούντων.
1942 4910 2130 4965 Ταῦτα
2167 4909 2262 4967 οὖν

689 4991 896 5046 ἀνωθεν
927 4995 1174 5064 προορῶν
1198 4996 1227 5048 6
1252 4996 1559 5068 προφήτης,
1585 4995 1704 5067 οὐχὶ
1727 4995 1826 5061 τὰς
1856 4996 2052 5062 ὠδῖνας
2091 4998 2260 5069 λέγει,

689 5079 783 5133 καὶ
834 5078 925 5133 τὸν
959 5079 1270 5151 θαυμαστὸν
1312 5083 1470 5137 τόκον
1516 5082 1696 5154 μόνον.
1745 5083 1883 5138 ἀλλά
1909 5085 2005 5139 καὶ
2056 5084 2156 5157 τὴν
2202 5087 2262 5140 ἐν

684 5164 878 5237 πρώτῃ
901 5165 1087 5236 ήλικίᾳ
1106 5169 1331 5240 τροφὴν,
1354 5169 1453 5240 τὴν
1473 5172 1530 5223 ἐν
1555 5170 1739 5234 αὐτοῖς
1763 5172 1875 5235 τοῖς
1904 5172 2259 5243 σπαργάνοις,

684 5251 837 5307 οὐδὲν
879 5251 987 5305 τῶν
1020 5253 1220 5307 λοιπῶν
1246 5255 1669 5320 ὲξαλλάττουσαν
1704 5255 2028 5329 ἀνθρώπων,
2057 5259 2179 5314 οὐδέ
2206 5276 2261 5313 τι

686 5340 836 5408 ξένον
854 5339 994 5394 κατὰ
1019 5339 1176 5394 τοῦτο
1200 5340 1448 5412 ἔχουσαν.
1474 5342 1611 5396 Οὔτε
1631 5343 1738 5415 γάρ
1760 5344 1972 5398 ἅπαντα
1995 5344 2258 5417 ἐξηλλαγ-

747 5456 774 5485 ⁸
797 5455 1098 5531 Sicyon-eL,
1121 5458 1208 5517 qui
1249 5452 1515 5520 Florilegio
1549 5461 1801 5507 consonat.
1851 5457 2003 5508 Savil.
2044 5464 2099 5509 et
2130 5460 2257 5525 Reg.

683 5530 1355 5655 ’ἶῆιιξῑίιιίςμρβῑωιί
1368 5579 1901 5655 έκλέςρισθοειηυιιηιω.

746 5641 769 5667 ε
801 5640 925 5703 Reg.
953 5647 1007 5690 et
1027 5641 1178 5690 Savil.
1203 5640 1444 5702 ἀνωτέρω,
1470 5641 1642 5690 Morel.
1665 5642 1917 5704 ἀνώτερον.

745 5699 773 5772 ρ
796 5703 889 5772 Διά
906 5704 996 5772 γὰρ
1016 5700 1175 5772 τοῦτο.
1207 5704 1289 5772 ξὶο
1314 5702 1732 5772 prius‘legebatur
1751 5706 1814 5772 _in
1848 5702 2012 5772 editig.
2039 5702 2109 5772 ‘In
2144 5704 2256 5772 F10-

684 5760 858 5828 ri_lcgio
876 5760 1062 5828 ﬁgitur
1083 5766 1161 5812 διὰ
1183 5764 1272 5827 γάρ
1293 5760 1366 5828 τοι
1387 5760 1549 5828 τ’οῇοξ
1580 5771 1635 5812 el
1656 5763 1802 5827 paulo
1839 5772 1949 5826 post
1970 5764 2183 5828 ἐνῴκησε
2207 5768 2255 5816 ἐν

686 5823 842 5872 αὐτῶ·
869 5824 916 5872 ἐν
934 5823 1098 5875 intem
1129 5823 1302 5877 αρετξιι
1321 5827 1369 5874 in
1389 5825 1551 5875 editis.

2371 344 2510 414 μένα
2555 341 2624 433 ᾖν
2680 348 2852 433 αὐτῷ,
2895 349 3019 405 οὔτε
3048 352 3223 406 πάντα
3257 354 3431 409 κοινά.
3462 355 3537 408 T6
3596 357 3689 427 μὲν
3726 362 3870 433 γάρέ

2366 430 2622 512 γυναικὸς
2635 431 2910 501 τεχθῆναι,
2930 436 3123 487 κοινόνο
3148 436 3208 488 τὸ
3231 436 3285 488 δὲ
3311 437 3417 490 ἀπὸ
3433 438 3719 509 παρθένου,
3745 430 3870 512 μέῖζι

2318 558 2322 562 .
2362 511 2396 583 ἢ
2430 511 2755 597 καθ’ᾉήμᾶς.
2806 515 2880 568 T6
2906 522 3177 589 τραφῆναι
3222 520 3384 572 πάλιν
3410 521 3486 592 τῷ
3515 523 3674 594 κοινῷ
3699 511 3791 595 τῆς
3826 547 3870 597 φη

2365 612 2500 659 σεως
2523 595 2670 667 νόμῳ
2696 599 2790 651 καὶ
2815 598 2892 669 τῷ
2920 600 3065 670 αὐτῷ
3098 604 3210 665 τοῖς
3242 603 3455 667 πολλοῖς
3472 647 3486 669 ,
3519 608 3691 661 κοινόν
3714 625 3727 638 ·
3771 595 3870 664 τὺνι

2363 675 2568 764 ἄϐατον
2583 680 2833 764 γενέσθαι
2867 684 3099 754 πονηρίᾳ
3122 683 3210 736 τὸν
3247 685 3370 738 ναὸν
3399 687 3627 753 ἐκεῖνον,
3661 693 3749 744 καὶ
3788 700 3870 764 μηδ

2362 760 2444 847 εἰς
2480 762 2868 847 πεῖρανέλθεῖν
2897 765 3180 836 πονηρίας,
3209 767 3367 821 τοῦτο
3392 767 3541 833 ξένον
3580 773 3674 826 καὶ
3699 760 3869 847 παράδ

2366 842 2476 909 ξον,
2501 845 2596 898 καὶ
2628 846 2795 900 αὐτοῦ
2828 848 3008 918 μόνου.
3040 850 3129 903 Διὸ
3153 850 3217 921 δή
3237 853 3455 907 κάκεῖνο
3482 856 3576 909 καὶ
3602 856 3752 911 τοῦτο
3769 842 3870 914 τέθε

2366 943 2480 983 κεν.
2514 928 2590 981 Οὐ
2622 927 2731 1000 γάρ
2781 931 2917 999 μετά
2957 932 3060 1002 τὴν
3104 936 3302 1005 πεῖραν
3339 935 3442 1005 τῆς
3495 938 3694 1003 κακίας
3724 942 3870 994 ἀπέσ·

2363 1011 2735 1097 τήςῌκακίας,
2762 1015 2946 1085 φησὶν,
2980 1016 3116 1070 ἀλλὰ
3167 1018 3372 1072 ἀνωθεν
3397 1020 3492 1074 καὶ
3526 1022 3590 1075 ἐκ
3639 1026 3870 1097 προοιμίι

2366 1094 2545 1149 αὐτῶν
2601 1098 2781 1150 πᾶσαν
2838 1098 3038 1171 ἀρετὴν
3095 1101 3460 1159 ἐπεδείκνυτο.
3528 1107 3596 1159 Ὃ
3647 1094 3739 1162 καὶ
3772 1094 3870 1162 αὐτ

2366 1175 2518 1245 ἔλεγε
2537 1193 2553 1209 ο
2589 1179 2687 1245 Τίς
2730 1179 2799 1245 ἐξ
2819 1180 3018 1236 αὐτῶν
3053 1182 3288 1252 ἐλέγχει
3337 1204 3416 1255 με
3452 1188 3584 1256 περὶ
3619 1189 3870 1260 ἁμαρτία

2365 1260 2483 1325 καὶ,
2517 1262 2795 1331 Ἔρχεται
2833 1267 2867 1319 ό
2915 1265 3115 1334 ἅρχων
3145 1267 3254 1322 τοῦ
3286 1269 3518 1339 κόσμου
3569 1273 3809 1342 τούτου,
3834 1294 3870 1329 κ

2364 1342 2435 1396 ἐν
2452 1344 2579 1413 ἐμοὶ
2601 1346 2723 1414 ἕχει
2757 1346 2955 1403 οὐδέν.

2439 1424 2504 1490 ζ’.
2530 1427 2637 1481 Καὶ
2670 1428 2831 1493 αὐτὸς
2853 1424 3008 1494 οὗτος
3046 1429 3250 1503 προῖὼν
3290 1432 3319 1484 ό
3359 1435 3643 1507 προφήτης
3661 1437 3822 1507 λέγει,
3851 1440 3870 1493 ξ

2381 1507 2689 1591 ᾍμιιρτίαν
2731 1513 2843 1566 οὐκ
2889 1512 3197 1580 ἐποίησεν,
3238 1515 3381 1569 οὐδὲ
3414 1516 3595 1585 δόλος
3625 1520 3833 1591 εὑρέθη
3866 1560 3870 1572 .

2368 1589 2454 1675 τῷ,
2466 1594 2716 1675 στόματι
2740 1592 2947 1649 αὑτοῦ.
2966 1596 3136 1650 Τοῦτο
3158 1596 3222 1667 δή
3252 1597 3347 1651 καὶ
3389 1600 3623 1655 ἐνταῦθά
3650 1589 3830 1675 φησιν,
3853 1607 3870 1657 ἰ

2370 1673 2500 1744 πρὶν
2545 1673 2579 1745 ἢ
2615 1674 2817 1743 γνῶναι
2840 1677 3001 1731 αὐτὸν
3029 1678 3405 1750 ήπροελέσθαι
3439 1683 3669 1756 πονηρὰ,
3709 1673 3815 1739 ἀπὸ
3839 1704 3870 1738 τ

2369 1756 2583 1827 ήλικίας
2634 1758 2849 1831 ἐκείνης
2877 1759 2978 1831 τῆς
3018 1761 3384 1832 ἀπειροκάκου
3406 1804 3422 1828 ,
3474 1766 3567 1819 ἀπ’
3605 1767 3783 1821 αὐτῶν
3829 1786 3870 1820 τι

2370 1839 2671 1911 προοιμίων
2698 1842 2800 1913 τὴν
2845 1842 3047 1915 ἀρετὴν
3080 1844 3427 1912 ἐπιδείξεται,
3476 1848 3572 1902 καὶ
3620 1850 3770 1903 οὐδὲν
3827 1851 3870 1905 ἐὲ

2370 1922 2508 1991 πρὸς
2553 1923 2652 1995 τήν
2684 1924 2882 1979 κακίαν
2927 1927 3124 1981 κοινόν.
3160 1928 3313 1981 Διότι
3355 1928 3499 1997 πρὶν
3525 1930 3562 1997 ἢ
3617 1931 3834 2000 γνῶναι

2370 2005 2611 2060 παιδίον
2626 2007 2852 2078 ἀγαθὸν
2865 2009 2903 2077 ἦ
2921 2009 3131 2073 κακὸν,
3155 2008 3272 2082 [84]
3287 2011 3517 2066 ἀπειθεῖ
3537 2016 3810 2083 πονηρίᾳ,
3833 2033 3869 2068 τη

2369 2089 2731 2155 ἐκλέξασθαι
2764 2093 2831 2146 τὸ
2863 2093 3106 2162 ἀγαθόν.
3137 2093 3306 2147 Πάλιν
3334 2097 3454 2158 ταῖς
3473 2096 3661 2161 αὐταῖς
3687 2098 3863 2165 λέξεσι

2370 2175 2502 2228 αὐτὸ
2558 2176 2736 2246 νόημα
2788 2175 3101 2240 αἰνίττεται,
3150 2178 3244 2230 καί⁵
3288 2177 3607 2248 ἐνδιατρίϐει
3664 2181 3738 2252 τῷ
3778 2182 3870 2250 λόγ

2383 2257 2601 2329 Ἐπειδὴ
2646 2260 2754 2330 γάρ
2799 2260 3004 2332 σφόδρα
3060 2255 3128 2331 ἦν
3175 2261 3378 2332 ὑψηλὸν
3435 2262 3495 2315 16
3530 2265 3833 2335 εἰρημένον,

2373 2341 2624 2412 συνεχείᾳ
2653 2342 2751 2411 τῆς
2795 2341 3098 2414 διηγήσεως
3126 2344 3257 2397 αὐτὸ
3301 2344 3605 2401 πιστοῦται.
3625 2347 3804 2419 Ὅπερ
3835 2366 3870 2417 γ

2370 2423 2627 2494 ἀνωτέρω
2652 2425 2915 2496 ἐδήλωσεν
2947 2426 3135 2491 εἰπὼν,
3182 2427 3332 2495 Πρίν
3357 2427 3395 2495 ἢ
3438 2427 3659 2497 γνῶναι
3691 2433 3870 2485 αὐτὸν

2371 2506 2731 2572 προελέσθαι
2757 2509 3012 2576 πονηρὰ,
3058 2509 3216 2564 τοῦτο
3255 2512 3462 2583 προῖὼν
3496 2513 3713 2585 ᾐνίξατο
3754 2515 3870 2567 εἰπὲ

2369 2590 2523 2657 Πρὶν
2544 2591 2581 2658 ἢ
2606 2589 2823 2660 γνῶναι
2842 2591 2910 2645 τὸ
2927 2592 3189 2646 παιδίονο
3215 2595 3310 2648 καὶ
3337 2595 3664 2669 ἐπεξηγήσει
3684 2597 3870 2669 κέχρησ

2372 2673 2534 2728 πάλιν
2553 2673 2726 2743 λέγων
2747 2692 2761 2706 ο
2817 2675 3038 2745 ἀγαθὸν
3065 2676 3103 2744 ἢ
3145 2678 3354 2744 κακὸν,
3393 2679 3626 2734 ἀπειθεῖ
3667 2697 3870 2748 πονηρ.

2370 2754 2479 2808 τοῦ
2509 2756 2877 2822 ἐκλέξασθαι
2900 2758 2966 2811 τὸ
2990 2759 3234 2830 ἀγαθόν.
3264 2761 3466 2815 Τούτου
3508 2762 3617 2834 γάρ
3649 2763 3814 2817 αὐτοῦ
3850 2783 3870 2835 1

2371 2855 2464 2892 νου
2484 2835 2552 2911 ἦν
2578 2840 2641 2894 16
2683 2840 2977 2911 ἐξαίρετον.
3026 2842 3118 2896 Διὸ
3149 2845 3244 2898 καὶ
3277 2847 3305 2898 6
3334 2846 3542 2909 Παῦλος
3567 2848 3698 2901 αὐτὸ
3727 2849 3870 2916 πρέι

2373 2924 2630 2992 συνεχῶς,
2652 2926 2746 2977 καὶ
2782 2926 3031 2998 Ἰωάννης
3070 2927 3127 2980 δὲ
3175 2926 3298 2981 ἰδὼν
3334 2929 3531 2994 αὐτὸν,
3564 2931 3721 2985 τοῦτο
3746 2933 3870 2984 ἀνεκ

2374 3004 2499 3075 ρυξε
2529 3005 2701 3074 λέγων
2722 3025 2737 3039 ο
2773 3007 2895 3063 ’Ἴδε
2921 3012 2954 3063 ό
2989 3009 3180 3077 ἀμνὸς
3214 3010 3321 3065 τοῦ
3350 3011 3518 3077 Θεοῦ,
3554 3016 3587 3067 ὁ
3607 3014 3793 3081 αἴρων
3836 3032 3869 3068 τ

2369 3089 2662 3159 ἁμαρτίαν
2704 3090 2811 3144 τοῦ
2848 3093 3098 3160 κόσμου.
3169 3092 3226 3145 '0
3268 3093 3325 3147 δὲ
3377 3094 3477 3165 τὴν
3521 3095 3720 3166 ἑτέρων
3753 3096 3870 3167 αἴρι

2370 3170 2552 3245 πολλῷ
2575 3173 2774 3244 μᾶλλον
2812 3173 2973 3238 αὐτὸς
2995 3175 3378 3247 ἀναμάρτητος
3409 3172 3496 3248 ἦν.
3526 3179 3635 3231 Καὶ
3660 3179 3688 3232 6
3715 3178 3869 3232 Παύλ

2368 3257 2504 3329 ὅπερ
2557 3257 2727 3327 ἔφθην
2758 3255 2948 3319 εἰπὼν,
3009 3259 3247 3330 συνεχῶς
3293 3260 3424 3314 αὐτὸ
3459 3260 3681 3333 ἀναϐοᾷ.
3733 3263 3869 3315 Ἐπει

2368 3342 2478 3413 γὰρ
2527 3341 2752 3412 ἔμελλεν
2797 3342 3177 3413 ἀποθνήσκειν,
3214 3342 3302 3396 ἵνα
3355 3344 3430 3414 μή
3470 3361 3554 3408 τις
3610 3344 3807 3418 νομίσῃ
3839 3363 3870 3397 τ

2370 3426 2635 3485 ἀπίστων,
2666 3425 2749 3479 δτι
2784 3425 2987 3489 οἰκείας
3037 3427 3312 3498 ἁμαρτίας
3339 3427 3475 3481 τίνει
3502 3427 3676 3499 δίκην,
3712 3446 3870 3499 συνεχ

2369 3509 2536 3563 αὐτοῦ
2568 3508 2630 3563 τὸ
2657 3510 3037 3581 ἀναμάρτητον
3073 3513 3151 3573 εἰς
3187 3510 3353 3583 μέσον
3387 3511 3508 3581 ἄγει
3530 3553 3545 3575 ,
3586 3514 3674 3566 ἵνα
3720 3514 3814 3566 τὸν
3864 3519 3870 3558 ι

2370 3612 2528 3650 νατον
2559 3595 2723 3650 αὐτοῦ
2778 3597 2876 3667 τῆς
2914 3597 3187 3669 ἡμετέρας
3232 3598 3505 3669 ἁμαρτίας
3541 3599 3794 3671 λυτήριον
3820 3601 3870 3653 6‘.

2368 3680 2537 3753 δείξῃ.
2567 3680 2659 3734 A16
2685 3683 2779 3735 καὶ
2812 3681 2963 3750 ἔλεγε
2982 3698 2996 3712 ο
3047 3683 3302 3752 Χριστὸς
3329 3684 3590 3752 ἐγερθεὶς
3619 3683 3688 3738 ἐκ
3716 3702 3870 3753 νεκρι

2347 3766 2571 3817 οὐκέτι
2601 3763 2990 3828 ἀποθνήσκει.
3019 3764 3128 3820 Καὶ
3157 3764 3266 3835 γὰρ
3287 3766 3320 3818 6
3348 3764 3626 3830 ἀπέθανε,
3653 3765 3729 3835 τῆ
3767 3768 3870 3835 dm

2370 3848 2466 3915 τίςι
2494 3847 2811 3903 ἀπέθανεν.
2849 3849 2982 3903 Οὐδὲ
3028 3852 3232 3903 ἐκεῖνον
3264 3849 3353 3903 τὸν
3387 3848 3634 3913 θάνατον,
3665 3848 3742 3914 ὡς
3785 3852 3870 3903 ὐτο

2371 3932 2526 3997 θυνος
2559 3931 2654 3993 ὣν,
2702 3932 2856 4004 φησί,
2890 3932 3031 3987 κατά
3071 3933 3163 3987 τὸν
3204 3934 3299 4004 τῆς
3330 3934 3604 4005 ἁμαρτίας
3633 3933 3791 4003 λόγον
3842 3936 3870 3988 ἁ

2371 4014 2578 4079 έθανεν,
2607 4015 2721 4069 ἀλλ’
2746 4017 2886 4087 ὑπὲρ
2917 4016 3016 4085 τῆς
3058 4016 3238 4086 κοινῆς
3263 4017 3518 4072 ἁπάντων
3547 4016 3870 4088 πλημμελείι

2372 4094 2435 4149 Εἰ
2468 4098 2642 4153 τοίνυν
2663 4097 2741 4169 τῷ
2778 4098 3028 4169 προτέρῳ
3059 4098 3200 4152 κατὰ
3228 4099 3323 4153 τοῦ
3358 4111 3382 4138 ο
3411 4099 3711 4165 ὑπεύθυνος
3741 4095 3870 4152 οὐκὲ

2370 4179 2434 4232 ἐκ
2454 4182 2769 4252 περιουσίας
2802 4181 3199 4246 ἀποδέδεικται,
3229 4183 3312 4235 611
3356 4182 3538 4235 οὐκέτι
3572 4182 3869 4237 ἀποθανεῖτ

2371 4262 2482 4315 Καὶ
2535 4262 3069 4333 καταλειφθήσεται
3110 4264 3149 4332 ἡ
3179 4263 3302 4333 *γῆ,
3357 4261 3440 4332 ἢν
3478 4264 3561 4319 σὺ
3609 4263 3791 4335 φοϐῇ,
3828 4265 3870 4319 ἀ

2369 4345 2692 4413 προσώπου
2737 4347 2858 4400 τῶν
2890 4346 3000 4399 δύο
3044 4345 3373 4411 βασιλέων.
3432 4348 3609 4418 Ὀπερ
3647 4348 3870 4419 συνεχῶς

2371 4430 2657 4499 προφήτης
2691 4431 2856 4495 ποιεῖ,
2890 4429 3049 4483 τοῦτο
3074 4428 3306 4483 ἐνταῦθα
3344 4429 3629 4501 πεποίηκε.
3657 4432 3814 4485 Μετά
3849 4448 3870 4484 τ

2370 4512 2703 4582 προφητείαν
2725 4513 2818 4566 ἐπὶ
2848 4511 2946 4583 τὴν
2978 4512 3220 4581 ἰστορίαν
3256 4512 3440 4582 ἐξάγει
3461 4512 3553 4567 τὸν
3580 4513 3756 4583 λόγον.
3778 4513 3870 4567 Τοί

2368 4595 2463 4647 καὶ
2503 4595 2596 4648 ἐπὶ
2632 4594 2742 4647 τῶν
2780 4594 3030 4666 Σεραφὶμ
3074 4597 3560 4650 κατασκευάσαντα
3599 4597 3787 4667 σαφῶς
3839 4598 3870 4648 ἀ

2365 4673 2666 4748 εδείξαμεν,
2705 4677 2734 4729 ὃ
2758 4678 2853 4732 καὶ
2898 4677 3129 4732 ἐνταῦθα
3173 4678 3482 4750 εἰργάσατο.
3519 4679 3705 4733 Εἰπὼν
3736 4678 3846 4750 γὰρ

2370 4759 2628 4829 μέλλοντα
2667 4758 2885 4815 ἔσεσθαι
2936 4761 3036 4831 τῆς
3078 4761 3402 4832 οἰκουμένης
3455 4760 3635 4830 ἀγαθά
3660 4802 3676 4827 ,
3715 4763 3797 4824 εἰς
3851 4779 3870 4814 1

2368 4840 2591 4911 βασιλέα
2625 4841 2808 4895 λοιπὸν
2854 4843 3043 4915 τρέπει
3082 4844 3175 4898 τὸν
3219 4844 3395 4912 λόγον.
3445 4845 3538 4897 Διὸ
3573 4844 3667 4898 καὶ
3695 4846 3870 4914 ἐπήγα

2366 4926 2563 4994 λέγων·
2592 4926 3146 4997 Καταλειφθήσεται
3180 4927 3219 4994 ἠ
3251 4926 3351 4998 τῆ.
3379 4927 3444 4981 Τί
3474 4930 3626 4990 ἐστι,
3658 4930 3870 4981 Καταλ.

2364 5002 2693 5078 φθήσεταις
2737 5008 3035 5079 ’Δνέπαφος
3059 5010 3232 5072 ἔσται,
3254 5010 3511 5081 ἐλευθέρα
3541 5010 3695 5064 ἐσται
3718 5009 3763 5076 ί,
3793 5010 3870 5064 οὐὲ

2364 5095 2614 5147 πείσεται
2659 5092 2840 5164 ἀηδὲς,
2874 5093 2944 5147 τὰ
2996 5092 3091 5147 τοῦ
3138 5092 3378 5164 πολέμου
3411 5095 3508 5165 οὐχ
3555 5094 3870 5164 ύποστήσετε

2364 5178 2476 5231 Καὶ
2501 5176 3036 5247 καταλειφθήσεται
3064 5177 3104 5246 ἡ
3132 5175 3228 5248 γῆ,
3280 5175 3361 5245 ἢν
3389 5177 3470 5232 σὺ
3490 5175 3678 5247 φοϐῇ,
3706 5179 3848 5249 ὑπὲρ

2363 5261 2604 5325 δέδοικας
2624 5300 2640 5324 ,
2677 5260 2817 5331 ὑπὲρ
2841 5256 2907 5332 ἦς
2938 5259 3180 5332 τρέμεις,
3207 5260 3327 5315 ἀπὸ
3350 5260 3670 5330 προσώπου
3686 5259 3809 5314 τῶν
3830 5260 3869 5313 δ

2355 5344 2685 5410 βασιλέων,
2712 5343 2807 5397 τοῦ
2836 5360 2896 5397 τε
2922 5343 3302 5414 Δαμασκηνοῦ,
3331 5344 3544 5399 καὶτοῦ
3579 5345 3870 5415 Ἰσραηλίτι

2360 5425 2496 5482 Εἶτα
2539 5427 2625 5481 ἵνα
2656 5426 2729 5498 μὴ
2760 5428 2826 5496 τῇ
2855 5425 2963 5480 τῶν
2986 5426 3206 5495 ἀγαθῶν
3236 5426 3536 5500 προφητείᾳ
3568 5425 3870 5499 ῥαθυμότερ

2358 5511 2604 5582 γένηται,
2641 5509 2775 5580 μηδὲ
2803 5509 2906 5562 ὑπὸ
2934 5512 3033 5581 τῆς
3053 5511 3273 5580 εἰρήνης
3302 5513 3644 5580 χαυνότερος,
3672 5510 3867 5577 ἐπισφί

2359 5611 2446 5664 γει
2478 5593 2636 5649 πάλιν
2664 5592 2829 5648 αὐτοῦ
2876 5592 2975 5665 τὴν
3006 5591 3180 5664 ψυχὴν
3203 5592 3378 5661 λέγων
3404 5608 3417 5623 ·
3463 5592 3638 5648 Ἀλλὰ
3666 5591 3870 5657 ἐπάξει

2425 5780 2448 5832 ε
2473 5765 2566 5832 Hic
2583 5763 2852 5832 legengpm
2866 5762 3083 5832 punning
3104 5767 3181 5812 est
3200 5762 3331 5832 κατᾲ
3351 5760 3533 5832 τοῦτο.-
3601 5820 3613 5832 ,

2423 5824 2444 5866 ί
2475 5826 2608 5889 Haec,
2628 5824 2842 5890 ἐλευθέρα
2863 5825 3015 5890 ἔσται,
3037 5825 3214 5876 absunt
3231 5840 3255 5872 ε
3283 5826 3406 5890 “es.
3428 5831 3483 5874 et
3504 5824 3668 5888 Savil,
