4048 6208
328 217 386 272 85
579 267 586 275 _
1609 215 1675 272 IN
1715 217 1966 287 ISAIAM,
2007 221 2158 280 CAP.
2203 225 2315 283 VII.
3512 237 3582 292 86

332 330 524 398 virtute)
557 343 572 380 :
605 325 832 397 idipsum
864 327 1041 397 itaque
1069 325 1139 384 de
1167 326 1381 382 Christo
1409 327 1714 396 dicendum,
1747 331 1889 400 quod

327 435 497 488 nempe
521 419 619 489 ipsi
658 434 722 472 ex
759 420 922 473 rebus
965 434 1157 473 nomen
1203 419 1536 490 imposuerit.
1577 419 1727 474 Tunc
1749 426 1889 475 enim

327 512 536 567 maxime
564 511 840 564 nobiscum
867 509 1005 564 Deus
1032 508 1204 564 factus
1228 518 1331 576 est,
1357 525 1478 564 cum
1508 511 1558 565 in
1585 520 1724 565 terra
1749 512 1894 566 visus

324 614 412 669 est,
437 611 489 656 et
517 617 638 656 cum
683 601 992 657 hominibus
1025 612 1374 657 conversatus
1417 611 1501 658 est
1520 645 1535 668 ,
1565 604 1893 674 multamque

323 712 432 766 erga
461 708 558 750 nos
584 693 974 764 providentiam
1013 693 1276 750 exhibuit.
1306 693 1423 750 Non
1450 695 1591 749 enim
1622 696 1759 749 ultra
1797 712 1894 749 au-

317 793 472 860 gclus,
501 802 607 842 non
634 787 990 857 archangelus
1016 787 1320 854 nobiscum,
1347 787 1440 842 sed
1470 787 1585 857 ipse
1613 788 1890 854 Dominus,

318 882 398 953 qui
425 881 733 947 descendit,
766 897 979 936 omnem
1009 883 1062 936 in
1092 897 1152 937 se
1177 882 1410 952 suscepit
1439 881 1891 949 emendationem,

319 989 427 1029 eum
446 973 816 1029 meretricibus
832 973 1079 1044 loquens,
1102 988 1222 1028 cum
1241 975 1537 1044 publicanis
1555 975 1892 1042 recumbens,

321 1067 367 1120 in
396 1075 729 1136 peccatorum
759 1065 953 1120 domus
981 1066 1307 1136 ingrediens,
1337 1067 1636 1122 latronibus
1665 1067 1890 1123 liberam

321 1156 557 1229 loquendi
605 1158 854 1213 ﬁduciam
886 1158 1078 1213 indens
1099 1201 1114 1226 ,
1150 1174 1336 1229 magos
1370 1159 1666 1224 attrahens,
1713 1161 1892 1215 omnia

316 1251 637 1320 perlustrans
673 1261 728 1306 et
765 1251 1095 1318 reformans,
1140 1251 1309 1322 ipsam
1355 1262 1601 1308 naturam
1645 1254 1746 1309 sibi
1793 1254 1891 1325 ipsi

316 1343 513 1396 aniens.
544 1341 669 1396 Hzec
694 1344 872 1412 itaque
889 1343 1066 1397 omnia
1094 1343 1348 1414 propheta
1368 1345 1711 1414 prauumtiat,
1736 1346 1892 1400 simul

314 1444 513 1505 partum
547 1435 766 1500 dicens,
808 1444 861 1490 ct
886 1445 1070 1505 partus
1113 1435 1320 1491 lucrum
1364 1435 1631 1492 inell‘abile
1670 1437 1797 1492 illud
1840 1446 1894 1492 et

316 1529 652 1584 immensum.
695 1525 828 1583 Cum
875 1528 1016 1584 enim
1070 1528 1210 1584 Deus
1250 1544 1372 1584 cum
1419 1528 1726 1584 hominibus
1773 1537 1890 1596 est,

311 1619 427 1674 nihil
459 1619 605 1672 ultra
639 1617 953 1684 timendum,
999 1618 1128 1673 nihil
1159 1619 1522 1688 tremendum,
1551 1619 1646 1676 sed
1679 1619 1746 1676 de
1771 1601 1892 1675 om;

310 1708 453 1762 nibus
480 1707 754 1763 Iideudum
781 1717 863 1764 est
893 1724 909 1762 :
943 1709 993 1763 id
1025 1709 1164 1781 quod
1193 1710 1354 1764 etiam
1394 1710 1591 1765 factum
1622 1721 1726 1766 est.
1758 1710 1890 1766 Nam

309 1801 522 1870 antiqua
567 1799 657 1853 illa
693 1808 748 1854 et
777 1801 995 1854 immota
1021 1800 1158 1854 mala
1187 1799 1362 1856 soluta
1393 1811 1539 1866 sunt,
1569 1801 1677 1855 lata
1705 1812 1890 1857 contra

310 1905 593 1946 commune
633 1891 910 1947 hominum
959 1906 1127 1963 genus
1169 1893 1433 1948 sententia
1481 1894 1725 1950 submota
1773 1905 1887 1965 est,
1936 1910 1938 1912 ·

309 1984 621 2054 peccatique
649 1985 799 2039 nervi
829 1985 969 2054 rupti
997 1992 1152 2050 sunt,
1181 1984 1379 2040 diaboli
1411 1987 1650 2056 tyrannis
1679 1987 1852 2043 soluta
1873 2031 1888 2056 ,

309 2079 686 2149 paradisusque
711 2078 960 2134 omnibus
987 2079 1294 2134 inaccessus
1315 2079 1595 2135 homicida:
1619 2091 1674 2136 et
1695 2082 1890 2138 latroni

307 2172 532 2240 primum
573 2173 846 2242 aperitur,
872 2171 1117 2226 caelestes
1156 2170 1391 2228 fornices
1428 2183 1754 2239 reserantur,
1788 2175 1890 2228 ho-

304 2277 494 2332 moque
521 2276 646 2317 cum
669 2263 874 2334 angelis
893 2263 1292 2329 commiseetur,
1322 2279 1385 2318 ac
1409 2275 1592 2319 natura
1624 2275 1803 2321 nostra
1824 2265 1892 2321 ad

304 2355 504 2425 regium
531 2353 724 2410 solium
753 2353 1036 2409 adducitur
1059 2371 1073 2408 :
1099 2354 1290 2410 inferni
1314 2371 1498 2410 carcer
1520 2357 1722 2412 inutilis
1749 2373 1894 2413 mor-

303 2445 468 2515 tisque
491 2459 693 2499 nomen
725 2445 896 2500 solum
929 2447 1160 2513 mansit,
1186 2463 1244 2502 re
1275 2447 1388 2517 ipsa
1428 2463 1651 2502 vacuum
1687 2467 1700 2504 :
1742 2463 1886 2504 mar-

301 2548 470 2610 tyrum
505 2539 659 2594 chori
682 2580 698 2606 ,
727 2549 781 2594 et
807 2540 1059 2595 mulieres
1089 2539 1337 2595 stimulos
1367 2541 1561 2596 inferni
1595 2541 1888 2612 fregerunt.

363 2630 562 2684 Contra
585 2629 896 2684 Marcionem
917 2640 962 2685 et
991 2629 1331 2685 Valentinum.
1351 2661 1420 2670 —
1439 2631 1562 2686 Haec
1581 2632 1757 2703 itaque
1777 2647 1892 2687 om-

297 2720 377 2776 nia
406 2721 717 2791 pmvidens
747 2721 1005 2791 propheta
1031 2721 1331 2776 exsultabat
1352 2731 1404 2776 et
1425 2721 1650 2777 choreas
1677 2722 1887 2792 agebat,

299 2821 350 2866 et
381 2827 493 2866 uno
527 2811 692 2867 verbo
726 2812 905 2866 omnia
947 2811 1099 2866 nobis
1137 2811 1451 2876 declaravit,
1482 2811 1888 2867 Emmanuelem

304 2903 457 2958 nobis
483 2906 875 2974 prxcnuntians.
902 2903 988 2958 15.
1016 2901 1266 2974 Butyrum
1292 2913 1339 2958 et
1361 2903 1461 2957 mel
1479 2903 1722 2971 comedet,
1749 2913 1892 2958 aute-

297 3012 445 3064 quam
480 2997 611 3050 sciat
641 2997 749 3067 ipse
769 2995 844 3050 vel
878 2996 1166 3066 prtecligere
1192 2997 1356 3060 mala,
1389 2995 1535 3066 eliget
1561 2996 1764 3050 bonum.
1799 2997 1886 3052 I6.

298 3089 427 3153 Quia
467 3097 746 3157 antequam
773 3087 899 3142 sciat
935 3105 1061 3158 puer
1087 3086 1271 3142 bonum
1302 3097 1389 3141 aut
1419 3089 1643 3153 malum,
1674 3106 1774 3143 non
1803 3089 1892 3143 ob-

295 3191 551 3250 temperat
579 3181 808 3244 malitiar,
836 3189 890 3232 ut
916 3179 1071 3250 eligat
1102 3180 1309 3233 bonum.
1337 3180 1598 3246 Quoniam
1627 3197 1760 3251 puer
1789 3181 1890 3237 iste

294 3283 447 3327 natus
472 3286 652 3342 neque
690 3269 850 3325 homo
874 3269 1099 3340 simplex
1127 3279 1263 3337 erat,
1287 3285 1461 3341 neque
1490 3271 1629 3326 Deus
1660 3280 1887 3338 tantum,

292 3362 384 3419 sed
407 3364 562 3418 Deus
591 3362 643 3416 in
676 3361 914 3428 homine,
939 3360 1059 3431 jure
1086 3361 1345 3430 propheta
1372 3376 1673 3416 sermonem
1696 3363 1888 3432 variat,

293 3469 434 3508 nunc
473 3453 616 3518 hoc,
658 3466 800 3507 nunc
841 3451 968 3506 illud
1014 3451 1220 3518 dicens,
1253 3451 1511 3522 stupenda
1561 3467 1886 3522 proponens,

288 3559 390 3600 nec
418 3545 745 3614 permittens
789 3551 846 3597 ut
875 3542 1006 3598 ﬁdes
1050 3553 1274 3612 negetur
1319 3544 1634 3598 meonomite
1674 3553 1891 3616 propter

291 3633 650 3690 eminentiam
700 3633 964 3688 miraculi.
997 3633 1128 3688 Cum
1175 3632 1407 3688 dixisset
1446 3635 1588 3688 enim
1629 3635 1888 3705 virginem

290 3739 414 3781 esse
444 3725 765 3795 parituram,
800 3723 851 3777 id
881 3723 1023 3793 quod
1052 3733 1295 3778 naturam
1323 3725 1626 3794 superabat,
1651 3734 1704 3780 et
1731 3726 1880 3781 illum

289 3815 622 3871 Emmanuel
646 3814 942 3868 vocandum
965 3829 1104 3877 esse,
1133 3815 1272 3885 quod
1296 3816 1466 3884 ipsum
1490 3817 1889 3886 exspectatione

290 3909 471 3978 majus
496 3915 632 3969 erat,
657 3923 725 3962 nc
752 3907 870 3977 quis
891 3907 1294 3962 Emmanuelem
1315 3905 1560 3973 audiens,
1586 3909 1637 3962 iu
1666 3907 1890 3962 Marcio-

291 4000 375 4054 nis
404 4007 466 4054 et
493 4000 545 4052 in
567 3997 836 4053 Valentini
865 3997 1109 4052 morbum
1130 3997 1407 4064 incideret,
1438 4008 1652 4070 propter
1670 3999 1886 4070 dispen-

288 4093 587 4156 sationem,
615 4090 966 4145 clarissimam
997 4089 1204 4145 induxit
1227 4089 1642 4160 dispensationis
1663 4092 1886 4148 demono

287 4187 614 4240 strationem
671 4181 787 4255 (o),
832 4199 862 4238 a
913 4198 1096 4238 mensa
1130 4182 1231 4253 ipsi
1281 4182 1439 4238 Iidem
1490 4183 1709 4240 I‘aciens.
1745 4185 1884 4252 Quid

289 4275 442 4330 cnim
472 4275 547 4328 ait
571 4275 595 4327 2
615 4273 865 4344 Butyrum
890 4280 938 4328 et
963 4271 1061 4326 ntel
1087 4273 1331 4327 comedet.
1374 4272 1431 4328 Id
1460 4289 1588 4330 veru
1613 4291 1718 4329 non
1746 4273 1883 4329 divi-

287 4365 479 4419 nitatis
504 4364 692 4427 fuerit,
715 4363 810 4418 sed
841 4373 1043 4418 naturae
1073 4372 1292 4418 nostrai.
1342 4363 1553 4420 Idcirco
1593 4365 1736 4420 enim
1779 4382 1885 4422 non

285 4456 613 4525 simpliciter
655 4455 706 4508 in
748 4453 963 4509 homine
999 4455 1067 4508 ab
1100 4469 1158 4510 se
1195 4453 1421 4510 formato
1449 4455 1700 4512 habitavit
1730 4499 1745 4524 ,
1779 4457 1876 4514 sed

284 4549 459 4602 etiam
487 4547 540 4600 iu
568 4555 722 4601 utero
751 4555 989 4618 gestatus
1013 4555 1135 4610 est,
1179 4545 1338 4616 idque
1381 4561 1478 4616 per
1504 4564 1693 4604 novem
1723 4564 1874 4605 men-

284 4653 406 4699 ses,
431 4647 640 4706 partem
672 4651 983 4706 paunosque
1008 4635 1190 4702 subiit,
1213 4644 1268 4691 et
1291 4637 1467 4692 cibum
1500 4639 1712 4696 tenellae
1741 4642 1881 4697 mtati

283 4737 742 4793 consentaneum,
771 4737 829 4781 ut
858 4743 953 4797 per
979 4727 1094 4782 haec
1119 4727 1297 4782 omnia
1326 4742 1387 4782 os
1416 4728 1687 4785 obttrraret
1708 4732 1772 4786 iis
1789 4733 1878 4802 qui

285 4819 720 4875 incarnationem
751 4833 948 4888 negare
985 4818 1267 4874 auderent.
1314 4818 1440 4874 llaec
1486 4821 1664 4892 itaque
1687 4824 1883 4893 pravi-

284 4911 435 4964 dens
461 4910 720 4981 propheta
747 4924 852 4964 non
878 4909 1075 4964 natalia
1093 4908 1264 4964 solum
1285 4919 1338 4964 et
1361 4911 1654 4967 mirabilem
1673 4923 1883 4982 partum

282 5002 460 5056 dicit:
490 5001 586 5056 sed
613 5002 775 5056 etiam
819 4999 1130 5055 alimentum
1177 5001 1388 5056 tenellae
1439 5004 1612 5058 anatis
1636 5046 1651 5070 ,
1680 5020 1788 5074 quo
1819 5007 1876 5061 in

283 5092 576 5146 cunabulis
601 5107 732 5146 usus
752 5099 854 5154 est,
877 5090 1020 5162 quod
1050 5090 1177 5145 nihil
1207 5091 1488 5148 dill'erebat
1513 5108 1541 5146 a
1569 5106 1884 5152 ca'terorum

288 5185 575 5240 hominum
597 5199 740 5248 esca,
759 5199 858 5239 nec
875 5183 1143 5255 quidpiam
1173 5185 1444 5240 insolitum
1474 5185 1725 5243 habebat.
1750 5189 1880 5244 Nam

287 5276 346 5329 in
383 5277 473 5331 illo
502 5291 676 5347 neque
705 5277 884 5330 omnia
913 5275 1126 5330 diversa
1140 5284 1313 5343 erant,
1345 5292 1516 5348 neque
1543 5279 1720 5333 omnia
1746 5294 1888 5335 eont-

357 5406 442 5467 (a)
471 5405 599 5463 Quod
621 5405 738 5470 dicit
761 5403 886 5470 infra
905 5403 1268 5470 Cltysostomus
1286 5405 1456 5456 Isa'mm
1474 5405 1606 5457 clare
1628 5409 1881 5470 dispensa-

288 5469 469 5523 tioms,
505 5480 594 5515 seu
630 5467 1487 5531 incarnationis,demonstrationem
1522 5467 1789 5531 induxisse,
1819 5486 1882 5522 ne

285 5541 414 5591 quis
438 5543 482 5576 III
507 5529 852 5594 stat-cipiusaut
873 5527 1112 5594 Valentini
1136 5533 1358 5594 morbum
1404 5531 1658 5594 incideret,
1684 5547 1746 5582 eo
1767 5527 1884 5594 spe-

286 5587 394 5659 c'tag
426 5592 549 5659 quod
573 5587 858 5659 Valentinus
875 5596 925 5638 et
950 5592 1140 5642 Marcion
1164 5593 1410 5653 dicereut,
1439 5591 1601 5642 Filium
1625 5587 1720 5645 non
1745 5587 1882 5659 vero,

289 5652 574 5714 ωόῳιεςίε
592 5657 798 5712 ειυιιυιι,
819 5664 1006 5700 carnem
1028 5668 1148 5723 sum;
1163 5661 1308 5708 ﬁsse,

2002 339 2203 394 munia.
2237 341 2369 396 Illud
2391 343 2556 411 enim,
2585 360 2650 402 es
2682 347 2907 404 muliere
2940 350 3082 406 nasci
3108 393 3126 419 ,
3151 367 3435 413 commune
3458 369 3542 414 est
3567 401 3583 423 ,

1999 443 2065 484 ex
2093 430 2296 502 virgine
2322 444 2535 503 autem,
2565 438 2737 508 majus
2773 456 2930 510 quam
2961 443 3196 500 conditio
3219 455 3398 502 nostra
3429 445 3588 504 ferat.

2001 523 2325 580 Alimentutu
2355 542 2568 585 sumere
2594 546 2804 587 rursum
2832 574 2848 597 ,
2893 549 2958 588 ex
2985 545 3189 591 natura:
3217 537 3332 606 lege
3357 547 3441 593 est
3467 555 3591 609 qua:

1999 617 2208 671 ueteris
2237 621 2514 690 competit,
2536 638 2598 676 ac
2624 639 2910 681 commune
2938 637 3021 682 est
3045 645 3060 692 ;
3090 638 3146 683 at
3176 631 3430 701 templum
3459 633 3587 686 illud

2001 704 2329 763 inaccessum
2354 724 2474 764 esse
2496 714 2763 782 nequitiae,
2785 731 2958 784 neque
2978 719 3402 787 experimentum
3423 721 3586 776 ullum

2002 799 2218 853 malitiae
2242 801 2436 858 habere
2460 844 2479 868 ,
2508 804 2610 859 hoc
2637 821 2832 861 novum
2855 849 2870 872 ,
2905 809 3004 863 hoc
3031 811 3350 881 stupendum
3382 820 3463 866 est
3488 853 3503 877 ,
3531 821 3586 868 tt

2001 889 2098 958 ipsi
2129 893 2225 946 soli
2251 896 2523 964 competit.
2551 897 2782 968 Ideoque
2803 910 2854 952 et
2877 899 2978 954 hoc
2997 911 3051 955 et
3075 901 3202 955 illud
3233 903 3428 972 posuit.
3459 901 3578 958 Non

2000 981 2142 1034 enim
2176 992 2295 1051 post
2325 985 2748 1052 experimentum
2779 989 2996 1044 malitia:
3031 1005 3059 1043 a
3103 992 3301 1046 malitia
3329 993 3532 1047 abstitit
3559 1034 3580 1062 ,

2000 1072 2172 1141 inquit
2205 1113 2221 1138 ,
2254 1075 2346 1128 Sed
2376 1076 2444 1130 ab
2473 1077 2587 1144 ipso
2617 1078 2878 1148 principio
2906 1091 2961 1135 et
2987 1081 3210 1136 exordio
3235 1099 3449 1136 omnem
3477 1085 3584 1138 vir-

2002 1173 2166 1220 tutem
2197 1165 2457 1221 exhibuit.
2485 1169 2634 1234 Quod
2659 1179 2714 1226 et
2732 1170 2844 1240 ipse
2865 1173 2938 1225 ait
2966 1188 2981 1226 :
3017 1173 3142 1239 Quis
3168 1190 3232 1228 ea:
3259 1175 3381 1244 ipsis
3406 1184 3590 1245 arguet

2000 1274 2079 1310 me
2107 1258 2168 1311 de
2193 1261 2436 1328 peccato?
2465 1270 2518 1314 et
2547 1277 2561 1313 :
2602 1259 2746 1314 Venit
2777 1265 3012 1333 princeps
3035 1265 3190 1337 hujus
3213 1266 3392 1319 mundi
3422 1307 3437 1331 ,
3462 1276 3506 1320 et
3534 1269 3587 1320 in

1999 1364 2079 1402 me
2102 1365 2200 1402 non
2233 1349 2378 1404 habet
2401 1351 2659 1421 quidpiam
2684 1351 2860 1424 (Joau.
2887 1355 2938 1409 8.
2969 1355 3058 1409 46.
3083 1363 3128 1408 et
3160 1357 3245 1410 M.
3275 1355 3388 1424 50).

2075 1439 2128 1492 7.
2169 1442 2342 1511 Atque
2387 1442 2473 1496 hic
2517 1444 2630 1512 ipse
2679 1444 2937 1513 prolzheta
2987 1445 3038 1500 in
3088 1447 3433 1515 sequentibus
3475 1447 3587 1502 ait:

2000 1529 2274 1584 Peccatum
2309 1549 2408 1586 non
2435 1533 2571 1602 fecit,
2605 1551 2762 1603 neque
2786 1535 2934 1590 dolus
2962 1536 3189 1590 inventus
3209 1546 3280 1592 est
3301 1538 3352 1592 in
3377 1555 3463 1592 ore
3480 1541 3590 1611 ejus

2003 1620 2154 1692 (lsai.
2188 1623 2279 1678 55.
2317 1622 2394 1692 9).
2440 1623 2552 1680 Hoc
2581 1634 2727 1680 certe
2757 1635 2810 1680 et
2848 1625 2950 1682 hoc
2988 1628 3108 1683 loco
3134 1629 3228 1695 ait,
3259 1629 3381 1699 quia
3413 1631 3590 1700 prius-

1997 1727 2156 1782 quam
2193 1714 2327 1768 sciat
2371 1715 2484 1784 ipse
2523 1715 2608 1770 vel
2649 1716 2786 1769 mala
2819 1719 3160 1789 prteeligere,
3207 1719 3274 1773 ab
3311 1731 3468 1774 :etate
3500 1719 3588 1774 illa

1997 1803 2198 1858 nullum
2230 1813 2446 1874 experta
2495 1805 2691 1860 malum
2717 1847 2734 1874 ,
2780 1806 2849 1862 ab
2887 1807 3003 1878 ipso
3041 1809 3306 1880 principio
3337 1809 3587 1864 virtutem

1997 1895 2266 1962 ostendet,
2316 1895 2551 1968 nihilque
2591 1914 2711 1952 eum
2761 1899 2993 1970 nequitia
3030 1914 3314 1954 commune
3352 1901 3588 1956 habebit.

2001 1989 2135 2054 Quia
2183 1991 2476 2061 priusquam
2522 1993 2648 2045 sciat
2692 2009 2817 2061 puer
2860 1993 3043 2046 bouum
3087 2002 3178 2046 aut
3223 1993 3448 2058 malum,
3487 2009 3598 2047 uorr

1996 2080 2306 2150 obtemperat
2344 2079 2583 2148 malitite,
2628 2089 2683 2134 ut
2710 2081 2861 2152 eligat
2901 2081 3103 2134 bonum.
3139 2082 3366 2136 Rursum
3399 2082 3587 2137 iisdem

1995 2171 2175 2228 verbis
2212 2173 2455 2228 eamdem
2497 2174 2833 2233 sententiam
2859 2173 3186 2239 subindicat,
3221 2185 3274 2228 et
3314 2174 3366 2228 in
3397 2174 3588 2230 eodem

1995 2271 2240 2318 versatur
2267 2279 2534 2320 sermone.
2565 2263 2693 2332 Quia
2729 2264 2870 2319 enim
2902 2263 3188 2318 admodum
3220 2265 3446 2319 sublime
3474 2273 3598 2320 erat.

1997 2353 2048 2409 id
2071 2352 2210 2424 quod
2235 2353 2530 2418 dicebatur,
2551 2354 2867 2408 narrationis
2881 2355 3276 2410 continuatione
3299 2354 3397 2424 ipsi
3427 2353 3584 2409 Iidem

2001 2445 2271 2502 conciliat.
2311 2445 2462 2512 Quod
2487 2446 2628 2500 enim
2657 2461 2816 2516 supra
2847 2445 3139 2501 declaravit
3161 2446 3343 2502 dicens
3367 2463 3380 2500 :
3405 2445 3589 2501 Prius-

1994 2553 2145 2607 quam
2169 2538 2294 2591 sciat
2319 2538 2425 2607 ipse
2453 2537 2530 2592 vel
2549 2538 2840 2608 praeﬁgere
2864 2541 3020 2604 mala,
3051 2537 3154 2592 hoc
3182 2549 3366 2610 postea
3391 2537 3579 2592 subin-

1994 2627 2190 2682 dicavit
2219 2627 2438 2694 dicens,
2477 2626 2781 2696 Priusquam
2817 2629 2943 2683 sciat
2976 2645 3133 2698 puer;
3157 2640 3212 2684 et
3247 2629 3590 2684 enarratione

1994 2733 2205 2784 rursum
2234 2720 2398 2773 utitur
2429 2719 2612 2774 dicens
2631 2737 2649 2774 :
2668 2718 2866 2773 Bonum
2893 2730 2981 2774 aut
3013 2721 3200 2774 malum
3220 2761 3235 2787 ,
3267 2737 3367 2774 non
3395 2722 3586 2774 obtem-

1995 2820 2140 2881 perat
2165 2811 2391 2877 malitiae,
2424 2821 2477 2864 ut
2504 2812 2656 2882 eligat
2684 2814 2889 2866 bonum.
2922 2813 3087 2880 IIujus
3115 2815 3255 2867 enim
3286 2812 3450 2867 solius
3473 2821 3590 2867 erat

1997 2902 2111 2957 lucc
2134 2903 2500 2973 prterogativa.
2520 2901 2640 2957 Ideo
2661 2912 2715 2958 ct
2735 2903 2928 2958 Paulus
2945 2903 3044 2958 hoc
3064 2903 3276 2957 assidue
3307 2913 3510 2968 versat,
3533 2912 3590 2958 et

1995 2991 2230 3048 Joannes
2265 2992 2451 3048 videns
2495 2993 2680 3060 illum,
2729 2993 2833 3048 hoc
2881 2992 3208 3064 praedicavit.
3254 2992 3388 3047 Ecce
3425 3011 3587 3064 agnus

1994 3083 2093 3139 Dei
2113 3085 2194 3154 qui
2221 3085 2351 3138 tollit
2371 3096 2624 3157 peccatum
2653 3087 2832 3140 mundi
2856 3084 3035 3156 (Joan.
3067 3086 3118 3141 1.
3147 3085 3260 3156 ‘29).
3284 3085 3382 3152 Qui
3405 3095 3582 3140 autem

1993 3175 2216 3230 aliorum
2247 3187 2458 3246 peccata
2489 3176 2744 3240 tollebat,
2777 3176 2944 3231 multo
2971 3176 3138 3246 magis
3169 3177 3279 3248 ipse
3307 3191 3336 3229 a
3365 3187 3586 3246 peccato

1995 3265 2246 3322 immunis
2277 3278 2408 3324 erat.
2444 3269 2507 3323 Et
2533 3269 2746 3336 Paulus,
2776 3279 2833 3324 ut
2862 3269 3021 3323 modo
3046 3269 3308 3334 dicebam,
3339 3269 3588 3340 frequen-

1995 3366 2076 3414 ter
2101 3359 2327 3429 idipsum
2354 3359 2568 3414 clamat.
2589 3360 2718 3426 Quia
2745 3359 2885 3414 enim
2915 3360 3003 3415 ille
3027 3360 3315 3415 moriturus
3340 3369 3455 3416 erat
3473 3405 3487 3428 ,
3516 3377 3585 3417 ne

1993 3452 2112 3521 quis
2139 3451 2428 3507 inﬁdelium
2452 3460 2679 3522 putaret,
2703 3452 2876 3522 ipsum
2902 3453 3102 3522 peccati
3127 3453 3206 3507 sui
3229 3453 3354 3508 dare
3375 3467 3583 3522 poenas,

1996 3542 2306 3614 frequenter
2333 3548 2449 3614 ejus
2480 3544 2972 3614 impeceabilitatem
3003 3545 3053 3599 in
3079 3545 3310 3600 medium
3338 3544 3582 3612 adducit,

1995 3643 2051 3688 ut
2073 3643 2297 3689 mortem
2321 3633 2485 3705 ipsius
2508 3636 2708 3705 peccati
2734 3635 2898 3689 n0stri
2921 3634 3241 3689 solutionem
3264 3649 3384 3689 esse
3403 3643 3586 3689 osten-

1993 3724 2164 3780 deret.
2187 3725 2541 3794 Quamobrcm
2561 3725 2770 3781 dicebat
2785 3745 2796 3778 :
2811 3724 3040 3781 Christus
3063 3743 3323 3796 resurgens
3351 3743 3412 3780 ea:
3439 3742 3580 3780 mor-

1995 3817 2116 3881 tuis,
2140 3817 2242 3882 iam
2267 3834 2366 3870 nos
2387 3819 2619 3872 moritur.
2642 3817 2838 3871 Etenim
2859 3816 2993 3887 quod
3014 3829 3242 3871 mortuus
3263 3827 3354 3884 est,
3380 3826 3582 3887 peccato

1994 3916 2222 3960 mortuus
2249 3917 2322 3961 est
2351 3907 2526 3978 (Rom.
2557 3908 2610 3962 6.
2643 3907 2695 3964 9.
2727 3907 2838 3980 I0).
2865 3908 3042 3979 Neque
3074 3917 3244 3962 morte
3281 3908 3364 3961 illa
3386 3950 3401 3976 ,
3433 3909 3581 3978 quasi

1995 4013 2136 4064 reus,
2165 3999 2353 4070 inquit,
2374 3999 2665 4054 secundum
2692 4003 2948 4056 rationem
2980 4002 3176 4071 peccati
3199 4011 3440 4056 mortuus
3465 4009 3581 4065 est;

1995 4088 2087 4144 sed
2117 4105 2212 4160 pro
2241 4091 2510 4144 communi
2554 4091 2790 4145 omnium
2829 4090 3046 4144 delicto.
3099 4091 3153 4145 Si
3197 4091 3374 4160 itaque
3419 4091 3585 4160 priori

1995 4182 2150 4234 morti
2173 4178 2464 4239 secundum
2487 4180 2589 4235 hoc
2607 4181 2868 4236 obnoxius
2889 4195 2992 4236 non
3011 4193 3144 4244 erat,
3169 4183 3298 4236 satis
3315 4197 3583 4252 superque

1994 4269 2415 4326 demonstratum
2462 4281 2562 4334 est.
2616 4273 2786 4343 ipsum
2839 4287 2944 4328 non
2990 4274 3216 4343 amplius
3267 4275 3582 4330 moriturum

1993 4377 2134 4427 esse.
2168 4360 2236 4416 Et
2274 4363 2646 4432 derelinquetur
2689 4374 2842 4432 terra,
2889 4381 3040 4436 quam
3084 4377 3137 4418 tu
3180 4366 3355 4430 times,
3394 4384 3426 4420 a
3455 4369 3580 4438 facit

1995 4453 2208 4508 duorum
2250 4470 2448 4525 regum.
2491 4454 2642 4522 Quod
2687 4455 2992 4528 frequenter
3032 4455 3156 4511 facit
3198 4457 3485 4528 propheta,
3531 4457 3580 4512 id

1993 4543 2153 4600 etiam
2199 4542 2323 4599 fecit
2353 4545 2454 4600 hoc
2490 4544 2630 4600 loco.
2678 4545 2808 4600 Post
2850 4545 3182 4617 prophetiam
3211 4545 3278 4600 ad
3308 4547 3580 4602 historiam

1993 4649 2294 4691 sermonem
2325 4635 2551 4691 reducit.
2597 4635 2709 4691 lloe
2738 4637 2896 4692 etiam
2931 4635 3091 4692 modo
3124 4638 3260 4692 circa
3301 4635 3579 4706 Seraphim

1993 4740 2053 4781 se
2093 4726 2324 4797 gessisse
2367 4727 2647 4797 perspicue
2689 4728 3057 4795 ostendimus,
3094 4727 3234 4797 quod
3286 4729 3446 4782 etiam
3497 4728 3586 4782 hic

1992 4818 2188 4873 eﬂeeit.
2219 4817 2351 4874 Cum
2381 4819 2736 4875 enarravisset
2779 4819 2923 4874 cnim
2970 4819 3107 4873 bona
3147 4819 3262 4874 orbi
3318 4828 3578 4878 terrarum

1994 4909 2324 4976 obventura,
2373 4911 2439 4964 ad
2487 4924 2666 4979 regem
2711 4907 2924 4964 denunn
2968 4924 3270 4963 sermonem
3296 4911 3582 4969 convertit.

1994 5001 2116 5056 Ideo
2164 5001 2279 5057 lucc
2317 5001 2588 5072 Subjungit
2618 5019 2631 5056 :
2661 5000 3044 5066 Derelinquetur
3087 5012 3239 5056 terra.
3287 5001 3422 5070 Quid
3473 5009 3580 5067 est,

1994 5093 2376 5164 Derelinqttctttr
2389 5094 2416 5147 .7
2432 5093 2629 5147 Intacta
2648 5093 2768 5158 erit,
2793 5091 2959 5148 libera
2977 5093 3134 5161 erit‘,
3149 5092 3277 5147 nihil
3298 5093 3581 5149 molestum

1993 5189 2260 5258 patietur,
2288 5185 2409 5241 belli
2441 5185 2577 5240 mala
2618 5201 2721 5241 nou
2770 5187 3068 5241 sustinebit.
3109 5184 3178 5239 Et
3209 5186 3582 5255 derelinquetur

1993 5289 2157 5344 terra,
2184 5292 2334 5346 quam
2361 5285 2413 5328 tu
2443 5276 2615 5341 tinus,
2645 5291 2742 5346 pro
2766 5291 2866 5346 qua
2895 5276 3166 5340 formidas,
3201 5291 3298 5346 pro
3325 5290 3426 5344 qua
3460 5283 3577 5329 tre-

1991 5382 2114 5435 mts,
2155 5386 2186 5422 α
2215 5369 2345 5437 [acie
2385 5368 2601 5422 duorum
2649 5385 2856 5439 regunt;
2913 5368 3222 5422 Damasceui
3277 5379 3467 5434 nempe
3521 5373 3578 5418 et

1992 5462 2264 5518 Israelita.
2295 5459 2492 5516 Deinde
2515 5477 2582 5518 ne
2604 5477 2698 5533 per
2714 5462 2970 5518 bonorum
2998 5459 3329 5533 prophetiam
3359 5456 3576 5526 segnior

2055 5596 2069 5626 ¹
2109 5602 2224 5704 neq.
2253 5599 2305 5642 et
2327 5593 2448 5643 Savil
2493 5594 2604 5654 hoc,
2625 5595 2775 5646 libera
2797 5593 2906 5648 erit,
2927 5596 3152 5644 omittunt
3175 5607 3188 5642 :
3215 5591 3302 5643 sed
3327 5585 3494 5641 Morel.
3520 5591 3576 5635 st

2057 5671 2152 5704 var.
2195 5656 2382 5704 tabent.
2410 5656 2751 5704 etTilmanuus
2776 5660 2840 5704 ita
2862 5655 2997 5704 legit.

1993 5663 2152 5706 Savar.
2181 5655 2382 5720 habent,
2410 5656 2751 5708 ctTilmannus
2776 5660 2840 5706 ita
2862 5655 2997 5718 legit.
