4048 6208
532 279 600 339 g1
1240 263 1298 321 S.
1338 257 1615 319 JOANNIS
1652 244 2123 313 CllﬂYSOSTOMl
2165 241 2481 300 AllClllEP.
2522 236 3057 297 CONSTANTINOP.

533 393 804 453 evmlvret,
839 402 937 442 nec
956 400 1052 455 per
1072 394 1256 453 pacem
1283 377 1515 437 mollior,
1531 372 1646 442 ejus
1674 383 1860 425 rursus
1887 365 2123 421 animum

532 479 845 551 perstringit
870 477 1093 531 dicens:
1119 473 1205 527 17.
1240 468 1345 523 Sed
1374 466 1593 520 adducet
1639 462 1773 516 Deus
1800 474 1952 551 super
1980 465 2046 551 te,
2078 463 2125 508 et

534 548 554 627 ξι
604 594 686 627 ΜΤ
709 548 953 642 populum
983 578 1122 620 tuum
1142 605 1158 632 ,
1197 574 1247 618 et
1285 576 1436 631 super
1470 556 1673 611 domum
1704 553 1862 625 patris
1884 550 1954 604 tui
1984 548 2121 611 dies,

538 688 618 718 {5"
663 665 884 718 nondum
925 669 1161 717 venerunt
1200 672 1264 710 ex
1305 670 1402 723 quo
1446 652 1527 705 die
1563 647 1768 704 abstulit
1810 644 2055 714 Ephraim
2095 657 2127 694 a

556 772 608 812 tu
630 762 641 803 ί
665 792 670 803 ι
704 772 867 824 regem
901 752 1236 822 Assyriorum.
1265 747 1367 800 Per
1395 743 1511 797 hac
1539 740 1679 795 enim
1711 738 1907 792 indicat
1933 733 2126 787 barba-

544 868 601 901 l'tt
634 866 719 901 om
754 846 1121 912 irruptioncm,
1154 855 1256 909 qua
1285 836 1470 890 urbem
1499 850 1529 888 a
1559 829 1917 886 fundamentis
1944 827 2126 881 dirue-

542 950 664 994 rnnt.
714 939 946 1005 ipsisque
975 938 1025 987 in
1054 931 1410 1002 captivitatem
1443 925 1680 994 abreptis
1705 922 1970 976 abierunt.
2002 917 2126 972 llmc

543 1046 668 1083 vero
699 1025 958 1096 pra-dicit,
1004 1040 1107 1077 non
1140 1030 1196 1075 ttt
1236 1019 1506 1083 eveniant,
1539 1015 1632 1069 sed
1665 1023 1720 1067 ιιι
1750 1021 1893 1066 metu
1922 1020 2124 1075 tempe-

543 1119 807 1174 rantiores
834 1116 979 1180 facti,
1003 1106 1470 1169 com'minationcm
1493 1106 1793 1174 depulsent.
1812 1101 1946 1169 Quia
1970 1112 2127 1168 porro

546 1226 719 1279 neque
744 1225 806 1263 ex
831 1206 1002 1268 bonis,
1027 1219 1145 1272 qua:
1167 1212 1359 1272 prmter
1381 1198 1627 1253 meritum
1647 1190 1958 1259 consequuti
1982 1195 2127 1253 sunt,

546 1301 794 1355 meliores
820 1307 945 1352 sunt
968 1295 1141 1350 effecti
1169 1291 1334 1362 (quod
1360 1291 1501 1346 enim
1530 1296 1725 1358 pra'ter
1746 1284 1991 1339 meritum
2017 1280 2130 1334 bmc

548 1389 859 1458 consequuti
892 1387 995 1440 sint
1015 1425 1031 1450 ,
1063 1382 1295 1437 osmndit
1323 1382 1460 1451 regis
1485 1380 1697 1435 animus
1738 1385 1792 1431 et
1834 1375 2020 1443 ingens
2047 1370 2132 1424 in-

549 1477 896 1548 credulitas),
943 1491 1117 1547 neque
1145 1474 1461 1530 terribilium
1500 1468 1913 1526 comminatione
1943 1463 2132 1520 mutati

549 1581 671 1623 sunt
702 1611 717 1632 ,
771 1567 866 1623 sed
920 1566 1131 1636 utrique
1178 1565 1394 1619 salutari
1446 1562 1732 1633 pharman
1787 1559 2135 1614 vehementer

550 1660 888 1725 obstiterunt,
918 1657 1207 1713 sectionem
1234 1654 1448 1710 demum
1477 1649 1871 1723 profundiorem
1900 1646 2087 1718 inﬂigit
2115 1685 2133 1710 ,

552 1750 872 1807 exscindens
922 1748 1187 1821 putridum
1234 1748 1402 1810 ulcus,
1450 1755 1504 1802 et
1547 1741 1918 1799 itnmedicabili
1948 1739 2136 1794 morbo

555 1846 862 1901 laborantes
889 1856 1155 1898 reserans.
1190 1839 1325 1906 Quid
1361 1839 1460 1893 sibi
1491 1836 1604 1891 vult
1632 1834 1758 1890 illud
1776 1875 1792 1900 ,
1823 1832 1906 1887 Ezc
1932 1847 2031 1903 quo
2056 1831 2138 1884 die

553 1935 757 1989 abstulit
787 1933 1034 2004 Epltraim
1067 1950 1099 1985 a
1133 1930 1280 1985 Iuda
1301 1946 1464 2000 regem
1506 1925 1867 1997 Assyriorum?
1894 1924 2138 1994 lrrupere

555 2026 769 2081 barbari
813 2024 929 2078 illos
965 2038 1153 2078 omnes
1190 2021 1500 2085 abductnri;
1550 2018 1644 2073 sed
1688 2015 1901 2071 omissis
1924 2015 2057 2070 Juda
2085 2022 2142 2070 et

556 2116 764 2171 duabus
795 2114 1037 2170 tribubus
1058 2156 1072 2178 ,
1119 2125 1302 2168 contra
1339 2110 1497 2166 Israel
1541 2108 1783 2164 conversi
1815 2115 1957 2162 sunt.
1987 2104 2138 2171 Quod

559 2208 721 2280 igitur
748 2207 905 2272 dicit,
953 2205 1054 2260 hoc
1084 2204 1267 2260 est‘:A
1304 2202 1391 2257 die
1437 2202 1548 2265 illo,
1593 2216 1698 2270 quo
1739 2199 1923 2254 decem
1974 2196 2141 2251 tribus

558 2301 905 2356 barbarorum
933 2299 1220 2353 exercitum
1251 2296 1316 2350 ad
1345 2287 1412 2350 se~
1449 2293 1780 2363 pertrahent,
1812 2306 1842 2345 a
1883 2289 2142 2359 vobisque

559 2403 820 2458 avertent,
857 2392 926 2447 ob
956 2390 1153 2462 peccati
1182 2390 1262 2445 sui
1290 2386 1729 2458 magnitudinem,
1761 2384 1930 2454 iisque
1955 2382 2144 2437 adver-

562 2501 653 2541 sus
679 2503 736 2542 se
760 2485 995 2542 cvm-alis
1019 2484 1261 2539 abducta:
1297 2489 1486 2537 erunt:
1517 2481 1581 2533 ab
1612 2479 1721 2542 illo,
1754 2477 1991 2548 inquam,
2024 2475 2140 2542 die,

562 2578 751 2632 timere
777 2586 834 2631 et
860 2576 1142 2630 formidare
1169 2574 1383 2628 demum
1417 2578 1646 2640 oportet.
1687 2568 1958 2638 Progressi
1989 2583 2145 2622 nam-

564 2683 689 2738 que,
722 2668 787 2721 ad
818 2683 910 2720 vos
939 2666 1099 2722 etiam
1126 2664 1377 2729 venient,
1408 2662 1511 2717 nisi
1543 2661 1883 2732 resipiscatis.
1912 2660 2143 2730 Aitqne:

565 2760 648 2811 Ab
672 2758 762 2811 illo
781 2757 867 2812 die
885 2756 1114 2812 adducet
1133 2771 1243 2811 eos.
1264 2755 1378 2809 Non
1398 2755 1541 2809 enim
1566 2753 1723 2809 simul
1749 2768 1870 2808 cum
1895 2742 2148 2808 Israelita:

567 2849 959 2904 abducerentur
982 2889 997 2914 ,
1042 2848 1116 2903 illi
1156 2845 1297 2918 capti
1338 2853 1482 2915 sunt,
1512 2844 1605 2901 sed
1636 2860 1821 2916 parum
1849 2843 2150 2899 intercessit

569 2938 843 3009 temporis.

640 3031 695 3086 8.
723 3029 875 3100 Quod
900 3030 1057 3101 igitur
1084 3030 1229 3097 dicit,
1254 3028 1359 3085 hoc
1379 3038 1478 3093 est,
1512 3028 1736 3085 Decreto
1762 3041 1860 3082 suo
1885 3035 2011 3083 tunc
2034 3026 2149 3084 dies

569 3120 688 3178 illas
728 3121 1183 3179 induxisset:sed
1226 3121 1568 3192 exspectabat
1597 3121 1765 3187 Deus,
1806 3128 1860 3175 et
1892 3121 2153 3190 patienter

574 3210 797 3276 ferebat,
847 3212 1054 3267 etiamsi
1099 3212 1207 3282 jam
1258 3222 1381 3267 tunc
1430 3221 1644 3282 peccata
1690 3211 1950 3281 supplicio
1994 3209 2151 3282 digna

571 3314 781 3371 essent;
826 3305 875 3359 id
903 3304 1043 3376 quod
1070 3320 1212 3374 saepe
1250 3305 1425 3360 facere
1451 3303 1726 3359 consuevit
1745 3345 1759 3366 .
1789 3314 1844 3358 ut
1870 3319 1990 3358 cum
2020 3304 2157 3358 assi-

571 3406 762 3465 gnatus
790 3398 905 3453 dies
946 3397 1216 3453 advenerit
1234 3438 1248 3463 ,
1277 3397 1449 3452 adhuc
1475 3396 1829 3467 procrastinet
1854 3407 1907 3450 et
1934 3405 2154 3451 cuncte-

572 3498 688 3553 tur;
731 3489 869 3560 quod
901 3500 985 3545 est
1031 3492 1317 3545 maximum
1362 3490 1661 3545 clementia:
1706 3490 1823 3558 ejus
1867 3489 2152 3557 indicium,

575 3593 782 3634 necnon
801 3590 1170 3650 argumentum
1195 3580 1539 3649 conspicumn
1561 3579 1747 3650 ingrati
1769 3594 1954 3633 eorum
1970 3580 2154 3644 animi,

575 3669 665 3737 qui
694 3670 809 3739 ejus
850 3669 1172 3739 indulgentia
1224 3672 1439 3736 uolunt,
1471 3680 1529 3725 ut
1561 3685 1657 3741 par
1693 3678 1833 3725 esset
1856 3710 1872 3736 ,
1919 3671 2014 3724 uti.
2046 3669 2158 3726 Hoc

578 3760 735 3829 igitur
760 3762 832 3815 ait
862 3762 960 3816 hoc
991 3762 1131 3829 loco,
1158 3763 1268 3831 jam
1297 3772 1422 3818 tunc
1448 3778 1641 3833 nempe
1660 3760 2156 3828 comminationem,

570 3850 680 3918 jam
709 3862 833 3906 tunc
861 3851 1092 3906 divinant
1126 3854 1257 3908 iram
1286 3852 1543 3920 adfuisse,
1566 3864 1622 3908 ut
1643 3854 1902 3923 supplicio
1924 3854 1989 3908 ad
2020 3854 2160 3909 fores

578 3941 829 4010 adducto,
856 3944 1113 3999 excitaret
1148 3944 1213 3999 ad
1245 3944 1611 4016 pmniteutiam
1634 3985 1650 4011 ,
1683 3945 1934 4001 meliores
1965 3945 2159 4001 redde-

576 4041 680 4098 ret,
709 4042 762 4087 et
791 4043 911 4104 post
939 4034 1147 4090 illorum
1177 4035 1438 4090 excidium
1472 4035 1522 4090 in
1553 4051 1751 4106 angore
1778 4038 2158 4105 constitueret,

577 4138 771 4191 neque,
805 4125 925 4193 quia
956 4125 1030 4179 illi
1071 4125 1282 4181 abducti
1322 4125 1563 4192 fuerant,
1599 4126 1649 4181 hi
1683 4141 1812 4183 vero
1837 4127 2159 4198 effugerant,

578 4214 696 4268 ideo
720 4217 993 4287 segniores
1025 4219 1235 4274 fierent.
1270 4219 1357 4275 18.
1386 4218 1458 4273 Et
1484 4220 1575 4273 erit
1601 4220 1651 4273 in
1679 4220 1761 4274 die
1789 4221 1912 4287 illa,
1947 4222 2164 4275 sibilabit

579 4303 829 4359 Dominus
880 4309 1101 4372 muscis,
1155 4326 1268 4379 qua:
1318 4310 1712 4364 dominabuntur
1757 4310 1893 4380 parti
1940 4312 2165 4382 ﬂuminis

577 4395 816 4468 lEgypfi.
846 4397 1029 4452 Viden’
1051 4415 1137 4455 me
1159 4415 1263 4454 non
1290 4400 1489 4455 frustra
1515 4401 1735 4467 dixisse,
1764 4403 1933 4473 ipsum
1963 4413 2161 4459 metum

578 4505 774 4558 augere
799 4490 1087 4556 volentem,
1117 4491 1185 4545 ab
1202 4491 1289 4546 illa
1308 4493 1394 4548 die
1410 4493 1878 4549 comminationem
1899 4493 2162 4553 intulisse.

577 4579 707 4647 Qum
729 4590 1023 4649 sequuntur
1049 4582 1223 4651 itaque
1250 4583 1349 4636 hoc
1375 4581 1627 4649 indicant,
1652 4584 1800 4653 queis
1821 4584 1983 4641 verbo
2004 4587 2165 4641 timo-

581 4687 694 4725 rem
727 4671 934 4738 iueutit,
963 4673 1229 4728 exercitus
1252 4672 1353 4726 illis
1372 4672 1673 4745 declarans,
1695 4673 1784 4743 qui
1805 4674 2166 4732 formidabiles

580 4763 710 4833 ipsis
735 4775 888 4818 erant
910 4806 924 4829 ,
954 4774 1007 4819 et
1039 4765 1326 4820 invasionis
1353 4765 1658 4820 facilitatem
1688 4765 2082 4832 demonstrans,
2112 4766 2167 4823 id

579 4855 718 4924 quod
745 4855 864 4910 illos
889 4857 1172 4912 admodum
1204 4857 1548 4927 percellebat,
1574 4861 1842 4914 exercitus
1868 4858 2167 4915 multitudi-

582 4960 704 4998 nem
724 4945 960 5001 indicans
976 4948 1014 5012 ⁸,
1035 4947 1175 5019 quod
1197 4949 1408 5004 illorum
1430 4948 1636 5004 animos
1657 4940 1888 5005 maxime
1912 4951 2163 5008 terrebat.

584 5037 711 5094 ΙΙωο
739 5055 899 5108 porro
925 5041 1102 5095 omnia
1140 5041 1191 5096 in
1234 5042 1579 5113 sequentibus
1618 5041 1990 5098 subindicavit.
2033 5044 2169 5100 Ani-

587 5147 728 5183 nnnu
756 5140 931 5185 autem
958 5131 1151 5188 adhibe
1179 5149 1192 5185 :
1223 5132 1289 5186 Et
1314 5134 1405 5187 erit
1426 5135 1478 5187 in
1506 5133 1588 5187 die
1608 5133 1717 5198 illa,
1743 5134 1931 5203 inquit,
1954 5133 2172 5188 sibilabit

584 5219 836 5274 Dominus
881 5222 1086 5276 muscis.
1135 5223 1343 5278 Muscas
1391 5223 1478 5280 hic
1518 5225 1729 5280 vocavit
1764 5223 2073 5296 Egyptios,
2102 5227 2171 5282 ob

589 5313 968 5384 impudentiam
997 5323 1050 5370 et
1080 5314 1531 5382 iuverecundiam,
1556 5314 1765 5386 etquod
1785 5330 1929 5385 smpe
1949 5316 2169 5387 repulsi,

654 5488 670 5516 ⁸
706 5492 822 5548 neg.
852 5495 903 5536 et
925 5485 1085 5544 Savil.,
1104 5484 1345 5537 exercitus
1366 5483 1584 5548 gladium
1600 5486 1840 5539 indicans.
1855 5489 1947 5540 sed
1971 5490 2175 5543 Savilius

582 5545 636 5613 in
650 5543 873 5613 margine
892 5550 1043 5610 ponit,
1070 5543 1191 5611 forte
1208 5543 1449 5613 exercitus
1473 5549 1680 5611 agmina.
1697 5559 1848 5613 Porro
1868 5558 2048 5613 Graece.
2074 5555 2175 5613 gla-

580 5606 690 5669 pius
704 5606 1052 5676 interpretatur
1063 5606 1179 5676 ἑιςηςἱ
1188 5609 1378 5676 agtirina
1405 5606 1537 5676 vero.
1552 5627 1672 5676 «3.9,;
1686 5626 1699 5667 ;
1714 5611 1842 5676 unde
1858 5606 2173 5667 similitudine

586 5679 756 5717 vocum
779 5670 954 5721 ductus
971 5670 1114 5720 unam
1137 5670 1278 5722 alteri
1302 5670 1689 5723 substituendam
1715 5675 1985 5738 suspicatus
2009 5688 2101 5727 est.

3763 223 3855 289 εις

2231 373 2374 429 sape
2402 358 2696 424 instarent,
2727 375 2901 429 neque
2934 358 3195 413 tantillum
3225 358 3493 430 respirare
3522 359 3662 433 ipsis
3696 376 3840 417 con~

2230 450 2505 519 cederent,
2536 451 2630 506 sed
2658 466 2801 522 swpe
2826 451 2929 506 illis
2954 465 3202 506 sexcenta
3230 454 3438 520 negotia
3469 453 3841 516 facesserent.

2231 551 2290 597 ut
2316 558 2513 597 muscze
2539 544 2867 609 vulneribus,
2895 545 2973 599 sic
2996 547 3247 600 continue
3275 547 3510 615 ipsorum
3547 550 3836 604 calamita-

2231 636 2372 689 tibus
2401 635 2726 691 insistentes.
2763 636 2869 691 llos
2900 637 3056 705 igitur
3098 638 3254 694 ducet
3296 640 3463 705 Deus;
3502 658 3605 697 nec
3648 653 3847 697 tamrn

2231 724 2386 789 dixit,
2416 726 2601 792 Ducet,
2632 727 2724 782 sed
2749 728 3001 795 Sibilabit,
3026 729 3332 785 facilitatem
3360 749 3619 788 ascensus
3642 747 3811 790 oslett
3831 766 3847 778 ο

2232 817 2386 881 dens,
2434 828 2489 874 et
2538 819 3001 891 ineprgnabilem
3047 822 3140 877 Dei
3194 825 3517 892 potentiam,
3574 829 3845 898 quodque

2232 908 2461 964 sufficiat
2486 921 2646 964 nutus
2672 911 2788 979 ejus
2813 921 2869 965 ut
2893 912 3067 966 omnia
3096 924 3404 981 sequantur.
3436 916 3747 988 Meritoque
3777 920 3848 970 ab

2235 999 2318 1053 his
2338 1001 2697 1056 comminandi
2730 1002 2935 1057 initium
2963 1003 3108 1058 ducit
3133 1022 3250 1074 qum
3270 1006 3381 1075 jam
3407 1010 3616 1078 experti
3648 1021 3845 1064 erant.

2234 1089 2303 1144 Et
2328 1091 2434 1160 api,
2458 1108 2571 1161 quae
2592 1102 2664 1146 est
2688 1094 2741 1146 in
2762 1104 2894 1147 terra
2913 1095 3254 1166 Assyriorum.
3278 1097 3445 1170 Syrus
3466 1112 3519 1156 et
3540 1101 3842 1164 llehra-ns,

2236 1191 2295 1238 ut
2319 1184 2483 1238 aiunt.
2529 1200 2631 1240 non
2665 1186 2880 1254 dicunt,
2913 1190 3086 1257 Apes.
3113 1191 3228 1257 sed,
3258 1191 3537 1248 Cmbroues
3558 1195 3640 1266 (a)
3698 1195 3847 1263 Quia

2235 1277 2377 1331 enim
2408 1294 2512 1331 non
2538 1279 2656 1333 illos
2682 1281 2857 1335 adhuc
2876 1280 3161 1336 admodum
3191 1283 3396 1353 experti
3426 1296 3603 1353 erant,
3638 1288 3847 1344 insecti

2237 1367 2398 1438 hujus
2428 1372 2658 1441 imagine
2685 1371 2736 1426 in
2767 1371 3090 1428 anxietatem
3123 1374 3242 1429 illos
3274 1376 3543 1447 ingentem
3567 1379 3847 1446 conjicie-

2239 1458 2348 1522 bat,
2384 1459 2511 1515 hinc
2550 1460 2829 1516 declarans
2869 1463 3076 1518 illorum
3105 1462 3522 1531 vehementiam,
3554 1470 3844 1540 pungendi

2239 1551 2345 1606 vim
2374 1560 2534 1622 atque
2562 1553 2859 1623 pugnandi,
2891 1555 3170 1610 vulnerum
3214 1557 3592 1625 acerbitatem,
3625 1560 3847 1614 veloci-

2242 1653 2402 1699 tatem
2446 1645 2706 1701 adventus
2730 1688 2747 1713 ,
2792 1662 2850 1701 se
2891 1647 2959 1703 ab
2988 1648 3066 1702 eis
3097 1649 3273 1704 tuendi
3311 1648 3708 1709 difficultatem.
3748 1655 3843 1709 l9.

2241 1735 2310 1792 Et
2337 1739 2533 1792 venient
2559 1748 2606 1794 et
2630 1741 2934 1809 requiescent
2972 1757 3143 1796 omnes
3180 1741 3233 1796 in
3264 1743 3473 1799 vallibus
3496 1746 3726 1817 regionis
3747 1789 3762 1813 ,
3795 1757 3846 1800 et

2240 1830 2292 1883 in
2319 1828 2653 1899 foraminibus
2691 1842 2979 1903 petrarum,
3026 1843 3073 1887 et
3111 1834 3164 1888 in
3205 1836 3489 1905 speluncis,
3536 1850 3584 1891 et
3614 1839 3666 1892 in
3695 1840 3848 1892 omni

2243 1921 2448 1990 ﬁssura,
2480 1931 2528 1976 et
2564 1921 2616 1976 in
2646 1923 2782 1977 omni
2827 1925 2983 1995 ligno.
3019 1923 3295 1979 Enarratis
3319 1927 3556 1997 gentium
3586 1936 3803 1982 terrore
3822 1973 3841 1994 ,

2243 2010 2615 2082 exercitusque
2671 2014 2978 2080 celeritate,
3034 2016 3425 2071 multitudinem
3474 2016 3692 2071 demum
3748 2034 3846 2072 re—

2244 2112 2447 2158 censet.
2469 2103 2585 2159 Non
2620 2103 2773 2169 dixit,
2789 2103 3461 2171 Castrametahuntur,sed,
3480 2107 3842 2180 chuicscent,

2248 2210 2421 2266 neque
2447 2206 2702 2251 venturos
2725 2199 2873 2267 quasi
2893 2198 2958 2252 ad
2983 2198 3229 2253 ho~tilcm
3250 2201 3543 2270 regionem,
3562 2201 3657 2256 sed
3680 2202 3846 2271 quasi

2247 2286 2301 2341 in
2334 2289 2548 2358 propria
2575 2287 2781 2344 deliciis
2800 2304 2861 2343 se
2882 2289 3176 2357 dedituros,
3200 2291 3348 2361 quasi
3374 2291 3517 2345 nullo
3539 2292 3723 2345 lahorc
3753 2293 3843 2346 vel

2247 2378 2623 2450 defatigatione
2651 2388 2867 2450 egeant,
2897 2382 2989 2438 sed
3019 2383 3167 2452 qUasi
3197 2384 3262 2438 ad
3289 2393 3489 2439 certam
3519 2384 3801 2445 victoriam
3822 2426 3846 2451 ,

2247 2479 2303 2526 et
2329 2481 2560 2540 paratam
2591 2471 2843 2542 prtedam.
2871 2472 3072 2529 Idcirco
3094 2475 3185 2540 ait,
3216 2472 3423 2529 Veniant
3443 2485 3488 2530 et
3506 2477 3841 2546 requiescent,

2250 2561 2392 2632 quod
2423 2564 2653 2619 victores
2694 2565 2928 2631 indicat,
2980 2575 3237 2636 tropa-um
3282 2567 3582 2637 erigentes,
3627 2577 3684 2623 et
3718 2578 3850 2637 post

2252 2654 2480 2709 multant
2535 2654 2787 2710 sudorem
2839 2657 3139 2727 multasque
3185 2656 3362 2712 cmdes
3415 2660 3841 2729 requiescentes.

2250 2745 2433 2817 Neque
2463 2746 2517 2802 in
2542 2749 2829 2818 campestri
2859 2750 3029 2804 solum
3063 2751 3179 2804 loco
3206 2750 3569 2821 requiesceut;
3592 2751 3685 2806 sed
3711 2753 3843 2821 quia

2254 2837 2515 2893 immensa
2562 2850 2687 2894 sunt
2729 2840 3046 2908 multitudo,
3092 2858 3196 2896 non
3238 2857 3405 2911 capax
3440 2842 3541 2898 erit
3583 2844 3727 2913 regio
3762 2854 3841 2899 tot

2253 2945 2562 3001 corporum,
2592 2932 2686 2988 sed
2708 2933 2893 2999 valles,
2913 2946 3095 3003 petra,
3122 2943 3352 3002 montes,
3378 2935 3565 3001 Saltus,
3584 2947 3631 2991 et
3655 2941 3843 2990 omnia

2255 3025 2576 3097 obtegentur
2614 3027 2963 3083 barbarorum
3013 3029 3345 3098 corporibus.
3377 3030 3706 3099 Quamquam
3734 3034 3842 3086 etsi

2244 3134 2364 3175 'non
2387 3128 2491 3174 tam
2516 3119 2720 3175 feroces
2742 3121 2982 3185 fuissent,
2999 3136 3168 3192 neque
3186 3122 3263 3177 sic
3291 3134 3542 3193 Superato
3561 3121 3739 3177 faciles
3762 3125 3843 3193 (ιι)

2257 3218 2411 3266 erant
2431 3253 2446 3277 ,
2490 3212 2775 3266 multitudo
2803 3214 2998 3283 quippe
3033 3212 3328 3269 sufficiebat
3352 3215 3417 3268 ad
3448 3214 3568 3269 illos
3594 3224 3841 3270 ceuster.

2260 3301 2739 3373 nendos:quando
2784 3312 2959 3357 autem
3001 3314 3283 3375 utrumque
3326 3304 3546 3370 aderat,
3593 3315 3648 3362 et
3694 3316 3842 3360 tanta

2261 3395 2576 3463 multitudo,
2607 3406 2661 3451 et
2689 3406 2794 3450 tam
2836 3397 3023 3466 ingens
3055 3397 3286 3466 potentia
3307 3438 3323 3464 ,
3351 3406 3404 3454 et
3432 3398 3572 3469 quod
3602 3398 3841 3453 omnium

2260 3487 2631 3556 gravissimum
2661 3496 2763 3550 est,
2799 3487 2873 3541 ira
2907 3486 2999 3543 Dei
3031 3487 3323 3542 exercitum
3350 3487 3572 3553 ducens,
3601 3505 3716 3558 qua:
3746 3488 3837 3543 de-

2263 3595 2406 3634 mum
2435 3594 2558 3649 spes
2595 3580 2815 3634 salutis?
2844 3579 2974 3635 Illud
3003 3596 3131 3636 vero
3150 3623 3166 3648 ,
3195 3579 3263 3636 In
3304 3582 3442 3636 omni
3471 3584 3683 3651 ﬁssura,
3714 3595 3762 3637 et
3790 3580 3847 3631 in

2264 3671 2400 3724 omni
2431 3670 2570 3740 ligna
2593 3710 2608 3737 ,
2656 3669 2999 3742 hyperbolice
3032 3672 3230 3727 dictum
3260 3682 3362 3728 est.
3393 3673 3576 3744 Neque
3610 3675 3752 3729 enim
3787 3676 3843 3727 in

2263 3761 2545 3816 arboribus
2572 3771 2725 3818 erant
2752 3762 2986 3832 requiem
3022 3765 3261 3833 capturi;
3295 3764 3388 3819 sed
3419 3766 3597 3832 simul,
3627 3776 3681 3820 ut
3708 3766 3845 3840 disi,

2265 3854 2610 3927 hyperbolem
2640 3855 2868 3911 obscure
2894 3855 3160 3922 adhibuit,
3209 3869 3262 3913 et
3307 3858 3361 3911 in
3391 3859 3700 3928 metaphora
3724 3873 3834 3913 cra.

2266 3949 2492 4002 bronum
2521 3949 2733 4003 mansit.

2338 4039 2430 4095 Ira
2452 4040 2546 4095 Dei
2569 4040 2832 4096 novacula.
2857 4072 2929 4082 —
2952 4040 3042 4097 20.
3087 4040 3151 4095 In
3186 4042 3267 4095 die
3300 4042 3391 4096 illa
3427 4042 3568 4096 radat
3597 4041 3840 4097 Dominus

2268 4132 2517 4188 nouacula
2558 4133 2823 4187 inebriato.
2872 4132 3143 4188 Timorem
3196 4150 3289 4203 per
3326 4134 3591 4190 exercitus
3632 4143 3841 4189 auctum

2268 4239 2480 4278 rursum
2517 4224 2827 4291 amplificat,
2855 4223 2919 4276 ad
2958 4224 3146 4278 ea-lum
3168 4238 3469 4279 sermonem
3502 4235 3614 4279 tran
3645 4224 3837 4292 ferens,

2269 4314 2668 4386 ostendensque
2696 4330 2803 4370 non
2846 4315 3101 4370 barbaros
3139 4317 3393 4385 quosdam
3435 4316 3708 4387 Egyptios
3748 4328 3843 4374 aut

2268 4407 2483 4473 Persas,
2513 4407 2607 4464 sed
2636 4408 2800 4463 Deum
2822 4422 2942 4463 esse
2964 4409 3053 4480 qui
3080 4409 3279 4464 Jttdzcis
3300 4410 3498 4466 bellum
3536 4409 3708 4466 infert.
3731 4411 3841 4465 No-

2269 4499 2514 4556 vaculam
2564 4508 2742 4554 autem
2785 4499 2870 4554 hic
2899 4512 3051 4554 vocat
3101 4501 3486 4555 intolerandam
3527 4502 3640 4571 ejus
3685 4502 3839 4568 iram,

2270 4610 2427 4667 quam
2459 4609 2616 4649 nemo
2647 4593 2787 4650 ferre
2807 4594 2995 4665 possit,
3026 4594 3178 4653 facile
3208 4597 3543 4652 invadentem
3578 4607 3630 4654 et
3654 4613 3843 4653 coast;-

2272 4696 2527 4742 mentem.
2556 4685 3013 4755 Quemadmodum
3030 4687 3170 4740 enim
3202 4688 3289 4756 pili
3316 4690 3555 4756 corporis
3578 4691 3841 4744 novacula:

2273 4781 2442 4835 aciem
2476 4796 2582 4834 non
2628 4780 2912 4846 sustinent,
2955 4780 3047 4834 sed
3075 4781 3255 4834 statim
3287 4781 3484 4836 cedunt
3527 4791 3581 4837 et
3604 4782 3791 4837 abeunt
3821 4800 3842 4846 ;

2273 4875 2351 4930 sic
2376 4883 2430 4930 et
2457 4889 2544 4930 res
2562 4874 2795 4930 Judaica:
2822 4876 2953 4929 iram
2985 4876 3127 4929 illam
3165 4891 3193 4928 a
3224 4875 3335 4932 Deo
3370 4877 3656 4932 immissam
3684 4880 3847 4932 num-'

2274 4984 2432 5039 quam
2461 4970 2831 5035 sustinuerint,
2872 4969 2967 5022 ait.

2345 5060 2398 5115 9.
2440 5060 2707 5115 Novacula
2737 5061 2896 5129 igitur
2934 5059 3189 5115 iuebriata
3230 5060 3497 5129 vigentem
3542 5060 3839 5130 plenamque

2276 5154 2369 5207 Dei
2399 5152 2551 5218 iram,
2583 5151 3010 5220 completamque
3053 5152 3372 5205 sententiam
3418 5152 3568 5206 nobis
3598 5152 3835 5207 declarat.

2276 5243 2426 5310 Quod
2480 5252 2656 5297 autem
2712 5244 2788 5297 ait
2818 5258 2834 5297 :
2864 5241 3029 5296 Trans
3078 5243 3268 5312 [ionica
3321 5242 3454 5313 regis
3499 5242 3835 5313 Assyriorum,

2338 5438 2409 5500 (a)
2445 5444 2555 5486 meo
2577 5443 2717 5486 certe
2740 5434 2802 5484 ah
2838 5434 3081 5500 imperitis
3124 5433 3323 5483 edidicit
3344 5434 3711 5499 Chrysostomus.
3732 5444 3835 5487 ﬁam

2275 5522 2325 5572 ia
2345 5494 2553 5573 ltebrteo
2573 5520 2756 5584 legitur
3023 5558 3037 5582 ,
3064 5523 3110 5566 et
3125 5514 3225 5581 api.

2340 5609 2411 5670 (tr)
2445 5609 2499 5658 In
2531 5618 2720 5676 Graeco.
2753 5621 2852 5676 μηδι
2876 5623 2970 5664 οὓς.
3000 5622 3143 5676 ῥᾴδιοι.
3177 5611 3405 5661 Libenter
3448 5611 3636 5661 credam
3672 5610 3837 5673 aliquid

2276 5679 2474 5737 deesse,
2496 5680 2545 5723 et
2568 5674 2825 5726 divinando
2843 5674 3177 5726 locum’fatiue
3208 5684 3500 5725 convertere
3523 5683 3703 5725 coactus
3717 5684 3833 5723 sunt.
