4048 6208
251 379 308 434 πθ
1430 368 1493 427 IN
1536 371 1788 440 lSAIAM,
1829 372 1980 430 cae.
2024 376 2158 437 vm.
3396 397 3462 454 9,,

245 505 364 550 trans
387 487 680 559 Euphratem
716 484 961 541 videlicet
993 500 1006 538 :
1043 497 1099 539 ut
1134 495 1252 541 erat
1285 485 1469 540 Judu'a
1512 497 1565 541 et
1591 487 1761 540 Palzev

243 585 355 638 stin:
369 580 523 636 omnis
541 592 568 631 a
590 575 806 632 Perside
825 576 1190 644 redeuntibus.
1215 575 1341 631 l-lazc
1360 575 1538 646 itaque
1561 577 1761 641 omnia,

240 673 401 744 inquit,
437 669 635 741 penitus
671 667 894 723 delebit.
926 666 1098 737 Caput
1136 676 1336 733 autem,
1367 667 1607 737 capillos,
1640 667 1764 721 bar-

239 767 338 820 bam
363 770 410 817 et
445 760 612 832 pedes,
665 760 970 815 universam
1011 760 1285 830 regionem
1324 759 1453 814 dicit
1485 759 1585 814 sub
1621 773 1768 814 com-

236 855 470 926 paratione
495 851 748 921 corporis,
790 865 1014 920 eamque
1040 859 1204 906 totam
1246 865 1494 906 sermone
1530 851 1769 920 comple—

235 949 385 1011 ctitur,
415 943 845 1014 quemadmodum
871 943 1024 998 initio
1048 942 1258 999 dicebat
1286 961 1298 996 :
1328 943 1488 997 Omne
1524 954 1676 1014 caput
1697 944 1766 997 ad

230 1039 436 1104 laborem,
462 1045 505 1089 et
527 1051 672 1090 omne
701 1052 790 1090 cor
826 1036 893 1088 ad
918 1035 1164 1090 dolorem.
1194 1036 1238 1088 Α
1279 1035 1488 1104 pedibus
1516 1052 1672 1106 usque
1695 1036 1763 1089 ad

228 1137 356 1195 caput
378 1143 467 1180 non
492 1134 561 1180 est
583 1127 638 1180 in
667 1142 726 1182 eo
750 1127 940 1181 sanitas
969 1125 1121 1197 (Isai.
1147 1127 1192 1180 1.
1229 1127 1283 1182 5.
1308 1126 1364 1196 6)
1394 1144 1406 1181 :
1437 1142 1542 1182 non
1564 1127 1632 1183 de
1659 1142 1765 1182 uno

226 1228 395 1271 tantum
415 1217 586 1272 dicens
609 1216 848 1284 homine,
879 1217 972 1273 sed
1005 1225 1168 1272 totam
1197 1216 1588 1287 regionem'uni
1615 1233 1764 1274 com-

224 1322 386 1376 parans
414 1306 640 1377 corpori.
685 1307 796 1363 Hoc
823 1317 1002 1362 autem
1046 1308 1133 1364 hic
1165 1309 1287 1362 dicit
1317 1327 1330 1363 :
1358 1319 1522 1364 totam
1566 1320 1761 1366 terram

220 1414 352 1470 grave
376 1399 658 1454 subituram
689 1400 1005 1471 supplicium
1035 1414 1175 1456 esse.
1203 1402 1267 1456 Et
1296 1401 1398 1456 hoc
1423 1403 1636 1472 quidem
1668 1419 1764 1472 per

222 1493 511 1558 novaculam,
542 1492 674 1547 illud
707 1508 839 1548 vero
875 1509 969 1564 per
995 1495 1234 1564 corporis
1261 1495 1544 1565 imaginem
1581 1493 1762 1550 decla-

221 1584 347 1647 ravit,
394 1583 700 1651 ostendens,
745 1583 1023 1640 decretum
1073 1599 1104 1639 a
1150 1585 1258 1641 Deo
1307 1585 1471 1640 latum
1517 1586 1760 1641 acerbius

217 1688 348 1742 quam
372 1674 674 1728 novaculam
713 1675 1004 1744 quamlibet
1028 1684 1082 1731 et
1113 1675 1355 1732 homines
1383 1685 1438 1732 et
1465 1685 1621 1732 terra:
1647 1678 1763 1732 fru-

217 1773 313 1820 ctus
344 1774 771 1835 oonsumpturum
796 1807 812 1831 ,
863 1766 1112 1837 illamque
1147 1769 1343 1822 nudant
1393 1777 1449 1822 et
1492 1768 1757 1823 desertam

216 1853 482 1908 relicturum
521 1869 665 1911 esse.
718 1855 920 1911 Deinde
948 1857 1064 1926 ejus
1107 1859 1408 1912 vastitatem
1457 1873 1552 1928 per
1600 1859 1758 1914 aliam

217 1944 622 2013 comparationem
657 1945 899 2002 exhibet.
930 1946 1094 2015 ldque
1124 1946 1250 2002 facit
1275 1962 1482 2012 curans
1513 1957 1570 2002 ut
1601 1949 1759 2004 timor

215 2046 393 2104 semper
414 2038 584 2108 vigens
615 2046 854 2105 maneat,
877 2048 932 2095 et
952 2053 1118 2111 angor
1140 2039 1467 2110 longitudine
1494 2043 1758 2098 sermonis

214 2140 301 2180 non
324 2126 588 2183 minuatur.
623 2128 695 2184 Et
722 2129 936 2200 quidem
961 2131 1173 2186 videtur
1212 2131 1301 2187 hic
1339 2146 1519 2188 sermo
1548 2134 1632 2200 iis,
1664 2133 1757 2204 qui

215 2232 301 2271 non
322 2219 602 2283 attendunt,
638 2222 884 2290 quaedam
926 2221 1186 2277 bonorum
1227 2224 1486 2294 promissa
1515 2225 1757 2294 comple-

213 2307 270 2360 cti
295 2325 306 2360 :
331 2309 412 2364 sed
433 2310 518 2379 qui
557 2322 816 2367 accurate
855 2321 1182 2380 scrutantur,
1208 2313 1383 2368 sciunt
1412 2315 1641 2385 ingentis
1664 2330 1758 2371 va-

213 2400 377 2454 stitatis
399 2417 508 2457 esse
528 2403 1066 2459 demonstrationem.
1098 2404 1234 2472 Quid
1269 2410 1411 2461 enim
1439 2407 1552 2462 ait?
1573 2409 1664 2463 2|.
1691 2407 1758 2462 Et

213 2494 287 2544 erit
323 2493 368 2545 in
408 2494 484 2548 die
516 2495 638 2563 illa,
681 2497 867 2551 nutriet
910 2497 1058 2553 homo
1084 2500 1293 2553 vitulam
1330 2501 1498 2568 boum,
1537 2511 1584 2557 et
1627 2502 1758 2558 duas

211 2598 321 2637 ora.
356 2583 439 2639 22.
477 2584 538 2638 Et
567 2587 692 2654 erit,
733 2603 798 2642 ex
835 2588 1056 2659 plurima
1099 2591 1303 2661 potione
1339 2593 1505 2659 lactis,
1535 2594 1757 2649 comedet

213 2675 429 2744 butyrum,
456 2679 568 2746 quia
595 2680 838 2749 butyrum
883 2689 930 2735 et
971 2682 1071 2736 mel
1098 2683 1319 2737 comedet
1359 2685 1522 2740 ontnis
1548 2686 1755 2741 relictus

211 2781 336 2834 super
353 2777 536 2823 terram.
562 2770 684 2826 Hoc
703 2773 946 2840 multam,
971 2783 1027 2829 ut
1046 2774 1177 2841 dixi,
1208 2767 1509 2833 vastitatem
1537 2779 1752 2833 indicat.

212 2855 345 2910 Terra
371 2860 500 2914 enim
529 2876 659 2932 quae
681 2862 1002 2916 frumentum
1043 2873 1098 2919 et
1122 2865 1379 2921 hordeum
1404 2867 1625 2933 ferebat,
1660 2869 1755 2922 lto-

212 2947 404 3003 ntinibus
429 2950 704 3020 destituta,
729 2953 948 3008 uberem
981 2954 1373 3023 pabulationem
1404 2959 1587 3012 ovibus
1616 2974 1756 3028 prm-

213 3035 348 3100 bebit,
372 3050 420 3094 et
447 3041 512 3095 ita
534 3043 786 3110 uberem,
830 3054 885 3098 ut
919 3044 990 3098 ob
1019 3045 1397 3101 abundantiam
1427 3048 1547 3102 talis
1573 3049 1750 3119 pabuli

210 3129 430 3187 sufﬁciant
449 3149 572 3191 oves
600 3136 727 3190 duae
752 3147 804 3192 et
833 3153 935 3192 una
967 3138 1150 3205 vitula,
1183 3149 1239 3192 ut
1261 3141 1555 3208 possessori
1583 3141 1754 3198 fontes

211 3218 332 3274 lactis
352 3226 632 3291 praebeant.
678 3227 856 3297 Itaque
886 3227 1211 3284 abundantia
1241 3231 1419 3300 pabuli
1451 3232 1750 3297 brutornm,

210 3310 464 3367 solitudinis
490 3315 771 3370 hominum
797 3319 1086 3372 maximum
1111 3329 1193 3374 est
1223 3329 1618 3389 argumentum.
1651 3323 1752 3376 Mel

207 3412 383 3470 quoque
419 3405 540 3460 illud
567 3407 874 3462 subindicat
900 3425 913 3462 :
943 3409 1120 3464 solent
1149 3409 1291 3464 enim
1323 3425 1449 3479 apes
1477 3412 1527 3464 in
1561 3413 1752 3466 solitu-

209 3489 383 3545 dinibus
404 3495 646 3552 lubenter
671 3499 892 3565 versari,
919 3499 1005 3553 ubi
1033 3499 1319 3554 abundanti
1343 3516 1461 3554 esca
1486 3503 1748 3568 fruantur,

207 3588 249 3632 et
282 3582 356 3634 uhi
385 3585 550 3640 nullus
579 3587 656 3640 sit
685 3588 774 3656 qui
812 3588 1106 3658 perturbet.
1153 3589 1220 3645 Ut
1251 3606 1375 3644 vero
1401 3591 1574 3645 discas
1605 3591 1748 3645 illam

209 3671 432 3740 ingentem
471 3679 814 3734 solitudinem
872 3682 1246 3748 subindicare,
1296 3698 1361 3738 ex
1406 3685 1749 3754 sequentibus

203 3759 308 3814 disci
335 3776 513 3834 potest.
543 3769 639 3823 25.
683 3769 748 3822 Et
779 3772 870 3824 erit
907 3773 957 3825 in
997 3773 1079 3826 die
1113 3772 1226 3838 illa,
1272 3775 1356 3828 ubi
1385 3775 1571 3842 fuerint
1610 3778 1748 3830 mille

204 3852 329 3907 tinea
353 3859 480 3912 mille
516 3861 784 3927 siclorum,
816 3863 866 3914 in
892 3864 1134 3917 incultam
1164 3875 1330 3929 erunt,
1368 3877 1416 3919 et
1445 3867 1496 3920 in
1523 3868 1742 3937 spinam.

200 3932 271 3989 21.
293 3938 404 3993 Cum
427 3945 609 4013 sagitta
639 3954 685 3998 et
719 3962 840 3999 arcu
867 3948 1210 4016 ingredientur
1237 3948 1380 4014 illuc,
1412 3952 1531 4020 quia
1549 3932 1747 4005 inculta

201 4037 236 4077 tt
253 4031 392 4094 spinis
416 4036 571 4088 obsita
598 4037 694 4090 erit
721 4038 883 4091 omnis
925 4047 1078 4092 terra.
1107 4039 1352 4109 Magnum
1395 4052 1448 4096 et
1480 4040 1579 4096 hoc
1606 4042 1745 4096 infe-

198 4113 376 4175 licitatis
400 4123 606 4193 signum
651 4136 753 4188 est,
781 4127 921 4196 quod
951 4145 1054 4182 non
1102 4138 1312 4184 montes
1351 4139 1405 4185 et
1443 4131 1612 4198 silvae,
1649 4133 1744 4188 scd

309 4213 511 4302 arabilis
551 4224 721 4282 terra,
750 4233 872 4286 qua:
915 4218 1200 4288 diligenter
1227 4221 1524 4285 colebatur,
1564 4222 1746 4290 spinas

198 4293 321 4352 ferat.
358 4293 536 4374 Neque
560 4306 708 4360 enim
741 4317 941 4363 temere
971 4311 1243 4364 vinearum
1273 4313 1501 4381 pretium
1541 4314 1738 4382 posuit,

195 4389 268 4440 sed
295 4402 345 4445 ut
382 4403 625 4451 naturam
653 4406 809 4452 terrae
839 4398 1250 4465 demonstraret,
1296 4403 1619 4473 multamque
1652 4419 1743 4458 co-

194 4475 401 4536 lonorum
430 4498 635 4542 curam.
662 4488 907 4544 Attamen
937 4491 1022 4543 illa
1041 4507 1158 4561 qua:
1188 4493 1332 4560 prius
1357 4505 1458 4548 tam
1489 4510 1741 4565 prospera

191 4582 334 4639 erant,
361 4577 546 4647 inquit,
578 4589 635 4636 et
656 4583 1006 4652 agricolarum
1048 4584 1290 4639 omnibus
1317 4587 1644 4655 fruebantur,
1674 4589 1725 4643 in

194 4669 362 4720 tantam
401 4681 571 4726 vertet
612 4674 980 4742 solitudinem,
1022 4686 1077 4730 ut
1103 4677 1283 4746 spinas
1322 4694 1419 4748 pro
1457 4681 1625 4734 vineis
1665 4681 1740 4736 fe-

191 4768 304 4820 tant,
331 4770 381 4815 et
402 4771 607 4820 tantum
635 4766 891 4822 incutiant
929 4769 1346 4838 ingredientibus
1374 4781 1653 4842 terrorem,
1682 4784 1740 4829 ut

193 4859 321 4900 uento
342 4852 533 4907 audeat
563 4855 732 4911 nudus
760 4867 813 4910 et.
853 4859 970 4913 sine
998 4859 1165 4912 armis
1194 4860 1438 4918 introire.
1479 4863 1588 4918 lloc
1608 4881 1738 4920 vero

189 4934 261 4997 ait,
287 4941 620 4998 solitudinem
644 4947 739 5000 loci
769 4948 1068 5016 declarans,
1100 4951 1427 5023 multamque
1448 4954 1551 5008 illis
1577 4955 1627 5009 in
1660 4955 1736 5008 lo-

190 5039 249 5076 us
270 5028 485 5088 ferarum
509 5035 880 5107 frequentiam.
907 5039 1117 5097 Illorum
1143 5042 1319 5114 itaque
1339 5041 1518 5102 animo
1543 5049 1736 5104 timore

191 5123 420 5188 Perculso,
450 5125 685 5198 ipsisque
711 5131 1015 5187 vehementi
1054 5133 1269 5189 incusso
1316 5144 1481 5203 metu,
1522 5153 1733 5195 rursum

189 5220 454 5269 sennonem
486 5233 673 5287 parum
706 5224 950 5290 remittit,
981 5225 1117 5282 bona
1165 5226 1487 5295 admiscens,
1523 5246 1732 5287 necnon

189 5306 496 5364 mutationem
539 5311 594 5365 in
648 5315 961 5382 melius;ut
1016 5319 1264 5388 utrinque
1309 5321 1402 5375 Dei
1443 5326 1732 5392 potentiam

190 5403 525 5486 patescerent.
565 5403 756 5462 Verum
802 5409 855 5463 in
906 5411 1232 5467 terribilibus
1277 5412 1473 5470 diutius
1513 5417 1728 5486 insistit,

193 5485 299 5576 lunia
335 5507 459 5548 vero
488 5498 668 5553 statim
712 5512 770 5556 ut
807 5502 961 5571 dixit,
994 5504 1317 5561 intermittit.
1350 5506 1569 5575 Quare?
1596 5485 1728 5576 Quia

195 5575 270 5671 hoc
301 5586 530 5641 maxime
559 5589 931 5662 increpationis
971 5597 1259 5666 pharmaco
1300 5609 1427 5654 tunc
1457 5602 1725 5671 egebant;

196 5666 246 5718 ita
273 5681 321 5724 ut
342 5685 620 5748 postquam
641 5686 848 5754 c0piose
879 5687 1003 5744 illud
1037 5693 1304 5762 apposuit,
1335 5707 1443 5762 quo
1462 5666 1601 5750 sinat
1629 5666 1726 5766 pa;

197 5770 374 5833 rdtnper
415 5772 696 5844 respirare,
748 5786 801 5832 et
843 5777 962 5836 hinc
1009 5786 1164 5842 etiam
1208 5787 1276 5840 ad
1331 5785 1577 5842 virtutem
1627 5801 1723 5842 eos

1885 503 2091 559 evocet,
2134 495 2271 550 bona
2299 495 2681 563 intermisceat,
2721 499 2907 556 dicens
2937 503 3063 559 :25.
3115 503 3292 560 Omnis
3319 525 3462 562 mons

1881 597 2052 640 aratro
2078 587 2309 644 sulcatus
2351 593 2605 646 arabitur.
2642 593 3101 660 Quemadmodum
3139 603 3282 656 enim
3325 601 3462 657 irato

1880 678 2010 746 Deo,
2053 681 2212 736 etiam
2243 680 2391 738 ferax
2419 684 2663 754 planities
2693 688 2922 744 solitudo
2949 692 3051 746 erit
3075 709 3090 746 :
3117 693 3197 748 sic
3225 694 3314 748 illo
3343 695 3460 764 pla-

1877 781 2018 837 cato,
2052 773 2210 827 etiam
2240 774 2357 830 loca
2380 790 2566 845 aspera
2591 778 2884 848 pinguioris
2916 786 3456 850 terraeconditionem

1875 865 2173 932 nequirent,
2215 876 2270 922 et
2309 878 2544 924 aratrum
2585 873 2854 942 excipient
2897 883 3066 946 atque,
3104 893 3310 934 semen.
3362 881 3459 936 His

1876 970 2038 1023 porro
2078 961 2326 1027 peractis,
2377 963 2536 1017 etiam
2580 979 2642 1019 ea
2680 981 2799 1036 quae
2850 967 2965 1024 haec
3017 984 3316 1042 sequuntur
3357 975 3456 1029 ad-

1875 1057 2051 1115 erunt,
2087 1064 2208 1118 pax,
2254 1050 2495 1118 libertas,
2529 1055 2740 1122 fiducia,
2779 1074 2876 1114 nec
2906 1061 3044 1117 nllus
3081 1064 3182 1117 erit
3212 1065 3371 1119 timor
3399 1074 3458 1120 ut

1874 1139 2098 1209 pridem.
2125 1141 2258 1197 Nam
2285 1145 2379 1210 ait,
2413 1145 2532 1201 Non
2552 1147 2863 1220 ingredietur
2889 1151 2994 1206 illic
3023 1154 3188 1208 timor.
3220 1155 3334 1210 Erit
3360 1173 3456 1209 au-

1873 1237 1971 1283 tem
2007 1233 2070 1285 ab
2098 1233 2287 1287 inculta
2317 1243 2470 1304 terra,
2516 1248 2563 1292 et
2602 1256 2634 1292 a
2659 1241 2808 1310 spina
2844 1242 2897 1296 in
2928 1259 3116 1310 pascua
3159 1247 3284 1310 ovis,
3325 1258 3369 1301 et
3398 1252 3454 1302 in

1872 1323 2301 1378 conculcationem
2328 1325 2483 1383 bovis.
2527 1329 2630 1384 Per
2672 1331 2787 1386 lucc
2827 1348 3011 1389 rursus
3039 1350 3128 1391 res
3169 1351 3454 1407 prOSperss

1870 1413 2152 1481 significat,
2198 1417 2338 1471 sicut
2376 1426 2430 1474 et
2463 1419 2687 1477 ulterius
2726 1424 3072 1492 progrediens
3117 1427 3228 1482 ait:
3260 1427 3452 1483 Beatus

1869 1506 1955 1571 qui
1999 1508 2209 1561 seminat
2251 1525 2405 1580 super
2453 1527 2649 1566 onmem
2692 1529 2896 1583 aquam,
2941 1517 3024 1571 ubi
3068 1517 3155 1572 bos
3194 1528 3240 1572 et
3280 1522 3456 1573 asinus

1869 1597 2067 1652 calcant
2117 1598 2269 1670 (Isai.
2315 1601 2400 1658 52.
2445 1603 2560 1675 20).
2611 1605 3070 1672 Quemadmodum
3113 1610 3276 1675 enim,
3329 1627 3452 1666 eum

1868 1691 2210 1748 solitudinem
2239 1695 2355 1750 vult
2375 1697 2696 1766 signiﬁcare,
2725 1699 2941 1756 Sirenas
2970 1711 3024 1757 et
3050 1704 3453 1760 Onoeentauros

1868 1783 1919 1838 in
1958 1785 2190 1840 medium
2221 1787 2434 1844 adducit
2467 1788 2618 1861 (Isai.
2650 1791 2738 1848 15.
2782 1793 2874 1848 21.
2913 1793 3007 1866 22)
3035 1812 3048 1848 :
3075 1796 3168 1860 sic,
3203 1813 3324 1852 cum
3353 1814 3451 1867 pa—

1866 1889 1981 1929 cem
2008 1885 2062 1931 et
2081 1879 2443 1947 securitatem,
2473 1883 2720 1937 animalia
2750 1895 3026 1941 mansueta
3057 1897 3111 1942 et
3135 1889 3448 1952 lractahiiia,

1866 1984 2091 2038 quaeque
2151 1972 2490 2040 agricultura:
2551 1975 2847 2032 inserviunt
2894 1979 3090 2048 ubique
3160 1981 3447 2049 conspicua

1865 2058 2100 2125 exhibet,
2133 2061 2310 2116 abhis
2335 2079 2398 2118 ea
2425 2081 2543 2135 qute
2580 2081 2764 2121 eorum
2810 2068 3106 2123 ministerio
3133 2070 3263 2124 linat
3307 2072 3446 2126 indic

1865 2163 2016 2219 cans,
2039 2153 2415 2222 agriculturam
2443 2167 2496 2212 et
2516 2155 2617 2214 alia
2646 2175 2830 2213 eorum
2852 2160 3162 2215 ministeria.

2452 2290 2676 2348 CAPUT
2727 2293 2858 2348 Vili.

1865 2400 1916 2456 1.
1959 2401 2025 2455 Et
2063 2403 2133 2456 ait
2174 2396 2421 2458 Dominus
2463 2405 2532 2458 ad
2572 2421 2652 2459 me
2681 2421 2700 2461 :
2727 2406 2886 2463 Sume
2913 2409 3002 2462 tibi
3043 2418 3229 2464 tomum
3259 2413 3449 2468 clmrta:

1934 2508 2151 2559 novum,
2203 2510 2472 2565 magnum,
2517 2505 2565 2548 et
2607 2498 2765 2551 scribe
2804 2499 2857 2552 in
2901 2514 2959 2553 eo
3015 2503 3143 2570 stylo
3187 2501 3403 2555 hominis
3428 2540 3445 2565 ,

1932 2593 1987 2637 ut
2050 2585 2282 2639 velociter
2352 2586 2778 2652 depraedationem
2830 2590 2987 2659 faciat
3046 2593 3343 2662 spatiorum.
3387 2597 3444 2651 2.

1934 2677 2086 2731 Adest
2107 2679 2238 2732 enim
2266 2694 2285 2732 .'
2310 2688 2355 2734 et
2371 2689 2518 2734 testes
2537 2681 2661 2734 mihi
2687 2681 2769 2748 {ac
2787 2685 2960 2752 ﬁdeles
2989 2684 3235 2753 homines,
3268 2685 3444 2741 Uriam

1932 2769 2240 2823 sacerdotem
2276 2771 2292 2801 ί
2313 2811 2327 2836 ,
2381 2780 2426 2825 et
2453 2770 2759 2827 Zachariam
2787 2774 2948 2842 ﬁlium
2973 2773 3260 2831 Barac/tice.
3289 2778 3343 2831 5.
3381 2777 3446 2831 Et

1932 2870 2116 2918 accessi
2130 2863 2198 2917 ad
2219 2866 2603 2934 praphetissam,
2633 2877 2678 2920 et
2703 2867 2754 2920 in
2782 2879 2919 2921 utero
2947 2869 3159 2938 accepit,
3186 2880 3233 2923 et
3253 2872 3444 2939 peperit

1940 2954 2120 3007 tilium.
2149 2953 2218 3007 Et
2255 2955 2383 3008 dixit
2420 2955 2542 3008 milii
2573 2955 2823 3012 Dominus
2852 2973 2870 3010 :
2921 2957 3056 3011 Voca
3095 2975 3274 3014 nomen
3311 2961 3442 3029 ejus,

1933 3047 2042 3100 Cito
2069 3048 2252 3117 spolia,
2295 3047 2543 3103 Velociter
2587 3051 2836 3118 prcedere.
2881 3052 2935 3106 4.
2993 3050 3125 3115 Quia
3173 3062 3443 3121 antequam

1929 3131 2054 3186 sciat
2089 3131 2217 3200 puer
2241 3147 2418 3187 vocare
2443 3143 2636 3203 patrem
2675 3143 2761 3188 aut
2805 3144 3035 3200 matrem,
3086 3136 3298 3206 accipiet
3344 3137 3444 3190 virs

1933 3233 2085 3277 tatem
2117 3222 2355 3277 Damasci
2383 3234 2429 3277 et
2454 3224 2619 3295 spolia
2651 3225 2901 3280 Samaria:
2929 3242 3099 3280 coram
3138 3242 3253 3297 rege
3280 3225 3443 3298 Assy-

1930 3317 2137 3370 riorum.

1932 3432 1980 3484 1.
2025 3431 2145 3486 Ηίιό
2189 3432 2294 3488 duo
2335 3447 2594 3504 praecepta
2640 3434 2928 3489 secundum
2961 3434 3164 3490 literam
3196 3435 3440 3490 videntur

1858 3524 2075 3577 Omnino
2120 3524 2328 3579 diversa
2359 3541 2479 3580 esse
2502 3568 2517 3592 ,
2548 3526 2783 3596 nihilque
2812 3541 3096 3581 commune
3131 3525 3328 3582 habere
3356 3545 3368 3580 :
3397 3528 3439 3581 si

1857 3615 1974 3683 quis
2023 3630 2150 3668 vero
2195 3617 2576 3670 sententiarum
2603 3617 2706 3670 vim
2752 3627 3001 3672 accurate
3045 3617 3437 3687 exploraverit,

1858 3704 2074 3758 multam
2106 3705 2300 3760 videbit
2329 3707 2380 3760 in
2407 3722 2470 3762 ea
2497 3724 2554 3762 re
2583 3709 2983 3764 consonantiam
3019 3717 3072 3762 et
3112 3723 3272 3762 unum
3308 3723 3438 3763 sco-

1855 3813 2000 3867 pum.
2028 3798 2391 3854 Necessarium
2414 3810 2588 3854 autem
2618 3812 2698 3854 est
2726 3801 2871 3870 prius
2891 3801 3067 3854 dicere
3094 3815 3188 3854 cur
3213 3800 3439 3869 prophe-

1855 3892 1924 3944 tia
1957 3891 2008 3944 in
2045 3889 2316 3944 hominum
2343 3891 2501 3945 vitam
2532 3892 2744 3945 inducta
2781 3893 2866 3946 sit.
2915 3891 3021 3946 Cur
3061 3907 3187 3961 ergo
3233 3892 3438 3946 invecta

1853 3982 1956 4048 sit,
1985 3997 2204 4037 necesse
2242 3993 2326 4038 est
2367 3984 2562 4038 dicere.
2608 3984 2753 4039 Solet
2802 3986 2939 4039 Deus
2983 3985 3046 4038 ad
3096 4000 3280 4054 poenas
3311 4001 3438 4054 pec-

1853 4074 2097 4127 cantibus
2125 4074 2428 4129 inferendas
2457 4076 2691 4129 cunctari
2723 4087 2775 4130 et
2807 4077 3216 4143 procrastinare,
3249 4090 3436 4145 quem-

1854 4167 2138 4222 admodum
2186 4175 2458 4238 promptus
2497 4169 2746 4237 eclerqne
2776 4177 2856 4222 est
2881 4167 2946 4220 ad
2979 4167 3232 4221 beneﬁcia
3272 4166 3437 4235 probe

1850 4259 2145 4313 viventibus
2170 4259 2486 4330 prtestanda.
2511 4259 2621 4313 lloc
2648 4258 2699 4312 id
2726 4258 2971 4312 el‘ficit’ut
2995 4261 3266 4324 segniores
3292 4257 3436 4313 deci-

1850 4350 1995 4415 dant,
2024 4366 2090 4406 eo
2119 4351 2260 4421 quod
2287 4351 2419 4405 ultio
2443 4350 2704 4405 scelerum
2737 4366 2839 4404 non
2863 4365 2893 4404 e
2915 4348 3136 4419 vestigio
3160 4360 3432 4419 sequatur.

1852 4442 1919 4497 Ut
1949 4458 2077 4512 ergo
2108 4443 2245 4497 Dens
2273 4441 2576 4511 patientiam
2599 4455 2746 4495 suam
2771 4440 3040 4504 exhibeat,
3060 4455 3232 4510 neque
3259 4451 3432 4494 tamen

1852 4534 1924 4588 illi
1962 4534 2084 4588 hinc
2129 4534 2401 4603 segniores
2447 4533 2708 4597 evadant,
2754 4532 3045 4602 prophetica
3089 4531 3432 4601 pharmacum

1847 4634 2098 4696 apparat,
2129 4640 2234 4680 non
2271 4625 2648 4695 suppliciorum
2678 4625 3061 4694 experimento,
3094 4623 3186 4678 sed
3217 4623 3429 4678 interim

1848 4719 2177 4787 praescientia
2203 4719 2452 4773 erudiens
2480 4726 2803 4788 peccatores,
2827 4725 2883 4770 ut
2909 4717 2950 4770 si
2983 4714 3177 4769 auditis
3201 4717 3428 4770 commi-

1847 4809 2147 4866 nationibus
2197 4809 2444 4865 meliores
2491 4809 2714 4863 evadant
2741 4846 2756 4874 ,
2790 4822 2961 4876 pana:
3003 4805 3427 4875 experimentum

1845 4901 2111 4972 depellant
2140 4917 2154 4956 :
2182 4902 2263 4956 sin
2302 4916 2430 4956 vero
2472 4901 2588 4955 sine
2628 4915 2784 4954 sensu
2831 4907 3115 4964 maneant,
3144 4908 3268 4954 tunc
3300 4899 3430 4969 ipsis

1845 4995 2158 5064 supplicium
2183 4993 2390 5048 inferat.
2418 4992 2526 5047 Hoc
2553 4991 2877 5061 perSpieiens
2904 4990 3165 5058 diabolus,
3188 4999 3243 5045 et
3269 5006 3430 5060 quan-

1845 5096 1955 5141 tum
1987 5086 2109 5140 hinc
2135 5086 2267 5144 lucri
2298 5085 2432 5140 foret
2460 5086 2716 5154 cogitans,
2737 5083 3228 5153 pseudopmphetas
3249 5084 3428 5138 immio

1843 5182 1931 5244 sit,
1961 5179 2046 5240 qui
2075 5177 2347 5248 prophetis
2377 5175 2698 5231 minantibus
2728 5174 2918 5229 famem
2945 5217 2958 5239 ,
2993 5185 3216 5244 pestem,
3259 5175 3424 5238 bella,

1842 5272 2187 5327 barbarorum
2219 5268 2576 5324 incursionem
2599 5308 2612 5333 ,
2639 5267 3073 5322 contradiccbant
3095 5307 3108 5332 ,
3141 5266 3310 5320 fausta
3332 5280 3429 5320 an-

1842 5361 2165 5416 nuntiantes.
2197 5347 2652 5426 Quemadmodum
2685 5359 2824 5413 enim
2873 5358 3010 5412 Deus
3051 5367 3192 5411 metu
3235 5354 3426 5408 verbo-

1840 5468 1958 5508 rum
1989 5451 2202 5506 volebat
2226 5451 2470 5520 supplicii
2498 5451 2918 5521 experimentum
2945 5446 3232 5517 depellere,
3263 5443 3339 5496 sic
3370 5452 3422 5495 et

1837 5542 2080 5599 diabolus
2109 5542 2431 5597 contrarium
2457 5541 2812 5613 operabatur;
2845 5539 3128 5594 verborum
3159 5530 3424 5588 illecebris

1837 5651 1931 5693 eos
1980 5635 2256 5690 cmolliens
2297 5645 2352 5691 et
2396 5634 2673 5705 segniores
2728 5629 2996 5694 reddens,
3048 5623 3423 5680 necessitatem

1903 5797 1921 5829 ⁸
1957 5791 2085 5855 Vos,
2109 5793 2422 5855 sacerdotem,
2444 5791 2590 5842 deest
2608 5790 2656 5838 in
2679 5784 2840 5838 milites
2860 5789 2990 5834 ιη.
