3968 6208
477 399 542 456 9t
708 384 723 401 ‘
1151 392 1209 450 s.
1250 390 1528 449 JOANNIS
1564 386 2034 445 ettnvsosront
2075 383 2388 441 ARCllIEP.
2430 384 2957 443 cuusmurmor.
3689 387 3753 441 ιη

474 512 729 571 afferebat
752 518 811 567 ut
838 490 1092 581 supplicia
1122 508 1295 577 reipsa
1318 500 1706 574 experirentur.
1733 502 1895 566 Hinc,
1925 500 2052 570 quia

481 615 661 675 postea
706 599 1181 673 pseudoprophetis
1227 598 1385 652 [idem
1434 596 1728 661 habentes,
1756 608 1819 647 ac
1852 590 2060 646 virtutis

476 693 789 749 exercitium
813 696 1234 751 contemnentes,
1260 685 1355 741 sed
1382 684 1434 739 itt
1464 683 1692 753 peccatis
1714 683 1824 736 suis
1854 694 2062 750 perma-

480 792 669 838 nentes
688 823 705 849 ,
730 781 830 836 sibi
860 778 1174 849 supplicium
1204 775 1542 831 attrahebant
1562 813 1578 840 ,
1609 788 1670 828 ac
1701 787 1795 842 per
1861 769 2063 826 exitum

480 872 852 943 prophetarum
875 870 1071 924 veritas
1089 866 1484 929 ostendebatur,
1502 872 1555 920 et
1576 860 2063 934 pseudopropheta-

478 980 593 1021 rum
616 962 951 1019 mendacium
970 960 1337 1031 detegebatur,
1367 958 1526 1013 aliam
1555 970 1738 1015 rursus
1762 954 2062 1010 machinam

477 1062 702 1127 apparat
741 1053 806 1108 ad
847 1067 1031 1110 eorum
1059 1050 1348 1121 perniciem
1375 1048 1463 1119 qui
1492 1062 1552 1104 se
1587 1045 1831 1114 intercipi
1859 1045 2059 1099 sinunt.

475 1142 659 1199 Suasit
673 1143 820 1199 enim
858 1143 1008 1212 ipsis,
1036 1141 1124 1211 qui
1154 1139 1378 1208 decepta
1409 1138 1591 1192 faciles
1618 1145 1792 1200 erant,
1823 1135 1919 1190 has
1944 1148 2062 1205 qua!

478 1232 785 1290 accidebant
814 1232 1142 1288 calamitates
1172 1246 1238 1286 ex
1276 1231 1577 1284 daemonum
1610 1230 1685 1283 ira
1730 1226 2014 1297 provenire
2039 1265 2057 1291 ,

479 1324 620 1395 quod
649 1324 715 1378 ab
742 1323 870 1393 ipsis
897 1323 1289 1392 negligerentttr
1315 1334 1378 1374 ac
1415 1319 1689 1388 despectui
1717 1318 2057 1372 haberentur.

482 1417 632 1471 Hanc
674 1415 831 1484 igitur
875 1412 1139 1467 fallaciam
1185 1421 1241 1465 ut
1279 1412 1491 1466 tolleret
1529 1410 1689 1475 Deus,
1731 1420 1856 1463 ante
1897 1407 2061 1462 multa

482 1516 723 1574 tempora
767 1518 886 1573 qua:
933 1503 1037 1557 illis
1080 1510 1334 1557 eventura
1377 1510 1548 1566 crant,
1581 1501 1686 1554 imo
1730 1499 1903 1568 potius
1940 1512 2062 1568 qua:
2098 1547 2107 1562 ,

478 1601 623 1669 ipsos
650 1597 1097 1668 comprehensura
1125 1603 1277 1650 erant
1314 1594 1450 1648 mala
1492 1593 1812 1663 praenuntiat
1833 1631 1849 1654 ,
1874 1600 1935 1646 ut
1969 1589 2062 1660 qui

478 1692 597 1745 illos
621 1689 954 1758 decipiebant
975 1684 1089 1742 non‘
1102 1696 1319 1758 possent
1340 1686 1432 1740 ira:
1452 1685 1752 1739 dmmouum
1778 1682 1878 1737 hos
1902 1697 2062 1738 even-

480 1792 565 1837 tus
607 1779 929 1836 adscribere.
979 1779 1131 1846 Quod
1176 1786 1355 1832 autem
1399 1792 1506 1830 non
1559 1790 1654 1845 per
1700 1773 2060 1842 conjecturam

479 1873 595 1927 haec
620 1871 792 1926 dicam
814 1912 830 1938 ,
862 1869 985 1924 audi
1031 1869 1218 1923 Isaiam
1243 1868 1507 1923 dicentem
1538 1884 1551 1920 :
1581 1866 1703 1921 Scio
1742 1865 1863 1935 quia
1903 1864 2061 1918 durus

476 1980 548 2028 es,
580 1974 625 2017 et
656 1977 834 2016 nervus
874 1964 1065 2032 ferreus
1093 1958 1282 2013 collum
1309 1968 1485 2022 tuum,
1513 1966 1561 2011 et
1602 1957 1746 2027 frons
1784 1965 1871 2008 tua
1897 1970 2058 2009 teneo.

474 2052 603 2108 Ideo
627 2052 689 2106 ab
714 2053 857 2106 initio
895 2049 1131 2123 loquutus
1169 2066 1279 2104 sum
1311 2048 1433 2113 tibi,
1462 2063 1524 2101 ne
1546 2047 1686 2101 dicas
1714 2061 1733 2099 :
1758 2044 1910 2099 Idola
1937 2044 2061 2098 mihi

473 2148 715 2217 fecerunt,
739 2151 783 2198 et
811 2141 1069 2213 sculptan
1087 2150 1134 2196 et
1152 2141 1435 2211 con/latitia
1462 2140 1590 2193 mihi
1614 2141 1859 2210 fecerunt.
1884 2135 2063 2206 Neque

474 2235 607 2289 nosti
631 2277 645 2302 ,
677 2251 832 2305 neque
879 2234 1058 2287 audita
1099 2237 1240 2304 fuere
1283 2233 1369 2285 tibi
1399 2230 1568 2301 (Isai.
1621 2229 1711 2285 48.
1759 2230 1816 2284 4.
1862 2229 1915 2283 5.
1960 2227 2057 2297 8).

473 2326 607 2393 Quia
638 2325 817 2394 igitur,
849 2331 905 2378 ut
931 2323 1172 2379 dicebam
1193 2364 1209 2389 ,
1242 2330 1405 2390 utque
1429 2336 1497 2376 ex
1537 2319 1840 2375 testimonio
1877 2317 2061 2373 videre

474 2426 575 2480 est,
618 2415 952 2471 daemonibus
1003 2414 1093 2469 illa
1137 2412 1550 2479 adscribebant,
1581 2411 1730 2467 venit
1776 2409 2058 2480 prophetia

474 2506 614 2560 hanc
643 2503 834 2560 tollens
856 2503 1116 2570 fraudem,
1133 2514 1185 2560 et
1202 2519 1264 2558 ea
1285 2510 1408 2556 ante
1429 2502 1593 2557 multa
1616 2510 1849 2572 tempora
1870 2499 2060 2572 ιιι-ωιιὶ-

474 2611 622 2651 ccns.
651 2595 756 2651 Sed
789 2595 913 2666 quia
951 2593 1113 2648 etiam
1152 2592 1229 2647 sic
1264 2591 1552 2647 verisimile
1585 2599 1701 2646 erat
1724 2605 1838 2656 eos,
1866 2589 2058 2662 ingrati

474 2702 596 2741 cum
627 2695 828 2751 essent,
850 2684 1089 2740 dicturos
1117 2698 1256 2749 esse,
1278 2682 1394 2739 Non
1422 2682 1758 2754 prazdixistis,
1780 2696 1886 2737 non
1914 2682 2059 2751 prius

475 2777 790 2842 audivimus,
810 2791 958 2831 nunc
995 2775 1046 2830 id
1091 2775 1288 2847 ﬁngitis
1315 2783 1437 2847 post
1459 2784 1707 2832 eventum
1737 2793 1752 2830 :
1780 2790 1888 2830 non
1916 2774 2060 2831 enim

476 2870 648 2925 nostis
669 2883 733 2924 ea
758 2883 877 2939 qua:
901 2878 1153 2923 eventura
1183 2875 1337 2922 sunt:
1359 2867 1624 2923 undenam
1647 2881 1776 2936 ergo
1803 2866 1854 2922 id
1886 2866 2057 2936 palam

476 2962 599 3027 erit,
622 2960 763 3031 quod
798 2975 991 3030 nempe
1028 2958 1229 3014 dictum
1262 2958 1465 3013 fuerit?
1491 2958 1611 3015 vide
1645 2958 1913 3029 quomodo
1954 2959 2059 3013 illis

474 3057 620 3110 clare
642 3053 975 3109 ineluctabile
1004 3061 1155 3123 paret
1180 3058 1572 3121 argumentum,
1597 3050 1919 3121 impudentia
1940 3066 2061 3106 con-

473 3160 638 3201 suetis
679 3161 792 3199 ora.
823 3144 938 3198 Non
978 3144 1119 3199 enim
1164 3142 1427 3212 permittit
1460 3151 1516 3195 ut
1554 3148 1756 3195 tantum
1781 3141 1941 3208 dicat,
1964 3141 2060 3196 sed

472 3237 624 3306 jubet
653 3236 704 3290 in
743 3235 924 3289 charta
951 3233 1110 3288 scribi
1140 3249 1202 3288 ea
1226 3248 1346 3303 quae
1390 3233 1671 3298 dicuntur;
1702 3247 1874 3302 neque
1900 3233 2059 3288 modo

478 3314 661 3394 scribi,
691 3341 758 3381 ne
801 3327 983 3380 liceret
1011 3326 1089 3380 eis
1117 3325 1314 3388 dicere,
1347 3324 1460 3380 Hoc
1502 3336 1687 3395 postea
1732 3325 1921 3390 ﬁnxit;
1951 3325 2047 3381 sed

478 3419 637 3473 etiam
671 3425 833 3471 testes
873 3417 1190 3485 scriptorum
1219 3425 1373 3469 vocat
1399 3415 1640 3470 homines
1666 3415 1767 3469 title
1789 3415 1977 3486 dignos
2006 3423 2061 3471 et

477 3526 508 3562 a
529 3508 783 3578 dignitate
811 3514 866 3562 et
894 3520 922 3560 a
954 3520 1162 3561 morum
1193 3505 1471 3576 probitate.
1490 3505 1625 3560 Nam
1655 3506 1729 3561 ait
1759 3523 1774 3561 :
1804 3505 1912 3560 Fac
1937 3507 2059 3561 mihi

476 3608 621 3654 testes
638 3639 653 3664 ,
706 3596 879 3666 ﬁdeles
908 3597 1132 3651 homines
1153 3638 1168 3662 ,
1205 3595 1385 3652 Uriam
1411 3597 1718 3652 sacerdotem
1739 3638 1756 3666 ,
1787 3609 1832 3652 et
1858 3597 2059 3652 Zacha-

474 3695 647 3758 riam;
679 3702 735 3748 ut
762 3692 973 3764 quando
1001 3707 1179 3747 rerum
1208 3692 1383 3748 exitus
1412 3692 1545 3755 erit,
1576 3700 1632 3747 et
1674 3692 1747 3746 illi
1790 3691 2058 3759 dixerint,

475 3783 754 3838 "secante
782 3783 948 3838 multa
989 3792 1229 3851 tempora
1279 3796 1383 3836 non
1429 3782 1567 3837 dicta
1616 3781 1806 3849 fuere,
1835 3782 2059 3839 eductus

474 3874 610 3929 liber
634 3883 688 3930 et
718 3882 882 3929 testes
908 3875 996 3945 qui
1022 3874 1246 3929 aderant
1271 3864 1664 3944 impudentibus
1690 3875 1794 3929 illis
1821 3889 1883 3929 os
1906 3874 2062 3931 obtu-

474 3976 612 4021 rent.
658 3964 789 4020 Ideo
804 3966 924 4032 ait,
954 3963 1113 4019 Sume
1136 3964 1325 4019 charta:
1352 3974 1538 4018 tomum
1583 3981 1762 4019 nostum
1780 4004 1800 4032 ,
1833 3973 1891 4019 ut
1916 3980 1985 4020 ne
2014 3965 2060 4021 si

475 4067 624 4111 vetus
640 4055 753 4125 jam
795 4055 897 4120 sit,
925 4055 1032 4110 cito
1061 4064 1276 4124 pereat;
1307 4054 1401 4110 sed
1427 4054 1519 4125 qui
1545 4055 1709 4111 multo
1736 4055 1891 4111 duret
1922 4067 2059 4110 tem-

474 4162 623 4217 pore,
655 4130 823 4217 etper
847 4148 1044 4217 scripta
1077 4146 1198 4202 illos
1224 4147 1448 4202 incuset.
1477 4146 1544 4201 Et
1563 4146 1724 4201 scribe
1749 4148 1878 4218 ston
1902 4148 2059 4202 homi-

473 4240 551 4293 nis
569 4281 584 4305 ,
612 4240 662 4293 id
688 4248 773 4294 est
814 4239 1053 4304 calamo,
1080 4254 1194 4307 qua:
1221 4241 1394 4309 futura
1417 4247 1552 4291 sunt.
1599 4238 1856 4304 Qumnam
1882 4238 2055 4292 futura

474 4330 634 4383 sunt?
658 4330 881 4396 Bellum,
902 4331 1122 4384 victoria
1146 4329 1512 4395 barbarorum,
1534 4329 1824 4399 spoliorum
1851 4328 2059 4398 depra:-

470 4420 616 4474 datio
634 4462 648 4483 ,
680 4421 994 4474 exuviarum
1022 4420 1225 4489 rapina.
1268 4419 1393 4474 Hice
1419 4420 1595 4490 itaque
1622 4421 1829 4487 omnia,
1857 4420 2054 4490 inquit,

475 4511 653 4568 scribe
676 4552 693 4577 ,
722 4510 792 4564 Ut
835 4512 1066 4565 velociter
1090 4511 1513 4580 depra'dationem
1556 4513 1709 4582 faciat
1753 4512 2050 4582 spoliorum.

473 4602 628 4657 Adest
652 4601 804 4654 enim.
826 4599 962 4667 Quid
991 4599 1091 4655 sibi
1117 4600 1229 4654 vult
1252 4599 1400 4667 illud,
1426 4600 1578 4653 Adest
1603 4601 1772 4654 enim?
1797 4599 1921 4654 iltec
1942 4600 2048 4655 duo

473 4693 735 4764 signiﬁcat
759 4710 772 4745 :
796 4708 997 4763 nempe
1001 4692 1111 4763 jam
1136 4701 1260 4747 tunc
1275 4702 1613 4762 peccatorum
1639 4692 2053 4762 magnitudinem

474 4785 731 4861 ultionem
755 4785 1057 4854 expetiisse,
1079 4783 1206 4840 etin
1228 4783 1428 4838 foribus
1450 4782 1559 4853 jam
1586 4797 1706 4839 esse
1726 4782 2011 4837 vindictam
2037 4801 2052 4838 :

473 4878 647 4948 ipsum
678 4892 806 4933 vero
834 4877 1090 4942 cunctari,
1117 4876 1368 4948 patientia
1395 4890 1489 4931 sua
1516 4876 1698 4930 volens
1727 4875 1847 4930 illos
1873 4875 2057 4930 melin-

473 4974 560 5025 res
587 4969 830 5036 reddere,
852 4980 904 5023 et
929 4970 1179 5023 ultionem
1208 4984 1458 5023 amovere
1486 4985 1499 5021 :
1530 4968 1733 5038 ipsique
1759 4965 1911 5021 facile
1937 4983 2055 5022 esse

472 5061 590 5115 solo
616 5070 744 5114 nutn
785 5060 963 5114 omnia
1003 5061 1068 5115 ad
1112 5060 1357 5115 eﬂ'ectttnt
1387 5059 1702 5130 perducere.
1750 5057 1881 5126 Quia
1912 5058 2053 5113 enim

472 5150 541 5219 de
565 5150 802 5205 barbaris
826 5166 1003 5205 sermo
1032 5159 1146 5205 erat
1164 5191 1179 5214 ,
1202 5152 1291 5221 qui
1320 5150 1514 5205 bellum
1548 5151 1737 5204 illaturi
1767 5159 1919 5205 erant
1938 5191 1951 5214 ,
1978 5150 2055 5205 Ne

472 5241 689 5313 putetis,
719 5240 906 5310 inquit,
928 5241 1028 5295 vite
1052 5241 1456 5311 longitudinem,
1484 5242 1853 5311 exercitusque
1878 5241 2054 5294 multi-

471 5334 708 5391 tudinem
751 5331 1142 5387 cunctationem
1184 5332 1464 5401 quamdam
1508 5331 1785 5387 allaturam
1818 5345 1969 5397 esse;
2003 5335 2053 5386 id

470 5426 611 5497 quod
644 5426 780 5480 solet
812 5424 953 5494 apud
986 5423 1231 5480 homines
1259 5425 1519 5480 accidere.

540 5519 595 5572 2.
630 5515 737 5571 Deo
763 5516 903 5569 adest
928 5517 971 5571 is
993 5516 1079 5586 qui
1108 5518 1282 5585 procul
1307 5526 1399 5570 est.
1421 5515 1635 5571 -—Nam
1668 5516 1779 5572 Deo
1824 5515 1977 5571 adest
2011 5517 2054 5572 is

474 5615 563 5682 qui
594 5610 777 5680 procul
804 5618 887 5665 est
914 5626 927 5662 :
959 5610 1029 5664 ita
1059 5608 1365 5664 facillimum
1397 5610 1495 5678 ipsi
1537 5618 1619 5664 est
1662 5624 1769 5663 uno
1794 5609 2054 5679 temporis

476 5713 747 5759 momento
790 5704 859 5758 ab
899 5703 1153 5758 extremis
1204 5712 1358 5757 terrte
1414 5702 1649 5771 partibus
1674 5745 1687 5764 ,
1718 5703 1923 5757 etiamsi
1975 5702 2052 5755 illi

476 5811 665 5867 magno
694 5810 915 5852 numero
958 5797 1067 5853 sittt
1089 5835 1104 5863 ,
1137 5795 1254 5851 illos
1280 5795 1459 5850 statim
1490 5793 1752 5850 adducere
1800 5794 2050 5859 vobisque

2163 500 2374 556 sistere.
2401 499 2465 553 Et
2491 509 2636 554 testes
2664 501 2789 555 milii
2808 501 2890 568 [ac
2915 501 3089 570 ﬁdeles
3113 500 3355 564 homines,
3386 500 3433 557 U
3437 501 3565 555 riam
3584 516 3756 557 sacer-

2166 592 2350 656 dotem,
2373 604 2419 646 et
2437 590 2740 645 Zachariam
2764 592 2927 661 ﬁlium
2949 590 3232 646 Barachite.
3254 590 3419 661 Cujus
3441 592 3520 647 rei
3547 600 3715 646 testes
3744 592 3763 643 i

2167 684 2446 753 Temporis
2476 702 2490 738 :
2523 694 2581 739 ut
2630 685 2673 739 si
2722 685 2919 755 scripta
2951 684 3230 739 calumniis
3274 684 3622 754 impetantur,
3654 682 3753 736 ho—

2167 774 2340 829 mines
2366 774 2541 829 adhuc
2583 776 2818 830 viventes
2843 814 2859 840 ,
2899 774 2989 845 qui
3039 773 3193 829 dnm‘
3222 773 3338 829 haec
3386 774 3749 829 scriberentur

2169 874 2461 933 praesentes
2489 872 2641 919 erant
2662 906 2678 931 ,
2711 874 3025 934 tempusque
3052 864 3295 934 apprime
3340 870 3605 918 noverant
3644 878 3749 931 qno

2166 956 2280 1012 haec
2302 957 2632 1021 dicebantur,
2662 955 2865 1026 possint
2887 970 2948 1009 os
2975 955 3221 1010 obturare
3245 954 3580 1023 impudenter
3604 954 3753 1009 obla-

2166 1049 2446 1104 trantibus.
2478 1049 2664 1104 Eidem
2698 1048 2865 1103 hmret
2889 1056 3200 1118 argumento
3229 1047 3278 1102 id
3302 1046 3445 1114 quod
3470 1047 3712 1117 sequitur
3730 1088 3746 1113 ,

2166 1138 2360 1194 clarius
2401 1139 2480 1194 rei
2530 1139 2896 1210 probationem
2946 1141 3198 1194 inferens.
3254 1135 3533 1205 Quomodo
3561 1145 3619 1192 et
3647 1151 3748 1206 qua

2164 1229 2417 1283 ratione?
2447 1229 2559 1299 Ipsa
2589 1229 2750 1284 verba
2778 1230 3073 1284 audiamus.
3102 1229 3322 1283 Accessit
3350 1228 3516 1294 enim,
3549 1228 3660 1292 ait,
3682 1228 3749 1280 ad

2171 1321 2563 1390 prophetissam.
2622 1320 2852 1375 anrem
2907 1321 3173 1392 propriam
3219 1320 3295 1374 sic
3323 1322 3456 1374 forte
3499 1321 3745 1384 vocavit,

2165 1412 2304 1481 quod
2349 1413 2436 1467 illa
2466 1413 2625 1468 etiam
2670 1413 2980 1483 prophetico
3023 1413 3225 1483 Spiritu
3268 1413 3482 1483 dignata
3515 1412 3745 1467 fuisset:

2166 1519 2287 1557 nam
2320 1519 2424 1559 non
2457 1505 2583 1559 viris
2626 1506 2782 1560 modo
2813 1505 2928 1561 lucc
2965 1521 3187 1561 munera
3234 1506 3516 1572 dabantur,
3550 1507 3646 1561 sed
3695 1508 3747 1560 in

2166 1596 2479 1652 muliebrem
2518 1597 2675 1652 etiam
2704 1612 2890 1653 sexum
2923 1600 3261 1653 transierant.
3290 1598 3472 1668 Neque
3498 1598 3645 1654 enim
3692 1608 3751 1653 ut

2165 1687 2218 1741 in
2246 1689 2586 1744 smcularibus
2628 1691 2850 1760 negotiis
2884 1689 3058 1745 ofﬁcia
3100 1689 3526 1760 distinguuntur,
3555 1699 3611 1745 et
3645 1690 3750 1745 alia

2165 1780 2400 1834 virorum
2431 1789 2588 1847 sunt,
2617 1780 2719 1834 alia
2751 1782 3028 1836 mulierum
3051 1823 3064 1846 ,
3092 1796 3190 1836 nec
3219 1766 3441 1851 possunt
3491 1782 3598 1835 illae
3626 1780 3718 1836 fttn

2164 1872 2370 1926 ctiones
2398 1872 2535 1927 inter
2561 1887 2619 1927 se
2647 1874 2960 1927 commutari
2983 1891 2996 1926 :
3022 1872 3092 1928 ita
3121 1889 3181 1929 se
3206 1888 3296 1928 res
3322 1873 3483 1927 habet
3506 1874 3559 1928 in
3587 1874 3750 1943 spiri-

2165 1962 2423 2027 tualibns;
2454 1961 2547 2017 sed
2593 1964 2736 2032 paria
2780 1974 2904 2017 sunt
2946 1964 3234 2018 certamina
3259 2005 3274 2028 ,
3302 1978 3615 2019 communes
3651 1980 3751 2017 eo-

2163 2068 2327 2108 ronte.
2360 2053 2425 2107 Et
2457 2052 2571 2109 haec
2595 2055 2775 2124 utique
2803 2054 2982 2109 videre
3011 2064 3093 2109 est
3123 2054 3174 2109 in
3208 2054 3382 2108 Veteri
3409 2065 3464 2109 et
3499 2055 3553 2108 in
3594 2054 3751 2109 Novo

2163 2145 2527 2211 Testamento,
2560 2145 2611 2198 in
2642 2154 2752 2200 toto
2780 2145 3012 2206 humano
3037 2160 3230 2216 genere
3255 2146 3582 2215 contingere.
3610 2146 3751 2200 Cum

2164 2235 2265 2290 hac
2292 2236 2449 2305 igitur
2473 2250 2537 2289 ex
2567 2235 2683 2305 lege
2707 2236 3031 2290 matrimonii
3059 2249 3376 2305 congressus
3414 2251 3537 2290 cum
3582 2245 3752 2299 esset,

2165 2335 2524 2396 prmgnantem
2566 2326 2706 2380 illam
2733 2325 2927 2381 effecit.
2975 2326 3043 2381 Et
3085 2337 3361 2398 postquam
3405 2337 3565 2384 natus
3600 2339 3757 2385 esset

2168 2430 2336 2486 puer,
2369 2432 2562 2470 nomen
2591 2432 2783 2470 novum
2833 2424 2888 2471 et
2931 2417 3297 2472 admirandum
3327 2418 3425 2488 ipsi
3455 2419 3750 2489 imposuit,

2160 2505 2303 2577 quod
2340 2504 2633 2561 futurorum
2661 2496 3415 2577 hi.toriam'complecteretur.
3441 2509 3582 2577 Quid
3603 2512 3755 2567 enim

2162 2598 2275 2653 ait?
2324 2597 2457 2651 Voca
2481 2614 2660 2652 nomen
2684 2599 2814 2669 ejus,
2841 2597 2950 2654 Cito
2978 2598 3163 2667 spolia,
3202 2598 3448 2654 l'elociter
3475 2602 3714 2670 prodere
3737 2619 3755 2656 :

2163 2697 2221 2743 ut
2246 2687 2455 2743 etiamsi
2482 2688 2692 2757 scriptis
2722 2686 2851 2744 tides
2876 2703 2980 2744 non
3009 2688 3295 2744 haberetur
3331 2690 3384 2744 in
3414 2699 3560 2744 temo
3603 2693 3757 2761 posi-

2165 2780 2253 2848 tis,
2271 2780 2554 2850 appellatie
2577 2781 2722 2851 pueri
2748 2780 3341 2836 futurorum‘historiam
3360 2784 3756 2852 complectens,

2162 2881 2218 2927 et
2255 2882 2380 2928 ante
2408 2880 2655 2928 eventum
2684 2887 2860 2927 rerum
2891 2872 3152 2941 imposita,
3177 2887 3239 2927 ac
3268 2872 3576 2941 frequenter
3604 2877 3759 2930 omni

2162 2970 2400 3031 tempore
2425 2962 2649 3032 prolata,
2682 2961 2765 3017 vel
2797 2962 3370 3031 impudentissimorum
3400 2978 3493 3018 ora
3519 2977 3757 3020 consue-

2160 3063 2261 3108 rct.
2289 3052 2439 3120 Quod
2460 3053 2602 3107 cnim
2628 3051 2743 3108 hmo
2764 3051 3017 3123 propheta
3038 3068 3143 3108 non
3174 3062 3291 3123 post
3312 3062 3564 3110 eventum
3593 3054 3761 3109 citin-

2161 3144 2335 3211 xerit,
2379 3142 2476 3198 sed
2520 3144 2676 3213 longe
2724 3154 2849 3198 ante
2893 3145 3237 3213 prteviderit,
3282 3145 3441 3199 etiam
3473 3146 3506 3200 ii
3537 3147 3630 3215 qui
3685 3162 3764 3203 ex

2162 3234 2339 3290 studio
2388 3234 2576 3304 ingrati
2626 3233 2930 3304 stupidique
2978 3244 3132 3290 erant
3185 3234 3309 3290 hinc
3359 3243 3418 3289 ut
3464 3236 3767 3293 crederent

2162 3327 2350 3383 adduci
2403 3336 2688 3398 poterant,
2741 3328 2833 3398 qui
2885 3337 3011 3383 ante
3061 3342 3239 3382 rerum
3294 3336 3549 3383 eventum
3608 3327 3767 3385 hunc

2162 3431 2382 3487 puerum
2410 3417 2650 3471 viderant
2676 3416 2754 3471 sic
2780 3416 3057 3485 appellari,
3077 3426 3133 3471 et
3156 3416 3451 3471 futurarum
3475 3416 3770 3473 calamita-

2163 3510 2273 3555 tum
2324 3500 2623 3557 doctrinam
2676 3501 2754 3555 sic
2803 3499 3114 3569 praedicare.
3176 3499 3406 3571 Ideoque
3454 3500 3768 3570 prophetia:

2163 3594 2267 3648 vim
2296 3593 2705 3663 interpretatur,
2734 3600 3050 3661 tempusque
3077 3600 3320 3646 accurate
3348 3591 3614 3661 significat
3668 3593 3770 3649 his

2163 3684 2339 3739 verbis
2367 3701 2379 3735 :
2414 3682 2555 3751 Quia
2582 3691 2850 3750 antequam
2897 3682 3024 3736 sciat
3059 3698 3183 3751 puer
3228 3696 3407 3735 uocare
3448 3690 3645 3751 patrem
3677 3685 3770 3737 vel

2162 3784 2393 3837 matrem,
2412 3773 2620 3845 accipiet
2659 3770 2931 3844 potentiam
2966 3769 3229 3839 Damasci,
3247 3782 3293 3826 et
3311 3772 3475 3842 spolia
3496 3771 3772 3828 Samaria

2161 3883 2331 3922 coram
2367 3882 2482 3937 rege
2508 3864 2851 3936 Assyriorum.
2899 3861 3051 3930 Quod
3095 3863 3261 3929 dicit,
3293 3861 3598 3932 httjusmodi
3646 3877 3769 3923 est.

2163 3958 2219 4013 In
2252 3967 2491 4027 tempore
2514 3997 2529 4022 ,
2563 3954 2773 4026 inquit,
2804 3954 3100 4008 immaturae
3127 3951 3330 4016 anatis,
3361 3967 3481 4007 cum
3510 3953 3771 4009 nondum

2162 4051 2329 4122 possit
2349 4047 2511 4115 loqui,
2544 4046 2763 4101 victoria
2781 4054 2835 4100 et
2860 4054 3057 4113 tropaea
3085 4050 3276 4108 erunt;
3310 4057 3415 4097 non
3442 4041 3585 4111 quod
3619 4057 3768 4112 puer

2164 4143 2326 4213 possit
2349 4140 2516 4195 aciem
2542 4139 2825 4203 instruere,
2848 4136 3136 4205 hostesque
3155 4134 3435 4205 proﬂigare
3457 4153 3472 4187 :
3495 4134 3591 4189 sed
3608 4138 3775 4205 quod

2164 4243 2296 4289 tetas
2324 4231 2436 4295 illa,
2467 4230 2581 4285 sive
2607 4237 2817 4295 tempus
2856 4224 2989 4280 illud
3030 4225 3268 4293 elapsum
3298 4233 3585 4292 antequam
3619 4239 3777 4293 pnu-

2161 4323 2307 4394 loqui
2356 4321 2559 4392 possit,
2596 4319 2773 4374 omnia
2826 4315 3000 4371 tradat
3041 4314 3303 4370 hostibus.
3338 4314 3396 4368 5.
3447 4311 3517 4367 Et
3563 4314 3776 4384 adjecit

2161 4414 2410 4468 Dominus
2433 4410 2502 4464 ad
2531 4425 2609 4463 me
2634 4408 2770 4475 loqui
2797 4407 2965 4461 adhuc
2985 4420 3004 4459 :
3026 4404 3081 4461 6.
3114 4404 3192 4459 Eo
3213 4404 3349 4474 quod
3382 4420 3483 4458 non
3520 4404 3639 4458 uelit
3675 4406 3779 4460 hic

2160 4504 2376 4576 papulas
2405 4515 2589 4571 aquam
2608 4498 2828 4565 Siloam,
2849 4513 2962 4565 qua
2993 4506 3163 4551 manat
3195 4496 3377 4566 quiete,
3412 4495 3501 4549 sed
3526 4495 3634 4549 vult
3665 4499 3780 4552 ha-

2158 4597 2273 4651 bere
2287 4593 2444 4649 Rasin
2466 4602 2512 4647 et
2532 4592 2694 4660 ﬁlium
2710 4588 2953 4644 Romeliaz
2978 4605 3141 4660 regem
3167 4604 3317 4656 super
3340 4602 3449 4653 vos,
3472 4587 3526 4640 7.
3544 4603 3771 4659 propter

2160 4690 2255 4741 hoc
2283 4702 2393 4740 ecce
2411 4683 2620 4737 adducit
2646 4668 2896 4736 Dominus
2914 4697 3066 4751 super
3088 4697 3174 4734 sos
3193 4694 3373 4747 aquam
3394 4678 3626 4749 ﬂuminis
3648 4686 3783 4751 for-

2159 4788 2276 4843 tem,
2310 4775 2540 4842 multam,
2578 4789 2744 4844 regem
2765 4772 3104 4842 Assyriorum.
3133 4770 3273 4825 Deus
3307 4784 3405 4841 pro
3442 4783 3595 4824 more
3628 4785 3782 4837 suo,

2160 4887 2264 4927 non
2293 4870 2463 4925 solum
2493 4882 2679 4938 poenas
2708 4865 2946 4936 praedicit
2968 4905 2984 4929 ,
3015 4862 3109 4918 sed
3139 4876 3328 4917 causas
3353 4860 3509 4917 all'ert
3527 4902 3542 4925 ,
3574 4869 3631 4916 ut
3679 4866 3785 4918 sic

2157 4962 2429 5020 auditores
2471 4960 2676 5017 erudiat
2705 4976 2720 5013 :
2749 4957 2800 5012 id
2827 4956 2928 5012 hoc
2953 4956 3112 5011 etiam
3140 4955 3258 5010 loco
3282 4952 3425 5008 facit.
3457 4952 3560 5009 Ubi
3608 4968 3784 5012 tum

2158 5054 2402 5127 praedixit
2453 5050 2874 5108 devastationem
2933 5062 3027 5117 per
3077 5046 3402 5116 alienigenas
3465 5043 3727 5103 futuram

2158 5149 2375 5216 abrepta
2399 5144 2588 5215 spolia,
2605 5151 2661 5198 et
2688 5140 3032 5196 barbarorum
3052 5137 3398 5206 irruptionem
3420 5138 3771 5204 praenuntia.

2158 5241 2254 5297 vlt.
2284 5251 2496 5293 causam
2520 5234 2642 5289 belli
2670 5232 2815 5286 dicit.
2840 5230 3094 5298 Quaenam
3122 5227 3271 5303 haec?
3292 5226 3532 5295 Ingratus
3559 5225 3783 5281 civita.

2163 5344 2270 5389 tem
2291 5328 2636 5386 tucotentium
2658 5326 2888 5380 anitnus.
2911 5322 3192 5391 Quoniam,
3213 5318 3402 5388 inquit,
3418 5332 3543 5374 eum
3565 5332 3787 5388 regem

2160 5423 2389 5479 habeant
2434 5419 2801 5482 moderatum,
2834 5416 3014 5470 mitem
3058 5421 3110 5467 et
3160 5419 3539 5477 mansuetum,
3568 5409 3640 5465 ab
3698 5428 3799 5469 eo

2160 5514 2505 5578 resilit-runt,
2560 5518 2919 5581 tyrannosque
2966 5510 3237 5574 aptarunt,
3269 5510 3325 5557 et
3366 5501 3467 5555 sub
3510 5500 3797 5560 alienum

2161 5607 2445 5678 imperium
2485 5602 2815 5672 transfugere
2855 5597 3029 5654 conati
3058 5605 3220 5659 sunt,
3252 5595 3562 5650 felicitatem
3593 5609 3790 5654 suam

2160 5717 2266 5755 non
2295 5698 2528 5755 ferentes
2553 5737 2566 5761 ,
2598 5694 2918 5749 desiderium
2949 5703 3131 5744 eorum
3172 5687 3445 5757 cepiosius
3474 5686 3730 5756 explebo
3766 5733 3793 5758 ,

2163 5794 2444 5850 bat-barum
2485 5786 2765 5861 quemdam
2795 5794 2851 5840 et
2880 5781 3225 5841 inhumanum
3254 5778 3552 5835 adducens.
3584 5777 3791 5836 Mt‘la'
