4048 6208
301 160 373 213 93
1558 146 1624 203 tu
1662 142 1913 208 iSAlAM,
1954 141 2106 199 car.
2130 121 2283 199 ‘vnt.
3511 134 3580 192 at

300 272 526 345 phorice
557 282 715 339 porro
766 267 944 323 verbis
989 265 1187 327 utitur,
1220 275 1397 318 mores
1444 260 1705 330 indigenae
1752 258 1892 328 regis

300 361 636 425 describens,
660 366 717 415 et
745 358 959 415 barbari
990 354 1277 425 potentiam
1310 370 1323 408 :
1350 351 1401 406 id
1428 366 1556 406 vero
1585 349 1728 416 facit,
1755 348 1895 419 quod

300 466 519 523 semper
547 451 697 518 dixi,
729 457 790 504 ut
815 449 1070 518 majorem
1116 443 1382 500 sermonis
1424 441 1699 513 emphasin
1740 440 1894 496 exhi-

300 545 445 598 beat.
497 540 622 597 Ideo
647 541 758 605 ait,
787 537 868 592 Eo
915 537 1051 606 quod
1095 535 1257 590 nolint
1286 550 1469 604 aquam
1514 532 1712 587 Siloam
1740 547 1759 585 :
1789 546 1896 586 non

298 634 368 689 de
394 646 535 703 aqua
559 631 774 694 dicens,
803 627 900 684 sed
925 628 1048 699 quia
1076 627 1195 681 fons
1222 624 1422 680 sensim
1448 636 1504 679 et
1531 624 1647 678 sine
1673 621 1897 692 strepitu

299 734 521 792 manat,
570 723 843 780 lenitatem
891 729 948 778 et
985 719 1408 777 moderationem
1442 717 1597 787 ejus,
1642 719 1729 786 qui
1774 723 1897 770 tunc

305 815 607 888 regnabat,
640 813 929 884 tranquillo
976 824 1231 882 aquarum
1281 806 1460 864 cursui
1506 815 1816 877 comparat,
1845 812 1899 860 et

301 909 502 964 Siloam
534 907 708 977 ipsum
738 912 925 972 vocat,
953 901 1096 974 quod
1119 900 1253 958 lenis
1280 900 1350 955 sit
1374 906 1430 954 et
1456 905 1767 953 mansuetus
1798 912 1814 953 :
1845 896 1897 951 id

299 1000 448 1073 quod
496 999 790 1055 maximam
836 996 1065 1052 subditis
1110 994 1267 1050 aﬂ'ert
1310 990 1773 1055 criminationem,
1807 988 1899 1059 qui

301 1106 427 1148 cum
457 1104 565 1145 non
609 1103 771 1161 grave
793 1087 981 1159 jugum
1010 1085 1307 1151 haberent,
1347 1096 1436 1138 res
1476 1095 1640 1149 novas
1686 1078 1898 1151 aggredi

304 1183 588 1241 tentabant
608 1224 623 1249 ,
657 1181 955 1252 alienisque
992 1179 1207 1250 regibus
1233 1190 1354 1233 sese
1392 1174 1609 1231 dedere.
1638 1172 1901 1240 Quoniam

299 1290 459 1347 ergo,
490 1273 684 1345 inquit,
711 1273 858 1327 illum
891 1270 1075 1325 mitem
1106 1254 1544 1335 moderatumque
1575 1264 1782 1328 nolunt,
1804 1252 1901 1317 sed

303 1368 473 1423 Rasin
499 1376 553 1423 et
579 1366 743 1420 lilium
770 1363 1049 1428 Romelite,
1065 1360 1309 1416 inducam
1331 1357 1712 1430 Babylonium;
1738 1355 1900 1425 impe-

303 1474 532 1529 tumque
563 1456 831 1513 exercitus
870 1454 1014 1510 illius
1043 1466 1236 1522 aquam
1284 1450 1518 1506 ﬂuminis
1542 1456 1696 1504 vocat
1721 1447 1903 1516 eopio-
1954 1466 1967 1481 ι

300 1566 424 1607 sam
453 1558 508 1605 et
533 1548 930 1604 vehementem.

381 1643 436 1697 3.
469 1641 673 1696 Deinde
703 1637 1066 1708 metaphoram
1096 1634 1370 1703 explicans
1395 1632 1487 1697 ait,
1521 1630 1709 1701 Regem
1738 1627 1896 1699 Assy-

298 1738 526 1791 riorum.
584 1733 773 1788 Viden’
805 1746 965 1803 quam
1004 1728 1355 1784 indubitatum
1382 1734 1633 1797 appareat
1669 1723 1721 1778 id
1760 1720 1902 1793 quod

297 1841 473 1896 supra
501 1824 767 1889 diximus,
815 1824 870 1878 in
900 1819 1227 1891 metaphoris
1257 1832 1451 1886 nempe
1483 1814 1813 1885 Scripturam
1844 1826 1905 1868 se

298 1930 530 1985 semper
583 1912 927 1983 interpretari
973 1909 1187 1966 solere?
1233 1906 1386 1975 Quod
1415 1906 1573 1960 etiam
1624 1904 1710 1960 hic
1757 1902 1901 1958 fecit.

297 2008 447 2065 Cum
469 2007 611 2064 enim
634 2007 829 2061 [lumen
851 2003 1095 2068 dixisset,
1113 2016 1218 2057 non
1243 2000 1297 2054 in
1320 2000 1627 2068 metaphora
1648 1995 1904 2062 substitit,

299 2101 411 2157 sed
439 2101 706 2171 quodnam
742 2098 941 2153 ﬂumen
965 2106 1109 2151 esset
1130 2094 1264 2149 dixit
1289 2134 1304 2160 ,
1332 2090 1520 2163 Regem
1549 2090 1904 2160 Assyriorum,

300 2204 357 2247 et
383 2208 580 2245 omnem
601 2191 816 2261 gloriam
840 2188 970 2259 ejus.
997 2186 1060 2240 Et
1081 2184 1314 2239 ascendet
1334 2198 1489 2253 super
1507 2197 1703 2237 omnem
1728 2180 1842 2235 υαιιε
1857 2196 1910 2234 m

299 2294 553 2346 restrain,
584 2292 630 2336 et
657 2278 996 2335 deambulabit
1014 2294 1168 2346 super
1195 2290 1392 2331 omnem
1434 2289 1635 2328 murum
1671 2281 1905 2328 vestrum.

298 2378 367 2433 8.
408 2375 471 2428 Et
508 2374 704 2444 auferet
730 2389 763 2426 a
786 2370 971 2427 ludam
995 2369 1272 2432 hominem,
1310 2366 1398 2437 qui
1429 2366 1586 2438 possit
1629 2366 1793 2419 levare
1817 2378 1907 2416 ca-

300 2480 430 2542 put,
478 2478 567 2521 aut
614 2468 702 2537 qui
742 2464 900 2537 possit
945 2464 1140 2534 aliquid
1180 2462 1443 2532 perﬁcere.
1469 2458 1537 2514 Et
1573 2453 1718 2514 erunt
1742 2468 1910 2512 castra

299 2565 450 2632 ejus,
485 2561 555 2614 ita
578 2570 633 2612 ut
655 2558 898 2629 impleant
944 2554 1264 2609 latitudinem
1305 2554 1524 2623 regionis
1549 2561 1668 2606 tute.
1713 2550 1908 2606 Osten-

301 2654 456 2708 dcus
487 2667 589 2706 non
618 2650 846 2704 humana
868 2648 1081 2714 virtute,
1113 2644 1207 2701 sed
1245 2644 1321 2700 ira
1364 2643 1456 2699 Dei
1487 2642 1738 2698 saeviente
1774 2641 1909 2709 hate,

300 2761 442 2816 ιιιιε
482 2742 750 2807 dicuntur,
794 2748 1047 2797 eventura
1086 2751 1238 2804 esse,
1267 2724 1374 2791 non
1425 2734 1572 2789 illum
1606 2742 1664 2788 ut
1704 2731 1912 2786 hostem

303 2838 437 2893 acie
467 2837 720 2891 instructa
741 2831 1014 2898 describit,
1058 2829 1153 2887 sed
1203 2837 1257 2885 ut
1294 2827 1362 2882 ad
1393 2836 1629 2896 paratam
1680 2824 1913 2894 pratdam

306 2929 645 2984 venientem.
675 2925 790 2981 Non
811 2924 954 2981 enim
978 2923 1158 2990 stabit,
1187 2920 1378 2992 inquit,
1401 2928 1456 2975 et
1473 2919 1642 2975 aciem
1667 2917 1911 2984 instruet,

306 3019 417 3077 sed
446 3034 729 3089 corporum
760 3014 1094 3072 multitudine
1120 3026 1277 3069 terrm
1308 3012 1496 3067 faciem
1525 3010 1757 3081 obteget,
1780 3008 1912 3063 faci-

308 3114 481 3181 [eque
508 3110 683 3164 aderit
707 3108 807 3180 (a).
834 3107 914 3162 Ad
938 3107 1053 3161 hmo
1104 3105 1158 3161 in
1198 3105 1286 3159 ira
1328 3102 1488 3159 etiam
1516 3115 1704 3173 magna
1729 3099 1919 3155 obser-

307 3214 477 3260 vatur
499 3201 806 3259 clementia.
832 3198 1015 3270 Neque
1038 3197 1183 3253 enim
1209 3195 1563 3252 comminatur
1588 3207 1649 3248 se
1677 3193 1914 3263 ipsorum

311 3294 513 3350 urbem
555 3292 932 3348 demoliturum
975 3303 1124 3355 esse,
1166 3286 1261 3344 sed
1316 3284 1676 3356 captivitatem
1722 3294 1914 3353 quani-

310 3388 443 3440 dam
474 3392 532 3440 et
555 3382 929 3438 abductionem
960 3378 1233 3451 praedicit,
1264 3376 1498 3447 reliquos
1520 3374 1705 3430 volens
1734 3388 1799 3428 ex
1826 3387 1916 3427 ca-

314 3479 595 3550 ptivorum
635 3490 791 3546 poma
831 3473 899 3528 ad
928 3472 1204 3528 meliorem
1224 3469 1428 3541 frugem
1480 3467 1754 3524 reducere.
1784 3465 1915 3519 Nam

309 3572 392 3625 ait
423 3588 439 3625 :
468 3569 683 3640 Auferet
708 3584 738 3619 a
757 3566 944 3622 ludam
972 3565 1222 3620 hominem
1245 3563 1331 3634 qui
1358 3563 1511 3634 possit
1541 3561 1702 3617 leuare
1725 3568 1875 3629 caput
1895 3574 1915 3613 :

311 3665 387 3719 de
416 3660 737 3733 proceribus
766 3658 1031 3730 loquitur,
1061 3655 1233 3726 deque
1262 3654 1326 3709 iis
1354 3653 1445 3724 qui
1490 3652 1668 3708 omnia
1698 3665 1913 3707 sursum

310 3755 578 3810 deorsum
613 3758 860 3817 versant;
886 3764 982 3806 eos
1007 3748 1095 3819 qui
1139 3744 1531 3802 multitudinem
1559 3742 1738 3814 populi
1763 3741 1914 3798 labe-

315 3844 620 3907 iactabant,
649 3842 888 3910 captivos
913 3852 1204 3909 servosque
1244 3836 1422 3902 faciet,
1456 3835 1528 3889 ita
1555 3842 1611 3890 ut
1637 3832 1917 3890 inferiores

314 3936 534 4006 possint
558 3931 822 3989 tantillum
850 3929 1132 4000 reSpirarc,
1161 3942 1336 3995 exque
1358 3933 1504 3981 metu
1533 3939 1629 3995 per
1646 3921 1917 3979 abductio-

312 4041 447 4083 nem
479 4025 712 4080 aliorum
742 4028 915 4093 partu,
946 4028 1001 4076 et
1030 4034 1098 4075 ex
1124 4016 1337 4089 propria
1382 4015 1629 4071 libertate
1668 4013 1919 4071 meliores

312 4117 577 4173 evadere.
608 4114 734 4170 Ideo
752 4114 829 4169 ait
854 4130 868 4167 :
894 4112 994 4181 Qui
1014 4111 1171 4183 possit
1206 4108 1403 4181 aliquid
1428 4107 1704 4179 perﬁcere,
1733 4106 1786 4162 id
1810 4114 1914 4173 est,

313 4209 545 4268 fortem,
569 4203 770 4276 aliquid
792 4203 1003 4275 operari
1027 4202 1313 4269 valentem,
1340 4199 1431 4270 qui
1454 4196 1623 4270 possit
1657 4196 1738 4253 vel
1762 4196 1918 4252 mini-

395 4339 471 4402 (a)
509 4340 663 4402 Juxta
692 4339 909 4402 Graacam
930 4336 1220 4402 lectionem,
1243 4336 1507 4402 περξίσται,
1536 4335 1803 4402 legendum
1829 4346 1911 4386 es-

315 4397 430 4457 set,
452 4397 694 4464 facileque
714 4399 900 4464 uincet;
924 4400 1013 4447 sed
1027 4397 1299 4464 maluimus
1310 4397 1533 4464 't‘tnecam
1559 4397 1730 4447 vocem
1755 4400 1912 4447 inter-

318 4456 525 4530 pretari
543 4456 681 4530 quasi
705 4456 895 4530 fuisset,
913 4462 1166 4530 Eupiqtgt,
1190 4456 1368 4530 tulerit,
1387 4471 1612 4530 quaeror
1632 4471 1740 4530 cum
1758 4471 1911 4530 versu

315 4519 776 4591 superiusallato.
801 4519 903 4591 col.
921 4519 1002 4582 9i,
1033 4519 1117 4573 ubi
1139 4521 1343 4584 legitur,
1367 4519 1512 4572 Adest
1534 4519 1663 4572 enim
1687 4520 1907 4584 (πάρεστι

314 4586 473 4647 γάρ),
500 4584 682 4634 melius
703 4584 931 4647 quadrat.

2002 273 2147 312 muni
2163 258 2287 329 quid
2305 257 2535 315 efﬁcere.
2556 258 2623 314 Et
2641 266 2766 315 ante
2785 258 3175 326 abductionem,
3195 274 3288 330 per
3310 261 3483 331 ipsum
3504 279 3589 321 re-

2004 363 2124 402 rum
2135 356 2431 419 aspectum,
2448 350 2542 414 ait,
2560 349 2668 406 Vos
2685 350 2814 405 satis
2827 357 3031 405 terrore
3047 350 3587 421 percelletharbarus,

2003 447 2167 494 totam
2187 448 2381 495 terram
2408 441 2633 510 implens
2643 440 2990 496 barbarorum
3008 442 3342 512 corporibus.
3363 441 3487 498 Ideo
3503 443 3587 497 in-

2004 529 2117 584 tulit
2139 547 2152 583 :
2177 530 2245 584 Et
2265 539 2412 585 erunt
2429 540 2595 585 castra
2610 532 2739 602 ejus,
2755 531 2828 585 ita
2848 540 2902 585 ut
2920 531 3163 603 impleant
3173 531 3490 587 latitudinem
3508 548 3586 587 τοι

2001 622 2164 692 gionis
2194 630 2312 676 tuae.
2344 620 2624 677 Nobiscum
2645 621 2804 677 Deus.
2834 622 2888 678 9.
2917 621 3130 691 Scitote,
3147 632 3337 695 gentes,
3354 633 3406 679 et
3435 624 3591 679 vinci-

2002 714 2128 768 mini
2151 730 2168 768 :
2198 715 2426 769 nuntiate
2450 731 2607 787 usque
2624 715 2693 769 ad
2716 724 2993 775 extremum
3021 723 3189 782 terras,
3219 724 3267 771 et
3292 715 3590 787 fortitudine

2002 805 2223 861 valentes
2239 807 2513 862 vincimini.
2542 807 2606 863 Si
2627 808 2759 863 enim
2784 807 2965 864 iterum
2986 807 3351 879 preralueritis
3372 849 3387 872 ,
3410 809 3592 867 iterum

2002 898 2286 954 vincemini.
2312 899 2398 955 l0.
2428 898 2496 954 Et
2519 901 2865 972 quodcumque
2886 903 3152 957 consilium
3174 902 3409 967 inici-itis,
3435 901 3590 955 dissi-

2004 994 2138 1064 pabit
2161 990 2409 1049 Dominus
2431 1010 2449 1047 :
2474 1003 2522 1048 et
2549 994 2752 1048 uerbum
2781 995 3126 1065 quodcumque
3152 994 3345 1065 loquuti
3370 994 3587 1064 fueritis,

2004 1103 2105 1141 non
2145 1086 2360 1140 manebit
2407 1087 2460 1140 in
2489 1086 2659 1152 vobis,
2710 1088 2828 1156 quia
2855 1087 3114 1142 nobiscum
3156 1086 3315 1141 Deus.
3370 1085 3590 1142 Videtur
3654 1152 3663 1165 ι

2003 1178 2134 1234 mihi
2164 1178 2267 1234 hoc
2293 1179 2411 1235 loco
2438 1179 2682 1236 Ezecbize
2700 1179 2982 1237 victoriam
2997 1178 3309 1251 praedicere,
3328 1194 3391 1234 ac
3409 1178 3588 1249 splen-

2004 1268 2186 1324 didum
2219 1268 2348 1325 illud
2378 1278 2638 1345 trOpaaum
2679 1284 3002 1341 causamque
3051 1270 3311 1327 victoriae.
3367 1268 3588 1327 Etiamsi

2004 1362 2144 1415 enim
2172 1377 2317 1417 arma
2343 1363 2484 1433 apud
2530 1363 2648 1420 illos
2685 1364 2815 1430 sint,
2862 1362 3051 1434 inquit,
3084 1362 3294 1418 etiamsi
3324 1363 3589 1418 exercitus

2004 1451 2269 1517 immensi,
2301 1463 2355 1508 et
2383 1452 2506 1510 belli
2535 1454 2740 1523 peritia,
2772 1453 2866 1510 sed
2895 1454 3148 1509 auxilium
3170 1453 3325 1509 nobis
3352 1453 3587 1507 omnium

2006 1543 2727 1614 potentissimumnobiscum
2746 1553 2849 1613 est,
2867 1559 3059 1615 nempe
3082 1544 3241 1600 Deus.
3270 1543 3427 1600 Venit
3445 1544 3587 1601 enim

2007 1634 2283 1703 barbarus,
2312 1645 2369 1690 ut
2409 1635 2555 1705 prius
2599 1636 2832 1692 minatus
2861 1635 3070 1704 fuerat,
3117 1646 3173 1691 et
3199 1635 3381 1696 multis
3421 1637 3589 1707 captis

2008 1724 2226 1783 urbib‘us
2251 1729 2478 1808 accessit
2521 1746 2534 1782 :
2566 1738 2750 1800 postea
2793 1744 2922 1786 vero
2960 1729 3189 1795 admotis
3216 1730 3428 1795 castris,
3458 1745 3587 1787 con-

2009 1817 2167 1873 traria
2194 1832 2382 1887 passus
2407 1828 2507 1874 est.
2532 1818 2659 1874 Haec
2684 1819 2865 1890 itaque
2890 1820 3133 1890 praadicit
3156 1820 3437 1891 prepheta,
3459 1836 3589 1877 cau-

2007 1918 2228 1981 santque
2249 1909 2486 1966 victoriae
2512 1910 2784 1981 prmdicat,
2809 1910 3058 1982 ipsosque
3077 1912 3335 1969 barbaros
3361 1912 3589 1983 alloqui-

2011 2010 2114 2057 tur.
2145 2000 2223 2057 Ne
2248 2001 2434 2072 priori,
2463 2001 2654 2071 inquit,
2682 2002 2923 2058 victorize
2964 2001 3139 2058 ﬁdatis
3170 2021 3183 2055 :
3213 2002 3268 2057 in
3299 2002 3401 2057 hac
3446 2004 3590 2060 enim

2011 2093 2304 2164 irruptione
2328 2094 2621 2150 maximum
2637 2092 2794 2149 nobis
2820 2091 2973 2149 adest
2996 2092 3319 2164 praesidium.
3343 2092 3459 2150 Hoc
3476 2093 3592 2163 ipso

2010 2189 2170 2260 igitur
2194 2189 2407 2261 cognito
2436 2186 2689 2256 recedite,
2712 2194 2896 2259 utpote
2922 2187 3014 2259 qui
3053 2200 3139 2254 ea,
3179 2201 3300 2259 qua:
3337 2185 3453 2242 ﬁeri
3500 2201 3591 2242 ne-

2012 2290 2233 2353 queunt,
2264 2280 2664 2353 aggrediamini.
2693 2279 2830 2336 Hinc
2854 2288 2909 2336 et
2948 2294 3166 2335 causam
3196 2279 3334 2335 illius
3358 2276 3595 2336 victmia!

2010 2374 2307 2440 declarans,
2339 2381 2395 2429 et
2429 2372 2771 2441 annuntians,
2802 2372 2995 2428 famam
3022 2371 3139 2429 haec
3178 2370 3426 2443 praeclara
3445 2383 3593 2443 gesta

2012 2468 2077 2523 ad
2128 2476 2397 2524 extremos
2433 2480 2601 2536 usque
2647 2475 2802 2521 terra
2848 2467 2982 2522 lines
3016 2465 3296 2524 allaturam
3327 2479 3449 2522 esse
3481 2466 3592 2522 ait:

2015 2558 2260 2613 Nuntiate
2300 2575 2457 2635 usque
2481 2559 2551 2611 ad
2588 2566 2867 2614 extremum
2917 2567 3082 2613 terrae.
3124 2557 3294 2614 Nemo
3321 2556 3596 2614 enimnon

2014 2651 2214 2706 audivit
2239 2666 2300 2706 ea
2329 2667 2447 2722 quae
2473 2659 2598 2708 tunc
2621 2650 2967 2723 Jerosolymis
3008 2650 3362 2723 contigerunt.
3395 2649 3597 2707 Idcirco

2014 2744 2088 2799 ait
2118 2761 2132 2800 :
2158 2743 2342 2797 Audite
2381 2759 2536 2813 usque
2556 2742 2626 2796 ad
2655 2751 2931 2798 extremum
2976 2752 3151 2811 terrae,
3195 2750 3245 2798 et
3279 2742 3367 2814 qui
3391 2742 3599 2813 fortitu-

2015 2837 2134 2890 dine
2174 2836 2349 2892 valetis
2398 2836 2672 2890 vincimini.
2697 2834 2940 2906 Magnam
2976 2836 3173 2905 quippe
3204 2833 3429 2905 gloriam
3473 2842 3598 2892 tunc

2015 2927 2274 2985 barbarus
2334 2927 2405 2983 ob
2456 2926 2746 2997 potentiam
2814 2924 3106 2981 obtinebat.
3179 2923 3369 2979 Fortes
3421 2933 3598 2982 autem

2017 3020 2104 3076 hic
2133 3019 2267 3075 dicit
2289 3033 2397 3074 non
2435 3031 2662 3088 corpore
2707 3016 2991 3085 robustos,
3033 3014 3129 3072 sed
3176 3029 3271 3072 eos
3307 3016 3399 3086 qui
3442 3030 3598 3086 pecu-

2016 3111 2223 3166 niarum
2249 3108 2401 3179 copia
2424 3149 2439 3175 ,
2467 3116 2522 3164 et
2547 3107 2731 3178 gloria:
2771 3106 3057 3179 splendore
3105 3106 3379 3177 conspicui
3425 3115 3598 3162 erant.

2018 3202 2079 3256 Si
2103 3202 2235 3255 enim
2262 3201 2443 3255 iterum
2468 3198 2850 3270 prwvalueritis,
2879 3197 3082 3269 inquit,
3112 3198 3295 3253 iterum
3314 3197 3601 3253 vincemini.

2021 3295 2086 3350 Et
2114 3294 2465 3365 quodcumque
2483 3293 2749 3348 consilium
2775 3291 3007 3359 inieritis,
3030 3291 3296 3363 dissipabit
3315 3289 3566 3347 Dominus
3580 3309 3600 3347 :
3690 3351 3699 3359 ,

2018 3399 2063 3442 et
2086 3387 2289 3444 verbum
2311 3386 2660 3459 quodcumque
2687 3387 2884 3457 loquutt
2907 3385 3132 3457 fueritis,
3172 3400 3274 3440 non
3300 3383 3518 3442 manebit
3547 3384 3603 3439 in

2018 3480 2174 3548 vobis,
2197 3480 2316 3553 quia
2341 3477 2602 3533 nobiscum
2629 3476 2786 3533 Deus.
2813 3475 2947 3544 Quia
2972 3476 3111 3533 mala
3134 3474 3278 3548 apud
3317 3489 3413 3535 eos
3450 3482 3604 3532 erant

2018 3573 2261 3640 consilia,
2290 3578 2347 3628 et
2365 3571 2653 3641 sperabant
2679 3583 2740 3626 se
2763 3567 2949 3625 urbem
2976 3566 3147 3639 ipsam
3187 3581 3217 3620 a
3242 3564 3602 3622 fundamentis

2019 3664 2366 3720 demolituros
2386 3676 2527 3730 esse,
2558 3669 2613 3717 et
2652 3660 2731 3716 sic
2772 3658 2991 3716 domum
3014 3671 3350 3725 reversuros,
3375 3656 3605 3713 consilia

2018 3771 2205 3812 eorum
2234 3755 2285 3810 in
2311 3755 2545 3810 medium
2571 3751 2786 3808 adducit
2810 3749 3069 3821 propheta
3112 3756 3169 3806 et
3192 3749 3293 3813 ait,
3316 3747 3605 3804 verborum

2021 3857 2179 3903 tenus
2205 3848 2385 3902 omnia
2406 3855 2718 3901 remansura
2740 3858 2882 3899 esse.
2911 3840 3112 3898 Deinde
3134 3841 3257 3912 quia
3286 3855 3374 3897 res
3398 3854 3605 3895 annun-

2022 3937 2490 3994 tiabathumanani
2519 3946 2760 3993 saturam
2782 3943 3118 4006 superantes,
3152 3943 3211 3990 ut
3253 3933 3361 3989 llde
3385 3934 3606 4005 dignum

2022 4047 2325 4090 sermonem
2350 4030 2617 4093 exhibeat,
2657 4028 2726 4083 ad
2770 4027 3086 4098 dignitatem
3110 4024 3363 4096 prmelare
3382 4038 3604 4094 operan~

2023 4131 2092 4184 tis
2120 4125 2426 4197 frequenter
2452 4121 2689 4192 confugit
2729 4120 2948 4187 dicens,
2983 4119 3116 4185 Quia
3144 4116 3402 4171 nobiscum
3432 4115 3567 4170 Deus
3587 4157 3603 4183 ,

2022 4232 2078 4278 et
2103 4220 2225 4291 quia
2251 4218 2366 4273 haec
2390 4214 2567 4272 omnia
2588 4212 3013 4269 machinamenta
3037 4207 3317 4279 dissipabit
3338 4209 3433 4280 (a).
3464 4208 3608 4274 Quo-

2023 4316 2164 4372 niam
2194 4312 2297 4384 ipsi
2322 4308 2513 4383 gloria.

2086 4450 2159 4514 (a)
2176 4455 2277 4514 Huc
2291 4445 2471 4514 desinit
2490 4442 2710 4514 Savilius,
2723 4441 3047 4514 etasterisqos
3063 4438 3242 4514 adjicit,
3258 4438 3394 4514 quasi

2022 4504 2289 4564 sit'niutila.
2315 4509 2386 4559 Ac
2410 4521 2529 4558 vere
2552 4505 2717 4557 mutila
2740 4504 2950 4565 videtur,
2982 4504 3351 4567 ignoraturque,
3373 4511 3607 4563 quorsum

2024 4573 2319 4640 processerit
2334 4569 2715 4635 Chrysostomus.
