4048 6208
621 233 690 290 93
1313 229 1370 284 S.
1409 227 1696 284 JOANNIS
1735 225 2224 284 CHRYSOSTOMI
2264 222 2582 280 ARClllEP.
2625 218 3170 277 CONSTANTINOP.
3767 221 3828 274 96

1503 438 2139 448 .._.__—-—-————_—~——._-—.
2153 437 2312 445 ——_—-—-
2319 434 2578 448 W
2586 433 2816 442 *ι*-

607 426 2139 475 ξ--ρμ--ιζ--α--κ-*φ-ο-ρ-κ--αι-ο-ο*
2153 429 3269 448 *μαψ-*ψ
3294 429 3834 455 υ-ψῄ-ο-υ-..ηὸ

797 441 3784 473 Ww>w*—F—M.

2058 863 2435 925 MONlTUM

1320 1059 1430 1118 AD
1475 1054 1866 1117 HOMILIAS
1913 1053 1993 1114 IN
2026 1051 2280 1115 OZIAM
2317 1051 2463 1113 SEU
2512 1049 2615 1110 DE
2664 1049 3158 1112 SERAPHINIS.

683 1286 767 1341 Ad
799 1284 1060 1340 Homilias
1094 1285 1149 1338 in
1184 1282 1370 1338 Oziam
1393 1284 1512 1339 haec
1536 1290 1694 1338 notat
1726 1279 1993 1336 Henricus
2028 1279 2282 1345 Savilius,
2316 1278 2490 1333 Tomo
2517 1277 2571 1343 8,
2603 1277 2656 1331 in
2694 1277 2838 1332 notis
2866 1277 2965 1332 col.
3001 1276 3108 1330 722
3140 1294 3151 1330 :
3189 1295 3208 1329 ι
3240 1276 3319 1330 Ex
3349 1275 3436 1331 his
3463 1275 3695 1346 quinque
3719 1277 3840 1331 Ora-

620 1401 865 1457 tionibus
907 1403 962 1456 in
1001 1400 1185 1458 Oziam
1221 1400 1510 1473 Catalogus
1548 1400 1916 1472 Augustanus,
1951 1415 2103 1454 num.
2148 1398 2237 1465 '50,
2273 1398 2363 1462 51,
2401 1398 2490 1463 52,
2527 1397 2615 1461 5'5,
2643 1395 2883 1463 agnoscit
2906 1403 3156 1466 quatuor,
3199 1395 3302 1450 hoc
3329 1403 3436 1460 est,
3467 1395 3643 1450 demta
3674 1402 3842 1463 quarta

613 1527 839 1574 caeteras
869 1533 1076 1574 omnes.
1111 1519 1180 1574 Et
1205 1517 1564 1589 proculdubio
1592 1531 1784 1571 omnes
1810 1515 2053 1586 γνήσιαι.
2087 1513 2322 1568 Primam
2360 1513 2503 1568 hanc
2530 1512 2616 1566 bis
2637 1511 2838 1566 editam
2873 1511 3059 1567 Romae
3087 1511 3497 1568 emcndavimus
3529 1527 3594 1567 ex
3629 1521 3839 1581 quatuor

614 1627 832 1699 scriptis
859 1628 1171 1694 Codicibus,
1218 1644 1452 1699 quorum
1479 1628 1693 1698 primus
1728 1625 1834 1681 fuit
1865 1625 2178 1696 interpretis
2209 1623 2438 1691 Erasmi,
2476 1633 2532 1679 et
2560 1639 2706 1680 nunc
2747 1633 2832 1680 est
2861 1625 2915 1678 in
2942 1625 3273 1682 Bibliotheca
3313 1627 3691 1684 Universitatis
3717 1625 3845 1682 Oxo-

615 1749 824 1822 niensis
860 1767 872 1803 :
906 1717 1181 1804 secundus
1209 1762 1272 1802 ex
1303 1745 1640 1802 Bibliotheca
1672 1743 1894 1816 Collegii
1921 1742 2057 1798 Novi
2113 1739 2437 1824 Oxoniensis
2495 1749 2778 1810 promtus:
2815 1739 3008 1796 tertius
3035 1755 3101 1796 ex
3134 1739 3473 1796 Bibliotheca
3491 1741 3847 1797 Universitntis

613 1865 1077 1938 Cantabrigiensis
1107 1883 1119 1919 :
1152 1871 1381 1935 quartus
1420 1863 1555 1918 mihi
1585 1878 1617 1918 a
1644 1861 1962 1919 doctissimo
1986 1858 2284 1916 Croshavio
2314 1859 2721 1924 commodatus;
2752 1856 3010 1913 adhibitis
3030 1857 3194 1912 etiam
3221 1856 3285 1922 ρ.
3320 1855 3573 1926 Septimii
3600 1854 3848 1910 Florentis

615 1980 928 2045 Christiani,
968 1979 1070 2034 viri
1099 1977 1287 2034 multis
1318 1976 1638 2034 nominibus
1661 1975 1780 2031 orbi
1803 1973 2120 2031 Christiano
2156 1973 2294 2037 noti,
2326 1971 2620 2044 ingeniosis
2644 1979 2700 2025 et
2735 1969 2911 2026 doctis
2937 1968 3270 2040 coniecturis
3298 1986 3310 2022 :
3357 1985 3489 2024 nam
3521 1969 3668 2025 libris
3707 1969 3844 2031 Mss.,

618 2110 679 2155 ut
708 2099 944 2163 videtur,
967 2113 1192 2169 prorsus
1218 2097 1636 2155 destituebatur.
1663 2095 1833 2152 Porro
1859 2094 1996 2151 sciat
2023 2094 2192 2150 lector
2234 2094 2289 2149 in
2316 2093 2569 2149 omnibus
2597 2092 2711 2149 fere
2750 2091 3136 2149 illustrioribus
3165 2090 3514 2147 bibliothecis
3541 2090 3702 2146 italiae
3722 2101 3772 2146 et
3799 2089 3845 2144 in

614 2219 780 2292 Regia
811 2217 1038 2274 Lutetiae
1067 2216 1297 2288 reperiri
1328 2216 1468 2272 inter
1494 2213 1866 2286 Chrysostomi
1899 2213 2208 2284 Manuscrip

2246 2227 2266 2267 ι
2309 2212 2507 2268 librum
2553 2210 2902 2282 inscriptum,
2947 2210 3337 2281 Χρυσοστόμου
3375 2209 3711 2291 μαργαριται
3744 2226 3756 2262 :
3784 2223 3844 2277 qu

614 2336 785 2392 codex
813 2336 952 2392 nihil
982 2336 1422 2400 aliud'continet,
1449 2349 1614 2405 quam
1662 2331 1988 2401 συναγωγὴν
2016 2330 2212 2401 quamd

2246 2346 2306 2386 im
2349 2330 2770 2385 lectissimarum
2803 2330 2886 2399 (ut
2923 2329 3028 2400 ipsi
3071 2330 3378 2398 συναγωγεϊ
3413 2329 3589 2384 visum
3621 2335 3718 2389 est,
3750 2340 3844 2378 non

613 2447 791 2518 magni
818 2446 1009 2517 judicii
1046 2448 1184 2511 viro,
1212 2446 1388 2518 utqui
1423 2445 1684 2516 pleraque
1710 2441 2008 2514 collegerit,
2044 2441 2188 2496 inter
2214 2456 2312 2497 sua
2345 2440 2656 2513 margarita,
2683 2440 2939 2496 subfusca
2967 2455 3035 2496 ac
3069 2440 3316 2510 liventia)
3352 2442 3662 2497 orationum
3698 2440 3848 2511 Chry-

614 2560 837 2617 wstomi
871 2578 884 2615 :
916 2575 1023 2630 quo
1052 2559 1110 2614 in
1139 2573 1371 2613 numero
1401 2566 1530 2613 sunt
1556 2555 1644 2614 hae
1681 2555 1922 2627 quinque
1959 2553 2017 2608 in
2047 2553 2255 2622 Oziam,
2284 2569 2377 2610 sex
2413 2563 2603 2610 contra
2630 2553 2871 2621 Judteos,
2903 2560 2956 2610 et
2991 2554 3109 2610 aliae
3149 2555 3216 2611 ad
3262 2555 3349 2621 70,
3374 2557 3470 2611 vel
3510 2557 3576 2613 80
3603 2572 3846 2623 numero;

613 2691 749 2748 quas
774 2692 964 2733 omnes
1001 2676 1115 2733 suis
1143 2674 1276 2732 locis
1305 2671 1842 2745 repraesentabimus.
1875 2667 2034 2736 Quod
2077 2667 2360 2725 monuisse
2388 2683 2569 2741 operae
2592 2669 2828 2740 pretium
2855 2669 2978 2738 fuit,
3017 2685 3089 2726 ne
3116 2671 3238 2741 quis
3269 2670 3325 2726 in
3359 2670 3521 2728 illam
3549 2674 3842 2743 συναγωγὴν

614 2790 883 2854 incidens,
914 2789 1118 2857 aliquid
1144 2789 1270 2845 novi
1299 2803 1358 2845 se
1384 2795 1538 2860 putet
1558 2785 1845 2860 reperisse.
1883 2805 1902 2840 ι

687 2909 960 2967 Hactenus
990 2909 1246 2977 Savilius,
1275 2910 1370 2980 qui
1399 2918 1546 2965 recte
1592 2909 1846 2965 observat
1891 2905 2154 2964 Homilias
2190 2905 2310 2964 illas
2354 2916 2588 2977 quatuor
2627 2907 2684 2962 in
2726 2905 2912 2963 Oziam
2945 2906 3001 2961 in
3049 2904 3306 2978 Catalogo
3337 2907 3674 2977 Augustano,
3703 2921 3845 2977 quem

609 3024 866 3081 dedimus
893 3023 1066 3080 Tomo
1096 3023 1150 3087 1,
1183 3038 1238 3094 p.
1269 3021 1393 3087 8M,
1429 3029 1781 3087 memoratas,
1806 3035 1929 3076 esse
1959 3019 2213 3090 primam,
2239 3017 2556 3088 secundam,
2591 3019 2808 3076 tertiam
2846 3027 2902 3075 et
2929 3019 3210 3092 quintam;
3239 3020 3383 3076 unde
3421 3022 3680 3093 sequitur.
3703 3037 3846 3092 quar-

615 3150 724 3197 tam
760 3140 815 3194 in
840 3141 980 3211 ejus,
1016 3139 1108 3211 qui
1137 3138 1452 3209 Catalogum
1481 3136 1633 3192 illum
1671 3134 1782 3205 jam
1811 3135 1941 3191 olim
1989 3108 2360 3204 concinnavit,
2402 3137 2701 3208 exemplari
2730 3151 2842 3193 non
2877 3136 3067 3203 fuisse,
3099 3146 3194 3192 aut
3225 3138 3424 3193 saltem
3459 3155 3568 3195 non
3599 3139 3668 3195 lbi
3694 3139 3844 3192 fuisse

615 3253 807 3308 eodem
833 3259 1064 3323 posutam
1091 3250 1302 3307 ordine.
1323 3231 1574 3321 Vereque
1598 3251 1940 3321 exploratum
1966 3258 2071 3318 est,
2103 3247 2266 3305 hasce
2285 3249 2538 3306 homilias
2566 3265 2676 3306 non
2700 3264 2822 3306 esse
2848 3265 3040 3306 omnes
3071 3265 3138 3307 eo
3162 3249 3375 3317 ordine,
3409 3268 3520 3324 quo
3541 3254 3726 3310 habitae
3746 3251 3845 3324 [94]

617 3373 766 3432 sunt,
805 3365 1030 3437 positas.
1071 3362 1256 3418 Prima
1303 3363 1453 3418 enim
1483 3377 1606 3418 cum
1641 3361 1882 3418 secunda
1913 3376 2025 3416 non
2058 3363 2318 3429 cohaeret,
2349 3361 2674 3432 videturque
2703 3362 2848 3419 dicta
2877 3363 3038 3434 longo
3086 3374 3213 3434 post
3244 3367 3544 3423 secundam
3601 3367 3846 3438 tempore};

617 3493 814 3550 nempe
840 3478 1078 3550 quando,
1114 3477 1402 3549 imperium
1435 3485 1658 3532 tenente
1702 3475 1900 3547 ignavo
1940 3474 2180 3544 quodam
2212 3484 2269 3532 et
2299 3475 2431 3532 boni
2462 3477 2674 3533 consilii
2704 3488 2926 3549 experte
2958 3479 3226 3551 principe,
3275 3483 3500 3540 barbari
3535 3485 3845 3545 invaserunt,

617 3593 890 3652 exercitus
924 3592 1295 3649 Romanorum
1339 3591 1657 3662 profligatus
1715 3599 1820 3655 est,
1877 3589 2214 3645 calamitates
2263 3589 2523 3647 immissae
2563 3602 2720 3659 sunt;
2776 3609 2898 3664 qua:
2925 3597 3108 3652 omnia
3160 3607 3416 3655 recenset
3459 3599 3848 3674 Chrysostomus

616 3716 748 3761 num
778 3705 832 3763 4.
867 3703 993 3761 llaec
1024 3719 1189 3779 porro
1217 3705 1271 3760 in
1304 3702 1521 3760 Arcadii
1545 3702 1853 3777 imperium,
1879 3701 2024 3774 quod
2053 3701 2220 3773 erepit
2248 3715 2394 3759 anno
2431 3704 2554 3769 395,
2592 3705 2880 3764 referenda
2899 3709 3176 3777 videntur,
3209 3723 3270 3769 ut
3301 3716 3686 3775 animadvertit
3705 3719 3847 3776 etiam

617 3816 701 3875 vir
728 3818 1112 3890 sagacissimus
1138 3817 1538 3872 Tillemontius.
1570 3816 1653 3872 Ad
1693 3816 1812 3872 haec
1834 3824 2018 3872 autem
2045 3815 2220 3887 prima
2250 3813 2306 3869 in
2357 3816 2541 3872 Oziam
2589 3821 2745 3888 quasi
2777 3823 3063 3881 occasione
3100 3827 3330 3897 quadam
3368 3837 3581 3887 tantum
3612 3834 3666 3887 in
3696 3833 3847 3888 histo-

619 3931 753 3987 riam
784 3931 927 3988 Ozias
956 3941 1014 3987 et
1042 3931 1098 3986 in
1133 3931 1563 4002 Seraphinorum
1591 3930 1856 3987 visionem
1884 3930 2074 3987 incidit
2110 3947 2124 3985 :
2161 3929 2235 3986 ita
2262 3939 2323 3985 ut
2347 3933 2586 3989 secunda
2609 3936 2692 3991 vel
2721 3951 2789 3992 ex
2818 3939 2980 3995 modo
3009 3941 3279 4009 ordiendi,
3307 3945 3416 4001 alio
3453 3948 3592 4005 facta
3633 3959 3851 4020 tempore

617 4048 834 4120 aliaque
862 4047 1148 4104 occasione
1180 4045 1365 4102 statim
1393 4046 1659 4102 videatur.
1689 4043 1851 4101 Certe
1889 4045 2064 4116 prima
2092 4043 2185 4100 diu
2211 4056 2424 4117 postea,
2459 4047 2673 4105 Arcadii
2702 4065 2898 4122 nempe
2935 4060 3200 4124 tempore,
3237 4066 3298 4113 ut
3325 4073 3390 4114 ex
3418 4063 3725 4134 conjectura
3753 4073 3852 4118 sta-

617 4163 809 4229 tuitur,
843 4162 986 4220 dicta
1023 4161 1205 4218 fuerit.
1231 4165 1315 4216 An
1344 4177 1473 4219 vero
1502 4161 1826 4229 Antiochia,
1858 4177 1928 4217 an
1962 4159 2458 4235 Constantinopoli,
2495 4180 2606 4220 non
2634 4165 2708 4221 ita
2730 4168 2884 4224 facile
2921 4181 3007 4226 est
3035 4171 3305 4230 divinare.

684 4281 935 4340 Secunda
964 4279 1267 4336 Antiochiae
1298 4277 1443 4334 haud
1477 4276 1640 4333 dubie
1670 4277 1856 4334 habita
1877 4287 1978 4333 est.
2005 4277 2061 4333 Id
2083 4278 2228 4349 quod
2262 4293 2328 4334 ex
2353 4279 2442 4348 iis,
2463 4295 2585 4350 qua:
2615 4280 2759 4337 circa
2787 4281 2949 4339 linem
2980 4286 3218 4343 homilia:
3247 4290 3340 4357 ait,
3367 4296 3646 4372 arguitur;
3676 4311 3852 4368 nempe

616 4407 676 4451 se
709 4393 872 4446 citius
896 4389 1058 4444 linem
1081 4389 1296 4445 dicendi
1326 4387 1526 4453 facere,
1561 4396 1619 4443 ut
1643 4388 1763 4449 loco
1791 4388 1949 4445 cedat
1978 4390 2299 4461 pmceptori
2330 4406 2428 4447 seu
2471 4391 2796 4464 διδασκάλῳ,
2857 4397 3065 4454 scilicet
3111 4400 3367 4460 Flaviano
3414 4407 3709 4466 Antiochiae
3751 4411 3855 4479 cpi-

618 4521 806 4578 scopo,
839 4505 985 4576 quod
1005 4513 1062 4560 et
1093 4505 1222 4561 alibi
1252 4505 1454 4575 passim
1489 4504 1691 4561 factum
1726 4507 2211 4577 deprehendimus.
2239 4508 2318 4565 De
2365 4524 2511 4567 anno
2548 4520 2730 4567 autem
2781 4529 2889 4570 non
2942 4516 3015 4571 ita
3049 4517 3205 4576 facile
3245 4533 3329 4579 est
3359 4527 3446 4581 vel
3471 4543 3536 4584 ex
3561 4530 3852 4601 conjectura

614 4622 819 4678 dicere.
850 4621 985 4678 Nam
1015 4622 1161 4694 quod
1193 4622 1575 4679 Tillemontius
1623 4625 1954 4698 suspicatur,
2001 4641 2128 4684 cum
2172 4639 2450 4700 comparat
2474 4629 2895 4703 Chrysostomus
2937 4635 3240 4694 doctrinam
3280 4657 3435 4698 suam
3480 4647 3684 4702 recenti
3723 4647 3852 4709 vino,

615 4735 921 4792 doctrinam
964 4744 1148 4794 autem
1199 4735 1439 4792 Flaviani
1471 4735 1598 4790 vino
1638 4737 1829 4804 veteri,
1855 4751 1915 4793 se
1950 4737 2067 4794 bzec
2095 4738 2252 4794 initio
2279 4741 2567 4798 sacerdotii
2591 4743 2677 4798 sui
2707 4747 3092 4804 concionatum
3125 4751 3475 4812 subindicare
3510 4777 3524 4813 :
3553 4759 3684 4816 illud
3725 4769 3856 4826 certe

613 4853 700 4909 vel
740 4853 860 4925 ipso
891 4851 1222 4910 Tillcmontii
1253 4852 1464 4924 judicio
1493 4851 1827 4916 levissimum
1859 4863 1979 4923 est;
2011 4855 2258 4928 ejusdem
2285 4859 2499 4930 generis
2523 4869 2607 4918 est
2633 4853 2765 4918 illud
2789 4863 2937 4920 aliud
2975 4866 3255 4939 indicium,
3282 4871 3408 4930 inde
3436 4886 3700 4942 sumtum,
3727 4877 3856 4949 quc-tl

611 4969 774 5043 paulo
792 4975 916 5042 post
940 4968 1156 5026 initium
1179 4967 1310 5025 dicit
1343 4983 1404 5024 se
1427 4969 1650 5043 dignum
1696 4969 1940 5027 habitum
1967 4970 2136 5028 fuisse
2171 4975 2264 5045 qui
2304 4975 2450 5046 apud
2473 4976 2594 5033 illos
2621 4979 3060 5050 concionaretur,
3093 4987 3540 5064 κατηξιώθημεν.
3579 4995 3713 5051 Nam
3740 4996 3854 5066 quid

616 5090 746 5147 inde
787 5090 1011 5160 inieras,
1047 5085 1173 5149 cum
1202 5100 1414 5148 certum
1443 5092 1514 5148 sit
1550 5090 1997 5164 Cbrysostomum
2026 5109 2136 5150 non
2164 5095 2340 5167 primo
2387 5098 2561 5156 solum
2590 5115 2754 5168 anno,
2783 5103 2878 5159 sed
2918 5105 3079 5160 etiam
3109 5109 3373 5178 secundo,
3404 5114 3586 5179 tertio,
3621 5113 3855 5184 aliisque.

619 5204 813 5264 honori
838 5207 942 5263 sibi
974 5207 1122 5264 baud
1145 5209 1312 5287 dubie
1333 5209 1552 5266 duxisse
1583 5209 1727 5280 quod
1759 5225 1944 5266 coram
1980 5220 2128 5266 tanta
2171 5212 2350 5282 plebe,
2385 5216 2641 5289 episcopo
2689 5235 2832 5292 saepe
2862 5234 3152 5293 prasente,
3182 5229 3638 5286 concionatum?
3673 5229 3853 5286 verum

615 5322 852 5394 aliquam
879 5323 1142 5394 temporis
1167 5333 1374 5393 notam,
1407 5340 1572 5396 quam
1595 5341 1705 5380 non
1734 5322 2119 5383 animadvertit
2144 5327 2547 5399 Tillemontius,
2579 5333 2707 5389 inde
2730 5351 2946 5392 sumere
2977 5339 3125 5406 licet,
3148 5342 3300 5411 quod
3315 5359 3470 5400 num.
3501 5345 3536 5401 2
3569 5357 3624 5404 ct
3651 5349 3702 5416 '5,
3718 5360 3853 5419 post-

615 5455 779 5514 quam
798 5439 1008 5499 dixerat
1029 5441 1200 5498 Deum
1225 5443 1518 5499 Abrahami
1545 5444 1753 5500 nomini
1782 5445 2052 5502 addidisse
2080 5447 2314 5516 literam,
2338 5449 2411 5504 ita
2436 5460 2495 5505 ut
2515 5453 2605 5522 qui
2642 5453 2853 5528 Ἀϐρᾶιμ
2879 5461 3194 5526 vocabatur,
3223 5463 3474 5534 Ἀϐραάμ
3506 5478 3692 5535 postea
3721 5466 3853 5521 dice-

618 5563 790 5624 retur,
839 5564 898 5610 ut
933 5557 1096 5615 unius
1122 5557 1291 5614 literae
1324 5557 1695 5615 additamento
1739 5560 1954 5633 signum
1991 5561 2331 5637 principatus
2362 5564 2464 5638 ipsi
2513 5565 2700 5634 daret;
2754 5581 2940 5642 postea
2993 5574 3335 5646 subjumterit
3372 5597 3383 5632 :
3430 5577 3568 5633 ἀλλὰ
3619 5579 3737 5652 περὶ
3767 5578 3853 5649 μὲν
