4048 6208
294 145 368 202 95‘
1036 140 1105 196 IN
1141 140 1372 205 ILLUD,
1415 136 1551 194 VIDI
1595 137 1892 194 DOMlNUlu:

1953 138 2189 194 nomn.
2233 139 2269 193 l.
2301 169 2368 179 —
2410 138 2756 196 nonarum.
2860 132 2868 144 ‘
3448 141 3531 196 ενδ·

296 258 562 328 ὀνομάτων
588 260 644 312 ἐν
673 258 846 328 ἑτέρῳ
876 259 1055 330 καιρῷ
1078 259 1431 329 διηγήσομαι,
1462 258 1552 311 sed
1574 258 1639 310 de
1659 258 1894 310 nomiuib

1937 275 1952 310 ς
1982 257 2089 310 alio
2121 267 2350 325 tempore
2400 258 2681 322 disseram,
2727 275 2834 328 quo
2864 257 3129 329 signiﬁcat
3167 273 3226 313 se
3259 258 3326 312 dc
3356 270 3535 311 muta-

292 389 422 428 tlune
449 375 730 429 nominum
760 386 945 444 postea
977 377 1250 430 dicturum
1284 391 1435 442 esse;
1462 377 1512 431 id
1533 375 1675 445 quod
1694 375 1909 430 abunde
1936 375 2187 444 praistitit
2215 375 2267 428 in
2293 383 2528 444 quatuor
2554 377 2800 432 llomiliis
2816 377 2882 432 de
2907 375 3199 431 Mutatione
3230 377 3534 439 nominum,

291 508 410 562 quas
449 495 616 550 habes
638 491 811 548 Tomo
835 496 889 559 5,
919 478 1105 549 υὺὶνιιο
1137 494 1441 549 mutatione
1476 494 1717 548 nominis
1756 491 2030 547 Abraham
2079 494 2280 564 agitur,
2316 509 2370 563 p.
2401 492 2519 556 107,
2551 503 2606 547 et
2641 495 2760 556 ΗΞ,
2797 505 2851 548 et
2879 494 3142 548 Sermone
3165 512 3311 549 nono
3340 496 3392 548 in
3429 496 3536 548 Gc-

293 605 478 671 ncsim,
502 605 595 674 qui
625 616 748 676 post
768 608 1063 662 secundum
1101 606 1391 662 Homiliam
1419 606 1487 661 de
1519 606 1819 663 Mutatione
1845 605 2129 660 nominum
2162 606 2381 661 habitus
2406 617 2511 671 est,
2548 607 2636 662 ubi
2671 608 2832 663 etiam
2864 611 2933 665 de
2965 611 3266 665 mutatione
3303 611 3542 666 nominis

293 722 514 777 Abrahae
538 721 737 793 agitur,
767 738 824 793 p.
856 723 978 779 69!.
1010 723 1236 779 Certum
1289 723 1472 794 itaque
1503 704 1954 795 eiploratumque
1981 723 2176 789 habeo,
2207 723 2348 778 hanc
2379 724 2658 779 homiliam
2707 725 2897 790 eodem
2930 741 3075 789 anno
3106 727 3345 782 habitam
3375 728 3540 783 fuisse

293 848 388 902 quo
416 833 521 887 ilhe
550 832 616 887 de
648 832 948 890 Mutatione
972 836 1255 890 nominum
1285 835 1444 891 dictae
1491 844 1642 900 sunt,
1685 847 1792 906 quo
1826 835 1988 890 etiam
2035 833 2280 889 Homilia:
2313 834 2368 888 in
2410 834 2666 891 Genesim
2704 837 2978 908 sexaginta
3016 847 3260 908 septem;
3293 838 3538 897 Homilia;

294 950 408 1005 item
438 951 490 1004 in
516 951 776 1006 Actorum
803 953 1238 1024 inscriptionem,
1271 963 1327 1010 et
1362 955 1481 1010 alia:
1516 955 1785 1025 quantam,
1822 963 1882 1010 ut
1925 956 2110 1012 videas
2139 956 2539 1013 Praefationem
2568 966 2822 1026 quartum
2853 957 3106 1025 Tommn,
3151 967 3206 1013 et
3239 958 3293 1012 in
3328 958 3538 1012 Monito

292 1066 352 1122 ad
375 1067 640 1123 Homilias
671 1069 724 1123 in
761 1069 1178 1142 inscriptionem
1201 1071 1460 1127 Actorum
1491 1071 1662 1126 Tomo
1695 1073 1748 1126 5.
1780 1070 1914 1136 Quis
1939 1087 2067 1126 vero
2091 1071 2269 1128 sitille
2299 1087 2500 1136 annus,
2545 1072 2788 1127 nondum
2829 1073 2980 1143 potui
3026 1074 3292 1143 probabili
3348 1073 3551 1144 conje-'

291 1194 430 1239 ctura
465 1185 720 1256 assequi:
753 1186 869 1242 ha‘c
897 1187 1082 1241 omnia
1113 1187 1168 1241 in
1191 1202 1396 1241 annum
1418 1186 1522 1242 ’588
1556 1184 1749 1254 conjici
1784 1186 1923 1239 forte
1954 1193 2198 1254 possent.

350 1295 585 1351 Homilia
617 1297 774 1351 tertia
815 1296 1094 1366 aliquanto
1125 1307 1369 1367 tempore
1403 1305 1529 1366 post
1576 1295 1873 1350 secundam
1918 1293 2102 1349 habita
2151 1304 2252 1358 est,
2291 1293 2689 1367 Flavianusque
2723 1297 3012 1368 episcopus
3044 1308 3167 1368 post
3211 1299 3539 1368 Chrysosto-

290 1425 428 1464 mum
455 1411 816 1467 concionatus
843 1420 959 1479 est;
993 1413 1089 1468 sed
1118 1412 1206 1467 hic
1235 1412 1304 1468 de
1336 1411 1681 1484 Martyribus,
1711 1410 2132 1480 Chrysostomus
2166 1395 2348 1465 autem
2382 1411 2450 1467 de
2483 1411 2610 1467 Ozia
2638 1422 2692 1467 et
2731 1414 2799 1468 de
2829 1412 3168 1484 Seraphinis,
3223 1414 3333 1469 imo
3361 1414 3543 1486 potius

289 1523 350 1579 de
370 1524 632 1593 superbia
671 1524 817 1581 Olim
849 1527 1009 1598 regis,
1035 1542 1154 1598 quae
1185 1526 1363 1597 ipsum
1397 1526 1732 1597 przecipitem
1765 1523 1933 1579 dedit.

355 1646 587 1703 Homilia
621 1657 812 1720 quarta
845 1651 995 1706 nullo
1015 1652 1177 1708 modo
1208 1668 1370 1723 posse
1402 1653 1648 1710 creditur
1675 1655 1741 1710 ad
1783 1655 1984 1725 quintae
2018 1655 2212 1710 seriem
2241 1655 2465 1721 deduci;
2512 1655 2651 1711 licet\
2679 1654 2824 1710 enim
2857 1653 3000 1710 circa
3041 1650 3279 1706 medium
3308 1651 3375 1706 de
3413 1648 3540 1705 Ozia

289 1781 497 1842 agatur,
528 1768 667 1824 nihil
713 1781 798 1825 est
828 1772 971 1840 quod
1006 1774 1238 1828 suadere
1279 1789 1440 1844 posse
1492 1774 1738 1830 videatur
1769 1775 1911 1831 hanc
1939 1776 2128 1830 eodem
2165 1784 2430 1845 tempore,
2463 1776 2760 1844 eademque
2793 1775 2845 1828 in
2889 1773 3022 1829 urbe
3070 1772 3308 1827 habitam
3353 1769 3540 1824 fuisse.

293 1896 395 1950 hno
441 1907 574 1947 sero
593 1907 702 1946 non
736 1892 938 1948 desunt
967 1909 1090 1964 qua:
1127 1893 1478 1949 subindicent
1508 1894 1650 1950 banc
1671 1892 2144 1965 Constantinopoli
2171 1892 2339 1948 fuisse
2367 1894 2593 1949 dictam.
2627 1892 2992 1958 Quamobrem
3027 1892 3151 1962 jure
3177 1890 3223 1945 is
3254 1890 3345 1958 qui
3380 1888 3543 1942 Cata-

291 2010 466 2079 logum
497 2024 724 2080 operum
749 2005 1120 2080 Chrysostomi
1157 2009 1398 2079 γνησίων
1439 2009 1552 2080 jam
1601 2009 1732 2066 olim
1762 2010 2134 2074 concinnavit,
2188 2010 2334 2064 hanc
2361 2024 2471 2063 non
2515 2009 2569 2062 in
2609 2008 2943 2077 reliquarum
2973 2008 3116 2062 serie
3151 2007 3355 2077 posuit.
3386 2004 3540 2057 Illum

292 2123 404 2180 vide
431 2123 752 2195 Catalcgum
785 2122 941 2178 Tom.
979 2122 1032 2186 1,
1065 2139 1120 2194 p.
1152 2121 1278 2178 8M.
1311 2121 1425 2177 lloc
1450 2131 1633 2176 autem
1662 2137 1749 2176 me
1776 2131 1959 2178 movet
1985 2132 2044 2176 ut
2063 2120 2533 2190 Constantinopoli
2559 2120 2760 2175 editam
2793 2119 3117 2190 conjiciam;
3159 2136 3282 2174 nam
3321 2107 3374 2174 id
3400 2121 3545 2190 quod

291 2241 414 2296 dicit
447 2208 756 2309 σύγκίητον
781 2237 895 2309 ἔχει
926 2237 1021 2291 καὶ
1049 2237 1288 2299 ὑπάτους
1319 2235 1576 2308 ἀριθμεῖν
1611 2235 1830 2307 ἔχομεν,
1857 2236 2034 2290 ὠνίων
2061 2236 2344 2304 ἀφθονίαν,
2383 2234 2584 2299 θέσεως
2607 2227 3048 2306 ὲπιτηδειὸτήτα,
3097 2234 3350 2290 Senatum
3393 2238 3546 2293 habet

291 2356 510 2427 (nempe
551 2355 728 2420 urbs),
779 2361 827 2406 et
877 2351 1110 2405 consules
1138 2360 1416 2405 numerare
1444 2367 1736 2420 possumus,
1787 2351 2052 2406 venalium
2079 2354 2306 2422 copiam,
2333 2352 2493 2406 silum
2539 2353 2896 2417 commodum;
2949 2352 3094 2421 quod
3143 2350 3328 2406 Roma:
3358 2354 3546 2408 urbem

289 2482 602 2544 comparat;
631 2471 776 2542 quod
810 2484 930 2524 eam
962 2469 1097 2526 dicit
1123 2469 1272 2525 orbis
1295 2469 1671 2540 metropolim;
1707 2471 1824 2526 lucc
1855 2471 2117 2527 nimirum
2141 2471 2326 2528 omnia
2355 2487 2465 2526 non
2501 2471 2662 2526 video
2692 2486 2853 2540 posse
2885 2471 3043 2526 alteri
3073 2489 3236 2543 quam
3273 2473 3548 2529 Constan-

291 2585 522 2656 tinopoli
554 2593 870 2655 competere
899 2597 1090 2653 posse;
1122 2582 1223 2637 etsi
1251 2582 1655 2651 Tillcmontius,
1711 2587 2116 2643 subdubitando
2166 2596 2369 2653 tamen,
2408 2587 2525 2642 [nec
2566 2587 2634 2641 ad
2672 2585 3018 2642 Antiochiam
3052 2587 3255 2642 referre
3293 2598 3546 2644 conetur.

291 2703 640 2774 Quapropter
668 2701 810 2755 hanc
836 2709 987 2754 extra
1021 2700 1220 2754 seriem
1272 2699 1501 2754 aliarum
1545 2717 1889 2769 reponerem,
1938 2702 1984 2757 si
2011 2717 2109 2774 per
2135 2702 2537 2771 manuscriptos
2570 2699 2800 2756 Codices
2842 2701 3051 2766 liceret,
3085 2699 3176 2755 ubi
3205 2701 3293 2756 hic
3326 2701 3462 2756 ordo
3490 2713 3551 2757 ut

292 2819 588 2886 plurimum
619 2817 813 2874 saltem
845 2816 1188 2872 observatur.
1221 2814 1348 2871 llaec
1367 2830 1534 2886 porro
1556 2815 1782 2871 bomilia
1832 2817 2014 2874 habita
2050 2825 2136 2873 est
2167 2831 2292 2873 cum
2324 2823 2494 2872 aestus
2539 2824 2687 2872 esset
2731 2816 2944 2888 ingens,
2971 2815 3200 2884 aestatis,
3239 2826 3299 2872 ut
3327 2817 3550 2873 credere

290 2947 390 3003 est,
423 2947 697 3008 tempore.

361 3055 599 3110 llomilia
624 3054 788 3126 igitur
812 3054 999 3126 quinta
1029 3053 1242 3109 tertiam
1279 3053 1473 3109 ordine
1503 3064 1732 3124 sequuta
1759 3065 1865 3122 est,
1891 3072 2014 3112 cum
2050 3055 2249 3126 illaque
2279 3054 2558 3120 convenit,
2584 3068 2695 3108 non
2728 3053 2856 3108 item
2895 3067 3019 3106 cum
3058 3059 3273 3121 quarta,
3299 3065 3421 3119 quae
3444 3049 3551 3103 alio

292 3176 565 3239 tempore,
598 3168 706 3222 alio
736 3177 795 3220 ut
843 3167 1057 3221 videtur
1086 3168 1226 3231 loco,
1271 3166 1622 3237 pronuntiata
1671 3165 1790 3220 l'uit.
1821 3166 1983 3220 Sexta
2012 3175 2194 3221 autem
2229 3164 2448 3220 homilia
2477 3164 2723 3234 quintam
2753 3161 2936 3216 nativo
2978 3160 3170 3215 ordine
3201 3160 3468 3230 sequitur,
3496 3169 3553 3214 et

300 3283 613 3339 Antiochiae
647 3283 833 3338 habita
868 3282 988 3337 fuit.
1017 3282 1140 3340 llasc
1177 3299 1339 3354 porro
1364 3292 1513 3338 sexta
1539 3282 1761 3337 homitia
1785 3283 1929 3338 dicta
1978 3283 2079 3338 fuit
2110 3281 2297 3354 paucis
2333 3281 2526 3337 diebus
2572 3287 2699 3335 ante
2736 3277 3234 3349 Quadragesimam,
3281 3276 3410 3331 anni
3439 3275 3548 3330 for-

295 3406 441 3453 tasse
470 3397 576 3454 588
604 3415 618 3451 :
657 3412 762 3466 qua
791 3396 858 3451 de
891 3413 951 3451 re
979 3413 1088 3450 non
1127 3397 1352 3452 omnino
1383 3396 1672 3463 constabit,
1705 3397 1878 3453 donec
1909 3397 2037 3466 quid
2070 3396 2255 3451 indicii
2284 3396 2596 3451 accesserit.

361 3512 620 3583 Quinque
650 3513 894 3586 priorum
943 3514 1320 3584 interpretatio
1368 3526 1452 3570 est
1479 3512 1710 3580 Erasmi,
1748 3530 1910 3584 quam
1960 3514 2143 3570 multis
2179 3514 2232 3569 in
2277 3513 2410 3568 locis
2443 3509 2881 3576 emendavimus;
2931 3518 3095 3564 sextae
3131 3518 3215 3566 cst
3260 3509 3553 3570 Frontonis

295 3623 503 3684 Ducat-i.
