4048 6208
299 148 367 201 97
1299 147 1363 199 ΙΝ
1405 144 1650 209 ιιλιιυι),
1688 141 1832 198 VIDI
1869 143 1883 196 I

1989 138 2206 202 llNUM,
2247 137 2477 192 HOMIL
2521 134 2538 187 1
3494 125 3562 176 98

2169 383 2549 396 ————-——-——‘

1657 766 2182 870 HOMILIA

292 1079 361 1125 IN
411 1082 671 1126 LAUDBM
718 1082 961 1138 BORUM,
997 1082 1104 1136 QUI
1149 1078 1664 1125 COMI‘ARUEIIUNT
1705 1077 1770 1120 IN
1810 1074 2128 1129 ECCLESIA,
2191 1073 2460 1126 QUEQUE
2544 1077 2914 1121 ΜΟΠΕΒΔΤΙΟ
2957 1081 3054 1122 SIT
3131 1083 3456 1127 SERVANDA
3507 1086 3568 1127 IN

377 1183 618 1227 ntvmts
691 1185 1021 1227 LAUDIBUS.
1089 1184 1245 1226 ITEM
1317 1182 1378 1224 IN
1444 1180 1654 1233 ILLUD,
1725 1177 1857 1219 VIDI
1943 1175 2242 1218 DOMINUM
2314 1176 2650 1220 SEDENTEM
2723 1180 2782 1221 t.v
2870 1182 3048 1224 souo
3142 1184 3416 1228 excuso
3487 1169 3572 1249 (ιι)

375 1266 567 1346 (Isai.
610 1267 672 1327 6.
722 1268 807 1346 1).

1633 1355 2219 1411 -ῇωεξςιεῂ

367 1551 420 1604 Ι.
451 1547 752 1602 Praedicatio
771 1564 883 1601 cum
904 1548 1211 1620 agricultura
1230 1556 1572 1617 comparatur.
1597 1546 1886 1618 C/trgsosto-

294 1657 414 1693 unus
445 1640 509 1692 de
553 1656 800 1694 concursu
827 1639 1116 1693 auditorum
1145 1641 1352 1710 gaudet.
1381 1638 1522 1693 Laus
1567 1638 1886 1692 ecclesiastici

289 1730 948 1800 conventum—Conspicio
973 1745 1068 1785 vos
1093 1731 1258 1784 multo
1283 1729 1456 1786 studio
1485 1729 1804 1795 adnitentes,
1827 1737 1886 1783 ut

289 1824 360 1876 ad
387 1823 635 1877 effectum
658 1821 973 1892 perducatis,
1003 1838 1120 1892 qua:
1147 1821 1259 1877 heri
1307 1837 1337 1876 a
1379 1821 1532 1876 nobis
1557 1821 1694 1876 dicta
1721 1828 1880 1875 sunt:

289 1927 470 1981 eoque
510 1927 651 1967 nunc
695 1911 832 1966 haud
880 1920 1097 1982 gravate
1137 1926 1320 1968 semen
1349 1911 1604 1968 doctrina:
1625 1912 1881 1981 iacimus,

290 2005 438 2072 quod
466 2004 586 2058 hinc
614 2005 752 2058 bona
786 2019 908 2074 spes
934 2005 1027 2058 alit
1069 2005 1306 2059 animum
1333 2013 1594 2060 nostrum.
1650 2004 1782 2059 Nam
1830 2013 1884 2060 et

291 2096 528 2163 agricola
550 2137 564 2158 ,
597 2111 719 2150 cum
762 2112 867 2150 non
913 2097 1030 2152 sine
1056 2096 1236 2152 labore
1254 2097 1469 2166 quidem
1495 2098 1697 2154 semina
1715 2098 1843 2167 jecit
1863 2138 1880 2165 ,

290 2186 391 2240 sed
438 2186 581 2240 videt
610 2195 805 2241 terram
838 2187 1065 2242 feracem
1100 2196 1442 2257 segetemque
1478 2197 1737 2258 proventu
1783 2202 1882 2242 ex-

289 2277 635 2344 uberantem,
658 2278 989 2346 superiorum
1015 2278 1250 2333 laborum
1273 2279 1623 2342 obliviscitur,
1641 2291 1797 2350 atque
1816 2279 1884 2334 ad

297 2368 566 2437 reliquum
616 2384 795 2439 opera:
851 2368 1419 2438 conservationemque
1457 2369 1692 2438 priorum
1750 2370 1880 2424 lucri

290 2461 690 2528 exspectatione
706 2461 984 2516 excitatur.
1006 2459 1199 2514 Verum
1220 2459 1334 2514 haec
1351 2461 1666 2529 agricultura
1685 2469 1882 2530 quanto

291 2553 523 2607 feracior
568 2561 872 2623 quantoque
913 2551 1172 2606 lucrosior
1226 2552 1341 2606 est?
1390 2551 1521 2606 Nam
1553 2552 1640 2604 illa
1666 2551 1879 2620 quidem

291 2641 505 2710 frugum
535 2641 864 2696 sensibilium
891 2641 1097 2710 c0piam
1143 2640 1388 2705 adferens
1411 2682 1428 2706 ,
1459 2641 1770 2712 corporibus
1793 2657 1882 2696 re-

270 2734 446 2803 ‘ponit
495 2733 842 2789 alimoniam:
883 2732 998 2788 haec
1051 2748 1178 2789 vero
1222 2733 1347 2788 dum
1401 2747 1710 2788 sermonum
1754 2733 1882 2803 jaeit

291 2824 628 2889 doctrinam,
685 2825 1144 2896 spiritualiumque
1187 2824 1449 2879 donorum
1503 2824 1879 2879 abundantiam

290 2917 466 2971 adfert
489 2959 503 2982 ,
549 2918 710 2972 animi
749 2918 962 2974 divitias
998 2917 1274 2982 recondit,
1302 2917 1606 2972 alimoniam
1637 2933 1753 2987 qua:
1784 2933 1881 2973 nec

290 3010 556 3073 consumi,
587 3025 687 3066 nec
705 3011 880 3064 vitiari
899 3018 1090 3080 potest,
1114 3009 1315 3064 reditus
1335 3009 1423 3080 qui
1443 3024 1616 3080 neque
1633 3018 1877 3080 pereunt,

291 3116 468 3170 neque
497 3117 614 3155 mvo
643 3111 1087 3171 corrumpuntur,
1116 3101 1209 3157 sed
1234 3117 1424 3157 arcana
1453 3101 1678 3172 quadam
1710 3110 1766 3156 et
1797 3103 1879 3156 in-

291 3191 489 3245 effabili
512 3191 843 3260 providentia
861 3201 1264 3253 conservantur,
1289 3207 1514 3260 quorum
1538 3207 1664 3247 usus
1682 3191 1881 3248 fructus

293 3291 471 3336 mente
495 3282 802 3351 percipitur.
833 3283 927 3337 llic
946 3292 1028 3337 est
1049 3297 1286 3336 meorum
1307 3282 1550 3337 laborum
1570 3292 1878 3354 proventus,

294 3371 376 3428 ha:
402 3381 530 3427 sunt
549 3387 679 3442 epes
700 3389 828 3442 quas
849 3383 1038 3428 vestrre
1061 3374 1266 3429 caritati
1284 3367 1638 3429 recondimus.
1662 3374 1769 3429 Has
1784 3375 1882 3429 ita-

292 3479 392 3532 que
405 3478 529 3518 cum
547 3463 831 3518 considero
854 3463 904 3517 in
929 3463 1079 3518 vobis
1093 3479 1400 3533 augescere,
1424 3463 1629 3533 gaudeo
1647 3478 1876 3533 semper,

292 3562 348 3606 ut
373 3553 465 3622 qui
490 3568 598 3606 non
620 3552 810 3607 frustra
837 3564 1130 3609 sementem
1144 3554 1386 3623 jecerim,
1406 3555 1567 3623 utqui
1586 3569 1689 3608 non
1709 3555 1884 3610 incas-

289 3659 406 3697 sum
438 3643 649 3699 labores
669 3644 998 3713 pertulerim,
1020 3652 1078 3698 ut
1097 3646 1182 3714 qui
1211 3645 1262 3699 in
1284 3643 1586 3714 frugiferam
1611 3645 1884 3716 pinguem-

291 3751 396 3806 que
424 3747 647 3801 terram,
670 3745 725 3791 et
745 3736 809 3790 ad
837 3735 1256 3790 fruetificandum
1277 3735 1519 3790 idoneam
1543 3751 1724 3791 semen
1747 3739 1885 3806 jece-

293 3828 413 3882 ritu.
439 3827 595 3884 Unde
620 3828 778 3897 igitur
799 3827 900 3884 hoc
924 3829 1124 3882 lucrum
1155 3828 1269 3882 fore
1289 3827 1572 3896 conjecto?
1601 3829 1741 3883 unde
1763 3843 1884 3898 per-

292 3920 463 3989 spicio
490 3933 769 3974 sermones
798 3919 864 3974 ad
891 3934 1024 3990 opus
1062 3920 1362 3988 proﬁcere?
1402 3919 1659 3974 Nimirum
1687 3935 1752 3975 ex
1781 3920 1884 3975 hoc

291 4027 585 4079 concursu,
629 4027 696 4067 ex
733 4026 799 4067 eo
849 4011 990 4082 quod
1041 4012 1323 4067 ecclesiam
1371 4012 1607 4066 omnium
1660 4020 1882 4067 matrem

291 4105 534 4160 studiose
554 4103 848 4174 occupatis,
887 4119 954 4158 ex
982 4103 1082 4158 hac
1111 4113 1364 4174 pernocte
1392 4114 1749 4174 perpetuaque
1777 4111 1884 4158 sta-

291 4199 466 4264 tione,
519 4212 586 4254 ex
639 4211 704 4252 eo
738 4197 880 4268 quod
922 4197 1283 4268 angelicorum
1323 4196 1569 4251 ordinum
1600 4204 1881 4252 stationem

289 4291 564 4344 imitantes
615 4287 731 4344 sine
785 4290 1081 4344 cessatione
1126 4288 1310 4343 laudes
1347 4299 1402 4344 et
1428 4290 1656 4359 hymnos
1682 4287 1884 4344 offertis

290 4380 590 4435 Conditori.
616 4378 660 4434 0
682 4380 812 4433 mira
838 4379 1036 4434 Christi
1067 4379 1236 4434 dona!
1263 4379 1318 4434 ln
1347 4379 1592 4448 supernis
1621 4381 1886 4434 exercitus

289 4471 604 4539 angelorum
650 4477 846 4526 canunt
897 4469 1190 4539 gloriam-z
1247 4469 1300 4524 in
1355 4471 1514 4524 terris
1550 4470 1790 4524 homines
1832 4470 1884 4525 in

291 4560 535 4615 ecclesiis
563 4560 756 4615 choros
784 4570 1003 4630 agentes
1035 4559 1100 4615 ad
1125 4560 1332 4615 illorum
1359 4559 1664 4630 exemplum
1699 4560 1884 4616 eadem

292 4661 498 4707 canunt
544 4651 711 4706 laudis
765 4652 992 4706 cantica.
1051 4651 1109 4706 In
1165 4651 1410 4720 supernis
1465 4651 1743 4722 Seraphim
1808 4662 1888 4708 ter

296 4751 542 4797 sanctum
584 4742 730 4798 illum
767 4743 1025 4814 hymnum
1054 4743 1287 4798 clamant
1318 4758 1331 4793 :
1365 4743 1418 4798 in
1447 4744 1602 4798 terris
1634 4743 1886 4799 eumdem

300 4834 576 4887 norninum
605 4834 800 4902 promit
824 4833 1133 4899 multitudo,
1162 4835 1621 4903 comm'tniterque
1644 4841 1755 4888 tum
1775 4849 1885 4889 cte-

304 4924 532 4989 lestium,
562 4933 672 4978 tum
701 4925 1035 4980 terrestrium
1065 4923 1285 4980 festivus
1312 4935 1612 4982 conventus
1650 4941 1849 4996 congre
1867 4955 1880 4964 --

299 5027 487 5086 gatur:
516 5031 623 5070 una
650 5018 941 5087 gra'iarum
966 5017 1107 5071 actio
1126 5058 1142 5085 ,
1171 5032 1273 5072 una
1293 5017 1606 5083 exsultatio,
1637 5034 1738 5074 una
1760 5033 1889 5088 gau-

301 5107 476 5163 dentis
521 5107 732 5164 chorea:
769 5109 949 5163 statio.
1005 5108 1154 5164 lianc
1200 5108 1344 5164 enim
1375 5108 1650 5164 inedabilis
1681 5105 1888 5164 Domini

302 5211 420 5251 sese
443 5196 511 5251 ad
540 5211 641 5252 nos
665 5197 996 5254 demittentis
1037 5199 1246 5256 bonitas
1274 5199 1578 5264 constituit,
1607 5198 1744 5254 hanc
1770 5199 1889 5270 Spi-

307 5287 433 5342 ritus
478 5288 822 5358 congregavit
863 5299 1074 5347 sanctus
1110 5306 1124 5344 :
1168 5291 1332 5364 hujus
1377 5305 1568 5346 vocum
1595 5300 1891 5347 concentus

313 5416 435 5485 .-29
469 5424 552 5485 tta;
563 5417 782 5485 notuile
805 5419 988 5485 collata:
1009 5435 1116 5481 sunt
1138 5441 1250 5480 cum
1281 5420 1544 5478 Codicibus
1562 5425 1720 5485 Regiis
1748 5423 1886 5485 1819,

312 5476 442 5536 ιω,
472 5481 610 5538 ωδε,
636 5481 771 5552 1960,
803 5483 938 5544 ωας,
975 5476 1115 5544 wet"
1143 5476 1480 5550 1975,22»,
1522 5494 1575 5536 et
1598 5476 1889 5538 ῶιυεηίηιέ

314 5535 414 5603 H7,
442 5542 578 5602 uno.
604 5552 654 5593 ct
675 5544 812 5593 suos.
1091 5533 1104 5557 ’

1989 1553 2215 1611 paterno
2259 1541 2592 1611 beneplacito
2620 1546 2634 1576 ¹
2667 1547 2949 1616 congruit:
2982 1563 3012 1602 e
3035 1549 3179 1604 caelis
3210 1550 3367 1606 habet
3392 1555 3572 1610 modu-

1988 1633 2163 1687 lorum
2188 1636 2615 1702 consonantiam,
2645 1636 2768 1692 dum
2798 1653 2827 1692 a
2854 1639 3112 1696 Trinitate
3141 1644 3286 1698 velut
3312 1660 3340 1699 a
3371 1647 3575 1716 plectro

1987 1725 2240 1794 quopiam
2288 1735 2553 1793 movetur,
2589 1727 2902 1785 delectabile
2931 1731 3058 1787 illud
3101 1748 3165 1788 ac
3203 1734 3325 1790 felix
3360 1749 3574 1793 resonat

1989 1817 2177 1881 melos,
2197 1815 2338 1871 illam
2367 1819 2658 1887 angelicam
2686 1821 3007 1890 cantionem,
3042 1823 3190 1878 illum
3213 1825 3456 1884 desinere
3481 1845 3569 1884 ne-

1989 1908 2156 1962 scium
2183 1919 2524 1964 concentum.
2559 1909 2655 1965 llic
2683 1921 2766 1966 est
2795 1912 2953 1970 studii
2999 1917 3277 1982 praesentis
3307 1916 3456 1984 finis,
3484 1917 3573 1975 hic

1987 2007 2282 2053 conventus
2307 1999 2476 2054 nostri
2516 1998 2717 2054 fructus
2751 2019 2763 2055 :
2811 2016 2982 2070 eoque
3022 2004 3228 2073 gaudeo
3255 2007 3410 2062 talem
3437 2023 3566 2065 con.

1989 2088 2225 2165 Spiciens
2247 2089 2644 2146 celebritatem:
2664 2092 2868 2161 gaudeo
2887 2093 3014 2147 dum
3043 2094 3341 2151 animorum
3362 2111 3571 2156 veSIro-

1987 2195 2106 2233 rum
2158 2180 2394 2234 laztitiam
2447 2181 2762 2247 considero,
2792 2181 2917 2237 dum
2957 2184 3206 2254 gaudium
3256 2189 3568 2258 spirituale,

1987 2270 2112 2326 dum
2141 2270 2429 2326 secundum
2461 2270 2628 2327 Deum
2649 2274 3074 2329 exsultationem.
3104 2275 3286 2346 Neque
3307 2281 3447 2335 enim
3465 2283 3569 2338 ulla

1989 2377 2077 2417 res
2109 2370 2310 2416 tantum
2355 2361 2532 2416 adfert
2557 2363 2734 2432 gaudii
2783 2363 2901 2417 vitm
2940 2375 3156 2432 nostra),
3189 2377 3442 2438 quantum
3469 2372 3572 2428 hoc

1985 2453 2125 2524 quod
2155 2469 2221 2508 ex
2243 2453 2420 2508 animo
2440 2453 2710 2524 gaudeatis
2736 2455 2786 2508 in
2809 2456 3033 2511 ecclesia
3055 2462 3379 2529 congregati.
3407 2463 3460 2516 ln
3478 2479 3571 2518 ec-

1985 2544 2145 2599 clesia
2182 2543 2522 2612 gaudentium
2571 2555 2918 2600 conservatur
2946 2549 3214 2618 gaudium,
3250 2552 3301 2604 in
3345 2554 3570 2608 ecclesia

1985 2636 2166 2688 animo
2194 2634 2526 2703 dejectorum
2563 2643 2646 2690 est
2683 2637 2961 2703 recreatio,
3013 2638 3064 2692 in
3119 2641 3344 2696 ecclesia
3380 2644 3574 2699 dolen-

1987 2725 2114 2778 tium
2144 2733 2225 2779 est
2255 2725 2518 2791 voluptas,
2553 2725 2604 2778 iu
2632 2726 2857 2781 ecclesia
2897 2726 3304 2799 defatigatorum
3345 2734 3573 2804 rcSpira-

1989 2817 2083 2881 tio,
2115 2816 2167 2870 in
2197 2817 2424 2872 ecclesia
2455 2817 2809 2874 laborantium
2845 2822 3077 2891 requies.
3112 2822 3285 2879 Venite
3303 2827 3466 2889 enim,
3493 2828 3572 2882 in-

1984 2907 2116 2976 quit,
2145 2907 2214 2960 ad
2237 2924 2316 2961 me
2339 2925 2510 2963 omnes
2529 2910 2616 2978 qui
2645 2910 2886 2965 laboratis
2912 2921 2958 2964 et
2987 2916 3182 2969 onerati
3221 2918 3337 2971 estis
3363 2933 3384 2973 :
3409 2930 3456 2973 et
3480 2937 3572 2990 ego

1984 3001 2208 3068 reﬁciant
2238 3002 2365 3071 vos(
2399 3001 2585 3055 Matth.
2633 3003 2720 3057 11.
2747 3003 2818 3059 28
2857 3003 2899 3075 ).
2947 3004 3084 3072 Quid
3126 3007 3223 3063 hac
3251 3024 3379 3063 voce
3407 3013 3574 3080 possit

1984 3107 2103 3148 esse
2130 3092 2570 3149 desiderabilius?
2612 3097 2737 3165 quid
2777 3097 2874 3152 hac
2905 3098 3219 3156 invitatione
3245 3101 3529 3170 jucundius
3549 3107 3574 3159 ?

1985 3185 2066 3240 Ad
2096 3185 2311 3254 epulum
2342 3195 2394 3240 te
2425 3195 2580 3240 vocat
2605 3188 2692 3256 qui
2726 3189 2779 3240 in
2813 3190 3094 3245 ecclesiam
3126 3201 3178 3246 te
3204 3205 3358 3248 vocat
3391 3195 3572 3250 Domi-

1985 3291 2105 3343 nus,
2147 3277 2213 3333 ad
2245 3279 2483 3348 requiem
2531 3295 2628 3348 pro
2657 3280 2928 3337 laboribus
2961 3283 3293 3350 adhortatur,
3322 3287 3388 3342 ad
3436 3289 3575 3343 rela-

1984 3369 2309 3424 xationema
2351 3369 2613 3426 molestiis
2663 3373 2933 3439 transfert,
2977 3375 3184 3444 pondus
3235 3389 3570 3446 peccatorum

1985 3459 2240 3525 allevans,
2269 3460 2471 3515 deliciis
2503 3449 2666 3516 animi
2693 3463 2993 3519 molesdam
3017 3506 3031 3528 ,
3065 3467 3257 3537 gaudio
3287 3476 3570 3526 mwrorém

1985 3561 2158 3606 sanat.
2205 3553 2250 3607 0
2277 3553 2596 3610 ineffabilem
2621 3558 2830 3611 curam!
2855 3573 2890 3612 ο
2922 3560 3252 3616 vocationem
3279 3562 3568 3618 cmlestettt!

1986 3643 2325 3701 Festinemus
2355 3647 2553 3717 itaque,
2581 3647 2784 3714 dilecti,
2818 3657 2876 3704 ut
2904 3651 3146 3706 eamdem
3174 3668 3436 3708 summam
3465 3655 3574 3708 ala-

1987 3736 2230 3790 critatem
2256 3735 2629 3802 exhibeamus,
2658 3745 2714 3793 et
2756 3754 2877 3794 cum
2907 3742 3244 3796 convenienti
3313 3745 3572 3810 modestia

1985 3827 2513 3898 consuderationeque
2538 3828 2760 3885 decente
2782 3829 2918 3887 hanc
2949 3846 3378 3888 consummcmus
3395 3837 3436 3888 ’.
3483 3835 3574 3888 Et-

1987 3919 2130 3972 enim
2171 3917 2239 3974 de
2292 3918 2395 3973 hoc
2448 3920 2599 3974 vobis
2651 3919 2968 3976 hodiernum
3014 3939 3316 3978 sermonem
3358 3941 3574 3980 movere

1988 4023 2129 4074 vom,
2161 4009 2212 4063 in
2249 4009 2480 4080 speciem
2509 4009 2722 4079 quidem
2755 4013 3061 4080 molestum,
3087 4023 3337 4069 caeterum
3360 4017 3528 4070 levem
3554 4061 3569 4083 ,

1987 4115 2220 4170 vereque
2246 4100 2451 4155 utilem.
2485 4100 2576 4156 Sic
2607 4101 2753 4156 enim
2779 4111 2834 4156 et
2861 4112 3124 4184 amantes.
3146 4104 3436 4160 liberorum
3483 4124 3574 4175 pa-

1990 4203 2099 4251 tres
2129 4193 2365 4249 faciunt:
2398 4208 2502 4248 non
2533 4194 2707 4248 solum
2734 4208 2795 4248 ea
2825 4209 2946 4264 qua:
2973 4195 3037 4248 ad
3074 4195 3235 4251 breve
3257 4205 3464 4266 tempus
3482 4199 3576 4252 de.

1990 4287 2206 4354 lectant,
2228 4302 2412 4340 verum
2438 4285 2596 4341 etiam
2625 4301 2744 4356 quae
2771 4285 3068 4340 molestiam
3091 4285 3320 4342 all‘erunt
3343 4289 3462 4342 filiis
3482 4289 3575 4342 ad-

1987 4379 2212 4442 hibent;
2268 4392 2370 4433 nee
2409 4393 2471 4432 ea
2504 4380 2664 4432 modo
2705 4376 3021 4448 praecipiunt
3068 4379 3184 4444 eis,
3230 4394 3349 4448 quae
3396 4381 3575 4436 statim

1991 4470 2280 4536 ostendunt
2307 4469 2588 4524 utilitatem
2609 4509 2625 4534 ,
2658 4467 2752 4523 sed
2787 4484 3136 4540 quzecumque
3184 4469 3435 4524 videntur
3460 4471 3577 4540 qui-

1992 4563 2112 4618 dem
2143 4575 2264 4617 esse
2290 4561 2535 4627 molesta,
2557 4559 2811 4614 salutaria
2842 4567 3022 4616 tamen
3045 4567 3193 4627 sunt,
3222 4561 3264 4614 si
3299 4561 3577 4630 perficiam

1993 4663 2096 4715 tur.
2129 4662 2182 4708 et
2210 4651 2326 4706 haec
2353 4651 2518 4705 multa
2547 4665 2673 4706 cura
2707 4650 2922 4715 docent,
2947 4649 3333 4720 diligenterque
3359 4651 3578 4719 exigunt

1991 4744 2060 4798 ab
2080 4745 2157 4798 eis
2183 4753 2240 4797 ut
2278 4752 2578 4797 serventur.
2613 4743 2788 4811 Atque
2817 4740 2958 4795 hunc
2995 4755 3299 4796 sermonem
3324 4741 3577 4812 produci-

1994 4850 2133 4900 mus,
2164 4848 2233 4890 ne
2272 4827 2590 4904 pricscntem
2632 4832 2868 4888 laborem
2913 4833 3104 4888 frustra
3135 4833 3482 4899 insumamus,
3511 4849 3577 4890 ne

2058 4991 2075 5022 ι
2111 4990 2251 5053 Edit.,
2297 4989 2502 5053 Spiritus
2542 4989 2853 5053 beneplacito.
2893 4999 2996 5041 Mss.
3036 4991 3144 5042 fere
3174 5005 3346 5043 omnes
3376 4993 3578 5053 habent,

1919 5078 1934 5084 -
1993 5058 2189 5118 paterno
2210 5051 2501 5118 bencptacito
2524 5089 2538 5113 ,
2557 5061 2619 5118 εει
2640 5051 2711 5101 sic
2734 5052 2856 5118 legit
2897 5060 3131 5118 Erasmus,
3159 5068 3366 5118 eamque
3393 5071 3480 5106 nos
3506 5051 3576 5105 le;

1992 5112 2204 5190 stionem
2227 5112 2749 5190 adoptamusigertum
2771 5112 2952 5190 quippe
2979 5117 3168 5166 videtur
3193 5112 3580 5190 Cltr'ysostomum

1993 5184 2099 5240 tres
2136 5188 2368 5240 personas
2399 5176 2640 5224 Trinitatis
2660 5175 2738 5224 hic
2759 5175 3143 5240 commemorare
3176 5175 3407 5239 voluisse,
3437 5186 3490 5228 ut
3515 5193 3574 5227 ex

1993 5237 2146 5306 serie'
2164 5237 2335 5306 liquet.
2370 5245 2468 5286 Duo
2511 5243 2617 5286 Mss.
2644 5244 2811 5306 totum
2843 5237 3008 5288 locum
3033 5243 3103 5290 sic
3127 5239 3308 5292 habent
3334 5237 3450 5289 :.....
3474 5241 3579 5299 Spi-

1993 5299 2116 5350 ritus
2138 5299 2330 5362 amictus
2365 5299 2706 5362 congregavit;
2727 5299 2853 5350 hunc
2886 5313 3052 5350 vocum
3069 5309 3392 5362 concentum,
3420 5307 3580 5359 pater-

1993 5373 2108 5411 num
2130 5359 2478 5422 benepfacituni
2494 5359 2745 5422 cooptavit,
2763 5362 2831 5412 ita
2854 5369 2904 5412 ut
2927 5375 2954 5411 e
2969 5361 3103 5414 actis
3122 5364 3308 5422 habent,
3339 5370 3433 5412 etc.

2059 5427 2078 5455 ²
2110 5421 2341 5483 Quidam:
2389 5432 2456 5486 ne
2495 5421 2644 5484 igitur
2680 5437 2768 5486 nos
2804 5423 3007 5483 twdcat,
3043 5424 3224 5478 dilecti.
3259 5421 3468 5486 impiam
3494 5435 3577 5471 uo-

1994 5492 2164 5544 stmm,
2188 5497 2297 5547 (put:
2319 5484 2514 5547 quidem
2553 5484 2771 5547 maxima
2809 5493 2898 5547 est,
2935 5486 3217 5538 modestiam
3249 5493 3294 5537 ct
3319 5484 3582 5547 congruum

1996 5546 2272 5598 adhibentes
2287 5546 2608 5608 attentionem,
2632 5546 2829 5599 satiata
