3968 6208
439 253 508 308 99
1171 230 1226 285 S.
1272 225 1547 282 JOANNIS
1583 219 2055 280 CllRYSOSTOMI
2097 219 2412 275 ARCHIEP.
2455 222 2982 279 CONSTANTINOP.
3576 211 3665 266 ίυΊ

421 360 745 414 sustinentes
773 353 960 424 vigiliae
990 349 1358 405 necessitatem
1401 345 1658 398 inutiliter
1687 343 1736 394 in
1768 340 2000 410 pugilum

423 449 713 504 certamine
743 460 1036 504 versemur.
1068 457 1134 495 ne
1163 453 1320 493 voces
1347 438 1396 490 in
1420 450 1595 490 acrem
1637 433 1910 487 dissoluta:
1936 431 2002 486 ad

423 542 799 595 detrimentum
839 546 1029 590 sonent
1055 533 1231 602 potius
1253 573 1267 598 ,
1297 545 1454 598 quam
1481 527 1546 582 ad
1577 528 1801 581 lucrum.
1823 523 2005 593 Neque

421 636 562 689 enim
587 631 882 700 negotiator
920 644 950 682 e
981 627 1264 695 longinquo
1312 635 1521 676 merces
1563 619 1879 688 importatis,
1907 631 2004 670 ve-

425 725 727 778 hementem
757 729 1037 774 ventorum
1071 717 1342 770 incursum
1372 711 1740 780 undarumque
1760 709 2005 763 exorien-

422 816 551 867 tintn
585 810 841 881 procellas
871 808 1155 868 sustinens,
1185 803 1374 858 frustra
1402 812 1454 857 et
1475 803 1741 856 incassum
1763 798 2005 868 suscipe-

424 913 506 959 ret
529 900 787 972 ejusmodi
819 899 1032 952 labores
1066 918 1078 953 :
1113 911 1300 950 verum
1355 894 1474 948 ideo
1516 893 1685 947 maria
1713 891 1919 954 sulcat,
1948 897 2005 944 et

421 994 599 1049 audax
634 1002 715 1047 est
739 992 994 1047 adversus
1019 990 1270 1059 pericula,
1289 988 1512 1054 locaque
1538 983 1669 1039 locis
1687 989 2002 1045 commutat,

380 1089 382 1094 ’
426 1095 666 1154 totasque
705 1093 889 1138 noctes
918 1081 1388 1146 ducitinsomqes,
1423 1086 1480 1130 ιιι
1523 1073 1882 1144 negotiatione
1924 1070 2006 1124 di-

429 1187 614 1233 tcscat.
640 1176 790 1244 Quod
818 1176 864 1232 si
895 1190 998 1230 non
1028 1175 1331 1242 contingat,
1361 1170 1455 1225 sed
1483 1183 1602 1224 cum
1648 1168 1798 1222 lucro
1843 1165 2004 1219 etiam

421 1273 584 1328 sortis
607 1271 867 1341 jacturam
914 1267 1106 1330 faciat,
1140 1279 1207 1319 ne
1248 1263 1455 1318 solvere
1495 1259 1709 1330 quidem
1753 1270 2003 1312 ancoram

423 1363 636 1434 poterit,
663 1376 761 1415 nec
794 1359 880 1414 illa
907 1358 1054 1412 varia
1083 1357 1320 1426 perferre
1349 1351 1682 1408 discrimina.

484 1456 542 1510 2.
568 1453 782 1508 Moralis
811 1449 1108 1506 exhortatio.
1127 1446 1471 1514 Quorumdam
1496 1441 1810 1512 incompositi
1837 1447 2007 1510 gestus

421 1547 474 1601 in
502 1545 728 1601 ecclesia.
761 1573 830 1583 —
856 1543 967 1595 lloc
1012 1541 1188 1609 itaque
1223 1537 1475 1600 scientes,
1506 1550 1628 1588 cum
1654 1533 1876 1587 decente
1902 1530 2007 1584 cir-

423 1635 820 1705 cumspectione
848 1634 951 1687 11110
975 1631 1311 1693 accedamus,
1341 1643 1407 1682 ne
1432 1641 1528 1696 pro
1559 1632 1896 1695 peccatorum
1919 1635 2006 1676 re-

423 1727 678 1782 missione
705 1726 862 1779 etiam
890 1722 1250 1778 accessionem
1289 1718 1520 1788 peccatis
1560 1716 1862 1786 adjunctam
1907 1712 2004 1766 do-

423 1834 570 1874 mum
589 1816 899 1873 referamus.
917 1814 1052 1883 Quid
1078 1822 1253 1867 autem
1275 1820 1356 1866 cst
1379 1809 1520 1881 quod
1544 1808 1816 1878 quaeritur,
1836 1803 2006 1876 quod-

425 1926 532 1980 que
574 1925 605 1964 a
651 1908 806 1963 nobis
856 1903 1199 1976 reposcitur?
1249 1903 1315 1959 Ut
1360 1902 1484 1956 dum
1515 1899 1724 1954 divinos
1774 1897 2004 1968 hymnos

425 2002 736 2065 emittimus,
777 1999 945 2053 multo
989 2005 1221 2052 tremore
1263 1991 1542 2056 contracti,
1571 1989 1842 2058 multaque
1873 1987 2001 2042 reli-

422 2096 579 2164 gione
607 2092 798 2153 ornati.
833 2090 903 2144 ita
949 2089 1165 2144 demum
1207 2100 1300 2141 eos
1349 2083 1655 2139 offeramus.
1708 2079 1839 2134 Nam
1879 2085 2006 2133 sunt

423 2185 638 2256 quidam
665 2186 802 2238 inter
827 2196 920 2236 eos
949 2181 1036 2250 qni
1067 2179 1154 2234 hic
1177 2177 1390 2241 adsunt,
1420 2190 1554 2246 quos
1578 2188 1646 2228 ne
1672 2180 1863 2227 vestra:
1887 2169 2008 2239 qui-

424 2276 548 2330 dem
580 2273 783 2329 caritati
812 2271 1042 2326 arbitror
1071 2284 1190 2324 esse
1216 2268 1423 2338 ignotos
1447 2307 1462 2331 ,
1489 2264 1576 2334 qui
1603 2269 2006 2318 contemnentes

429 2368 713 2434 Deum,ac
750 2365 979 2436 Spiritus
1018 2362 1227 2432 eloquia
1273 2375 1370 2429 pro
1398 2357 1704 2428 vulgaribus
1739 2369 1803 2410 ac
1830 2353 2007 2424 profa-

426 2462 512 2518 nis
544 2461 817 2526 ducentes,
845 2458 1226 2526 incompositas
1254 2469 1415 2510 voces
1443 2453 1710 2517 emittunt,
1735 2450 2006 2520 nihiloque

425 2553 616 2608 melius
641 2567 698 2606 se
716 2558 927 2622 gerunt,
949 2563 1105 2618 quam
1133 2545 1408 2618 lymphati,
1436 2553 1546 2599 toto
1569 2557 1792 2612 corpore
1812 2540 2008 2595 tumul-

428 2653 638 2700 tuantes
661 2659 724 2698 ac
762 2640 1090 2701 circumacti.
1123 2653 1404 2707 moresque
1445 2653 1556 2707 pra:
1605 2652 1666 2692 se
1704 2635 1937 2690 ferentes
1974 2649 2004 2688 a

427 2734 685 2803 spirituali
714 2733 942 2788 statione
968 2732 1190 2785 alienos.
1216 2729 1372 2784 Miser
1389 2738 1442 2783 et
1468 2727 1650 2783 infelix
1679 2728 1694 2782 l
1722 2726 2007 2796 oportebat

429 2835 479 2878 te
504 2841 624 2879 cum
650 2833 882 2878 tremore
909 2838 970 2876 ac
1000 2821 1297 2877 reverentia
1339 2820 1628 2890 angelicam
1666 2817 2008 2889 glorificatio-

430 2930 549 2970 nem
578 2914 844 2976 emittere,
875 2927 1104 2980 cumque
1131 2921 1336 2965 terrore
1365 2908 1754 2964 confessionem
1781 2906 2004 2963 reddere

429 3007 722 3070 Conditori,
745 3021 806 3060 ac
835 3020 926 3073 per
956 3003 1091 3057 hanc
1115 3002 1432 3057 delictorum
1462 3000 1669 3054 veniam
1700 3000 2000 3069 postulare:

430 3108 483 3153 tn
511 3114 638 3154 vero
668 3098 950 3151 mimorum
976 3103 1030 3150 et
1053 3093 1367 3148 saltatorem
1399 3105 1575 3146 mores
1606 3090 1712 3145 huc
1754 3089 1962 3144 inducis
1985 3130 2001 3157 ,

431 3191 556 3242 dum
585 3187 892 3242 indecenter
919 3200 1106 3239 manus
1122 3184 1315 3254 jactas,
1347 3181 1569 3253 pedibus
1600 3180 1902 3248 subsultas,
1929 3189 2010 3235 to-

429 3289 588 3347 toque
604 3277 976 3345 circumageris
996 3289 1240 3344 corpore.
1270 3273 1335 3327 Et
1352 3272 1441 3342 qui
1461 3273 1537 3338 fit,
1557 3282 1616 3326 ut
1644 3288 1750 3326 non
1776 3281 2004 3338 metuas,

430 3383 604 3437 neque
631 3366 910 3421 horrescas
937 3365 1052 3420 haec
1076 3363 1278 3419 audens
1311 3363 1570 3418 adversus
1591 3362 1714 3417 talia
1753 3362 1959 3432 eloquia
1983 3361 2007 3416 ?

427 3458 542 3515 Non
564 3459 766 3528 cogitas
810 3459 980 3527 ipsum
1009 3457 1094 3512 hic
1121 3456 1454 3511 invisibiliter
1479 3454 1669 3511 adesse
1700 3455 2004 3522 Dominum,

429 3550 519 3620 qui
572 3548 988 3618 uniuscujusque
1038 3555 1240 3602 motum
1290 3545 1622 3612 metitur,et
1663 3545 2006 3600 conscientia:

431 3641 698 3695 rationem
722 3638 921 3692 habet?
953 3654 1057 3692 non
1089 3638 1290 3708 cogitas
1320 3637 1536 3707 angelos
1564 3635 1688 3692 huic
1732 3636 2009 3705 stupendae

429 3735 681 3788 assistere
709 3745 946 3796 mensae,
996 3745 1222 3800 cumque
1265 3730 1560 3784 reverentia
1604 3728 1741 3783 hanc
1782 3729 2012 3784 circum-

433 3822 676 3878 vallare?
708 3821 906 3877 Verum
930 3829 983 3875 tu
1011 3820 1109 3876 ista
1136 3835 1240 3874 non
1264 3820 1485 3890 cogitas,
1517 3820 1765 3889 quoniam
1797 3834 1858 3874 ea
1889 3835 2008 3890 qua:

431 3918 483 3970 in
517 3915 737 3970 theatris
781 3913 1101 3978 audiuntur,
1145 3927 1370 3982 qumque
1407 3920 1733 3982 spectantur,
1774 3921 2006 3966 mentem

434 4022 576 4062 tnam
607 4009 960 4064 obscurarum
981 4005 1056 4080 (a)
1086 4019 1100 4056 :
1130 4015 1183 4060 et
1210 4005 1329 4062 ideo
1357 4019 1476 4075 qua:
1513 4005 1621 4059 illic
1660 4013 1919 4074 geruntur
1957 4005 2009 4058 in

437 4097 692 4158 Ecclesiae
707 4098 842 4153 ritus
861 4099 1100 4156 inducis:
1134 4096 1255 4152 ideo
1281 4094 1604 4151 clamoribus
1630 4094 1760 4150 nihil
1781 4096 1911 4150 certi
1939 4099 2012 4149 si-

428 4191 799 4262 gnificztttlibus
827 4191 1062 4244 animum
1088 4187 1495 4259 incompositum
1516 4186 1751 4258 evulgas.
1781 4186 2014 4256 Quomo-

429 4286 497 4338 do
513 4298 640 4353 ergo
660 4284 865 4338 veniam
883 4281 1172 4352 postulabis
1195 4290 1402 4336 tuorum
1424 4279 1761 4336 delictorum?
1776 4283 2010 4347 Quomo-

432 4377 502 4430 do
527 4376 594 4429 ad
625 4373 1046 4429 misericordiam
1083 4374 1366 4428 Dominum
1409 4371 1672 4439 inflectes,
1717 4377 1807 4443 qui
1841 4389 2011 4443 usque

435 4469 569 4523 adeo
593 4466 946 4535 contemptim
969 4463 1160 4520 offeras
1188 4465 1595 4534 precationem?
1619 4465 1860 4520 Miserere
1887 4466 2005 4531 mei,

435 4557 590 4619 Deus,
624 4556 819 4625 inquis,
847 4569 909 4608 ac
934 4570 1112 4609 mores
1139 4570 1169 4608 a
1211 4555 1580 4609 misericordia
1605 4555 1808 4610 alienos
1836 4555 2014 4610 decla-

433 4663 539 4702 ras.
561 4646 792 4711 Clamas,
825 4645 982 4702 Serva
1007 4662 1104 4711 me,
1150 4654 1204 4700 et
1245 4645 1487 4716 corporis
1525 4647 1758 4714 speciem
1787 4661 1818 4700 a
1843 4647 2013 4703 salute

432 4742 662 4797 alienam
693 4739 967 4810 exprimis.
997 4737 1134 4807 Quid
1189 4737 1255 4792 ad
1299 4737 1703 4808 supplicandum
1733 4737 2012 4794 conferunt

433 4847 642 4898 manus,
668 4847 787 4902 quzc
811 4845 1024 4900 semper
1050 4830 1100 4883 in
1130 4829 1355 4884 sublime
1371 4829 1656 4897 jactentur,
1685 4838 1739 4884 et
1765 4828 2014 4886 indecore

433 4926 888 4992 circumaguntur,
917 4920 1043 4991 quid
1066 4921 1270 4975 clamor
1296 4920 1606 4988 vehemens,
1642 4920 1731 4990 qui
1759 4937 1881 4976 cum
1902 4921 2015 4977 vio—

437 5019 582 5073 lento
602 5015 822 5085 spiritus
847 5014 1078 5084 impulsu
1104 5014 1380 5083 strepitum
1412 5013 1570 5068 habet
1596 5013 1729 5069 nihil
1760 5014 1892 5070 certi
1923 5013 2015 5071 de-

438 5106 774 5163 clarantem?
823 5107 1016 5161 Annon
1081 5105 1177 5160 ista
1223 5105 1436 5174 quidem
1494 5106 1683 5176 partim
1727 5107 2011 5163 mulierum

435 5199 490 5252 in
535 5198 704 5254 triviis
755 5197 1109 5253 meretriciam
1157 5209 1323 5252 artem
1363 5199 1770 5266 exercentium,
1821 5200 2011 5269 partim

437 5307 563 5347 vero
589 5305 794 5355 eorum,
817 5290 906 5361 qui
935 5289 987 5344 in
1015 5289 1234 5344 theatris
1263 5290 1636 5355 vociferantur,
1652 5300 1774 5345 sunt
1800 5307 1962 5361 opera
1989 5291 2014 5346 ?

435 5382 712 5449 Quomodo
734 5382 894 5452 igitur
908 5383 1072 5436 audes
1092 5383 1396 5452 angelorum
1420 5383 1583 5437 Deum
1609 5381 2013 5452 glorificantium

441 5475 649 5545 hymnis
669 5473 972 5528 dmmonum
998 5474 1292 5528 admiscere
1315 5473 1818 5543 lndicra?quomodo
1838 5483 2014 5529 autem

500 5567 572 5626 (a)
607 5567 689 5630 ttic
724 5567 940 5630 exagitat
964 5579 1050 5615 eos
1073 5567 1154 5630 qui
1181 5567 1368 5615 theatra
1416 5574 1468 5615 et
1509 5564 1695 5615 Circum
1731 5564 2016 5628 frequenta-

441 5627 582 5695 bant;
607 5627 1385 5695 11000⁸1001ιί1111111111Ἃ11110011110
1433 5636 1587 5689 erant,
1621 5639 1744 5691 quos
1777 5627 2016 5692 perpetuo

439 5689 700 5739 insectatur
723 5688 1102 5750 Chrysostomus.

2113 353 2217 392 non
2249 341 2513 394 revereris
2538 342 2676 396 hanc
2702 357 2903 405 vocem,
2927 357 3085 411 quam
3110 343 3213 398 illic
3238 344 3456 412 profers,
3487 349 3661 406 Set-rite

2110 426 2330 484 Domino
2354 432 2406 484 in
2419 433 2612 498 timore,
2643 442 2688 486 et
2725 433 2971 486 exsultate
2995 433 3042 487 ei
3069 449 3186 487 cum
3215 444 3418 488 tremore
3442 437 3669 506 (l’snl.2.

2113 517 2229 588 ll)?
2247 519 2478 574 lloccine
2495 531 2577 576 est
2602 537 2720 575 cum
2751 531 2981 576 tremore
3003 524 3232 586 servire.
3255 527 3331 579 sic
3354 525 3563 584 diffundi
3580 531 3675 585 dis-

2109 609 2382 678 tendiqne,
2407 621 2459 662 ut
2493 627 2589 665 nec
2617 612 2729 682 ipse
2755 614 2910 678 scias,
2933 629 3051 683 qua:
3075 614 3316 685 loquaris
3349 617 3674 688 incomposito

2107 697 2253 752 vocis
2275 699 2473 754 boatu?
2500 699 2644 754 Istud
2672 715 2798 756 vero
2819 711 3162 771 contemptus
3185 715 3282 769 est,
3313 721 3413 759 non
3443 709 3670 768 timoris;

2106 792 2442 860 arrogantize,
2475 806 2582 845 non
2612 792 2961 860 humilitatis;
2987 793 3126 848 istud
3168 795 3454 850 ludentium
3481 809 3560 853 est
3588 815 3667 868 po-

2109 880 2234 945 tius,
2280 896 2438 950 quam
2469 883 2675 937 divinas
2703 883 2887 939 laudes
2933 885 3334 941 celebrantium.
3377 889 3508 956 Quid
3554 906 3669 957 ergo

2111 972 2312 1026 servire
2356 972 2580 1028 Domino
2625 975 2676 1028 in
2722 975 2943 1031 timore?
2983 975 3114 1030 Cum
3165 991 3322 1032 omne
3364 991 3668 1050 pra-ceptum

2107 1061 2506 1132 perfecerimus,
2531 1079 2654 1120 cum
2684 1074 2915 1121 tremore
2955 1075 3012 1122 et
3055 1077 3200 1122 metu
3228 1067 3363 1124 hanc
3388 1071 3670 1125 confessio-

2110 1166 2230 1207 nem
2261 1153 2453 1220 facere,
2494 1155 2657 1210 corde
2684 1155 2916 1210 contrito
2958 1165 3239 1226 menteque
3275 1158 3529 1214 submissa
3557 1175 3668 1228 pre-

2107 1258 2199 1300 ces
2242 1244 2456 1300 offerre.
2505 1245 2616 1301 Nec
2659 1247 2830 1300 solum
2885 1248 3090 1303 servire
3135 1248 3190 1302 in
3245 1249 3450 1316 timore,
3497 1264 3667 1305 verum

2106 1339 2266 1394 etiam
2307 1339 2581 1394 exsultare
2625 1355 2746 1395 cum
2794 1350 3025 1396 tremore
3065 1341 3294 1410 Spiritus
3332 1351 3542 1397 sanetus
3581 1357 3669 1414 per

2107 1430 2419 1502 prophetam
2444 1431 2616 1500 jubet.
2648 1430 2780 1485 Nam
2811 1433 3062 1501 quoniam
3088 1432 3337 1501 111-11100011
3365 1435 3663 1502 exseqnutio

2106 1521 2354 1590 gaudium
2381 1521 2601 1590 gignere
2630 1521 2768 1576 solet
2799 1522 2850 1574 in
2878 1522 3056 1575 animo
3081 1521 3327 1577 virtutem
3365 1526 3668 1591 exercentis,

2104 1623 2161 1670 et
2205 1613 2361 1680 hanc,
2411 1614 2598 1683 inquit,
2642 1614 3032 1669 confessionem
3070 1627 3191 1667 cum
3239 1622 3468 1669 tremore
3509 1613 3670 1670 facere

2105 1693 2378 1770 convenit,
2411 1719 2479 1758 ne
2503 1704 2546 1756 si
2573 1703 2820 1771 deposito
2867 1712 3013 1758 metu
3053 1703 3440 1758 confundamur
3467 1719 3528 1759 ac
3566 1704 3668 1761 dis-

2105 1793 2394 1860 solvamur,
2431 1794 2589 1848 simul
2632 1803 2688 1849 et
2739 1794 2978 1848 laborum
3019 1793 3281 1864 jacturam
3325 1784 3590 1859 faciamus,
3624 1803 3672 1849 et

2108 1885 2274 1940 Deum
2302 1886 2353 1940 in
2381 1901 2480 1941 nos
2507 1901 2879 1956 provocemus.
2907 1886 3013 1941 Sed
3038 1886 3329 1956 quomodo,
3355 1887 3543 1956 inquis,
3571 1887 3672 1940 fieri

2108 1985 2306 2046 potest,
2336 1985 2394 2030 ut
2417 1977 2535 2045 quis
2562 1976 2791 2031 exsultet
2819 1993 2939 2032 cum
2971 1977 3245 2032 tremore?
3285 1976 3415 2031 Nam
3445 1978 3675 2048 impossi-

2108 2066 2213 2122 bile
2240 2076 2322 2122 est
2350 2067 2505 2121 simul
2535 2066 2648 2122 111110
2675 2067 2781 2122 duo
2805 2067 3069 2134 accidere,
3100 2081 3230 2123 cutn
3273 2069 3409 2122 inter
3440 2066 3548 2121 111110
3573 2066 3680 2137 plu-

2108 2159 2240 2213 rima
2271 2159 2342 2213 sit
2379 2159 2700 2214 differentia.
2741 2157 3001 2214 Gaudium
3029 2161 3169 2215 enim
3201 2167 3295 2213 est
3338 2173 3540 2224 eormn,
3568 2172 3678 2228 quae

2107 2251 2376 2306 desiderat
2425 2252 2654 2316 animus,
2707 2252 2961 2320 cxpletio,
3004 2267 3302 2321 rerumque
3345 2251 3678 2321 jucundarum

2107 2342 2308 2408 fruitio,
2348 2358 2412 2397 ac
2438 2345 2782 2398 molestarum
2825 2343 3057 2408 oblivio;
3099 2353 3285 2399 metus
3309 2354 3480 2398 autem
3506 2357 3680 2411 εχει)οο

2105 2443 2368 2491 ctatorum
2408 2434 2666 2488 malorum
2698 2435 2965 2500 incursus,
2996 2434 3176 2489 oriens
3215 2434 3474 2490 adversus
3497 2431 3679 2488 conde-

2107 2540 2339 2584 nmatam
2383 2527 2787 2582 conscientiam.
2841 2526 3121 2594 Quomodo
3149 2527 3314 2597 igitur
3358 2528 3478 2580 licet
3505 2524 3678 2580 exsul-

2109 2630 2222 2676 tare
2263 2635 2383 2676 cum
2421 2619 2629 2686 timore,
2677 2634 2777 2674 nec
2815 2619 3124 2688 simpliciter
3169 2633 3299 2674 cum
3345 2619 3550 2681 timore,
3593 2616 3678 2670 sed

2108 2713 2268 2768 etiam
2299 2709 2430 2766 "cum
2471 2719 2724 2775 tremore,
2758 2710 2849 2779 qui
2893 2720 2978 2765 est
3009 2710 3217 2765 timoris
3250 2708 3604 2776 vehementia,
3633 2717 3682 2762 et

2107 2802 2406 2859 immodica:
2433 2801 2709 2873 cujusdam
2735 2799 3017 2857 anxietatis
3043 2800 3300 2871 signum?

2181 2894 2436 2960 Quantum
2461 2893 2700 2963 gaudium
2744 2889 2928 2958 aﬁ'erat
2967 2890 3248 2961 Seraphin:
3281 2891 3455 2963 fruitio
3495 2890 3683 2944 visionis

2109 2986 2338 3054 Domini,
2365 2991 2411 3040 et
2438 3002 2528 3040 cur
2543 2986 2671 3040 illud
2690 2984 2930 3055 gaudium
2956 2994 3088 3038 metu
3107 2986 3170 3038 sit
3196 2985 3434 3038 mixtum.
3460 3013 3529 3022 —
3547 2981 3682 3050 Quo-

2110 3079 2270 3135 modo
2318 3079 2496 3150 igitur,
2528 3078 2722 3147 inquis,
2758 3076 2859 3132 hoc
2888 3076 3013 3131 fiet?
3053 3076 3168 3147 Ipsa
3219 3087 3274 3132 te
3303 3075 3576 3147 Seraphim
3604 3075 3687 3130 do-

2108 3180 2253 3237 cent,
2285 3185 2402 3240 quze
2431 3185 2490 3225 re
2517 3171 2629 3240 ipsa
2663 3170 2749 3224 tali
2779 3168 3076 3224 ministerio
3102 3167 3418 3240 funguntur.
3453 3168 3578 3223 Nam
3603 3169 3685 3220 illa

2110 3261 2361 3318 ineffabili
2398 3261 2566 3332 gloria
2603 3259 2906 3315 Conditoris
2937 3261 3204 3328 fruuntur,
3234 3261 3363 3316 dum
3393 3261 3684 3330 incompre-

2109 3353 2424 3410 hensibilem
2453 3352 2568 3422 ejus
2595 3351 3045 3421 pulchritudinem
3087 3353 3524 3423 contemplantur
3549 3368 3561 3404 :
3586 3365 3683 3403 non

2110 3445 2230 3501 dico
2270 3445 2412 3499 illam
2445 3455 2504 3498 ut
2529 3453 2611 3499 est
2639 3455 2826 3499 natura
2855 3443 2992 3513 (haec
3016 3443 3158 3498 enim
3199 3442 3556 3513 incogitabilis
3588 3449 3682 3506 est,

2111 3551 2211 3592 nec
2248 3535 2477 3605 spectari
2515 3541 2721 3604 potest,
2757 3549 2855 3588 nec
2886 3534 3052 3604 ﬁgura
3081 3534 3340 3604 exprimi,
3378 3533 3685 3589 absurdum-

2111 3644 2214 3699 que
2240 3636 2324 3683 est
2348 3627 2425 3681 sic
2449 3626 2516 3681 de
2546 3625 2634 3681 illa
2667 3625 2895 3695 opinari)
2924 3642 2938 3691 ;
2977 3626 3072 3680 sed
3100 3636 3366 3696 quantum
3392 3638 3692 3682 concessum

2110 3729 2212 3788 est,
2255 3728 2510 3789 quantum
2555 3733 2620 3772 ex
2671 3717 2765 3774 illo
2809 3718 3098 3788 Splendore
3153 3728 3388 3789 possunt
3422 3717 3688 3774 illustrari.

2111 3809 2381 3876 Quoniam
2414 3808 2556 3863 enim
2598 3807 2812 3863 assidue
2841 3807 3166 3863 famulantur
3207 3809 3534 3891 in.circuitu
3578 3805 3690 3861 solii

2111 3900 2324 3970 regalis,
2375 3899 2428 3953 in
2457 3897 2570 3970 jngi
2614 3897 2807 3969 gaudio
2848 3907 3214 3968 perseverant,
3274 3900 3332 3954 in
3377 3899 3691 3969 sempiterna

2113 3993 2487 4060 delectatione,
2549 3992 2602 4046 in
2651 3992 3012 4047 exsultatione
3066 3991 3226 4047 finem
3279 4009 3387 4047 non
3435 3992 3689 4055 habitura,

2113 4085 2419 4157 gaudentia,
2465 4083 2736 4147 saltantia,
2776 4084 2906 4138 citra
2945 4083 3111 4137 ullum
3161 4083 3438 4139 silentium
3477 4083 3691 4154 gloriam

2115 4178 2380 4234 canentia.
2408 4175 2540 4230 Nam
2583 4187 2725 4230 stare
2765 4176 2818 4229 in
2859 4182 3149 4244 conspectu
3192 4175 3493 4246 majestatis
3533 4174 3689 4233 illius,
3739 4205 3748 4214 κ

2113 4270 2287 4339 deque
2315 4267 2599 4338 splendore
2627 4266 2776 4320 illinc
2807 4266 3101 4336 refulgente
3127 4265 3440 4330 illuminari,
3473 4265 3574 4319 hoc
3596 4263 3696 4317 illis

2115 4371 2200 4415 est
2239 4358 2511 4430 gaudium,
2542 4341 2643 4411 hoc
2687 4357 2792 4412 illis
2837 4366 2920 4411 est
2965 4357 3266 4423 exsultatio,
3305 4357 3408 4414 hoc
3432 4356 3692 4424 voluptas,

2117 4453 2220 4508 hoc
2244 4452 2474 4521 denique
2517 4450 2706 4520 gloria.
2744 4449 3014 4505 Fortassis
3042 4452 3286 4506 sensiSIis
3317 4449 3519 4520 aliquid
3548 4446 3695 4501 volu-

2117 4543 2296 4614 ptatis,
2325 4551 2380 4597 et
2404 4540 2667 4610 cupiditas
2688 4540 2931 4611 quzedam
2953 4541 3098 4596 illius
3126 4542 3312 4612 gloria:
3335 4557 3435 4597 vos
3465 4541 3626 4609 cepit.

2180 4634 2236 4689 5.
2274 4633 2343 4686 At
2369 4631 2414 4686 si
2441 4631 2612 4686 velitis
2636 4631 3008 4687 adhortantem
3037 4631 3243 4699 audire,
3272 4639 3700 4704 praesentemque

2117 4723 2296 4794 gloria:
2318 4722 2512 4776 divina:
2547 4722 2964 4778 celebrationem
3002 4723 3251 4794 religiose
3280 4737 3564 4793 peragere,
3596 4735 3696 4774 non

2116 4814 2369 4870 destituet
2392 4828 2488 4867 vos
2517 4812 2819 4882 hujusmodi
2849 4802 3121 4883 gaudium,
3149 4813 3416 4884 siquidem
3464 4813 3582 4883 ipse
3622 4820 3702 4865 est

2118 4905 2208 4959 ille
2236 4905 2513 4970 Dominus,
2541 4905 2631 4974 qui
2663 4911 2718 4959 et
2743 4905 2795 4958 111
2821 4905 2965 4961 caelis
2995 4913 3050 4958 ct
3079 4905 3133 4959 in
3160 4907 3314 4960 terris
3337 4906 3697 4975 glorificatur;

2119 4995 2268 5050 Pleni
2297 5005 2413 5049 sunt
2441 4996 2581 5050 enim
2628 4997 2739 5050 cd’li
2768 5006 2814 5050 et
2842 5006 2975 5049 terra
3003 4995 3167 5067 gloria
3195 4997 3302 5066 ejus
3343 4995 3501 5067 (lsai.
3535 4996 3591 5050 6.
3625 4995 3700 5062 5).

2117 5087 2396 5153 Quomodo
2423 5087 2482 5141 ﬁt
2527 5087 2708 5157 igitur,
2744 5095 2802 5141 ut
2827 5087 2914 5142 illa
2941 5087 3244 5157 Seraphin],
3275 5101 3398 5142 cum
3440 5086 3702 5158 ejusmodi

2117 5181 2387 5250 voluptate
2413 5179 2674 5246 fruantur,
2707 5180 2845 5234 hanc
2873 5194 2993 5235 cum
3019 5180 3209 5235 timore
3234 5179 3543 5235 misceant?
3571 5178 3703 5233 Audi

2118 5273 2243 5344 quid
2271 5273 2408 5331 dicat
2429 5273 2689 5343 propheta
2721 5290 2735 5327 :
2769 5272 2886 5327 Vidi
2905 5273 3182 5327 Dominum
3206 5274 3466 5328 sedentem
3500 5273 3554 5326 in
3585 5272 3710 5326 solio

2120 5364 2313 5418 excelso
2340 5373 2386 5416 et
2407 5363 2618 5417 elevato.
2649 5365 2818 5431 Quam
2845 5363 2915 5419 ob
2941 5379 3154 5419 causam
3190 5379 3309 5419 011111
3345 5363 3584 5418 dixisset
3609 5363 3712 5415 Ex-

2119 5459 2338 5520 celsum,
2371 5455 2586 5525 adjecit,
2621 5457 2934 5512 Elevatum?
2966 5472 3141 5511 annon
3169 5449 3312 5513 satis
3332 5466 3460 5510 erat
3492 5472 3587 5526 per
3608 5455 3712 5508 cel-

2119 5545 2406 5603 situdinem
2431 5562 2546 5601 rem
2577 5557 2740 5602 totam
2767 5548 3084 5618 significare,
3115 5547 3512 5616 declarareque
3545 5547 3704 5615 digne

2121 5640 2243 5696 tatis
2269 5640 2653 5698 eminentiam?
2695 5655 2862 5712 quare
2890 5654 3019 5711 ergo
3061 5638 3288 5701 addidit,
3306 5632 3629 5691 Elevatum?
3653 5636 3716 5694 Ut
