4092 6218
386 372 454 428 99
1384 368 1452 425 ΙΝ
1488 369 1716 437 ILLUD,
1755 368 1895 427 VIDI
1935 366 2271 437 DOMINUM,
2310 369 2543 426 IIOMIL.
2586 370 2620 427 1.

387 484 684 542 ανάστασιν
712 482 1020 555 ὑπομένων,
1040 482 1391 548 καταδέξαιτο
1417 484 1484 538 ἂν
1521 485 1645 555 εῑκῆ
1678 486 1774 540 καλ⁹
1795 486 1976 557 μάτην

387 570 516 632 τοὺς
553 566 830 629 τοιούτους
871 567 1163 638 ὑπομένειν
1194 567 1415 631 κόπους·
1458 567 1596 621 ἀλλά
1644 567 1733 622 διά
1763 568 1921 622 τοῦτο
1946 581 1973 608 ι

389 654 486 707 καὶ
510 652 724 722 πελάγη
745 652 949 722 τέμνει,
979 651 1074 704 καὶ
1100 651 1359 706 κινδύνων
1384 652 1719 723 κατατολμᾷ,
1762 653 1858 706 καὶ
1884 652 1977 705 τό·

392 755 528 800 πους
574 737 639 789 ἐκ
669 735 851 788 τόπων
873 734 1228 805 μεταμείϐει,
1258 734 1353 788 καί⁵
1375 728 1616 800 ἀΰπνους
1653 735 1834 799 πάσας
1861 735 1978 788 δια-

391 821 539 876 τελεῖ
555 819 775 883 νύκτας,
824 819 909 872 ἵνα
945 818 1014 873 τά
1042 818 1141 889 τῆς
1172 819 1445 890 ἐμπορίας
1490 820 1638 890 αὐτῷ
1682 820 1975 890 πλεονάζῃ.

406 905 495 966 Ὦς
524 903 579 956 εί
596 919 659 971 γε
690 901 846 956 τοῦτο
867 901 944 973 μὴ
979 904 1183 973 προσῇ,
1227 901 1364 957 ἀλλά
1410 904 1508 956 σὺν
1533 902 1610 974 τῷ
1640 900 1727 974 [97
1737 901 1755 973 j
1795 901 1976 972 κέρδει

393 988 489 1039 καὶ
517 988 551 1057 ή
572 985 678 1039 τῶν
727 984 1038 1055 κεφαλαίων
1065 983 1215 1055 αύτῷ
1265 985 1586 1057 ἐπιγένηται
1632 985 1827 1055 ζημία,
1856 984 1977 1037 ούδέ

394 1068 650 1141 ἀπαίρειν
674 1066 882 1133 ἔξεστιν
907 1067 1080 1140 αὐτῷ,
1109 1067 1232 1121 ούδέ
1280 1069 1409 1133 τοὺς
1439 1067 1812 1133 πολυπλόκους
1836 1067 1980 1121 ἐκεί·

397 1169 518 1216 νους
548 1152 839 1223 ὑπομένειν
866 1150 1167 1214 κινδύνους.

470 1320 534 1390 β’.
555 1319 726 1373 Τοῦτο
749 1318 926 1373 τοίνυν
948 1317 1183 1382 εἰδότες,
1204 1318 1340 1388 μετὰ
1357 1317 1457 1387 τῆς
1474 1315 1859 1393 προσηκούσης
1883 1316 1976 1369 au-

402 1403 621 1467 λαϐείας
641 1401 878 1457 ἐνταῦθα
905 1400 1356 1474 παραγινώμεθα,
1374 1402 1523 1465 ὅπως
1555 1400 1628 1471 μὴ
1655 1401 1776 1454 ἀντὶ
1796 1401 1978 1471 ἀμαρ-

402 1504 466 1558 τη
475 1486 659 1557 μάτων
678 1486 925 1554 ἀφέσεως
940 1485 1260 1557 προσθήκην
1277 1483 1482 1537 τούτων
1502 1482 1880 1554 ποιησάμενοι,
1895 1480 1976 1534 οτ-

402 1573 530 1624 καδε
570 1567 992 1640 πορευσώμεθα.
1079 1566 1145 1619 Τί
1190 1566 1249 1620 δέ
1277 1568 1393 1620 ἐστι
1422 1566 1484 1620 τὸ
1518 1564 1874 1637 ζητούμενονι)
1887 1565 1980 1619 καὶ

401 1652 430 1705 δ
465 1654 593 1724 παρ’
618 1650 774 1723 ἡμῶν
798 1652 1108 1706 ἀπαιτεῖται
1133 1665 1148 1715 ;
1181 1648 1256 1702 Τδ
1273 1651 1400 1713 τοὺς
1426 1649 1601 1713 θείους
1633 1647 1982 1719 ἀναπέμπον-

399 1752 499 1799 τας
532 1734 755 1804 ῦμνους,
792 1733 944 1804 φόϐῳ
975 1733 1156 1804 πολλῷ
1186 1733 1666 1804 συνεσταλμένους,
1698 1732 1794 1786 καὶ
1820 1732 1981 1785 εὐλα-

402 1818 526 1892 ϐείᾳ
557 1817 1025 1889 κεκοσμημένους,
1060 1815 1204 1871 οὕτω
1242 1818 1574 1889 προσφέρειν
1605 1816 1846 1878 τούτους.
1871 1813 1983 1868 Καὶ

397 1902 516 1973 γάρ
535 1902 641 1954 είσί
667 1918 809 1965 τινες
857 1899 966 1955 τῶν
1018 1899 1270 1967 ἐνταῦθα,
1298 1899 1393 1964 οὓς
1416 1900 1539 1953 οὺδέ
1583 1898 1681 1970 τὴν
1712 1898 1982 1971 ὑμετέραν

402 1984 630 2053 ἀγάπην
678 1984 892 2050 ἀγνοεῖν
931 1979 1106 2053 οἶμαι,
1133 1983 1329 2046 οἵτινες
1379 1981 1842 2052 καταφρονοῦντες
1885 1981 1982 2051 μὲν

405 2065 504 2120 τοῦ
551 2064 706 2129 θεοῦ,
764 2064 834 2118 τά
882 2064 941 2118 δέ
992 2064 1085 2119 τοῦ
1154 2065 1468 2136 Πνεύματος
1512 2065 1672 2134 λόγια
1710 2064 1786 2128 ὡς
1831 2063 1988 2117 κοινά

411 2148 726 2220 ἡγούμενοι,
760 2148 944 2218 φωνὰς
971 2148 1237 2212 ἀτάκτους
1287 2151 1501 2218 ἀφιᾶσι,
1531 2150 1624 2203 καὶ
1661 2148 1767 2203 τῶν
1799 2166 1989 2220 μαινο-

412 2233 592 2302 μένων
614 2233 763 2286 ούδὲν
781 2232 1005 2302 ἄμεινον
1038 2232 1353 2295 διάκεινται,
1385 2232 1492 2302 ὅλῳ
1540 2231 1619 2303 τῷ
1648 2231 1860 2302 σώματι
1898 2233 1986 2286 δο-

405 2316 658 2386 νούμενοι
693 2314 785 2368 καὶ
805 2316 1241 2386 περιφερόμενοι,
1269 2316 1364 2368 καὶ
1392 2315 1647 2386 ἀλλότρια
1687 2315 1788 2386 τῆς
1824 2332 1988 2368 πνευ-

402 2398 649 2469 ματικῆς
667 2399 1048 2463 καταστάσεως
1067 2398 1500 2470 ἐπιδεικνύμενοι
1528 2398 1598 2452 τά
1626 2397 1751 2469 ἤθη.
1798 2399 1986 2452 Ἀθλιε

400 2483 496 2538 καὶ
516 2481 857 2552 ταλαίπωρε,
882 2481 1001 2535 δέον
1037 2497 1095 2534 σε
1119 2481 1398 2537 δεδοικότα
1441 2481 1537 2535 καὶ
1567 2481 1839 2553 τρέμοντα
1886 2482 2001 2553 τὴν

400 2564 701 2636 ἀγγελικὴν
717 2564 1025 2634 δοξολογίαν
1050 2565 1376 2637 ἐκπέμπειν,
1406 2564 1559 2636 φόϐῳ
1579 2581 1638 2618 τε
1672 2565 1773 2636 τὴν
1804 2564 1991 2637 ἐξομο-

401 2649 623 2720 λόγησιν
650 2647 731 2719 τῷ
747 2648 957 2720 Κτίστῃ
977 2649 1266 2712 ποιεῖσθαι,
1282 2648 1378 2702 καὶ
1402 2648 1491 2703 διά
1513 2648 1714 2721 ταύτης
1740 2649 1989 2719 συγγνῶ-

411 2748 516 2801 μην
548 2729 659 2784 τῶν
679 2731 1059 2801 ἐπταισμένων
1104 2730 1393 2785 αἰτεῖσθαι·
1416 2731 1481 2784 σὺ
1503 2731 1561 2786 δέ
1588 2731 1656 2786 τά
1688 2732 1872 2803 μίμων
1896 2732 1990 2786 καὶ

411 2809 689 2879 ὀρχηστῶν
721 2808 955 2865 ἐνταῦθα
989 2809 1258 2883 παράγεις
1279 2819 1328 2877 ο,
1359 2810 1608 2875 ἀτάκτως
1642 2810 1741 2881 μὲν
1757 2810 1859 2875 τάς
1881 2814 1991 2881 χεῖο

421 2906 519 2960 ρας
548 2891 931 2959 ἐπανατείνων,
979 2894 1073 2947 καὶ
1103 2896 1219 2957 τοῖς
1272 2893 1433 2947 ποσὶν
1467 2892 1853 2965 ἐφαλλόμενος,
1897 2894 1993 2948 καὶ

419 2972 526 3043 ὅλῳ
548 2974 945 3047 περικλώμενος
966 2977 1044 3047 τῷ
1072 2976 1303 3048 σώματι.
1337 2978 1448 3029 Καὶ
1474 2978 1592 3040 πῶς
1641 2978 1700 3030 ού
1727 2977 1988 3040 δέδοικας,

418 3057 538 3110 οὐδὲ
567 3058 803 3127 φρίττεις
830 3061 1085 3115 τοιούτων
1117 3059 1475 3128 κατατολμῶν
1499 3058 1729 3128 λογίων;
1762 3061 1879 3113 υύκ
1908 3061 1994 3113 ἐν-

415 3142 574 3204 νοεῖς,
606 3141 687 3194 ὅτι
712 3142 872 3206 αὐτὸς
899 3142 1146 3214 ἀοράτως
1176 3142 1412 3196 ἐνταῦθα
1442 3143 1706 3214 πάρεστιν
1735 3143 1764 3195 ὁ
1793 3142 1995 3195 Δεσπό-

413 3239 531 3293 της,
586 3225 682 3277 καὶ
726 3227 958 3279 ἑκάστου
1006 3225 1105 3296 τὴν
1160 3226 1374 3296 κίνησιν
1403 3227 1732 3296 ἀναμετρεῖ,
1790 3225 1886 3279 καὶ
1933 3225 1994 3279 τὸ

411 3307 647 3372 συνειῶς
672 3306 913 3373 ἐξετάζει
933 3308 960 3348 ἀ
982 3325 996 3373 ;
1025 3309 1127 3361 οὐκ
1151 3308 1367 3373 ἐννοεῖς,
1388 3310 1470 3362 ὅτι
1488 3308 1709 3377 ἄγγελοι
1728 3307 1900 3379 ταύτῃ
1924 3309 1991 3379 τῇ

412 3395 613 3463 φρικτῇ
645 3393 1008 3464 παρίστανται
1031 3391 1298 3465 τραπέζῃ,
1326 3394 1421 3446 καὶ
1450 3393 1599 3463 φόϐῳ
1618 3392 1823 3466 ταύτην
1846 3402 2006 3464 περιὲ

413 3476 672 3543 έπουσιν;
728 3474 889 3529 Ἀλλά
921 3477 985 3530 σὺ
1014 3475 1184 3530 ταῦτα
1205 3478 1266 3530 ού
1314 3479 1615 3541 κατανοεῖς,
1647 3476 1834 3548 ἐπειδὴ
1889 3477 1994 3531 ὑπὸ

414 3557 521 3612 τῶν
554 3562 612 3612 ἐν
644 3562 756 3623 τοῖς
791 3558 1040 3631 θεάτροις
1071 3561 1432 3632 ἀκουσμάτων
1472 3578 1531 3615 τε
1570 3562 1666 3615 καὶ
1707 3560 1993 3633 θεαμάτων

412 3641 505 3694 τὸν
538 3642 660 3695 νοῦν
708 3644 1124 3715 συνεσκοτίσθης
1152 3655 1199 3710 θ,
1254 3644 1349 3699 καὶ
1374 3645 1462 3699 διά
1501 3644 1660 3698 τοῦτο
1714 3644 1784 3698 τὰ
1815 3646 1994 3699 ἐκεῖσε

414 3725 768 3796 πραττόμενα
781 3728 893 3790 τοῖς
908 3725 1010 3797 τῆς
1033 3726 1326 3798 ἐκκλησίας
1358 3727 1656 3798 ἀναφύρεις
1672 3727 1882 3792 τύποις·
1908 3728 1996 3783 διὰ

412 3808 573 3861 τοῦτο
595 3810 715 3872 ταῖς
738 3811 975 3880 ἀσήμοις
1006 3814 1276 3881 κραυγαῖς
1301 3811 1364 3865 τὸ
1401 3812 1501 3881 τῆς
1539 3811 1722 3882 ψυχῆς
1762 3811 1997 3866 ἄτακτον

411 3889 776 3959 δημοσιεύεις.
829 3892 954 3953 Πῶς
978 3888 1071 3947 οὖν
1099 3892 1434 3964 συγγνώμην
1462 3892 1721 3966 ἐξαιτήσῃ
1766 3893 1875 3948 τῶν
1920 3896 1999 3948 ol-

414 3973 1051 4051 xeiwvﬁpapmpdcwv;
1094 3976 1212 4040 πῶς
1245 3976 1326 4039 είς
1370 3972 1548 4030 οἶκτον
1579 3977 1856 4051 ἐπισπάσῃ
1907 3978 1999 4032 τὸν

414 4046 713 4130 Δεσπότην,
746 4059 897 4121 οὕτω,
917 4056 1489 4130 καταπεφρονημένως
1517 4059 1615 4130 τὴν
1644 4046 2000 4131 δέησιν-νπρο-

418 4140 763 4212 τεινόμενος;
811 4141 1101 4209 Ἐλέησόν
1125 4158 1225 4211 με,
1269 4143 1303 4196 ὁ
1327 4142 1493 4208 Θεὸς,
1539 4141 1737 4212 λέγεις,
1777 4143 1871 4196 καὶ
1903 4142 1999 4203 τοῦ

417 4222 602 4287 ἐλέους
630 4224 910 4297 ἀλλότριον
952 4224 1015 4278 τὸ
1060 4220 1194 4296 ἦθος
1245 4224 1639 4279 ἐπιδείκνυσαι.
1672 4221 1887 4279 Σῶσόν
1900 4241 1998 4293 με,

418 4308 571 4380 βοᾷς,
610 4310 702 4364 καὶ
732 4309 878 4375 ξένον
901 4310 1001 4380 τῆς
1050 4309 1325 4382 σωτηρίας
1375 4309 1438 4363 τὸ
1464 4310 1649 4382 σχῆμα
1700 4310 1997 4375 διατυποῖς.

418 4392 486 4446 Τί
516 4392 848 4448 συντείνουσι
881 4393 1019 4462 πρὸς
1055 4392 1264 4448 ἱκεσίαν
1295 4396 1479 4465 χεῖρες
1521 4395 1616 4448 ἐπὶ
1643 4395 2005 4467 μετεωρισμῷ

419 4476 661 4548 συνεχῶς
711 4476 1073 4548 ἐπαιρόμεναι
1118 4477 1213 4531 καὶ
1249 4477 1504 4541 ἀτάκτως
1550 4479 2002 4550 περιφερόμεναι,

418 4561 638 4631 κραυγή
665 4576 726 4613 τε
750 4559 974 4632 σφοδρά,
1011 4560 1106 4613 καὶ
1127 4563 1192 4631 τῇ
1226 4560 1379 4632 βιαίᾳ
1404 4559 1499 4614 τοῦ
1528 4560 1833 4633 πνεύματος
1859 4560 2006 4633 ὠθή-

421 4644 587 4696 σειτὺ
614 4643 828 4714 ἄσημον
874 4642 1102 4713 ἔχωσας
1143 4645 1278 4715 Οὐχὶ
1329 4642 1399 4697 τά
1435 4645 1532 4714 μέν
1574 4644 1755 4699 αὐτῶν
1785 4644 1895 4698 τῶν
1944 4645 2006 4698 ἐν

417 4728 541 4790 ταῖς
561 4726 793 4798 τριόδοις
825 4727 1245 4799 ἐταιριζομένων
1277 4726 1570 4796 γυναικῶν,
1622 4725 1692 4781 τά
1716 4727 1773 4780 δέ
1803 4725 1912 4781 τῶν
1947 4728 2007 4781 ἐν

418 4813 536 4874 τοῖς
559 4810 806 4882 θεάτροις
827 4812 1146 4882 φωνούντων
1168 4812 1316 4865 ἐστὶν
1337 4810 1505 4883 ἐργας
1543 4811 1665 4876 Πῶς
1691 4808 1786 4867 οὖν
1806 4812 2008 4885 τολμᾷς

421 4896 490 4964 τῇ
522 4893 787 4966 ἁγγελικῇ
812 4896 985 4969 ταύτῃ
1005 4894 1285 4966 δοξολογία
1309 4895 1379 4949 τά
1411 4895 1519 4948 τῶν
1563 4895 1833 4966 δαιμόνων
1873 4896 2007 4950 ἀνα-

288 5028 315 5051 I
426 4976 680 5047 μιγνύειν
696 4979 959 5046 παίγνια;
1005 4980 1121 5042 πῶς
1149 4980 1206 5033 δέ
1239 4979 1338 5032 οὐκ
1368 4979 1490 5050 αἰδῇ
1521 4978 1726 5050 ταύτην
1754 4980 1854 5051 τὴν
1892 4996 2008 5049 φω-

424 5060 543 5130 νὴν,
565 5062 631 5132 ἢν
662 5062 779 5115 ἐκεῖ
812 5060 833 5100 ί
872 5063 1145 5134 ἐκφέρεις,
1180 5063 1557 5116 Δουλεύσατε
1599 5061 1682 5128 τῷ
1723 5063 1920 5132 Κυρίῳ
1941 5064 2012 5118 ἐν

491 5157 520 5187 ⁸
540 5156 639 5224 Alii
898 5161 1014 5224 Πῶς
1035 5161 1151 5223 7&9;
1186 5161 1249 5224 ὃς
1280 5159 1358 5209 διά
1395 5157 1565 5224 τοῦτο.Δ
1598 5159 1753 5210 Paulo
1787 5161 2014 5224 postduo

424 5231 541 5284 ipss.
568 5220 758 5284 ἄϋπνος.
794 5221 924 5270 Editi
962 5220 1179 5277 ἀύπνους.
1215 5222 1431 5284 Utraque
1453 5222 1601 5271 lectio
1623 5220 1849 5284 quadrét.
1874 5222 2013 5274 Unus

426 5281 609 5347 ibidem
629 5282 831 5347 ἀύπνους
850 5284 1025 5347 πολλὰς
1043 5284 1259 5333 διατελεῖ.
1287 5281 1438 5347 Paulo
1475 5292 1583 5347 post
1614 5281 1810 5344 quidam
1834 5287 1900 5340 ὡς
1918 5286 2015 5347 εἴγε

308 5384 315 5389 ,
424 5340 571 5419 τοῦτε
610 5345 675 5406 μὴ
710 5346 886 5407 συμϐῇ.
917 5345 1041 5395 Infra
1069 5359 1194 5395 unus
1224 5347 1335 5395 οὐδὲ
1378 5340 1593 5409 ἀπαίρειν
1626 5340 1810 5401 ἐξέσται
1850 5340 2015 5397 λοιπόν

425 5419 594 5454 αυτοῦ.

490 5464 682 5536 b_Al_i_us
707 5470 888 5536 91:26.:
934 5469 1275 5536 ἐπανέλθωμεν.
1322 5469 1381 5519 Τί
1423 5468 1505 5518 οὖν
1528 5469 1630 5519 ἐστι
1654 5470 1711 5519 τὸ
1734 5475 1834 5530 ζητ.
1862 5470 2017 5522 Paulo

429 5534 540 5596 po§t
552 5529 648 5596 .a_|ii
672 5531 808 5596 οὕτω-
819 5534 1064 5596 προφέρειν
1085 5529 1297 5588 τούτους.

493 5592 519 5623 α
551 5590 685 5639 Unus
708 5590 932 5658 είσᾴγὲιςξ
951 5590 1090 5644 Ᾱιίυε
1111 5594 1430 5657 παρεισάγεις,
1453 5605 1564 5654 qua!
1593 5600 1843 5658 postrema
1867 5593 2018 5646 lectio

428 5665 530 5714 non
552 5654 835 5714 spernenda
854 5657 1067 5708 videtur.

495 5713 796 5781 ιξᾹίῆιιε-τὴν
813 5718 1279 5781 κίνησινῗὸιαμετρεῖ,
1312 5719 1393 5765 καὶ
1425 5718 1481 5767 τὸ
1518 5718 1727 5781 συνειδὸς
1761 5716 2018 5781 λογοθετεῖ.

468 5808 474 5812 ‹
495 5778 525 5843 '_
555 5778 652 5843 ᾼίίἰ
672 5779 978 5843 γέσκοτίσθης.
1001 5778 1155 5831 Paulo
1187 5778 1299 5842 post
1321 5794 1447 5829 unus
1477 5780 1578 5843 ταῖς
1601 5779 1804 5843 ἀσήμοις
1826 5778 2016 5842 φωναῖς.

504 5837 525 5905 ί
560 5838 689 5905 Ἐκεῖ
711 5843 856 5905 οοεει
874 5837 1163 5905 ἱηήυἱηηυο
1190 5837 1354 5891 ἐειιθ
1388 5840 1677 5905 ωεεηίῖειτιο
1701 5837 1760 5890 ὲη
1797 5837 2017 5905 cipuugi

434 5901 623 5951 debeat
644 5902 830 5955 dubito.
857 5918 949 5954 nec
961 5901 1137 5955 'taméu
1170 5905 1348 5959 auden.
1368 5902 1483 5966 quia
1503 5902 1552 5952 in
1581 5903 1730 5952 editis
1770 5910 1823 5955 et
1845 5901 1894 5954 iu
1918 5901 2015 5955 ali-

436 5968 563 6025 quot
581 5978 694 6014 mss.
711 5965 881 6031 fertur,
908 5974 962 6017 et
987 5974 1237 6031 utcunque
1260 5966 1376 6016 ferri
1401 5970 1581 6030 potest.

3561 369 3659 425 ίθθ

2083 484 2199 557 [98]
2219 487 2398 555 φόϐῳ,
2428 486 2633 559 λέγων,
2644 485 2742 541 καὶ
2764 486 3138 558 ἀγαλλιᾶσθε
3157 484 3318 552 αὐτῷ
3334 485 3404 540 ἐν
3424 486 3649 555 τρόμῳς

2082 569 2252 623 Τοῦτό
2274 570 2439 635 ἐστιν,
2462 572 2520 622 ἐν
2560 569 2708 641 φόϐῳ
2728 569 3092 634 δουλεύειν,τὺ
3119 568 3468 640 διακεχύσθαι
3486 586 3546 621 τε
3566 570 3660 621 καὶ

2080 650 2457 715 διατείνεσθαι,
2482 654 2578 707 καὶ
2599 653 2732 725 μηδὲ
2758 654 2981 707 σεαυτὸν
3002 651 3327 706 ἐπίστασθαι
3348 652 3476 718 περὶ
3501 651 3659 704 τίνων

2077 733 2300 809 διαλέγῃ
2322 738 2388 807 τῇ
2414 736 2636 807 ἀτάκτῳ
2672 738 2771 806 τῆς
2801 736 2985 806 φωνῆς
3017 736 3304 807 ἐνηχήσει;
3338 734 3509 788 Τοῦτο
3561 750 3657 787 κα-

2078 819 2463 889 ταφρονήσεώς
2490 821 2659 882 ἐστιν,
2687 819 2747 873 ού
2771 820 2959 891 φόϐου,
2990 818 3329 883 ἀλαζονείας,
3378 818 3439 871 ού
3464 834 3657 872 ταπει-

2078 898 2313 964 νώσεως·
2344 901 2501 956 τοῦτο
2517 902 2821 967 παιζόντων
2863 901 3084 972 μᾶλλον,
3114 901 3147 972 ἢ
3174 900 3591 971 δοξολογούντων
3608 909 3656 952 ι.

2071 985 2146 1041 ,Τί
2176 980 2271 1039 οὖν
2299 985 2414 1039 ἐστι
2443 985 2505 1040 τὸ
2536 986 2807 1042 δουλεύειν
2837 986 2916 1057 τῷ
2943 985 3136 1057 Κυρίῳ
3161 988 3218 1040 ἐν
3248 984 3426 1055 φόϐῳ;
3454 984 3527 1037 Τὸ
3557 984 3659 1036 πᾶ-

2081 1085 2180 1122 σαν
2217 1069 2438 1141 ἐντολὴν
2459 1070 2911 1142 άποπληροῦντας
2951 1068 3101 1140 φόϐῳ
3140 1071 3235 1124 καλ⁸
3265 1068 3497 1139 συστολῇ
3529 1066 3660 1120 ταύ-

2077 1168 2177 1222 την
2215 1153 2672 1224 κατεργάζεσθαι,
2738 1152 2800 1206 τὸ
2850 1150 3283 1223 συντετριμμένῃ
3323 1150 3521 1222 καρδίᾳ
3571 1149 3665 1203 καὶ

2076 1235 2527 1307 τεταπεινωμένῳ
2554 1235 2636 1289 νοῖ
2658 1235 2757 1300 τὰς
2783 1234 2990 1298 ἱκεσίας
3020 1233 3420 1305 προϐάλλεσθαι
3453 1234 3503 1289 ιι.
3553 1231 3663 1285 Καὶ

2078 1318 2140 1372 ού
2170 1319 2329 1389 μόνον
2348 1318 2617 1374 δουλεύειν
2640 1322 2698 1374 ἐν
2728 1318 2900 1390 φόϐῳ,
2926 1318 3064 1373 ἀλλά
3099 1318 3194 1373 καὶ
3224 1317 3582 1387 ἀγαλλιᾶσθαι
3605 1318 3663 1369 ἐν

2079 1401 2267 1473 τρόμῳ
2295 1402 2356 1455 τὸ
2379 1401 2605 1473 Πνεῦμα
2636 1402 2698 1456 τὸ
2745 1403 2900 1472 άγιον
2946 1401 3033 1455 διά
3056 1399 3151 1455 τοῦ
3179 1401 3459 1472 προφήτου
3491 1415 3663 1469 παρα-

2079 1484 2382 1538 κελεύεται.
2416 1485 2636 1556 Ἐπειδὴ
2671 1485 2782 1557 γὰρ
2819 1485 2976 1557 ἠτῆς
2992 1484 3212 1553 ἐντολῆς
3241 1478 3520 1553 πλήρωσις
3568 1499 3664 1551 χα-

2084 1566 2184 1638 ράν
2215 1567 2405 1623 εἴωθεν
2451 1570 2701 1639 ἐμποιεῖν
2728 1571 2805 1639 τῷ
2849 1568 2946 1640 τὴν
2977 1567 3177 1638 ἀρετὴν
3234 1565 3513 1629 ἀσκοῦντι,
3570 1564 3664 1617 καὶ

2080 1649 2304 1720 ταύτην,
2335 1651 2501 1721 φησὶ,
2535 1652 2724 1723 τρόμῳ
2744 1652 2838 1706 καὶ
2859 1652 2967 1705 δέει
3009 1649 3280 1704 ποιεῖσθαι
3310 1649 3577 1720 προσήκει
3616 1648 3661 1711 ί,

2083 1732 2170 1786 ἴνα
2195 1733 2271 1804 μὴ
2296 1736 2362 1806 τῇ
2383 1734 2586 1806 ἀφοϐίᾳ
2606 1734 2978 1806 συγχεόμενοι,
2999 1733 3126 1796 τούς
3152 1750 3212 1787 τε
3237 1731 3433 1793 πόνους
3454 1730 3664 1803 ζημιω-

2083 1815 2290 1887 θῶμεν,
2338 1817 2555 1871 καὶτὸν
2608 1816 2741 1872 Θεὸν
2787 1816 3201 1889 παροξύνωμεν.
3251 1814 3453 1878 Πῶςδέ
3490 1813 3664 1878 ἐσται,

2084 1901 2270 1972 φησὶν,
2305 1902 2633 1971 ἀγάλλεσθαι
2669 1905 2727 1957 ἐν
2746 1903 2968 1974 τρόμῳ;
2999 1902 3110 1956 Καὶ
3147 1900 3256 1971 γάρ
3289 1900 3411 1955 ούδέ
3441 1896 3666 1953 δυνατὸν

2087 1986 2230 2038 κατὰ
2251 1986 2445 2040 ταύτὸν
2477 1987 2547 2041 τά
2592 1986 2685 2040 δύο
2711 1985 3050 2057 συμϐαίνειν,
3098 1985 3301 2053 πολλῆς
3358 1983 3522 2054 οῦσης
3569 1984 3668 2053 τῆς

2091 2068 2294 2138 μεταξὺ
2324 2068 2503 2122 αὐτῶν
2528 2069 2808 2139 διαφορᾶς.
2831 2067 2990 2139 Χαρά
3039 2068 3145 2139 γάρ
3178 2068 3292 2119 ἐστι
3318 2065 3669 2135 καταθυμίων

2090 2152 2390 2222 πλήρωσις,
2422 2152 2516 2207 καὶ
2544 2151 2715 2224 ἡδέων
2747 2151 3064 2215 ἀπόλαυσις,
3098 2150 3190 2204 καὶ
3231 2147 3472 2221 ἀνιαρῶν
3511 2148 3666 2219 λήθη·

2090 2234 2328 2306 φόϐοςδέ
2354 2228 2726 2304 ἐλπιζομένων
2770 2233 2955 2288 κακῶν
2978 2233 3247 2295 ἐπίτασις,
3280 2232 3372 2285 ἐπὶ
3403 2248 3672 2298 κατεγνω-

2064 2319 2276 2390 ’σμένῳ
2315 2317 2705 2388 συνιστάμενος
2732 2316 3013 2370 συνειδότι.
3043 2317 3169 2380 Πῶς
3198 2311 3291 2368 οὖν
3315 2314 3462 2369 ἐστιν
3501 2313 3664 2382 ἀγάλ-

2088 2402 2274 2455 λεσθαι
2323 2404 2382 2455 ἐν
2413 2400 2583 2471 φόϐῳ,
2625 2399 2720 2454 καὶ
2742 2400 2840 2470 ούχ
2879 2398 3066 2462 ἁπλῶς
3116 2399 3175 2451 ἐν
3230 2396 3420 2468 φόϐῳ,
3472 2395 3588 2449 ἀλλ’
3614 2397 3672 2449 ἐν

2087 2482 2296 2554 τρόμῳ,
2330 2484 2467 2561 ᾇπερ
2515 2481 2763 2546 ἐπίτασίς
2791 2484 2909 2536 ἐστι
2959 2480 3052 2535 τοῦ
3081 2480 3269 2551 φόϐου,
3319 2480 3414 2535 καὶ
3472 2478 3670 2550 πολλῆς

2090 2566 2329 2636 ἀγωνίας
2367 2568 2618 2637 σημεῖον.

2160 2733 2286 2797 Πῶς
2304 2731 2383 2798 δέ,
2409 2730 2564 2803 φησὶ,
2595 2728 2754 2785 τοῦτο
2777 2730 3097 2799 γενήσεται;
3133 2730 3283 2784 Λύτά
3323 2745 3382 2783 σε
3408 2728 3478 2782 τά
3505 2728 3673 2800 Σερα-

2094 2816 2154 2885 φὶ
2165 2833 2205 2886 μ
2231 2814 2591 2878 διδάσκουσιν,
2640 2812 2787 2884 ἔργῳ
2819 2812 2917 2885 τὴν
2960 2812 3214 2884 τοιαύτην
3254 2810 3671 2885 ἀποπληροῦντα

2092 2897 2387 2952 διακονίαν.
2430 2896 2543 2950 Καὶ
2587 2896 2696 2969 7&9
2722 2897 2905 2951 ἐκεῖνα
2940 2896 3040 2967 τῆς
3082 2896 3290 2964 ἀφάτου
3344 2894 3503 2963 δόξης
3539 2895 3675 2948 ἀπο-

2091 2981 2327 3036 λαύοντα
2343 2979 2438 3035 τοῦ
2457 2981 2715 3041 Κτίστου.
2739 2980 2912 3034 καὶτὸ
2942 2980 3223 3051 ἀμήχανον
3244 2975 3672 3049 ἐνοπτριζόμενα

2092 3063 2308 3128 κάλλος·
2347 3064 2408 3117 ού
2454 3062 2599 3131 λέγω
2644 3062 2779 3117 αὐτὸ
2806 3064 3015 3126 ἐκεῖνο,
3073 3062 3213 3131 ὅπερ
3259 3059 3375 3113 ἐστὶ
3403 3062 3469 3130 τῇ
3517 3057 3677 3128 φύσει

2095 3145 2481 3217 (ἀκατανόητον
2510 3145 2620 3216 7&9
2663 3144 2841 3209 τοῦτο,
2872 3145 2967 3198 καὶ
3016 3142 3348 3213 ἀθεώρητον,
3387 3142 3481 3195 καὶ
3508 3141 3679 3211 ἀσχη-

2097 3229 2375 3300 μάτιστον,
2415 3227 2509 3283 καὶ⁹
2534 3227 2734 3282 ἄτοπόν
2763 3228 2879 3281 ἐστι
2907 3227 2968 3281 τὸ
2996 3226 3139 3280 οὓτω
3164 3226 3296 3297 περὶ
3339 3224 3502 3278 αὐτοῦ
3545 3225 3679 3278 ὐπο-

2094 3309 2437 3384 λαμϐάνειν),
2471 3309 2587 3363 ἀλλ’
2615 3310 2738 3365 ὅσον
2760 3309 3114 3381 ἐγχωροῦσιν,
3141 3310 3265 3363 ὅσον
3284 3307 3391 3373 ὑπὸ
3416 3307 3514 3378 τῆς
3532 3307 3680 3361 ἀκτῖ-

2094 3411 2184 3459 νος
2229 3394 2444 3463 ἐκείνης
2501 3391 2745 3464 ίσχύουσι
2777 3392 3250 3463 καταλάμπεσθαι.
3305 3389 3525 3461 Ἐπειδὴ
3571 3389 3679 3460 7&9

2093 3477 2357 3549 διηνεκῶς
2384 3474 2759 3547 λειτουργοῦσι
2802 3474 2987 3547 κύκλῳ
3016 3474 3111 3529 τοῦ
3144 3472 3422 3545 βασιλικοῦ
3465 3471 3679 3543 θρόνου,

2094 3561 2154 3615 ἐν
2180 3561 2423 3631 διηνεκεῖ
2440 3561 2584 3632 χαρᾷ
2608 3557 2966 3619 διατελοῦσιν,
3003 3559 3061 3613 ἐν
3097 3558 3251 3629 ἀϊδίῳ
3273 3553 3600 3627 εὐφροσύνῃ,
3623 3555 3682 3608 ἐν

2095 3643 2412 3713 ἀγαλλιάσει
2448 3640 2875 3713 ἀκαταπαύστῳ,
2897 3641 3177 3713 χαίροντα,
3208 3639 3532 3709 σκιρτῶντα,
3565 3638 3679 3691 ἀσιο

2107 3729 2278 3798 ίήτως
2326 3724 2731 3794 δοξολογοῦντα.
2783 3721 2857 3777 Τὸ
2889 3725 2997 3796 7&9
3046 3723 3276 3779 ἐνώπιον
3304 3722 3526 3776 ἐστάναι
3583 3720 3683 3791 τῆς

2097 3809 2254 3880 δόξης
2274 3809 2506 3879 ἐκείνης,
2528 3808 2625 3863 καὶ
2639 3807 2748 3861 ἀπὸ
2769 3807 2869 3879 τῆς
2888 3806 2950 3871 ἐξ
2966 3808 3135 3877 αὐτῆς
3146 3801 3673 3877 ἀπαστραπτούσηςί

2099 3891 2569 3960 καταφωτίζεσθαι
2594 3889 2806 3959 αἴγλης,
2833 3889 2992 3944 τοῦτο
3020 3890 3202 3952 αὐτοῖς
3222 3890 3315 3944 καὶ
3337 3887 3504 3960 χαρά,
3526 3885 3686 3942 τοῦτο

2101 3976 2195 4029 καὶ¹
2222 3973 2559 4043 ἀγαλλίασις,
2590 3973 2747 4026 τοῦτο
2772 3974 2865 4025 καὶ
2889 3971 3217 4043 εὐφροσύνη,
3240 3971 3398 4026 τοῦτο
3421 3970 3516 4024 καὶ
3535 3968 3682 4035 δόξα.

2101 4059 2257 4129 Τάχα
2288 4074 2340 4111 τι
2393 4058 2528 4127 πρὸς
2555 4056 2745 4128 ἡδονὴν
2779 4056 3034 4118 ἐπάθετε,
3073 4056 3168 4109 καὶ
3199 4058 3256 4110 ἐν
3298 4054 3566 4125 ἐπιθυμίᾳ
3588 4054 3688 4123 τῆς

2103 4140 2263 4210 δόξης
2297 4140 2512 4213 ἐκείνης
2542 4139 2826 4209 γεγόνατε.

2175 4317 2246 4381 γ’.
2292 4309 2432 4365 Ἀλλ’
2458 4308 2513 4363 εί
2536 4325 2600 4377 γε
2627 4305 2975 4379 βουληθείητε
3010 4299 3402 4375 παραινοῦντος
3426 4301 3656 4357 ἀκοῦσαι
3676 4342 3690 4362 ,

2107 4395 2202 4449 καὶ
2221 4395 2335 4466 μετ’
2351 4392 2639 4455 εὐλαϐείας
2651 4390 2750 4463 τὴν
2775 4389 3056 4462 παροῦσαν
3071 4386 3376 4457 δοξολογίαν
3394 4385 3688 4446 ποιεῖσθαι,

2105 4477 2206 4531 οὐκ
2243 4475 2708 4547 άπολειφθήσεσθε
2730 4474 2829 4546 τῆς
2871 4474 3128 4544 τοιαύτης
3154 4473 3349 4545 χαρᾶς·
3380 4470 3541 4534 αὐτὸς
3580 4470 3691 4539 γάρ

2107 4561 2256 4614 ἐστιν
2284 4561 2490 4622 ἐκεῖνος
2519 4557 2860 4629 όΔεσπότης,
2892 4558 2921 4611 ὁ
2948 4557 3043 4610 καὶ
3070 4558 3127 4610 ἐν
3165 4557 3435 4628 οὐρανοῖς,
3460 4554 3553 4608 καὶ
3597 4554 3691 4606 ἐπὶ

2105 4644 2208 4715 γῆς
2229 4642 2598 4713 δοξαζόμενος·
2635 4640 2877 4710 Πλήρης
2904 4640 3013 4711 7&9
3041 4643 3074 4694 ό
3100 4639 3375 4708 οὐρανὸς,
3403 4637 3559 4709 φησὶ,
3593 4635 3694 4690 καὶ
3748 4666 3787 4677 -

2110 4725 2225 4800 [99]
2254 4728 2293 4796 ἡ
2317 4724 2395 4796 τῆ
2417 4723 2529 4792 τῆς
2551 4724 2738 4792 δόξης
2760 4723 2969 4777 αὐτοῦ.
2997 4721 3120 4785 Πῶς
3138 4718 3232 4775 οὖν
3248 4723 3430 4774 ἐκεῖνα
3451 4720 3549 4789 τῆς
3570 4735 3692 4773 τοσ-

2110 4809 2281 4881 αύτης
2319 4801 2660 4881 εὐφροσύνης
2686 4805 3050 4869 ἀπολαύοντα,
3082 4803 3234 4874 φόϐῳ
3269 4802 3473 4873 ταύτην
3502 4803 3694 4872 ἀναμι-

2110 4903 2396 4971 γνύουσιν;
2429 4901 2695 4954 ’Ἄκουσον
2712 4898 2766 4952 τί
2790 4914 2955 4968 φησιν
2985 4898 3015 4949 ό
3053 4897 3359 4965 προφήτης·
3392 4890 3572 4949 Εἶδον
3587 4896 3695 4947 τὸν

2112 4987 2332 5054 Κύριον
2356 4982 2696 5052 καθήμενον
2709 4980 2806 5034 ἐπὶ
2826 4980 3042 5047 θρόνου
3057 4977 3301 5047 ὑψηλοῦ
3316 4977 3415 5031 καὶ
3441 4978 3695 5047 ἐπηρμέ-

2112 5089 2244 5127 νου.
2273 5070 2428 5132 Τίνος
2451 5069 2634 5121 ἕνεκεν
2664 5066 2725 5119 τὸ
2755 5064 2957 5135 ὑψηλὸν
2985 5063 3176 5126 εἰπὼν,
3199 5064 3294 5117 καὶ
3307 5062 3369 5116 τὸ
3386 5065 3694 5134 ἐπηρμένον

2115 5154 2452 5229 προσέθηκε;
2479 5152 2554 5224 μὴ
2592 5151 2700 5220 7&9
2721 5150 2820 5202 οὐκ
2844 5150 3002 5219 ἢρκει
3033 5147 3120 5201 διά
3138 5147 3232 5201 τοῦ
3268 5146 3472 5218 ὑψηλοῦ
3498 5148 3560 5201 τὸ
3585 5149 3696 5201 πᾶν
3786 5142 3795 5145 τ

2118 5242 2360 5312 σημᾶναι
2382 5234 2538 5290 Ιιτοῦ
2577 5234 2923 5304 πράγματος,
2979 5230 3073 5285 καὶ
3098 5230 3268 5296 δεῖξαι
3296 5230 3359 5284 τδ
3397 5230 3497 5302 τῆς
3539 5229 3696 5296 ἀξίας

2182 5404 2208 5443 8
2233 5401 2368 5452 Unus
2386 5415 2413 5451 a
2437 5382 2621 5449 Sévilio
2640 5399 2688 5447 in
2711 5408 2866 5460 marg.
2890 5392 3069 5445 allatus
3088 5394 3120 5453 ἢ
3143 5392 3597 5456 ἐξομολογουμένων.

2179 5462 2210 5504 Ιι
2231 5464 2366 5514 Unus
2385 5461 2747 5525 προτρέπεσθαι.

2186 5526 2201 5567 1
2236 5509 2788 5586 ⁷ΙΪοιῙιῖσθςιιιἰιιροπτρέειιεμ
2830 5519 2922 5586 Sic
2945 5519 3043 5586 dup
3084 5528 3212 5586 mss_:
3241 5513 3373 5586 iuer
3404 5509 3600 5586 quidem
3640 5510 3697 5583 ἀ-

2148 5571 2411 5637 amiciat
2433 5571 2483 5634 ἐν
2520 5571 2701 5648 τρόμῳ,
2749 5588 2802 5631 et
2846 5582 2969 5630 infra
3013 5581 3133 5628 item
3172 5571 3484 5647 ἀγαλλιᾶσθαι
3523 5571 3570 5619 ἐν
3614 5572 3696 5654 φό-

2231 5658 2280 5680 οι
2309 5650 2380 5680 ςίο
2401 5645 2585 5680 ιοσίιιιπ-
2603 5648 2808 5680 invnrcn
2831 5641 3033 5680 αοριιηιιὶ
3056 5638 3228 5680 ηςυιιῐηι
3251 5647 3395 5680 supra
3415 5632 3589 5680 allato:
3609 5632 3695 5680 sed

2122 5638 2210 5715 ϐιρ,
2231 5658 2284 5698 et
2308 5650 2380 5697 sic
2401 5638 2585 5710 legitur
2603 5638 2808 5695 in'v'ersu
2831 5641 3034 5715 secundi
3056 5638 3228 5699 psalmi
3251 5647 3395 5694 supra
3415 5638 3589 5690 allato;
3609 5638 3693 5708 εει]

2122 5721 2330 5773 utraque
2355 5711 2506 5773 lectio
2526 5708 2764 5773 quatit-att
2786 5694 3693 5773 potuItquephrifosttgtuuiﬂagito:

2117 5756 2517 5823 ééilﬁum'réin
2539 5756 2842 5830 ἀγάλλεσθάι,
2864 5756 2995 5827 quod
3018 5760 3228 5821 idipsum
3261 5760 3365 5818 est;
3379 5756 3527 5820 idque
3550 5756 3703 5807 etiam

2118 5837 2170 5886 in
2188 5847 2324 5885 more
2348 5832 2515 5883 habet.
2842 5885 2856 5900 ι

2182 5907 2199 5962 _l
2232 5897 2434 5962 Aliquot
2455 5904 2568 5962 ωξε.
2585 5890 2965 5962 ἀστράπτουσης.

2181 5959 2207 5997 κ
2236 5954 2368 6008 Unus
2386 5957 2440 6004 τὸ
2465 5959 2557 6002 πᾶν
2579 5954 2880 6011 ἐπισημᾶναι.
