4048 6208
280 319 358 374 fill
1268 319 1333 375 ΙΝ
1373 320 1593 384 ILLUD,
1635 315 1770 373 VIDI
1812 315 2139 389 DOMINUM,
2178 321 2406 380 HOMIL.
2450 325 2486 380 Ι.

278 432 1056 504 sedemincomprehensibilcm
1100 436 1515 493 demonstraret.
1563 434 1818 504 Quando-

273 525 459 598 quidem
499 525 632 596 apud
661 539 760 581 nos
799 526 943 596 quod
984 527 1255 584 excelsum
1293 537 1378 583 est
1443 527 1822 598 cogitationem

274 617 524 691 quamdam
552 617 751 689 praebet
787 620 1199 690 comparationis
1243 619 1311 674 ad
1355 634 1418 674 ea
1445 633 1566 690 quae
1596 618 1820 673 humilia

271 718 376 767 sunt
418 722 478 763 ac
527 707 871 764 submissiora
912 727 925 762 :
967 710 1130 765 veluti
1181 710 1388 767 excelsi
1428 719 1553 766 sunt
1605 718 1819 765 montes

271 802 629 874 campestribus
651 811 700 858 et
749 802 985 873 planitiei
1023 804 1313 875 comparati
1342 821 1357 861 :
1387 805 1660 860 excelsum
1689 803 1819 858 item

267 895 432 950 caelum
453 893 516 949 ab
539 893 788 950 omnibus
811 895 1041 951 terrenis
1063 896 1344 952 altitudine
1371 907 1634 953 remotum
1659 913 1675 963 ;
1706 910 1818 952 ca:-

268 997 415 1043 terum
443 987 550 1042 haec
577 986 878 1042 sublimitas
904 997 957 1043 et
982 988 1208 1045 altitudo
1229 989 1398 1044 solius
1427 999 1508 1044 est
1536 989 1681 1043 illius
1716 1003 1814 1043 na-

267 1091 382 1136 tura:
428 1080 1016 1150 incomprehensibilis,
1063 1095 1222 1150 quam
1265 1095 1439 1152 neque
1489 1082 1817 1152 cogitatione

261 1172 532 1242 concipere,
560 1186 738 1241 neque
767 1171 947 1227 verbis
991 1172 1168 1242 eloqui
1193 1174 1471 1243 quisquam
1502 1181 1696 1242 potest,
1723 1187 1814 1226 co-

262 1278 349 1331 que
368 1262 484 1317 dicit
513 1279 526 1316 :
564 1261 685 1316 Vidi
708 1262 986 1316 Dominum
1008 1263 1260 1317 sedentem
1295 1263 1350 1317 in
1388 1263 1518 1316 solio
1542 1264 1738 1318 excelso
1765 1273 1812 1318 et

259 1352 438 1406 eiurato.
464 1351 567 1408 Sed
596 1353 726 1424 quid
757 1360 1016 1422 prteterea
1047 1351 1248 1419 vidisti,
1291 1367 1325 1409 o
1353 1353 1656 1424 propheta?
1685 1353 1810 1424 quid

258 1447 378 1500 circa
418 1445 557 1500 illum
593 1445 890 1516 spectasti?
919 1445 988 1500 Et
1025 1445 1299 1517 Serapltim
1342 1446 1562 1513 stabant,
1616 1447 1806 1517 inquit,

256 1537 299 1590 in
329 1537 521 1590 circuitu
548 1538 666 1607 ejus
693 1534 844 1609 (lsai.
892 1536 947 1592 6.
989 1535 1068 1607 2).
1098 1536 1236 1604 Quid
1287 1536 1550 1592 faciebant
1593 1545 1647 1592 et
1683 1537 1809 1607 quid

254 1627 490 1692 dicebant,
517 1643 625 1698 qua
674 1627 865 1684 fiducia
917 1628 1271 1685 fruebantur?
1309 1628 1524 1684 Fiducia
1565 1629 1802 1699 quidem,

254 1719 414 1790 inquit,
439 1720 603 1784 nulla,
638 1734 824 1774 verum
851 1719 1062 1774 timoris
1085 1735 1148 1775 ac
1175 1721 1412 1790 stuporis
1442 1729 1595 1775 erant
1625 1720 1802 1790 plena,

253 1808 348 1876 ipsa
385 1808 536 1863 etiam
579 1808 767 1878 specie
819 1818 1020 1864 metum
1078 1808 1400 1865 ineffabilem
1455 1810 1804 1865 declarantia.

252 1899 437 1955 Duabus
460 1899 603 1954 enim
635 1899 737 1955 alis
759 1899 1010 1955 velabant
1037 1899 1249 1968 faciem,
1277 1901 1440 1956 simul
1469 1902 1806 1958 excludentia

249 1990 428 2045 radium
455 2005 484 2046 e
520 1990 667 2046 solio
691 1991 1070 2061 prodeuntem,
1102 2007 1170 2048 eo
1196 1993 1338 2063 quod
1369 1991 1512 2050 ferre
1542 2009 1646 2049 non
1679 2009 1806 2064 pos-

247 2090 347 2136 sent
371 2083 678 2138 immensam
711 2081 853 2137 illius
881 2083 1125 2152 gloriam,
1159 2083 1519 2141 simulantem
1565 2092 1620 2139 et
1649 2099 1801 2139 suam

247 2174 520 2245 religionem
545 2189 615 2230 ac
645 2176 1000 2232 reverentiam
1024 2175 1394 2246 significantia,
1425 2191 1584 2248 quam
1608 2175 1806 2232 habent

243 2281 348 2336 erga
373 2267 678 2322 Dominum.

300 2357 391 2411 Cur
414 2355 689 2428 Seraphim
717 2357 899 2429 [aciem
927 2366 976 2411 et
1004 2359 1153 2427 pedes
1180 2359 1359 2414 velent.
1380 2388 1452 2398 —
1469 2358 1583 2414 Tali
1612 2359 1804 2430 gaudio

239 2450 440 2518 gaudent
465 2451 551 2506 illa
577 2492 594 2516 ,
633 2451 724 2506 tali
767 2451 950 2506 lmtitia
983 2451 1284 2516 exsultant,
1315 2467 1414 2507 nec
1440 2453 1612 2507 solum
1641 2453 1802 2509 facies

239 2540 408 2608 velant,
433 2557 620 2597 verum
644 2551 698 2597 et
719 2541 902 2612 pedes.
931 2542 1287 2609 Quamobrem
1315 2543 1417 2598 hoc
1444 2543 1676 2599 faciunt?
1701 2544 1802 2598 Fa-

236 2631 329 2686 cies
362 2632 562 2702 quidem
607 2633 806 2688 merito
839 2633 1018 2690 velant
1057 2644 1276 2705 propter
1301 2635 1644 2690 metuendum
1674 2649 1800 2705 spc-

235 2723 495 2791 ctaculum,
533 2723 793 2796 quodque
831 2739 938 2780 non
979 2726 1182 2795 possint
1217 2726 1543 2782 inaccessam
1577 2727 1800 2798 gloriam

235 2814 412 2869 obtucri
441 2831 456 2870 :
489 2829 684 2871 verum
726 2815 889 2886 pedes
925 2831 1089 2887 quare
1116 2817 1272 2872 simul
1301 2817 1516 2874 velant?
1545 2821 1622 2874 Ac
1649 2819 1797 2875 vole-

235 2904 337 2960 bam
359 2906 558 2976 quidem
589 2907 749 2963 vobis
777 2907 879 2963 hoc
905 2908 1225 2978 relinquere,
1253 2916 1313 2963 ut
1340 2908 1439 2979 ipsi
1469 2909 1608 2966 circa
1642 2910 1798 2980 hujus

233 2997 298 3051 rei
312 2998 618 3056 solutionem
639 2998 974 3066 laboraretis,
993 2999 1237 3070 circaque
1252 2999 1602 3070 spiritualium
1619 3016 1796 3056 rerum

234 3091 605 3161 vestigationem
637 3091 927 3163 vigilaretis
955 3109 970 3146 :
997 3100 1254 3147 czeterum
1283 3107 1352 3147 ne
1378 3102 1609 3148 vestram
1647 3095 1794 3164 cogi-

234 3182 454 3238 tationem
497 3185 648 3240 circa
692 3183 849 3254 hujus
891 3183 1288 3254 inquisitionem
1331 3185 1586 3240 intentam
1629 3186 1796 3240 relin-

231 3286 404 3342 quens,
422 3275 470 3330 id
490 3276 728 3332 efficiam
745 3285 803 3330 ut
822 3275 1235 3331 admonitionem
1259 3276 1552 3348 negligatis,
1578 3292 1796 3334 necesse

230 3373 299 3418 est
323 3375 372 3421 ut
402 3368 499 3423 hoc
524 3369 709 3424 obiter
733 3367 958 3422 solvam.
990 3367 1166 3436 Quare
1203 3368 1362 3438 igitur
1391 3368 1554 3439 pedes
1582 3371 1796 3424 velant?

233 3453 635 3527 lncxplicabilem
656 3473 779 3528 erga
799 3457 1143 3513 Conditorem
1169 3459 1520 3514 reverentiam
1543 3459 1796 3516 exhibere

229 3551 434 3619 student,
461 3553 796 3622 multamque
820 3552 1140 3608 anxietatem
1171 3561 1279 3607 tum
1307 3553 1422 3622 ipso
1448 3551 1650 3620 habitu,
1683 3563 1792 3608 tum

231 3656 339 3697 voce
360 3685 374 3708 ,
404 3654 508 3699 tum
537 3654 764 3716 aspectu
788 3685 804 3712 ,
835 3645 1064 3715 denique
1092 3645 1206 3714 ipsa
1235 3646 1485 3702 statione.
1534 3647 1794 3716 Quoniam

229 3732 367 3801 igitur
402 3734 450 3789 id
487 3736 637 3806 quod
678 3735 986 3791 desiderant
1021 3736 1271 3806 quodque
1308 3737 1657 3792 conveniebat
1687 3749 1802 3795 non

227 3836 572 3895 assequunlur,
603 3828 874 3883 occultant
901 3827 1096 3882 idcirco
1118 3827 1351 3898 undique
1376 3828 1641 3884 defectum
1665 3829 1792 3886 dum

227 3928 275 3969 se
296 3915 699 3989 circumtegunt.
731 3917 922 3972 Utrum
947 3917 1240 3988 intelligitis
1288 3917 1431 3988 quod
1459 3919 1657 3974 dictum
1687 3929 1790 3988 est,

228 4019 281 4056 an
305 4021 469 4074 opera:
499 4009 736 4078 pretium
765 4012 848 4064 est
873 4016 930 4062 ut
963 4007 1101 4063 idem
1131 4007 1308 4063 denuo
1335 4009 1610 4078 repetam?
1639 4010 1751 4080 Age
1774 4052 1790 4079 ,

226 4103 274 4148 ut
296 4097 386 4152 hoc
409 4097 599 4154 faciam
627 4099 910 4154 dilucidius
934 4140 950 4166 ,
979 4114 1044 4154 ex
1069 4114 1249 4154 rerum
1274 4109 1576 4154 nostrarum
1607 4115 1792 4156 exem-

227 4188 311 4252 plis
333 4192 664 4246 manifestum
695 4191 870 4246 facere
892 4191 1146 4246 conabor.
1173 4191 1385 4245 Assistit
1409 4190 1600 4260 aliquis
1627 4201 1794 4247 terre-

225 4293 282 4330 no
301 4283 399 4350 regi
424 4284 781 4352 omnibusque
805 4282 978 4336 modis
1005 4283 1241 4349 molitur,
1266 4293 1322 4337 ut
1347 4284 1790 4354 quamplurimum

224 4382 328 4436 erga
359 4373 500 4426 illum
533 4374 889 4428 reverentiam
918 4373 1189 4437 exhibeat,
1222 4389 1329 4444 quo
1360 4389 1455 4444 per
1485 4375 1587 4430 hoc
1620 4377 1636 4407 ¹
1673 4392 1788 4431 ma-

220 4457 369 4526 jorem
407 4464 548 4520 illius
584 4480 710 4535 erga
753 4479 814 4519 se
850 4465 1098 4520 conciliet
1135 4466 1579 4522 benevolentiam.
1626 4467 1791 4538 Cujus

221 4553 368 4617 gratia
403 4555 583 4624 specie
612 4555 800 4625 capitis
821 4595 837 4621 ,
871 4555 981 4624 ipsa
1021 4570 1152 4610 voce
1172 4598 1187 4622 ,
1217 4557 1327 4626 ipsa
1359 4572 1609 4613 manuum
1639 4573 1790 4614 com-

223 4644 484 4712 positione,
509 4647 622 4717 ipsa
646 4646 836 4718 pedum
858 4647 1248 4718 conjunctione,
1273 4650 1534 4722 totiusque
1549 4653 1790 4722 corporis

276 4841 290 4871 '
325 4847 438 4904 Reg.
453 4841 591 4909 iss:
616 4857 628 4893 :
654 4844 849 4895 Multam
886 4845 1201 4909 reuerentiam
1229 4857 1347 4909 erga
1375 4847 1684 4909 conditorem
1705 4848 1789 4900 Ita-

220 4900 333 4978 ῥέπει..
544 4914 737 4978 stupore
779 4905 1124 4978 percellimur.
1151 4900 1306 4978 pnas?
1321 4908 1520 4978 aﬂ'ectus
1550 4916 1650 4959 tum
1686 4925 1790 4978 tpso

223 4963 384 5023 habitu,
408 4974 510 5016 tum
527 4963 657 5026 voce,
682 4963 791 5033 tum'
804 4975 1018 5033 aspectu,
1046 4963 1254 5033 denique
1275 4963 1380 5032 ips-ti
1404 4971 1602 5021 statione
1623 4963 1790 5033 expri-

222 5037 335 5075 mere
355 5035 609 5078 conantur.
634 5030 867 5093 Quoniam:
884 5030 1033 5093 igitur
1055 5031 1126 5082 sic
1147 5030 1300 5093 etiam'
1329 5033 1457 5091 quod
1483 5033 1620 5083 decet
1641 5030 1788 5084 attin-

218 5098 318 5158 gere
337 5103 429 5158 non
707 5105 759 5142 se
794 5092 998 5158 nefando
1033 5092 1244 5157 undique
1282 5093 1785 5158 defectumgsupplent.

228 5151 662 5218 {trmnintellt'gitis
683 5155 810 5218 quod
835 5153 1016 5218 dictum
1041 5161 1127 5213 est,
1149 5151 1215 5218 un
1237 5151 1398 5215 operte
1415 5151 1622 5218 pretium
1640 5151 1714 5207 'cst
1737 5165 1788 5208 ut

222 5207 336 5260 idem
360 5215 514 5278 denuo
551 5207 801 5278 repetam?
822 5215 1046 5278 equidem
1089 5207 1210 5266 mihi
1246 5207 1557 5278 repetendum
1578 5207 1785 5269 videtur.

225 5283 305 5378 spe
335 5274 499 5337 igitur,
528 5283 576 5324 et
609 5276 692 5326 hoc
769 5277 984 5327 lucidum
1027 5291 1093 5324 ea:
1130 5274 1310 5328 rerum'
1331 5285 1605 5348 nostrarum
1626 5292 1790 5330 exem-

225 5345 302 5378 Dn
329 5336 519 5378 fatim-
572 5344 624 5378 ιιῖι
666 5346 794 5378 τρι-ηρ
861 5340 943 5378 dir.
973 5341 1106 5378 mihi
1159 5344 1242 5378 mli
1283 5352 1386 5378 rom
1415 5347 1607 5378 ament,
1636 5353 1788 5378 nnnnn

224 5336 302 5407 ptis
325 5336 519 5407 (etimit.
571 5344 624 5386 Et
666 5346 813 5396 certe,
847 5340 943 5407 uix:
973 5341 1110 5398 mihi,
1143 5344 1242 5407 qui
1282 5352 1386 5407 regt
1404 5339 1612 5407 assistit,
1636 5353 1788 5393 nonne

226 5399 474 5462 minando
491 5407 688 5462 tantum
722 5401 989 5452 maximam
1005 5415 1121 5462 erga
1137 5399 1278 5451 illum
1297 5399 1527 5452 eihibere
1564 5415 1789 5452 reveren-

221 5456 365 5526 tiam?
391 5460 570 5526 [ft-ocul
597 5462 770 5526 dubio;
811 5477 981 5525 nempe
1019 5456 1081 5514 ut”
1099 5476 1186 5526 per
1224 5464 1331 5520 hoc,
1376 5471 1475 5513 etc.
1501 5464 1657 5526 Etusic
1682 5464 1788 5526 fere

228 5521 386 5584 “Wlue
411 5522 488 5570 hic
514 5535 640 5569 unus
661 5524 843 5583 Codex,
869 5521 932 5575 ita
958 5533 1010 5575 ut
1048 5521 1304 5574 si'vellem
1334 5529 1493 5575 omnia
1517 5524 1695 5574 afferre
1717 5525 1788 5576 lc-

228 5585 418 5642 ftlonutn
439 5585 733 5642 «ιίηςτὶιιιὶιιει,
781 5588 884 5636 fere
920 5595 1017 5636 tota
1058 5588 1250 5637 homilia
1286 5589 1344 5636 ad
1372 5588 1574 5636 verbum
1599 5589 1787 5637 exscri-

231 5635 365 5688 benda
391 5653 550 5693 esset.
579 5645 620 5691 Α
643 5635 1105 5698 υυιίίιιιίειιὶηίκύωῐη
1150 5635 1365 5699 Fditione
1397 5635 1562 5698 verbis
1600 5635 1787 5699 tantum

229 5701 386 5774 digeri,
412 5718 510 5752 non
549 5707 799 5774 sensualn
827 5710 933 5759 aliis
962 5721 1122 5761 autem
1163 5712 1493 5774 atannscriptis
1524 5724 1633 5761 cum
1655 5711 1787 5762 l-‘dito

231 5762 395 5814 dilatis
413 5779 670 5829 perpauca-
692 5771 1005 5823 observantur
1025 5778 1304 5827 varietates.

3426 341 3550 426 ltlg'i

1931 437 2293 494 contractione
2338 439 2497 495 talem
2541 443 2891 499 reverentiam
2937 420 3161 503 conatur
3205 449 3512 509 ostendere.

1929 524 2042 581 lloc
2067 536 2122 582 et
2146 527 2214 583 ab
2237 529 2341 584 illis
2364 530 2692 601 incorporeis
2713 534 2993 592 virtutibus
3020 538 3354 596 observatur.
3379 540 3514 597 Cum

1926 616 2068 671 enim
2087 618 2366 688 plurimam
2388 621 2617 678 habeant
2635 639 2758 695 erga
2775 625 3119 685 Conditorem
3138 634 3513 703 reverentiam,

1925 718 1981 764 et
2010 711 2146 767 hanc
2175 713 2410 784 undique
2438 725 2698 772 conantur
2717 727 2971 788 praestare
3000 737 3016 776 :
3043 723 3238 781 deinde
3259 727 3514 794 quoniam

1924 815 2030 856 non
2052 816 2408 873 assequuntur
2423 809 2562 877 quod
2585 819 2859 880 expetunt,
2878 813 3020 883 quod
3041 815 3315 885 cupiditati
3334 816 3506 884 deest,

1921 890 2026 947 hoc
2053 895 2173 950 velo
2201 896 2472 968 obtegunt.
2518 899 2668 956 Hanc
2705 902 2775 957 ob
2813 917 3030 960 causam
3062 904 3220 976 igitur
3244 906 3407 964 facies
3443 923 3508 964 ac

1921 986 2084 1056 pedes
2113 997 2292 1059 tegere
2319 991 2586 1048 dicuntur.
2615 994 2946 1067 Quamquam
2964 1005 3048 1055 est
3065 1007 3119 1056 et
3135 999 3238 1056 alia
3259 1001 3505 1072 quaedam

1920 1077 2088 1148 magis
2115 1080 2336 1151 mystica
2362 1084 2654 1153 speculatio
2679 1101 2799 1156 qua:
2825 1086 2965 1142 circa
2992 1087 3093 1144 hoc
3113 1091 3501 1159 consideratur,

1918 1181 2024 1222 non
2054 1169 2195 1239 quod
2231 1169 2393 1240 pedes
2418 1188 2482 1228 ac
2509 1173 2672 1232 facies
2712 1177 2938 1234 habeant
2970 1179 3133 1249 (sunt
3155 1182 3296 1236 enim
3325 1183 3502 1238 incor-

1918 1274 2078 1328 porea
2103 1303 2119 1329 ,
2165 1265 2608 1334 quemadmodum
2654 1269 2828 1339 ipsum
2851 1269 3142 1344 Numen),
3171 1274 3265 1330 sed
3306 1283 3365 1330 ut
3401 1275 3502 1331 hoc

1917 1350 2180 1409 humanus
2202 1370 2382 1412 sermo
2401 1358 2634 1414 declaret
2653 1376 2716 1416 ea
2741 1362 2974 1434 undique
2998 1375 3142 1420 metu
3167 1381 3230 1422 ac
3255 1382 3503 1424 reveren-

1917 1442 1986 1496 tia
2027 1445 2214 1500 afl‘ecta
2255 1448 2457 1504 servire
2497 1450 2741 1506 Domino.
2786 1453 2877 1509 Sic
2911 1463 3125 1525 oportet
3164 1471 3263 1512 nos
3290 1472 3502 1529 quoque

1913 1535 2164 1592 assistere
2184 1579 2199 1603 ,
2232 1539 2389 1594 talem
2423 1542 2530 1596 Deo
2558 1543 2999 1614 glorificationem
3029 1549 3315 1606 offerentes
3334 1591 3352 1616 ,
3382 1566 3498 1607 me-

1916 1633 2121 1680 tuentes
2170 1642 2233 1682 ae
2262 1637 2572 1695 trementes,
2601 1649 2662 1688 ac
2685 1641 2954 1702 tamquam
2977 1637 3124 1693 illum
3149 1639 3321 1710 ipsum
3348 1655 3500 1696 men-

1915 1716 1980 1770 tis
2009 1717 2178 1772 oculis
2206 1719 2488 1776 intuentes.
2522 1723 2685 1779 Adest
2711 1725 2852 1780 enim
2879 1726 2966 1782 hic
2993 1729 3211 1784 omnino
3235 1731 3324 1800 qui
3351 1733 3500 1786 nullo

1911 1805 2029 1862 loco
2054 1808 2537 1877 circumscribitur,
2576 1829 2839 1886 vocesque
2865 1826 3074 1873 nostras
3108 1828 3374 1876 recenset.
3407 1820 3496 1877 Sic

1911 1896 2070 1967 igitur
2088 1901 2317 1956 contrito
2336 1910 2390 1956 et
2413 1902 2689 1959 humiliato
2707 1905 2870 1962 corde
2892 1907 3099 1963 laudem
3121 1909 3498 1980 depromentes

1909 1986 2195 2043 reddamus
2219 2003 2335 2044 eam
2357 2001 2653 2062 acceptam,
2676 2005 2732 2049 et
2754 1996 2898 2050 velut
2925 1997 3198 2053 incensum
3221 2000 3345 2055 boui
3366 2002 3494 2056 edo.

1909 2076 1985 2132 ris
2009 2079 2074 2132 ad
2104 2078 2292 2134 ctelum
2323 2081 2614 2137 mittamus.
2644 2081 2746 2138 Cor
2783 2085 2925 2139 enim
2945 2127 2962 2152 ,
2991 2086 3198 2157 inquit,
3228 2091 3493 2145 contritum

1909 2177 1957 2222 et
1982 2169 2301 2224 humiliation
2328 2170 2463 2227 Deus
2487 2189 2588 2228 non
2616 2174 2853 2245 despiciet
2879 2177 2897 2246 (
2925 2175 3070 2233 Psal.
3099 2180 3188 2235 50.
3221 2180 3289 2236 19
3313 2182 3351 2250 ).
3387 2182 3492 2237 Vc-

1908 2275 2026 2314 rnm
2055 2262 2309 2332 pr0pheta
2329 2303 2345 2330 ,
2376 2263 2551 2334 inquis
2571 2305 2588 2332 ,
2617 2265 2930 2322 exhortatur
2959 2278 3016 2324 ut
3039 2284 3160 2325 cum
3183 2270 3351 2341 jubilo
3373 2275 3490 2344 glo-

1906 2350 2259 2408 rificationcm
2293 2368 2608 2423 peragamus
2649 2375 2664 2412 :
2706 2357 2970 2427 anilate,
3021 2360 3224 2432 inquit,
3248 2363 3491 2428 Domino,

1906 2442 2069 2496 omnis
2094 2452 2228 2497 terra
2252 2446 2270 2513 (
2292 2444 2435 2499 Psal.
2465 2445 2554 2502 65.
2588 2445 2676 2518 l).
2724 2450 2794 2503 At
2821 2464 2996 2520 neque
3026 2465 3124 2506 nos
3153 2453 3313 2508 talem
3347 2453 3488 2523 jubi-

1905 2534 2156 2591 lationem
2191 2537 2574 2607 prohibemus,
2617 2539 2712 2595 sed
2752 2555 2938 2596 vocem
2979 2543 3320 2612 prohibemus
3361 2544 3493 2600 nihil

1905 2626 2287 2697 significantem
2313 2645 2328 2691 ;
2373 2645 2543 2700 neque
2572 2631 2914 2700 prohibemus
2941 2649 3122 2689 vocem
3155 2635 3326 2691 laudis
3348 2678 3362 2701 ,
3395 2638 3488 2692 sed

1903 2734 2090 2774 vocent
2115 2720 2456 2776 absurditatis
2479 2731 2534 2777 et
2557 2723 2898 2792 inconditam,
2920 2741 2982 2781 ac
3005 2735 3214 2784 mutuas
3237 2729 3375 2784 inter
3397 2745 3492 2785 vos

1903 2811 2304 2888 contentiones,
2334 2827 2522 2868 manus
2552 2813 2818 2870 incassum
2844 2823 3150 2888 temereque
3173 2819 3407 2875 sublatas
3434 2822 3489 2877 in

1902 2887 2099 2967 aerem,
2121 2903 2282 2972 pedes
2299 2904 2730 2973 supplaudentes,
2748 2907 3030 2963 indecoros
3051 2910 3490 2983 effeminatosqu

1903 3009 2101 3060 mores,
2129 3010 2249 3065 qua:
2272 3004 2397 3050 sunt
2417 3011 2626 3066 eorum,
2649 2999 2738 3069 qui
2760 2999 2814 3053 in
2839 2999 3058 3056 theatris
3078 3016 3140 3056 ac
3160 3003 3488 3062 circensibus

1901 3087 2042 3142 ludis
2069 3098 2369 3155 versantur,
2400 3089 2624 3145 ludicra.
2662 3091 2814 3147 Illinc
2840 3093 2992 3148 nobis
3017 3095 3314 3165 perniciosa
3339 3097 3489 3153 inve-

1901 3180 2100 3235 lnmtur
2125 3182 2387 3252 exempla,
2422 3183 2566 3239 illinc
2591 3183 2902 3256 irreligiosaa
2925 3187 3275 3260 vulgaresque
3305 3205 3484 3257 voces,

1901 3272 2048 3327 illinc
2075 3288 2326 3329 manuum
2360 3275 2552 3345 inepta:
2581 3276 3012 3346 gesticulationes
3033 3321 3048 3347 ,
3079 3282 3446 3338 contentiones
3467 3323 3484 3350 ,

1899 3367 2324 3421 concertationes
2343 3409 2358 3432 ,
2386 3381 2448 3423 ac
2473 3381 2652 3424 mores
2678 3369 3033 3440 incompositi.

1969 3457 2023 3511 4.
2067 3457 2370 3526 Spectacula
2413 3458 2616 3527 publica
2652 3460 2878 3529 vitanda,
2916 3479 3090 3531 quare.
3114 3463 3354 3520 —Nulla
3392 3482 3482 3522 res

1900 3547 2044 3602 enim
2073 3563 2222 3618 a-quc
2246 3549 2454 3619 eloquia
2479 3549 2570 3604 Dei
2596 3550 2812 3607 adducit
2838 3553 2888 3606 iu
2913 3565 3297 3625 contemptum,
3327 3569 3484 3630 atque

1899 3639 2322 3707 spectaculorum
2353 3655 2471 3710 qua:
2498 3641 2604 3695 illic
2632 3655 3000 3714 proponuntur
3025 3645 3325 3702 admiratio.
3355 3649 3482 3703 l‘rn-

1901 3729 2023 3783 inde
2053 3729 2356 3799 frequenter
2379 3746 2472 3786 vos
2503 3731 2742 3788 hortatus
2771 3750 2909 3802 sum,
2940 3750 3007 3791 ne
3033 3738 3152 3808 quis
3181 3753 3366 3795 eorum
3390 3743 3479 3811 qui

1899 3819 2004 3874 huc
2031 3819 2353 3887 adveniunt,
2381 3821 2665 3893 divinaque
2692 3823 2934 3881 doctrina
2964 3827 3208 3885 fruuntur
3227 3871 3242 3896 ,
3286 3833 3482 3903 quique

1900 3911 2164 3965 tremendi
2191 3925 2254 3965 ac
2283 3913 2490 3982 mystici
2522 3916 2804 3986 participes
2830 3926 2956 3973 sunt
2981 3921 3226 3976 sacrificii
3246 3963 3261 3988 ,
3289 3923 3356 3978 ad
3393 3925 3480 3980 illa

1898 4002 2001 4058 iret
2027 4001 2328 4072 spectacula
2352 4043 2367 4068 ,
2396 4018 2498 4058 neu
2529 4004 2703 4060 divina
2732 4021 2850 4061 cum
2882 4007 3222 4066 da-moniacis
3253 4016 3478 4068 commi-

1897 4104 2072 4149 sceret
2096 4095 2370 4166 mysteria.
2417 4096 2666 4153 Attamen
2708 4101 2951 4155 nonnulli
2981 4117 3148 4172 usque
3171 4103 3307 4159 adeo
3333 4106 3473 4160 insa-

1897 4185 2069 4250 niunt,
2096 4193 2156 4240 ut
2179 4184 2338 4241 etiam
2365 4200 2485 4240 cum
2514 4187 2746 4256 speciem
2774 4190 3048 4258 gravitatis
3075 4206 3140 4248 ac
3166 4196 3482 4251 reverentiae

1896 4277 2106 4346 plenam
2137 4276 2538 4342 circumferant,
2567 4287 2620 4333 et
2648 4279 2715 4333 ad
2740 4279 3051 4350 profundam
3078 4285 3327 4342 canitiem
3353 4302 3478 4358 per-

1895 4370 2178 4434 venerint,
2207 4369 2376 4424 nihilo
2404 4384 2559 4426 secus
2587 4383 2802 4428 currant
2833 4373 2900 4428 ad
2929 4375 3016 4430 illa
3037 4418 3053 4444 ,
3083 4391 3254 4448 neque
3281 4381 3479 4436 nostris

1895 4461 2230 4516 sermonibus
2276 4461 2631 4518 auscultantes
2659 4504 2674 4527 ,
2720 4479 2892 4535 neque
2943 4469 3209 4539 propriam
3258 4473 3474 4527 reveriti

1895 4552 2147 4623 speciem.
2198 4553 2394 4609 Verum
2423 4553 2631 4625 quoties
2659 4553 2736 4610 eis
2765 4554 2906 4611 hunc
2944 4572 3245 4614 sermonem
3276 4561 3473 4633 ingeri-

1896 4663 2048 4716 mus,
2081 4657 2133 4702 et
2161 4657 2217 4702 ut
2241 4647 2487 4704 canitiem
2517 4648 2934 4720 gravitatemque
2953 4665 3102 4706 suam
3131 4664 3478 4710 revercantur

1894 4739 2243 4794 adhortamur
2269 4781 2283 4805 ,
2315 4755 2476 4809 quam
2515 4739 2732 4795 frivolus
2761 4740 2966 4795 illorum
2991 4783 3007 4808 ,
3037 4759 3194 4812 quam
3221 4744 3477 4803 ridiculus

1895 4832 2106 4886 sermo!
2137 4831 2473 4902 Exemplum,
2504 4829 2780 4901 inquiunt,
2812 4831 3048 4886 victoria:
3075 4849 3194 4904 qua:
3219 4835 3271 4890 in
3297 4835 3472 4892 futurr

1894 4925 2088 4980 sa'culo
2108 4925 2210 4980 erit
2234 4935 2288 4981 et
2311 4939 2629 4980 coronarum
2655 4926 2890 4993 suutilla
2919 4925 3304 4999 plurimamque
3326 4929 3472 4986 illinc

1894 5019 2175 5074 utilitatem
2201 5016 2500 5072 referimus.
2528 5015 2665 5083 Quid
2690 5016 2769 5071 ais
2791 5058 2806 5083 ,
2833 5017 3032 5072 homo?
3057 5015 3340 5076 Obsoletus
3376 5021 3476 5077 iste

1892 5123 2072 5164 sermo
2098 5109 2114 5138 ¹
2141 5115 2222 5161 est
2248 5121 2310 5162 ac
2330 5105 2552 5161 fallacia
2576 5106 2786 5177 plenus.
2816 5105 2965 5164 Unde
2987 5109 3263 5165 utilitatem
3285 5109 3478 5166 isthinc

1893 5199 2102 5254 refers?
2131 5215 2197 5253 cx
2223 5197 2512 5253 innumeris
2537 5198 2985 5267 contentionibus,
3008 5215 3072 5276 ex
3096 5209 3299 5259 temere
3325 5203 3475 5258 factis

1889 5291 2208 5361 jnramentis
2235 5292 2285 5344 in
2315 5291 2567 5344 damnum
2597 5289 2964 5359 loquentium?
2999 5308 3066 5346 an
3102 5309 3168 5348 cx
3196 5301 3472 5348 contume-

1893 5383 1979 5438 liis
2005 5425 2018 5447 ,
2054 5383 2307 5437 conviciis
2326 5423 2340 5446 ,
2371 5382 2854 5454 scommatibusque
2877 5424 2892 5449 ,
2923 5383 3111 5452 quibus
3151 5392 3478 5453 spectatores

1893 5472 2153 5543 ejusmodi
2181 5487 2355 5528 rerum
2383 5487 2440 5527 se
2461 5485 2645 5527 mutuo
2669 5472 3059 5542 conSpergunti
3086 5470 3275 5525 Verum
3295 5485 3361 5524 ex
3382 5468 3466 5522 his

1895 5565 2023 5621 nihil
2057 5565 2294 5619 utilitatis
2324 5563 2389 5619 ad
2420 5572 2470 5619 te
2500 5565 2636 5619 redit
2670 5581 2682 5617 :
2717 5578 2787 5618 an
2817 5577 2945 5616 vero
2975 5562 3136 5616 ullam
3158 5563 3374 5620 omnino
3393 5577 3457 5619 ex

1959 5773 1974 5802 ⁸
2011 5768 2165 5826 Alius,
2192 5773 2321 5816 teste
2343 5763 2534 5823 Savilio,
2561 5759 2795 5812 ridiculus
2811 5757 2899 5809 istc
2921 5769 3095 5808 sermo.
