4048 6208
622 418 720 475 103

620 523 984 596 incompositis
1007 517 1224 575 vocibus
1248 553 1264 580 ,
1289 521 1343 567 et
1381 508 1518 566 nihil
1559 499 2155 596 signiﬁcante-clamore
2178 529 2195 554 ,

1343 399 1401 456 3.
1439 391 1714 453 JOANNIS
1747 375 2217 446 CHRYSOSTOMI
2257 373 2576 434 ARCHIEP.
2616 371 3144 431 CONSTANTINOP.

2307 491 2445 545 male
2481 491 2740 553 vivimus,
2775 489 2905 543 nihil
2936 489 3156 543 interest
3182 483 3354 557 qualis
3389 483 3483 540 ille
3508 483 3602 548 sit,
3637 496 3864 556 quantum

3781 363 3866 420 104

621 632 755 687 eque
1021 607 1113 678 qui
1141 575 1418 666 emittitur,
1451 607 1560 652 tum
1590 575 1658 649 ex
1689 593 1754 646 iis
1779 589 1868 660 qui
1901 584 2200 655 impellunt,
2227 576 2262 592 ‘
2307 581 2374 636 ad
2399 595 2614 636 causam
2639 581 2918 635 malorum.
2949 578 3050 646 Qui
3077 579 3156 632 sic
3175 621 3190 644 ,
3217 587 3308 631 aut
3330 575 3536 647 quare?
3562 575 3804 642 Quoniam
3827 579 3865 631 si

622 677 708 777 qui
733 677 837 759 vim
861 677 1076 764 iaciunt,
1096 695 1186 767 qui
1206 707 1386 748 coram
1409 685 1716 742 mulieribus
1735 680 1955 737 delicias
1975 677 2200 736 faciunt,

627 765 903 851 utilitatem
925 765 1168 856 colligis?
1194 781 1353 851 Atqui
1383 779 1470 834 hic
1491 775 1706 848 quidem
1729 773 1902 842 ipsum
1926 765 2204 856 Dominum

629 885 935 956 angelorum
963 854 1151 934 omnes
1175 872 1446 945 prophetia
1462 868 1814 932 doctoresque
1837 872 1998 928 super
2014 854 2204 910 solium

620 947 894 1034 excelsum
920 982 974 1028 et
998 969 1263 1026 elevatum
1287 961 1592 1024 ostendunt,
1618 957 1786 1025 iisque
1807 950 1897 1022 qui
1918 947 2060 1019 digni
2085 951 2209 1000 sunt

628 1069 806 1124 bravia
831 1073 883 1119 et
910 1065 1138 1119 co‘ronas
1159 1055 1583 1115 distribuenteln,
1609 1044 1839 1116 indignis
1859 1055 1986 1097 vero
2009 1038 2211 1110 gehen-

549 1168 552 1170 ’
627 1175 750 1215 nam
790 1168 845 1214 et
879 1156 1056 1226 ignem
1098 1151 1493 1219 assignantem;
1538 1151 1592 1198 et
1627 1139 1742 1209 ipse
1770 1137 1928 1192 etiam
1957 1130 2210 1187 Dominus

632 1253 732 1306 hoc
760 1220 1059 1304 conﬁrmat.
1107 1237 1371 1309 Numquid
1413 1236 1528 1290 haec
1551 1231 1763 1303 quidem
1793 1223 2091 1282 contemnis
2113 1262 2129 1288 ,
2157 1220 2210 1273 in

627 1344 815 1414 quibus
847 1339 1005 1393 etiam
1031 1331 1366 1390 conscientiae
1394 1338 1567 1382 terror
1594 1331 1695 1387 est,
1721 1330 1774 1374 et
1802 1319 2058 1372 factorum
2086 1311 2206 1366 red-

631 1410 837 1504 argutio
886 1430 1256 1494 rationllmque
1305 1415 1692 1475 reddendarum
1720 1410 1982 1470 anxietas,
2013 1413 2068 1459 et
2093 1417 2216 1471 sup—

531 1544 544 1548 ·
633 1496 847 1594 plieium
874 1515 1178 1573 inevitabile
1205 1531 1218 1564 :
1248 1521 1305 1565 tlt
1325 1519 1501 1563 autem
1523 1502 1805 1559 absurdam
1829 1496 2068 1554 invenias
2093 1508 2218 1564 spe-

634 1586 964 1668 ctaelllorum
991 1647 1006 1671 ,
1047 1604 1238 1675 quibus
1267 1610 1554 1668 suspensus
1583 1592 1776 1655 inhias,
1795 1586 2214 1648 excusationem,

638 1701 771 1754 dicis
802 1707 854 1754 te
883 1697 1161 1751 utilitatem
1189 1704 1380 1761 capere
1409 1703 1474 1758 ex
1505 1685 1584 1739 his
1604 1724 1620 1749 ,
1647 1698 1712 1737 ex
1740 1679 1933 1750 quibus
1957 1677 2218 1746 jacturam

640 1790 837 1862 pateris
882 1780 1359 1852 inconsolabilem?
1406 1779 1555 1847 Rogo
1597 1774 1756 1829 etiam
1805 1781 1965 1840 atque
2012 1767 2217 1822 etiam:

638 1858 992 1948 obsecroque,
1021 1891 1090 1931 ne
1116 1871 1488 1930 excusationes
1516 1878 1830 1922 excusemus
1856 1863 1907 1915 in
1942 1858 2172 1929 peccatis
2201 1874 2216 1910 :

640 1979 928 2043 prmtextus
967 1968 1106 2024 enim
1147 1965 1245 2020 ista
1285 1971 1409 2016 sunt
1444 1975 1507 2014 ac
1541 1957 1783 2026 deceptio
1805 1995 1820 2019 ,
1852 1953 2044 2023 quibus
2070 1949 2224 2004 nobis

645 2021 924 2043 τ-ηη-νη
1675 2021 1690 2026 -
1872 2021 1886 2023 -

645 2063 774 2132 ipsis
803 2061 1052 2115 damnum
1079 2056 1421 2111 accersimus.
1449 2049 1650 2104 Verum
1680 2047 1747 2100 de
1778 2045 1860 2098 his
1890 2042 2102 2112 quidem
2129 2021 2247 2093 ha-l

642 2162 828 2208 etenus
859 2168 872 2203 :
905 2157 1116 2216 tempus
1145 2152 1321 2199 autem
1353 2151 1432 2195 est
1459 2147 1516 2192 llt
1539 2138 1649 2206 jam
1687 2134 1752 2189 ad
1783 2134 2012 2204 priorem
2045 2144 2222 2184 recur-

644 2255 822 2297 ranlus
857 2235 1271 2292 admonitionem
1294 2272 1310 2295 ,
1337 2240 1497 2299 atque
1541 2235 1598 2281 ut
1625 2225 1806 2295 paucis
1841 2222 1907 2277 de
1935 2236 1998 2277 ea
2026 2217 2227 2289 loquuti

645 2333 881 2387 debitum
918 2326 1141 2382 orationi
1174 2324 1332 2377 tinem
1359 2322 1714 2388 imponamus.
1753 2314 1936 2383 Neque
1958 2312 2097 2367 enim
2126 2311 2229 2364 hoc

650 2423 821 2480 solum
850 2429 1118 2490 peccatur,
1145 2412 1285 2484 quod
1311 2425 1428 2481 quae
1456 2409 1541 2462 hic
1567 2407 1698 2460 ﬁunt
1725 2419 1909 2474 parum
1938 2417 2035 2472 pro
2059 2400 2230 2470 digni-

653 2523 760 2569 tate
799 2489 1124 2581 peraguntur
1147 2547 1162 2570 ,
1203 2517 1388 2558 verum
1431 2499 1590 2554 etiam
1629 2496 1762 2550 alius
1803 2493 2014 2564 quidam
2051 2489 2230 2561 gravis

656 2601 964 2659 obambulat
1006 2599 1022 2631 ³
1069 2594 1306 2652 morbus.
1353 2591 1481 2657 Quis
1522 2587 1734 2643 tandem
1774 2585 1909 2640 iste?
1951 2581 2102 2650 Quod
2141 2581 2231 2650 qui

656 2698 1042 2765 proposuerunt
1069 2701 1189 2742 cum
1226 2684 1336 2738 Deo
1361 2681 1588 2751 colloqui
1613 2719 1628 2743 ,
1656 2680 1810 2748 eique
1846 2675 2067 2747 gloriam
2093 2671 2232 2728 refe-

656 2764 782 2839 runt
801 2782 846 2847 ',
885 2795 1011 2834 mox
1050 2777 1152 2830 hoc
1180 2773 1378 2837 omisso
1409 2787 1562 2826 suum
1592 2770 1814 2840 quisque
1842 2767 2071 2821 vicinum
2096 2764 2233 2818 arri-

660 2875 846 2945 piunt,
877 2870 1228 2938 ordinantque
1264 2881 1353 2922 res
1381 2863 1700 2920 domesticas
1723 2901 1738 2927 ,
1765 2873 1990 2930 qumque
2021 2857 2152 2912 ﬁunt
2181 2857 2236 2911 in

665 2965 805 3031 foro,
829 2978 948 3034 quae
971 2962 1023 3016 ill
1049 2958 1261 3029 populo,
1285 2972 1402 3027 qua:
1428 2956 1479 3010 in
1502 2952 1742 3016 theatris,
1767 2966 1884 3021 qua:
1904 2951 1955 3004 in
1977 2950 2234 3014 exercitu,

663 3065 718 3110 et
745 3051 1010 3125 quomodo
1035 3050 1137 3105 alia
1165 3047 1379 3117 quidem
1407 3052 1530 3100 sunt
1558 3042 1920 3098 administrata
1942 3079 1960 3106 ,
1990 3040 2087 3093 alia
2116 3055 2239 3093 rur-

663 3160 754 3199 sus
782 3142 1036 3214 neglecta,
1065 3148 1119 3194 et
1147 3136 1272 3207 quid
1297 3136 1347 3190 in
1373 3132 1619 3205 gerendis
1645 3130 1804 3186 rebus
1828 3130 1947 3200 plus
1972 3129 2099 3183 satis
2124 3127 2240 3182 fue-

663 3239 769 3299 rit,
801 3233 924 3302 quid
954 3230 1270 3285 diminutum
1302 3244 1314 3280 :
1348 3227 1399 3281 in
1429 3238 1636 3282 summa
1659 3263 1674 3288 ,
1713 3221 1780 3277 de
1809 3220 1969 3276 rebus
1996 3217 2242 3273 omnibus

665 3325 749 3378 vel
789 3321 1016 3392 publicis
1039 3360 1053 3386 ,
1084 3319 1169 3373 vel
1210 3317 1461 3387 privatis,
1496 3312 1585 3368 hic
1621 3312 2012 3382 colloquuntur.
2046 3309 2112 3362 Et
2137 3322 2242 3378 qua

668 3414 875 3468 tandem
908 3411 1059 3466 venia
1085 3410 1241 3478 digna
1271 3416 1392 3461 sunt
1415 3404 1551 3460 ista?
1579 3402 1737 3473 Atqui
1774 3403 1818 3456 is
1847 3401 1936 3471 qui
1961 3415 2082 3454 cum
2120 3413 2243 3468 rege

668 3514 880 3558 terreno
903 3499 1244 3568 colloquitur,
1274 3495 1341 3551 de
1365 3494 1448 3549 his
1472 3501 1676 3549 tantum
1701 3491 1864 3546 verba
1891 3489 2012 3545 facit
2037 3489 2104 3544 de
2128 3487 2246 3559 qui-

670 3594 769 3648 bus
795 3593 881 3647 ille
912 3590 1139 3645 voluerit
1171 3586 1353 3642 audire
1375 3626 1392 3653 ,
1423 3594 1478 3640 et
1501 3583 1570 3638 de
1597 3581 1788 3653 quibus
1813 3597 1904 3636 rex
1935 3579 2091 3635 fuerit
2121 3594 2245 3649 per-

671 3693 948 3746 contatus;
992 3679 1136 3750 quod
1181 3678 1226 3732 si
1267 3677 1386 3746 quis
1425 3675 1565 3730 ausit
1605 3671 1802 3743 aliquid
1846 3661 2066 3739 injicere
2093 3684 2247 3725 secus

672 3792 830 3850 quam
857 3776 944 3830 ille
970 3773 1128 3836 velit,
1159 3780 1398 3826 extremo
1423 3766 1682 3836 supplicio
1706 3763 1967 3819 afﬁcietur
1996 3779 2009 3815 :
2040 3771 2095 3817 tu
2122 3777 2248 3816 vero

673 3885 793 3928 cum
833 3868 979 3938 Rege
1012 3879 1193 3935 regum
1225 3862 1534 3932 colloquens
1556 3901 1571 3927 ,
1603 3859 1688 3914 cui
1717 3872 1836 3912 cum
1869 3865 2099 3910 tremore
2132 3868 2247 3907 ser-

673 3966 822 4021 viunt
847 3960 1042 4032 angeli,
1064 3957 1263 4014 omisso
1282 3970 1404 4012 eum
1424 3955 1516 4008 illo
1537 3963 1711 4022 empto
1731 3964 1999 4012 sermone,
2022 3947 2090 4004 de
2115 3946 2247 4009 lutn,

673 4055 742 4113 de
777 4055 1027 4126 pulvere,
1057 4049 1126 4106 de
1154 4047 1276 4103 telis
1303 4059 1614 4100 aranearum
1643 4041 1912 4112 loqueris?
1941 4039 2077 4094 Nihil
2109 4037 2250 4092 enim

677 4145 818 4201 aliud
845 4150 970 4198 sunt
994 4140 1149 4210 hujus
1174 4139 1295 4193 vita:
1324 4133 1551 4205 negotia.
1583 4133 1648 4187 Et
1673 4130 1938 4201 quomodo
1965 4128 2252 4183 sustinebis

677 4237 828 4290 istius
852 4240 1184 4300 contemptus
1210 4225 1461 4300 poenam?
1486 4225 1608 4296 quis
1630 4233 1805 4278 autem
1834 4232 1884 4276 te
1910 4221 1977 4276 ab
2009 4221 2106 4275 hac
2130 4221 2248 4274 vin-

674 4325 814 4380 dicta
843 4321 1128 4379 liberabit?

747 4415 1045 4483 Principum
1085 4409 1386 4483 negligentia
1418 4424 1553 4480 stupe
1577 4406 1801 4461 nascitur
1826 4421 1886 4459 ea:
1910 4403 2060 4472 culpa
2087 4417 2252 4472 popu-

674 4507 734 4562 li.
767 4533 839 4545 --
883 4503 1075 4558 Verum
1102 4503 1240 4557 haud
1267 4511 1412 4557 recte
1433 4516 1491 4554 se
1521 4498 1712 4552 habent
1732 4537 1746 4558 ,
1777 4495 2045 4565 inquiunt,
2075 4493 2252 4560 reipu-

675 4597 831 4652 blicie
856 4593 1062 4663 negotia
1081 4634 1096 4655 ,
1125 4592 1193 4647 de
1221 4592 1302 4645 his
1330 4591 1638 4659 plerumque
1668 4587 1967 4654 loquimur,
1996 4591 2049 4636 et
2072 4581 2140 4636 de
2171 4581 2254 4635 his

675 4686 892 4743 solliciti
936 4685 1183 4755 anxiique
1219 4696 1422 4736 sumus.
1451 4679 1586 4746 Quid
1628 4686 1803 4732 autem
1835 4676 1886 4730 ili
1919 4673 2116 4729 causa?
2147 4673 2254 4727 Eoo

677 4794 793 4832 rum
817 4819 831 4842 ,
859 4777 1134 4848 inquiunt,
1157 4775 1246 4845 qui
1267 4773 1628 4842 magistratum
1648 4777 1870 4834 gerunt,
1895 4767 2250 4836 incogitantia.

676 4868 790 4922 Non
826 4872 914 4920 est
940 4863 1324 4935 magistatuum
1349 4857 1698 4930 incogitantia
1722 4896 1738 4922 ,
1770 4858 1861 4912 sed
1893 4866 2070 4911 nostra
2115 4856 2257 4924 inju.

676 4957 842 5022 stitia,
869 4962 925 5011 et
960 4969 1119 5024 paena
1146 4961 1228 5008 est
1268 4965 1364 5022 pro
1392 4948 1587 5003 nostris
1613 4947 1904 5002 sceleribus
1930 4954 2134 5002 exacta.
2165 4946 2256 5002 illa

679 5056 868 5101 cuncta
894 5059 1103 5100 sursum
1125 5042 1371 5098 deorsum
1395 5039 1640 5105 miscuit,
1665 5037 1751 5091 illa
1781 5036 2033 5108 quidquid
2063 5047 2146 5093 est
2170 5053 2263 5092 ca-

681 5138 972 5190 lamitatum
1002 5133 1236 5198 invexit,
1279 5132 1362 5186 illa
1406 5129 1632 5186 armavit
1671 5128 1883 5194 hostes,
1932 5129 2016 5183 illa
2051 5128 2172 5184 fel-it
2203 5140 2260 5185 lit

679 5227 802 5282 victi
831 5225 1249 5282 discederemus.
1277 5221 1394 5276 Non
1421 5220 1632 5274 aliunde
1659 5218 1812 5273 nobis
1840 5218 2098 5272 malorum
2129 5234 2256 5273 exa-

681 5334 800 5372 men
831 5315 1136 5380 inundavit,
1163 5326 1319 5382 quam
1341 5326 1408 5365 ex
1431 5309 1528 5364 hac
1549 5323 1728 5363 causa.
1760 5307 1988 5363 Proinde
2016 5309 2258 5377 quamvis

681 5407 944 5462 Abraham
967 5405 1228 5478 quiSpiam
1248 5409 1389 5456 esset
1409 5400 1497 5469 qui
1520 5401 1805 5467 imperaret
1827 5437 1842 5462 ,
1885 5399 2126 5468 quamvis
2152 5399 2261 5454 Mo-

679 5513 766 5555 ses
786 5540 801 5564 ,
829 5497 1068 5568 quamvis
1099 5491 1260 5547 David
1277 5532 1293 5554 ,
1319 5489 1560 5560 quamvis
1587 5486 1836 5543 Salomon
1864 5488 1951 5542 ille
1979 5490 2264 5558 sapientis-

680 5594 848 5644 simus
867 5628 880 5652 ,
903 5585 1141 5658 quamvis
1162 5580 1396 5638 omnium
1422 5579 1691 5633 hominum
1707 5577 2033 5648 jusﬁssimus
2057 5599 2069 5634 :
2099 5582 2142 5635 si
2167 5597 2261 5637 nos

747 5721 762 5751 ⁸
801 5719 950 5776 Alius,
969 5715 1186 5774 invaluit,
1207 5727 1310 5777 pro,
1335 5708 1624 5777 obambulat.

799 5769 1116 5842 Alius'itabet,
1133 5769 1270 5842 etque
1287 5769 1516 5835 sentiunt,
1536 5787 1640 5836 pro,
1659 5771 1794 5836 eique
1810 5769 2012 5834 gloriam
2031 5777 2256 5841 referunt.

2312 681 2670 743 transgressor
2692 671 2868 740 legum
2891 671 3050 725 fuerit
3067 711 3082 735 ,
3105 671 3149 723 si
3174 677 3374 724 temere
3399 667 3647 736 nulloque
3669 669 3866 720 consilio

2311 764 2546 826 feratur,
2577 774 2757 819 ucstra
2788 763 3127 833 incogitantia
3159 771 3447 830 nostraque
3472 759 3736 814 temeritas
3759 759 3866 814 elic-

2312 855 2419 919 cit,
2449 862 2506 907 ιιι
2533 853 2690 908 talem
2716 853 3082 922 magistratum
3111 851 3429 905 haberemus
3449 888 3464 917 ,
3493 858 3669 904 nostra
3693 849 3866 903 scelera

2313 946 2521 1015 plagam
2541 943 2919 998 accersierunt.
2948 941 3081 996 Nam
3105 939 3246 1010 quod
3287 938 3578 995 secundum
3615 937 3764 992 corda
3791 954 3866 992 no-

2314 1047 2425 1093 stra
2452 1036 2741 1106 accipimus
2769 1034 3105 1105 magisuatus
3134 1033 3264 1087 nihil
3292 1032 3436 1086 aliud
3475 1041 3590 1097 est,
3616 1031 3712 1085 nisi
3753 1031 3866 1099 quod

2316 1128 2582 1199 praeterita
2637 1134 2851 1197 peccata
2892 1133 3072 1180 nostra
3116 1124 3274 1179 talem
3304 1123 3459 1178 nobis
3488 1120 3681 1176 dedere
3709 1120 3866 1190 pmic-

2316 1229 2460 1276 ctum
2481 1261 2498 1286 ,
2536 1219 2649 1275 sive
2679 1219 2796 1287 quis
2822 1216 2979 1273 fuerit
3007 1232 3072 1271 ex
3099 1215 3286 1270 ordine
3315 1212 3630 1268 sacerdotali
3651 1252 3667 1279 ,
3697 1212 3802 1266 sive
3831 1226 3866 1262 (ξς

2317 1327 2503 1369 eorum
2524 1326 2747 1366 numero
2771 1312 2859 1380 qui
2885 1309 3179 1366 mundanas
3201 1307 3575 1363 administrant
3599 1305 3861 1372 dignitates

2318 1403 2571 1470 Quamvis
2613 1409 2790 1455 autem
2827 1399 3002 1482 justus
3051 1398 3243 1462 fuerit,
3296 1397 3540 1466 adeoque
3588 1395 3789 1463 justus,
3833 1409 3865 1447 tt

2321 1507 2489 1562 usque
2517 1492 2584 1547 ad
2624 1491 2782 1548 Mosis
2811 1492 3056 1545 virtutem
3080 1489 3364 1560 pertingat,
3389 1487 3529 1543 haud
3565 1499 3733 1542 tamen
3761 1487 3866 1540 ἰιΙὶιιε

2322 1584 2477 1638 unius
2520 1583 2724 1653 justitia
2771 1583 3027 1636 immensa
3055 1582 3071 1612 ⁸
3103 1579 3436 1635 subditorum
3472 1588 3687 1648 peccata
3716 1577 3865 1631 valebi

2323 1676 2614 1746 obtegere:
2661 1675 2819 1745 idque
2847 1674 3042 1744 poterit
3071 1673 3189 1742 quis
3215 1687 3280 1726 ex
3309 1672 3427 1742 ipso
3456 1671 3604 1726 Mose
3643 1680 3782 1725 certo
3805 1685 3865 1724 col

2323 1783 2602 1838 gnoscere.
2631 1766 2766 1822 Cum
2795 1767 3046 1822 enimille
3068 1765 3248 1819 multis
3277 1763 3454 1818 modis
3479 1761 3707 1818 afﬂictos
3726 1761 3866 1816 fuisse

2327 1875 2424 1931 pro
2454 1858 2646 1924 Israel,
2677 1859 3038 1927 instanterque
3076 1856 3212 1927 apud
3245 1856 3412 1910 Deum
3443 1854 3813 1923 supplicasset,
3840 1868 3866 1904 u

2328 1960 2527 2005 terram
2570 1950 2884 2020 promissam
2932 1948 2986 2001 in
3027 1956 3225 2002 sortem
3271 1946 3374 2000 illis
3423 1945 3690 2011 traderet,
3736 1953 3866 1997 tamen

2327 2040 2575 2110 quoniam
2617 2054 2676 2095 se
2714 2039 2939 2108 populus
2965 2037 3076 2092 suis
3115 2037 3347 2106 peccatis
3376 2034 3679 2090 reddiderat
3703 2033 3767 2088 ab
3806 2033 3865 2086 ha

2330 2130 2663 2200 promissone
2685 2129 2915 2184 alienum
2937 2169 2953 2194 ,
2978 2143 3083 2183 non
3112 2126 3278 2196 potuit
3309 2124 3475 2180 Mosis
3513 2125 3805 2194 deprecatio
3823 2124 3866 2192 ju

2331 2231 2468 2275 stam
2499 2221 2592 2276 Dei
2622 2220 2936 2275 sententiam
2977 2219 3288 2283 immutare,
3317 2232 3428 2286 quo
3469 2215 3664 2270 factum
3689 2226 3742 2269 ut
3769 2225 3864 2268 lolu

2332 2310 2420 2364 ille
2445 2308 2669 2379 populus
2711 2309 2763 2363 in
2789 2309 3003 2364 deserto
3034 2314 3482 2378 prosterneretur.
3512 2307 3752 2360 Atlanteo
3791 2304 3864 2372 qui

2332 2399 2476 2453 Mose
2501 2399 2719 2467 justior,
2747 2408 2839 2453 aut
2882 2399 3000 2468 quis
3043 2398 3159 2468 plus
3205 2396 3371 2451 valuit
3396 2396 3539 2466 apud
3596 2395 3787 2451 Deum?
3815 2395 3866 2449 Di

2333 2499 2478 2544 etum
2503 2499 2618 2552 est,
2644 2489 2822 2544 valere
2857 2487 2988 2558 justi
3027 2487 3490 2558 deprecationem,
3518 2487 3611 2541 sed
3650 2485 3866 2540 efﬁcacem

2336 2580 2478 2650 (Jac.
2497 2581 2550 2635 5.
2582 2581 2691 2649 16),
2711 2580 2811 2635 hoc
2835 2589 2937 2646 est,
2960 2579 3265 2649 pmllilentia
3291 2578 3741 2647 conversioneqlle
3760 2575 3864 2644 adjll

2337 2685 2442 2729 tam
2472 2688 2654 2729 eorum
2675 2713 2691 2738 ,
2734 2687 2832 2743 pro
2859 2673 3049 2742 quibus
3093 2671 3344 2725 funditur.
3396 2671 3494 2725 His
3523 2686 3649 2724 vero
3669 2711 3684 2736 ,
3727 2669 3866 2738 quibn

2338 2780 2514 2820 mores
2555 2773 2770 2820 manent
2807 2764 2923 2819 sine
2970 2763 3278 2833 paenitentia
3309 2763 3550 2832 citraque
3575 2763 3754 2817 bonam
3780 2773 3866 2813 con

2338 2858 2636 2912 versionem
2654 2897 2669 2921 ,
2696 2854 2961 2926 quomodo
2985 2855 3149 2924 possit
3169 2854 3412 2908 auxiliari
3433 2853 3558 2925 justi
3578 2852 3860 2922 deprecatio

2340 2961 2460 3002 cum
2492 2947 2567 3001 illi
2598 2947 2695 3017 ipsi
2725 2946 2834 3002 suis
2860 2945 3010 2999 factis
3037 2944 3333 3000 obsistunt?

2417 3039 2470 3094 5.
2501 3038 2569 3093 Et
2587 3038 2711 3109 quid
2731 3051 3211 3094 commemoramus
3232 3037 3332 3093 hoc
3350 3035 3613 3092 accidisse
3636 3035 3726 3090 toti
3751 3049 3866 3102 popli

2343 3127 2394 3182 lo
2422 3127 2691 3196 peccanti,
2736 3142 2856 3182 eum
2897 3137 2951 3182 et
2996 3141 3278 3196 paucorum
3306 3126 3650 3181 subditorum
3678 3132 3866 3195 peccata

2346 3223 2451 3274 imo
2471 3220 2624 3273 unius
2643 3233 2804 3289 saepe,
2823 3217 2965 3288 juste
2988 3217 3354 3287 imperantium
3375 3217 3627 3272 ﬁduciam
3649 3221 3866 3284 superent

2346 3313 2518 3381 Atque
2561 3309 2661 3365 hoc
2702 3321 2886 3365 rursus
2924 3323 2990 3364 ex
3033 3309 3222 3364 eodem
3261 3308 3460 3377 popqu
3499 3306 3771 3363 Israelitico
3799 3318 3866 3373 pel

2347 3402 2537 3471 spicias
2566 3401 2780 3467 licebit;
2825 3399 3092 3471 quomodo
3118 3399 3323 3455 scilicet
3361 3399 3517 3455 Mose
3560 3397 3866 3467 renlpublical

2347 3491 2785 3557 administrante,
2814 3505 2933 3546 cum
2963 3491 3014 3545 in
3043 3498 3236 3546 terram
3262 3490 3682 3560 alienigenarum
3710 3489 3866 3555 irrupis

2350 3593 2470 3640 εεηι
2485 3626 2500 3650 ρ
2530 3599 2863 3654 linguamque
2883 3600 3004 3639 cum
3019 3586 3122 3640 illis
3134 3583 3560 3650 commisissent,
3580 3580 3778 3651 quidam
3805 3579 3866 3630 ἱΙΙ(

2349 3669 2473 3731 runt
2515 3676 2839 3731 insanientes
2882 3675 2935 3730 in
2975 3675 3183 3730 illorum
3227 3675 3514 3740 mulieres,
3559 3673 3710 3728 totius
3751 3685 3866 3740 popli

2351 3767 2556 3822 cladem
2580 3766 2902 3838 exitiumque
2925 3767 3257 3822 iui-exerunt.

2425 3859 2654 3914 Historia
2685 3860 2873 3913 Achar.
2895 3858 3042 3914 Iesus
3058 3859 3206 3915 Nave
3225 3859 3387 3930 ﬁgura
3410 3857 3542 3912 Iesu
3567 3855 3760 3913 Christi.
3787 3851 3866 3904 Am

2355 3951 2522 4004 thema
2545 3951 2686 4020 quid.
2713 3949 2877 4006 Unius
2913 3949 3185 4019 aliquando
3209 3957 3466 4020 peccatum
3494 3949 3586 4003 loti
3609 3944 3785 4018 populo
3810 3943 3865 3994 vii

2355 4042 2542 4097 dictam
2587 4041 3112 4097 accersit—Simile
3140 4039 3406 4111 quidpiam
3452 4039 3513 4094 in
3561 4053 3665 4093 uno
3717 4031 3865 4088 accidi

2357 4134 2602 4189 videlicet
2644 4133 2840 4200 Achar,
2871 4133 2961 4201 qui
2987 4147 3106 4187 cum
3137 4132 3338 4186 variam
3361 4146 3425 4185 ex
3453 4131 3790 4185 anathemate
3814 4132 3866 4178 stu

2358 4225 2462 4280 lam
2490 4226 2824 4290 sustulisset,
2857 4226 3020 4278 etiam
3049 4223 3307 4278 adversus
3354 4224 3609 4292 populum
3659 4221 3782 4274 iram
3829 4217 3863 4268 D

2357 4315 2631 4372 succendit
2655 4315 2830 4387 (Iosue
2851 4315 2926 4386 7).
2953 4315 3168 4376 Verum.
3189 4323 3243 4368 ut
3259 4313 3508 4382 conjieio,
3529 4310 3786 4368 nonnullis
3800 4322 3866 4376 pr;

2357 4409 2585 4462 sentiunt
2618 4409 2793 4476 ignota
2821 4416 2903 4461 est
2927 4405 3041 4460 hinc
3068 4405 3306 4459 historia.
3333 4403 3691 4471 Quamobrem
3719 4412 3866 4454 neces:

2358 4505 2460 4561 est,
2492 4506 2548 4550 ut
2575 4497 2756 4566 paucis
2780 4495 2847 4550 de
2873 4495 2972 4550 hac
3002 4497 3271 4564 loquutus,
3297 4502 3352 4549 et
3375 4493 3610 4549 scientes
3632 4503 3866 4546 common

2361 4588 2572 4657 faciam,
2603 4596 2657 4644 et
2685 4589 2982 4644 nescientes
3005 4587 3248 4642 doceam.
3280 4585 3455 4641 Achar
3479 4586 3656 4656 itaque
3679 4584 3770 4638 fuit
3797 4595 3866 4632 mu

2362 4693 2426 4735 ex
2453 4696 2637 4734 eorum
2667 4695 2892 4735 numero
2923 4679 3010 4749 qui
3055 4693 3174 4733 eum
3200 4677 3325 4733 Jesu
3351 4676 3498 4731 Nave
3532 4674 3781 4730 transiere
3812 4668 3866 4722 .lo

2362 4769 2573 4833 dauem.
2599 4775 2689 4841 qui
2707 4773 2868 4827 .Iesus
2893 4772 3070 4827 fuerat
3097 4778 3220 4825 ante
3246 4770 3334 4823 Dei
3359 4767 3562 4838 judicio
3581 4766 3839 4821 delectus.

2362 4863 2527 4934 Moysi
2554 4861 2880 4926 succederet,
2926 4861 3121 4931 quique
3153 4871 3331 4932 typum
3371 4874 3433 4914 ac
3479 4861 3696 4928 ﬁguram
3721 4852 3866 4924 gereb

2365 4956 2474 5008 veri
2507 4952 2804 5008 Servatoris
2844 4952 3008 5009 nostri
3049 4952 3174 5008 .lesu
3222 4951 3436 5006 Christi.
3481 4943 3864 5018 Quemadmodu

2365 5047 2507 5103 enim
2540 5047 2630 5102 ille
2653 5062 2684 5102 e
2711 5045 2929 5102 deserto
2952 5061 3046 5115 per
3071 5045 3359 5100 Jordanem
3398 5043 3450 5098 in
3481 5051 3676 5097 terram
3714 5034 3865 5109 promi

2365 5159 2478 5199 sam
2532 5141 2779 5213 perduxit
2819 5141 3096 5212 p0pultnr,
3140 5139 3218 5192 sic
3244 5146 3300 5192 et
3343 5137 3596 5194 Servatur
3643 5140 3814 5188 noster
3855 5141 3866 5178 i

2367 5235 2676 5306 ignorantiae
2702 5245 2755 5288 ct
2801 5231 3108 5286 idololatria:
3136 5229 3349 5284 deserto
3387 5243 3482 5298 per
3509 5235 3743 5282 sanctum
3764 5236 3820 5275 ac
3843 5235 3861 5270 ε

2367 5326 2634 5380 lntil'erum
2677 5324 2994 5392 baptismum
3023 5322 3075 5375 in
3121 5323 3388 5374 calestem
3418 5318 3792 5387 Jerosolymam
3828 5325 3866 5363 nl

2370 5415 2619 5480 traduxit,
2651 5415 2716 5468 ad
2763 5424 2988 5468 matrem
3019 5410 3516 5482 primogenitorllm,
3561 5409 3612 5462 ill
3655 5420 3753 5476 qua
3789 5414 3866 5454 ver

2367 5509 2561 5579 quietis
2586 5518 2782 5578 paratae
2808 5514 2932 5561 sunt
2953 5505 3275 5569 mansiones,
3303 5504 3391 5558 tibi
3417 5504 3520 5556 vita
3555 5501 3800 5554 tumultus
3828 5512 3866 5546 lu

2367 5603 2474 5657 scia
2504 5601 2847 5671 paciﬁcaque.
2880 5600 2973 5653 llic
3005 5600 3178 5668 itaque
3205 5613 3324 5651 cum
3349 5596 3465 5667 ejus
3499 5595 3689 5650 virtute
3711 5589 3790 5660 qui
3816 5587 3865 5652 iu

2430 5773 2450 5808 ἰ
2489 5785 2614 5825 L'nus
2636 5775 2799 5830 habet,
2826 5779 3003 5830 nostra,
3029 5783 3134 5834 pro,
3155 5766 3407 5821 immensa.
