4092 6218
334 309 435 366 "-3

330 428 549 493 poOv1a'
612 420 710 474 καὶ
759 414 923 483 αὐτὸς
963 416 1019 470 δὲ
1063 415 1091 471 6
1142 416 1349 489 Κύριος
1390 417 1546 471 τοῦτο
1587 415 1905 470 διαϐεϐαιοῖ.

329 505 465 561 Εἶτα
482 503 691 560 τούτων
716 503 814 573 μὲν
841 504 1219 573 καταφρονεῖς,
1240 502 1297 554 ἐν
1325 497 1407 565 οἷς
1432 500 1526 555 καὶ
1555 502 1584 554 6
1610 498 1706 554 τοῦ
1728 515 1907 553 συνει-

327 590 479 654 δότος
518 589 705 658 φόϐος,
736 586 832 640 καὶ
850 580 880 638 6
910 586 1019 638 τῶν
1048 584 1448 656 πεπραγμένων
1471 583 1712 654 ἐλεγχος,
1751 583 1843 636 καὶ
1871 583 1906 653 ή

327 674 439 727 τῶν
473 671 712 725 εὐθυνῶν
740 667 966 738 ἀγωνία,
1000 668 1094 721 καὶ
1131 667 1193 719 16
1222 666 1324 737 τῆς
1359 666 1634 729 κολάσεως
1671 664 1909 737 ἀπαραί-

330 772 532 827 τητοψ
581 754 667 808 Eva
694 753 750 806 δέ
790 751 1061 822 πρόφασιν
1096 751 1286 819 ἄλογον
1328 750 1438 804 τῶν
1472 750 1581 803 σῶν
1610 746 1847 821 ἐφεύρῃς
1880 760 1906 789 ι

335 836 748 912 μετεωρισμῶν,
783 833 1111 904 ὠφελεῖσθαι
1143 833 1340 901 λέγεις,
1370 834 1426 887 ἐν
1464 828 1546 898 οἷς
1568 833 1665 904 τὴν
1693 834 1910 900 ἀπαραο

335 922 575 993 μύθητον
593 918 880 989 ὑπομένεις
894 916 959 988 ζη
970 916 1100 988 μίαν
1124 933 1138 981 ;
1169 915 1283 987 Μή,
1299 914 1489 987 δέομαι
1510 915 1605 970 καὶ
1618 913 1907 978 ἀντιϐολῶ,

336 1005 413 1075 μὴ
450 999 908 1076 προφασιζὼμεθα
939 999 1243 1071 προφάσεις
1278 1000 1335 1051 ἐν
1356 998 1651 1070 ἁμαρτίαις
1670 1014 1684 1029 ·
1712 996 1911 1067 σκῆψις

333 1088 445 1157 γὰρ
492 1085 682 1145 ταῦτα,
730 1084 824 1136 καὶ
873 1082 1060 1151 ἀπάτη
1108 1084 1241 1152 ἡμῖν
1288 1081 1475 1144 αὐτοῖς
1510 1081 1571 1134 16
1623 1080 1912 1151 ἐπιζήμιον

336 1168 690 1239 προξενοῦσα.
739 1164 897 1218 Ἀλλὰ
939 1166 1067 1236 περὶ
1106 1164 1298 1217 τούτου
1333 1164 1432 1234 μὲν
1478 1163 1747 1218 τοσαῦταο
1796 1164 1914 1234 ὥρα

335 1253 393 1305 δὲ
425 1251 609 1305 λοιπον
641 1252 721 1313 εἰς
749 1249 848 1320 τὴν
878 1249 1150 1320 προτέραν
1193 1247 1524 1319 ἀναδραμεῖν
1568 1245 1910 1317 παραίνεσιν,

338 1335 434 1387 καὶ
458 1334 667 1404 βραχέα
685 1348 751 1384 πε
762 1333 814 1402 pl
837 1331 1039 1399 ταύτης
1063 1331 1306 1393 εἰπόντα,
1324 1330 1597 1401 προσῆκον
1618 1329 1770 1391 τέλος
1800 1328 1916 1380 ἐπι-

340 1416 607 1486 θεῖναιτῴ
629 1415 795 1485 λόγῳ.
824 1414 933 1467 Kal
950 1415 1058 1486 γὰρ
1083 1414 1144 1466 οὐ
1175 1413 1334 1484 μόνον
1361 1411 1432 1465 τά
1457 1412 1556 1481 τῆς
1582 1410 1805 1475 ἀταξίας
1827 1411 1915 1463 ἐν·

339 1501 533 1564 ταῦθα,
566 1498 701 1553 ἀλλά
734 1498 1039 1569 καί,ἓτερόν
1071 1514 1123 1550 τι
1166 1494 1397 1568 χαλεπὸν
1429 1497 1739 1567 περινοστεῖ
1766 1495 1795 1534 ιι
1829 1492 1913 1547 νό-

342 1599 512 1654 σημα.
550 1584 707 1636 Ποῖον
747 1580 812 1651 δὴ
841 1580 1036 1646 τοῦτο;
1085 1580 1158 1632 Τὸ
1196 1579 1331 1651 πρὸς
1364 1578 1495 1632 Θεὸν
1539 1579 1637 1649 τὴν
1683 1577 1914 1642 διάλεξιν

335 1664 611 1738 ποιεῖσθαι
668 1664 1057 1734 προθεμένους,
1107 1663 1200 1716 καὶ
1256 1661 1405 1732 αὐτῷ
1456 1661 1554 1732 τὴν
1606 1658 1915 1730 δοξολογίαν

341 1748 785 1817 ἀναπέμποντας,
802 1743 919 1799 εἷτα
945 1747 1185 1815 ἀφέντας
1204 1745 1414 1810 τοῦτον,
1430 1745 1521 1799 τὸν
1545 1744 1769 1816 πλησίον
1791 1746 1915 1799 ἐκέ).⁹

342 1847 465 1893 στος
502 1828 796 1882 ἀπολαϐεῖν
825 1830 918 1881 καὶ
944 1830 1012 1882 τά
1035 1829 1154 1882 κατ’
1186 1823 1332 1881 οἷκον
1377 1827 1732 1891 διατίθεσθαι,
1761 1829 1828 1883 τὰ
1855 1830 1914 1881 ἐν

340 1916 463 1976 ταῖς
503 1913 748 1983 ἀγοραῖς,
784 1912 851 1963 τὰ
877 1913 934 1964 ἐν
978 1910 1056 1979 τῷ
1085 1911 1259 1981 δήμῳ,
1299 1911 1368 1964 τά
1408 1913 1465 1963 ἐν
1495 1913 1608 1974 τοῖς
1641 1911 1912 1981 θεάτροις,

341 1998 412 2051 τὰ
440 1999 498 2049 ἐν
526 1995 604 2064 τῷ
636 1993 872 2065 στρατῷ,
900 1994 994 2047 καὶ
1022 1993 1139 2057 πῶς
1171 1995 1266 2065 μὲν
1286 1994 1460 2049 ταῦτα
1493 1995 1761 2067 διῳκήθη,
1795 2001 1916 2059 πῶς

344 2079 403 2132 δέ
435 2081 620 2131 ἐκεῖνα
666 2077 1018 2148 παρεωράθη,
1046 2077 1141 2129 καὶ
1175 2077 1228 2129 τί
1262 2077 1323 2130 16
1369 2077 1662 2143 πλεονάζον
1704 2080 1762 2131 ἐν
1793 2081 1916 2142 ταῖς

350 2158 779 2232 πραγματείαις,
812 2159 863 2211 τί
900 2158 957 2211 δὲ
992 2158 1053 2210 16
1094 2158 1337 2212 ἐλλεῖπον
1360 2176 1377 2192 ο
1418 2162 1512 2213 καὶ
1558 2160 1748 2224 ἀπλῶς
1788 2162 1917 2232 περὶ

347 2245 568 2296 πάντων
602 2242 709 2295 τῶν
740 2240 930 2294 κοινῶν
964 2241 1057 2293 καὶ
1101 2240 1244 2293 ἰδίων
1290 2242 1524 2296 ἐνταῦθα
1551 2243 1912 2311 διαλέγονται.

343 2327 454 2379 Kal
483 2326 642 2387 ποίας
673 2323 845 2376 ταῦτα
878 2322 1205 2392 συγγνώμης
1238 2323 1393 2390 άξια;
1437 2325 1547 2378 Καὶ
1579 2326 1789 2395 βασιλεῖ
1818 2326 1916 2393 μέν

339 2424 423 2471 τις
463 2405 541 2477 τῷ
588 2405 818 2476 ἐπιγείῳ
866 2404 1263 2475 διαλεγόμενος,
1301 2408 1431 2477 περὶ
1460 2407 1684 2462 ἐκείνων
1740 2407 1916 2478 μόνων

342 2491 574 2544 ποιεῖται
596 2487 688 2539 16v
715 2486 890 2554 λόγον,
915 2488 1043 2557 περὶ
1071 2480 1145 2539 ὧν
1170 2486 1234 2541 ἂν
1255 2490 1458 2552 ἐκεῖνος
1486 2488 1792 2559 βουληθείη,
1821 2491 1916 2543 καὶ

343 2566 416 2625 ὧν
456 2567 726 2641 προτείνει
760 2578 782 2607 ε
823 2567 919 2631 τὰς
963 2570 1259 2640 ἐρωτήσεις
1283 2587 1296 2599 '
1342 2572 1477 2625 εἰδὲ
1507 2572 1600 2626 κού⁵
1642 2572 1828 2643 ἕτερόν
1854 2589 1910 2624 τι

345 2654 495 2725 παρά
518 2652 617 2723 τὴν
646 2650 859 2705 ἐκείνου
892 2651 1117 2724 γνώμην
1153 2653 1444 2707 ὑποϐαλεῖν
1465 2655 1776 2727 τολμήσειε,
1818 2656 1917 2727 τὴν

351 2738 579 2807 ἐσχάτην
596 2733 867 2807 τιμωρίαν
889 2736 1254 2807 ὑποστήσεται
1277 2754 1292 2769 ο
1318 2738 1383 2790 συ
1409 2738 1464 2792 δέ
1485 2738 1563 2810 τῷ
1586 2739 1792 2809 βασιλεῖ
1810 2740 1918 2792 τῶν

357 2818 735 2889 βασιλευόντων
757 2817 1125 2888 προσομιλῶν,
1160 2811 1206 2885 ᾧ
1231 2820 1544 2891 φρίττοντες
1573 2822 1918 2892 λειτουργοῦ-

360 2919 443 2955 σιν
478 2899 627 2972 [102]
668 2900 902 2968 ἄγγελοι,
946 2900 1105 2969 ἀφεὶς
1149 2901 1247 2971 τὴν
1278 2903 1414 2975 πρὸς
1455 2905 1618 2958 αὐτὸν
1662 2905 1917 2970 διάλεξιν,

359 2985 492 3055 περὶ
520 2982 708 3053 πηλοῦ,
737 2984 823 3035 καὶ
840 2982 1065 3047 κόνεως,
1087 2984 1440 3056 καὶάράχνης
1465 2986 1684 3059 διαλέγῃ
1701 3004 1715 3051 ;
1735 2988 1921 3041 Ταῦτα

354 3068 465 3137 γάρ
496 3067 605 3118 ἐστι
639 3065 705 3119 τά
736 3066 977 3136 παρόντα
999 3065 1319 3137 πράγματα.
1348 3069 1460 3122 Kal
1493 3070 1607 3132 πῶς
1632 3071 1797 3133 οἰσεις
1823 3071 1920 3141 τὴν

349 3151 451 3220 τῆς
497 3151 948 3220 καταφρονήσεως
982 3148 1176 3219 δίκην;
1205 3151 1289 3215 τίς
1336 3151 1392 3204 δέ
1439 3169 1499 3205 σε
1534 3152 1636 3223 τῆς
1667 3153 1923 3225 τοιαύτης

352 3233 699 3303 ἐξαιρήσεται
729 3231 1027 3303 τιμωρίας;

430 3314 591 3369 Ἀλλὰ
632 3315 841 3379 κακῶς,
881 3315 1036 3385 φησὶ,
1077 3315 1148 3370 τά
1192 3317 1298 3371 τῶν
1328 3319 1687 3390 πραγμάτων,
1721 3322 1813 3375 καί
1854 3321 1924 3376 τὰ

344 3398 448 3468 τῆς
477 3397 749 3460 πολιτείας
777 3398 1210 3462 διάκεινται,καὶ
1236 3400 1401 3464 πολὺς
1428 3404 1557 3473 ἡμῖν
1581 3421 1645 3456 πε
1656 3404 1707 3475 pl
1732 3406 1920 3460 τούτου

345 3484 376 3534 6
401 3481 580 3551 λόγος,
610 3481 777 3544 πολὺς
807 3482 836 3533 6
861 3478 1033 3549 ἀγών.
1055 3481 1165 3534 Kal
1191 3483 1273 3545 τίς
1304 3484 1337 3554 ὴ
1366 3486 1544 3551 αἰτία;
1574 3487 1638 3538 Ἥ
1664 3487 1770 3541 τῶν
1792 3505 1923 3559 κρα-

343 3564 606 3626 τούντων,
656 3563 841 3635 φησὶν,
876 3564 1120 3619 ἀϐουλία.
1170 3566 1283 3637 Οὐχ
1335 3568 1368 3638 ἡ
1417 3567 1523 3621 τῶν
1575 3570 1920 3640 κρατούντων

346 3647 597 3712 ἀϐουλία,
628 3646 764 3700 ἀλλὰ
786 3650 819 3718 ἡ
849 3646 1005 3717 ἡμῶν
1029 3649 1289 3720 ἁμαρτία,
1318 3651 1350 3721 ή
1386 3650 1493 3703 τῶν
1516 3652 1920 3725 πλημμελημά-

345 3748 457 3785 των
486 3730 818 3799 ιεῖσπραξις.
866 3731 1081 3803 Ἐκείνη
1129 3731 1199 3786 τά
1247 3734 1360 3787 ἀνω
1404 3734 1555 3788 κάτω
1599 3737 1918 3807 πεποίηκεν,

347 3814 533 3885 ἐκείνη
561 3815 739 3867 πάντα
778 3814 847 3867 τά
889 3812 1039 3867 δεινά
1064 3815 1379 3885 εἰσήγαγεν,
1404 3816 1585 3888 ἐκείνη
1618 3819 1743 3883 τοὺς
1771 3820 1925 3872 πολέ-

353 3915 486 3968 μους
505 3896 532 3936 d
572 3896 892 3961 ἐξώπλισεν,
935 3897 1117 3968 ἐκείνη
1139 3899 1236 3969 τὴν
1258 3895 1426 3970 ἧτταν
1451 3902 1767 3973 ἐνήργησεν.
1811 3904 1925 3957 υύκ

347 3979 572 4035 ἄλλοθεν
602 3981 731 4050 ἡμῖν
762 3980 792 4032 6
821 3978 929 4033 τῶν
972 3979 1212 4051 ἀνιαρῶν
1244 3982 1410 4050 ἐσμὸς
1456 3983 1780 4056 ὑπερεχέθη,
1809 3985 1923 4039 ἀλλ’

350 4062 384 4133 ἢ
440 4063 507 4116 ἐκ
530 4062 732 4134 ταύτης
759 4062 858 4132 τῆς
886 4060 1087 4125 αἰτίας.
1113 4062 1278 4114 Ὥστε
1306 4062 1409 4117 κᾶν
1443 4065 1693 4138 Ἀϐραάμ
1717 4084 1799 4130 τις
1898 4070 1927 4121 6

350 4144 590 4215 κρατῶν,
622 4145 727 4199 κάν
756 4145 1019 4216 Μωῦσῆς,
1047 4143 1153 4198 κᾶν
1175 4143 1358 4209 Δαυῖδ,
1388 4146 1493 4201 κᾶν
1519 4148 1770 4220 Σολομὼν
1796 4153 1824 4204 ὁ
1848 4168 1928 4203 σοι

350 4228 619 4298 φώτατος,
643 4227 745 4281 κᾶν
761 4229 1017 4283 ἀπάντων
1038 4228 1377 4300 δικαιότερος
1398 4241 1421 4269 ε
1435 4231 1533 4285 ἀνθ
1541 4230 1758 4304 ρώπων,
1773 4234 1805 4305 ἡ
1813 4233 1927 4304 μῶν

348 4310 537 4374 κακῶς
557 4310 934 4380 διακειμένων,
961 4310 1261 4381 ἀδιάφορον
1282 4313 1395 4382 ἔχει
1419 4313 1518 4384 τήν
1542 4316 1678 4387 πρὸς
1694 4317 1763 4368 τὰ
1782 4316 1929 4370 κακά

349 4394 555 4448 αἰτίαν.
584 4393 710 4457 Πῶς
732 4394 828 4446 καὶ
853 4393 959 4447 τίνι
988 4394 1211 4466 τρόπῳ;
1246 4396 1366 4451 ’Ὁτι
1395 4399 1443 4451 εἰ
1486 4399 1585 4470 μὲν
1615 4399 1723 4453 τῶν
1754 4418 1930 4472 παρα-

348 4478 681 4547 νομωτάτων
710 4478 819 4548 εἴη,
852 4478 946 4530 καὶ
974 4476 1083 4530 τῶν
1114 4478 1427 4551 ἀϐουλήτως
1448 4482 1543 4535 καὶ
1557 4481 1807 4547 ἀτάκτως
1833 4502 1927 4554 φε-

350 4559 616 4630 ρομένων,
646 4563 680 4629 ἡ
728 4558 885 4630 ήμῶν
919 4558 1145 4614 ἀϐουλία
1184 4562 1278 4615 καί
1319 4563 1515 4631 ἀταξία
1554 4564 1648 4619 τὸν
1687 4567 1926 4622 τοιοῦτον

349 4643 790 4714 ἐκαρποφόρησε,
816 4643 885 4695 τά
915 4643 1156 4714 ἡμέτερα
1181 4644 1553 4717 ἁμαρτήματα
1588 4648 1686 4720 τὴν
1714 4650 1926 4722 πληγὴν

348 4725 703 4798 προεξένησε.
742 4725 814 4779 T6
839 4725 947 4797 γάρ
980 4726 1122 4779 κατά
1151 4727 1247 4791 τὰς
1276 4730 1502 4800 καρδίας
1528 4732 1685 4802 ήμῶν
1723 4733 1929 4805 λαμϐά-

348 4827 462 4863 νειν
500 4809 766 4880 ἄρχοντας
808 4809 959 4862 οὐδὲν
999 4808 1187 4879 ἔτερόν
1226 4811 1393 4873 ἐστιν,
1431 4813 1545 4867 ἀλλ’
1575 4815 1607 4885 ἢ
1634 4815 1813 4884 τοῦτο,
1845 4818 1926 4870 ὅτι

348 4911 493 4965 προη
502 4893 837 4965 μαρτηκότες
852 4891 1093 4945 τοιούτου
1110 4891 1204 4945 τοῦ
1228 4899 1621 4968 προεστηκότος
1640 4899 1923 4972 ἐτύχομεν,

348 4978 452 5032 κάν
474 4994 534 5031 τε
561 4976 669 5031 τῶν
713 4976 1021 5047 ἱερωμένων
1051 4973 1084 5048 ᾗ
1112 4993 1215 5042 τις,
1251 4979 1352 5033 κάν
1390 4997 1449 5033 τε
1474 4981 1581 5036 τῶν
1610 4983 1706 5047 τὰς
1738 5002 1928 5056 κοσμι-

415 5200 442 5228 ³
468 5198 605 5261 Unns
628 5197 764 5261 ἔχῃς.
781 5197 951 5261 Pa‘ulq
973 5202 1085 5258 post
1118 5197 1337 5260 quinque
1361 5211 1510 5248 sexve
1536 5214 1652 5250 mss.
1690 5209 1743 5253 et
1774 5203 1923 5254 Savil.

349 5266 490 5328 τρεῖς
515 5258 701 5328 δέομαι.
728 5258 891 5328 Εόῆείο
911 5259 1083 5308 Morel.
1128 5258 1497 5323 ἰιιιιεδεόμεθα,
1521 5269 1576 5311 ιιι
1600 5263 1825 5328 arguitur
1862 5280 1925 5315 ex

344 5323 583 5371 ἀντιὸοὶῶ
604 5317 855 5381 ερᾳυειιιί.

409 5382 442 5423 b
470 5382 935 5452 Αἰὶιιεκατακρατεῖ.
965 5382 1119 5432 Paulo
1145 5387 1258 5445 post
1287 5385 1411 5433 alius
1442 5386 1523 5435 καὶ
1542 5387 1673 5452 αύτῷ
1700 5390 1791 5448 ,τὴν
1817 5391 1927 5439 δου-

343 5444 585 5506 λαγωγίαν
617 5444 988 5504 ἀναπέμποντας.

411 5511 433 5567 ’ξ
462 5507 572 5567 Duo
604 5506 841 5567 προτείνῃ.

407 5564 750 5637 fl'Legeqitqm
775 5564 970 5637 videtur
990 5565 1258 5637 πολεμίους.
1284 5566 1382 5616 Sed
1428 5572 1587 5620 omnia
1621 5575 1925 5637 exemplaria

341 5630 591 5693 πολέμους
619 5628 1071 5693 Imbent._Erasmus
1096 5628 1543 5693 ilajnlerprelams
1567 5642 1664 5693 est,
1686 5650 1741 5685 ac.
1772 5628 1812 5687 ὲὶ
1837 5655 1924 5687 πο·

343 5688 539 5753 λεμίους
584 5691 779 5757 ωερε-ξι.
815 5688 975 5757 ,Ραιιιο
997 5698 1103 5751 post
1126 5689 1185 5738 ad
1207 5688 1375 5739 vocem
1398 5688 1674 5757 ὑπερεχέθη,
1700 5698 1846 5749 Savil.
1878 5704 1923 5749 in

341 5749 498 5810 mzirg.
533 5749 665 5799 nota]
689 5749 958 5798 ἐπλεόνασε.
999 5749 1011 5751 '
1492 5749 1503 5757 -
1541 5749 1574 5757 --
1645 5749 1672 5756 --
1896 5768 1900 5773 ,

410 5826 432 5879 ς
460 5818 559 5879 Sex
593 5826 710 5859 mae.
731 5811 1133 5879 ἁμαρτωλότερος,
1172 5814 1317 5879 male.
1362 5816 1411 5864 ni
1435 5816 1604 5879 fallor;
1632 5832 1741 5869 nam
1766 5822 1844 5870 hic
1862 5824 1925 5872 de

349 5875 461 5921 \riris
486 5877 665 5921 Virtute
699 5872 1098 5934 pruélleluuhhs
1129 5874 1307 5935 agitur.

610 5974 915 6037 'PATROL.
962 5975 1079 6037 Gn.
1132 5976 1285 6038 LVI.

1313 299 1382 357 IN
1413 300 1648 363 ILLUD,
1690 297 1826 355 VIDI
1867 296 2206 362 DOMINUM,
2245 297 2483 353 ΠΟΜΙΙ..
2526 296 2568 352 1.

3483 289 3578 349 104

2017 413 2119 478 κάς
2150 414 2442 467 διεπόντων
2472 410 2718 477 ἐξουσίας
2749 411 2792 465 τ.
2827 411 2890 465 Εἰ
2929 410 2986 465 δὲ
3016 410 3111 466 καὶ
3144 410 3263 464 λίαν
3288 409 3495 476 δίκαιος
3520 405 3580 487 ᾗ,

2015 498 2110 551 καὶ
2142 496 2286 551 οὕτω
2311 496 2539 560 δίκαιος,
2583 495 2723 550 ὥστε
2760 496 2920 568 μέχρι
2946 498 3045 567 τῆς
3079 495 3354 559 Μωῦσέως
3380 496 3581 568 ἀρετῆς

2009 580 2353 653 ἐληλακέναι,
2380 580 2532 651 ούχὴ
2564 578 2729 633 αὐτοῦ
2756 579 2914 650 μόνον
2932 578 3244 647 δικαιοσύνη
3275 577 3346 632 τά
3368 579 3583 650 ἄμετρα

2007 663 2116 716 τῶν
2146 662 2402 733 ὑπηκόων
2429 660 2770 730 συγκαλύψαι
2797 660 3083 731 δυνήσεται
3106 660 3444 732 πταίσματα.
3476 662 3584 715 Καὶ

2008 745 2169 800 τοῦτο
2198 744 2257 810 ἐξ
2288 745 2453 799 αὐτοῦ
2489 745 2553 799 ἄν
2581 762 2662 809 τις
2693 745 2933 816 ἀκριϐῶς
2963 745 3267 817 καταμάθοι
3296 745 3389 800 τοῦ
3423 747 3585 801 Man?-

2013 830 2184 892 σέως,
2242 829 2337 882 τοῦ
2395 828 2565 882 πολλὰ
2626 828 2723 899 μὲν
2776 828 3254 898 κακοπαθήσαντος
3302 827 3443 898 ὑπὲρ
3487 828 3584 882 τοῦ

2024 911 2262 984 Ἰσραὴλ,
2299 911 2497 981 πολλὴν
2518 912 2575 964 δὲ
2606 910 2701 982 τήν
2732 911 2871 982 ὑπὲρ
2897 911 3061 963 αὑτοῦ
3093 908 3299 964 ίκεσίαν
3334 911 3468 981 πρὸς
3496 910 3586 964 16v

2012 995 2144 1049 Θεὸν
2175 995 2604 1066 ἐνστησαμένου,
2645 992 2785 1046 ὥστε
2825 994 2922 1063 τὴν
2969 992 3384 1062 ἐπηγγελμένην
3428 993 3587 1047 αὐτὸν

2015 1077 2561 1149 κατακληρονομῆσαι
2590 1076 2693 1146 γῆν
2716 1094 2729 1105 ·
2752 1076 2866 1129 ἀλλ’
2901 1077 3021 1128 ἐπεὶ
3056 1076 3203 1141 ξένον
3222 1074 3414 1129 ἑαυτὸν
3437 1068 3589 1140 οὗτος

2011 1163 2111 1230 τῆς
2156 1160 2540 1230 κατασχέσεως
2583 1163 2703 1225 ταῖς
2745 1160 2971 1222 οἰκείαις
3004 1160 3305 1230 κατέστησε
3350 1176 3588 1231 παρανο-

2018 1244 2190 1314 μίαις,
2229 1244 2328 1297 ούκ
2361 1244 2577 1313 ἴσχυσεν
2610 1244 2642 1312 ἡ
2674 1242 2839 1296 αὑτοῦ
2864 1242 3047 1312 δέησις
3080 1241 3181 1313 τὴν
3205 1241 3298 1295 τοῦ
3332 1242 3468 1295 Θεοῦ
3509 1242 3589 1296 δι-

2015 1327 2178 1380 καίαν
2194 1326 2372 1396 ψῆφον
2393 1325 2758 1396 μεταποιῆσαι
2773 1325 2971 1389 παντὸς
2983 1323 3076 1377 τοῦ
3093 1324 3222 1379 λαοῦ
3244 1325 3302 1377 ἐν
3319 1327 3383 1396 τῇ
3400 1326 3591 1396 ἐρήμῳ

2015 1410 2483 1481 κατεστρωμένου.
2500 1410 2688 1463 Καίτοι
2707 1410 2790 1472 τίς
2806 1408 2896 1462 τοῦ
2918 1410 3196 1473 Μωῦσέως
3219 1408 3586 1479 δικαιότερος;

2015 1493 2047 1564 ἢ
2080 1494 2164 1557 τίς
2207 1491 2815 1566 παρρησιαστικώτερος
2844 1492 2981 1562 πρὸς
3016 1491 3108 1545 τὸν
3138 1491 3310 1558 Θεόν;
3357 1490 3586 1562 ’ἰσχύειν

2019 1578 2119 1646 μὲν
2164 1576 2380 1645 λέγεται
2408 1576 2618 1630 δικαίου
2651 1576 2855 1647 δέησις,
2890 1575 3005 1629 ἀλλ’
3053 1575 3437 1646 ἐνεργουμένη,
3466 1590 3587 1627 του-

2014 1662 2198 1723 τέστι,
2246 1659 2583 1730 βοηθουμένη
2622 1661 2689 1729 τῇ
2744 1657 3070 1730 μεταμελείᾳ
3116 1658 3208 1712 καὶ
3262 1660 3585 1728 ἐπιστροφῇ,

2016 1743 2158 1816 ὑπὲρ
2185 1736 2260 1797 ὧν
2295 1741 2707 1796 καταϐάλλεται.
2741 1736 2835 1804 Οἷς
2864 1742 2921 1794 δὲ
2974 1741 3340 1812 άμετανόητος
3371 1740 3467 1794 xal
3496 1743 3590 1794 ἀνι

2016 1826 2341 1898 επίστρσφός
2372 1827 2514 1882 ἐστιν
2546 1827 2572 1880 6
2596 1825 2814 1897 τρόπος,
2842 1825 2959 1890 πῶς
2985 1825 3053 1878 ἂν
3075 1825 3589 1897 ἐπαμῦναιδυνήσε-

2015 1928 2124 1973 ται,
2163 1911 2344 1963 αὐτῶν
2366 1911 2588 1964 ἐκείνων
2618 1913 2730 1973 τοῖς
2765 1909 2944 1979 ἔργοις
2969 1908 3397 1962 ἀντικοπτόντων
3430 1909 3456 1949 ε
3481 1923 3496 1973 ;

2089 2000 2128 2046 ε’
2138 2035 2150 2048 .
2163 1993 2335 2047 Καὶτί
2347 1993 2577 2064 λέγομεν
2592 1992 2685 2045 ἐπὶ
2696 1992 2989 2062 ὁλοκλήρου
3005 1991 3135 2045 λαοῦ
3155 2006 3229 2044 πα
3238 1991 3592 2062 ρανομοῦντος

2017 2076 2176 2130 τοῦτο
2224 2075 2561 2146 συμϐαίνειν,
2598 2076 2732 2128 ὅπου
2762 2073 2857 2127 καὶ
2891 2077 2924 2144 ὴ
2963 2074 3072 2127 τῶν
3114 2073 3308 2141 ὀλίγων
3339 2073 3594 2144 ὑπηκόων

2019 2159 2282 2229 ἁμαρτία,
2322 2158 2355 2229 ἢ
2386 2157 2643 2220 πολλάκις
2673 2157 2767 2209 καὶ
2807 2155 2900 2208 τοῦ
2930 2157 3069 2221 ἐνὸς,
3094 2156 3191 2227 τὴν
3223 2154 3334 2208 τῶν
3374 2155 3597 2217 δικαίως

2019 2239 2169 2313 [105]
2217 2239 2563 2311 κρατούντων
2609 2240 3029 2310 ὑπερακοντίξει
3076 2239 3425 2311 παρῤησίανς
3486 2237 3596 2291 Kal

2015 2323 2173 2376 τοῦτο
2209 2325 2371 2377 πάλιν
2390 2322 2449 2387 ἐξ
2472 2322 2636 2376 αὐτοῦ
2657 2323 2723 2377 ἄν
2750 2339 2833 2385 τις
2856 2323 3208 2394 κατανοήσειε
3226 2320 3322 2374 τοῦ
3357 2320 3591 2392 Ἰσραὴλ,

2017 2408 2075 2471 ὃς
2108 2410 2210 2462 ὑπὸ
2245 2408 2522 2471 Μωῦσέως
2552 2406 3070 2479 δημαγωγούμενος,
3116 2406 3280 2479 ήνίκα
3318 2407 3456 2479 πρὸς
3493 2406 3591 2478 τὴν

2016 2492 2126 2544 τῶν
2169 2490 2329 2559 ἀλλος
2342 2490 2480 2543 ύλων
2513 2491 2789 2563 παρέϐαλε
2832 2491 2957 2560 γῆν,
2987 2492 3078 2544 καὶ
3096 2492 3196 2562 τὴν
3229 2490 3365 2562 πρὸς
3395 2490 3591 2552 αὐτοὺς

2019 2578 2216 2648 συνῆρε
2261 2576 2461 2648 μάχην,
2511 2576 2629 2640 πῶς
2672 2594 2816 2641 τινες
2862 2576 3041 2629 αὐτῶν
3082 2576 3339 2647 μανέντες
3372 2578 3453 2639 εἰς
3496 2575 3595 2638 τάς

2018 2660 2240 2712 ἐκείνων
2265 2662 2549 2727 γυναῖκας,
2578 2658 2675 2731 τήν
2694 2659 2972 2731 πάνδημον
3003 2658 3219 2730 ἐκείνην
3246 2656 3475 2730 θραῦσιν
3501 2657 3595 2711 καὶ

2018 2743 2109 2796 16v
2143 2742 2361 2813 ὄλεθρον
2385 2743 2833 2814 κατειργάσαντο.

2101 2826 2224 2878 Ἐπὶ
2249 2826 2364 2890 ἐνὸς
2394 2826 2449 2879 δέ
2472 2827 2532 2879 16
2559 2825 2765 2879 τοιοῦτο
2794 2824 3135 2897 συμϐέϐηκεν
3155 2840 3169 2856 ⁸
3201 2824 3276 2889 ὡς
3295 2825 3386 2878 ἐπὶ
3416 2827 3591 2898 Ἀχαρ

2018 2908 2112 2962 τοῦ
2142 2908 2239 2980 τὴν
2256 2909 2503 2980 ποικίλην
2534 2908 2725 2981 στολὴν
2745 2908 3081 2980 ἀφελομένου
3109 2907 3203 2961 τοῦ
3227 2908 3592 2980 ἀναθήματος,

2020 2992 2115 3045 καὶ
2155 2993 2295 3046 κατά
2323 2992 2417 3047 τοῦ
2447 2992 2574 3045 λαοῦ
2606 2992 2704 3064 τὴν
2727 2993 2822 3047 τοῦ
2845 2992 2981 3046 Θεοῦ
3008 2992 3375 3055 ἐκκαύσαντος
3401 2993 3593 3064 ὀργήν.

2035 3074 2176 3128 Ἀλλ’
2209 3075 2337 3137 ἴσως
2363 3075 2508 3139 τινὲς
2535 3074 2645 3130 τῶν
2668 3076 2950 3146 παρόντων
2972 3076 3040 3130 τὰ
3067 3074 3168 3146 τῆς
3194 3075 3436 3147 ἱστορίας
3466 3074 3595 3129 ταύ·

2021 3175 2121 3228 της
2148 3159 2419 3225 ἀγνοοῦσι.
2456 3161 2554 3213 Διά
2584 3158 2742 3212 τοῦτο
2764 3159 2845 3213 δεῖ
2888 3159 3094 3230 βραχέα
3135 3159 3262 3229 περί
3290 3158 3491 3229 ταύτης
3517 3160 3597 3211 εἰει

2023 3242 2193 3294 πόντα
2228 3242 2254 3280 ιι
2290 3242 2600 3311 ὑπομνῆσαι
2632 3241 2732 3309 μὲν
2760 3242 2885 3304 τοὺς
2901 3241 3135 3307 εἰδότας,
3165 3241 3371 3307 διδάξαι
3396 3242 3598 3305 δὲ’τοῦς

2022 3324 2366 3394 ἀγνοοῦντας.
2402 3320 2569 3388 Οὗτος
2598 3326 2775 3379 τοίνυν
2814 3327 2843 3379 6
2875 3328 3052 3397 ’Λχαρ
3078 3321 3156 3389 εἷς
3185 3325 3448 3397 ἐτύγχανε
3490 3325 3596 3379 τῶν

2026 3408 2164 3479 μετά
2211 3406 2385 3474 Ἰησοῦ
2442 3406 2536 3461 τοῦ
2587 3409 2739 3479 Ναυῆ
2787 3408 3089 3463 διαϐάντων
3143 3409 3235 3464 τὸν
3304 3406 3596 3480 Ἰορδάνην,

2035 3491 2208 3563 Ἰησοῦ
2253 3492 2460 3546 ἐκείνου
2507 3491 2601 3545 τοῦ
2647 3493 2813 3564 ψήφῳ
2859 3492 2992 3547 Θεοῦ
3038 3493 3281 3565 διαδόχου
3327 3493 3598 3556 Μωῦσέως

2023 3576 2480 3648 προκεκριμένου,
2522 3575 2613 3629 τοῦ
2647 3577 2829 3630 εἰκόνα
2868 3578 2962 3630 καί⁵
2992 3576 3160 3631 τύπον
3193 3577 3477 3647 ἐπέχοντος
3506 3575 3597 3629 τοῦ

2022 3660 2274 3732 ἀληθινοῦ
2304 3661 2557 3733 Σωτῆρος
2581 3662 2613 3732 ἡ
2622 3660 2738 3732 μῶν
2773 3661 2947 3730 Ἰησοῦ
2971 3659 3232 3732 Χριστοῦ.
3254 3662 3466 3734 Ὥσπερ
3490 3662 3600 3732 γάρ

2022 3745 2224 3807 ἐκεῖνος
2262 3744 2327 3796 ἐκ
2354 3744 2450 3814 τῆς
2469 3746 2676 3814 ἐρήμου
2716 3742 2803 3797 διὰ
2832 3743 2927 3797 τοῦ
2974 3744 3238 3816 Ἰορδάνου
3265 3747 3344 3808 εἰς
3373 3745 3470 3816 τήν
3495 3744 3599 3815 γῆν

2022 3825 2120 3895 τῆς
2148 3825 2481 3894 ἐπαγγελίας
2515 3826 2606 3879 τὸν
2633 3825 2761 3880 λαὸν
2789 3825 3116 3891 διεϐίϐασεν,
3142 3826 3283 3880 οὕτω
3312 3828 3406 3882 καὶ
3428 3829 3458 3880 6
3488 3827 3596 3880 Σωο

2023 3906 2126 3978 τὴρ
2150 3907 2308 3979 ήμῶν
2335 3909 2397 3960 ἐκ
2423 3908 2522 3976 τῆς
2546 3908 2754 3978 ἐρήμου
2774 3908 2877 3978 τῆς
2904 3908 3178 3976 ἀγνωσίας
3206 3909 3300 3962 καὶ
3328 3909 3424 3980 τῆς
3445 3908 3599 3963 εἰδω-

2025 3989 2341 4060 λολατρείας
2369 3988 2458 4043 διὰ
2475 3989 2569 4042 τοῦ
2595 3989 2752 4057 ἁγίου
2776 3991 2870 4043 καὶ
2899 3990 3274 4061 σωτηριώδους
3292 3990 3604 4062 βαπτίσματ-

2026 4090 2116 4135 τος
2146 4074 2226 4134 εἰς
2241 4073 2338 4142 τήν
2354 4073 2467 4127 ἀνω
2503 4072 2863 4143 Ἰερουσαλὴμ
2893 4074 3038 4143 ἡμᾶς
3062 4075 3417 4144 μετεποίησεν
3446 4076 3489 4139 ἱ,
3522 4077 3598 4136 εἰς

2026 4156 2123 4225 τὴν
2173 4154 2382 4225 μητέρα
2425 4153 2534 4206 τῶν
2584 4154 2966 4222 πρωτοτόκων,
3013 4156 3072 4207 ἐν
3119 4150 3153 4227 ᾗ
3199 4155 3298 4225 τῆς
3343 4155 3598 4226 ἀληθινῆς

2028 4237 2426 4301 καταπαύσεως
2454 4236 2898 4308 ηὐτρεπίσθησαν
2923 4239 2979 4290 αἰ
3008 4238 3190 4308 μοναὶ,
3218 4236 3345 4292 ἔνθα
3373 4239 3407 4310 ἡ
3435 4240 3598 4293 ἀστα·

2031 4320 2248 4383 σίαστος
2276 4320 2366 4373 καὶ
2400 4318 2648 4390 εἰρηνικὴ
2691 4318 2964 4391 διατριϐή.
2997 4312 3165 4383 Οὗτος
3191 4320 3368 4375 τοίνυν
3410 4323 3477 4393 τῇ
3509 4320 3601 4374 τοῦ

2029 4404 2454 4476 προστάττοντος
2483 4403 2711 4473 δυνάμει
2753 4406 2845 4457 τὸν
2889 4402 3016 4458 λαὸν
3047 4404 3386 4474 διαϐιϐάσας,
3433 4424 3614 4478 προσορ

2031 4487 2287 4559 έϐαλε,τῇ
2330 4484 2560 4558 Ἱεριχὼ,
2598 4487 2692 4540 καὶ
2732 4485 2829 4559 τὴν
2864 4486 3021 4559 ξένην
3053 4488 3265 4561 ἐκείνην
3292 4489 3601 4563 πολιορκίαν

2028 4572 2288 4643 ἐνεργῶν,
2321 4572 2419 4644 1ήδη
2439 4572 2545 4626 τῶν
2577 4571 2771 4643 τειχῶν
2797 4572 3161 4627 καταπίπτειν
3193 4573 3512 4644 μελλόντων,
3548 4575 3600 4627 τί
3652 4570 3658 4599 ⁵

2029 4674 2160 4727 φησι
2190 4657 2325 4727 πρὸς
2346 4655 2436 4709 16v
2464 4655 2591 4710 λαόν
2611 4671 2626 4721 ;
2654 4655 2858 4710 Ἔσται
2875 4657 3150 4728 ἀνάθημα
3170 4660 3208 4727 ἠ
3226 4658 3598 4727 πόλισαῦτη,

2028 4741 2126 4796 καὶ
2156 4741 2351 4795 πάντα
2382 4740 2500 4796 ὅσα
2542 4741 2719 4795 ἐστὶν
2761 4742 2832 4795 ἐν
2881 4742 3056 4812 αὐτῇ,
3102 4743 3296 4811 Κυρίῳ
3336 4743 3598 4807 Σαϐαὼθ,

2028 4823 2195 4891 πλὴν
2233 4823 2416 4877 Ῥαὰϐ
2449 4824 2564 4890 τὴν
2589 4825 2842 4892 πόρνην,
2879 4824 3355 4892 περιεποιήσασθε
3386 4825 3596 4891 αὑτήν.

2029 4906 2387 4970 Φυλάξασθε
2445 4903 2560 4962 οὖν
2604 4908 2720 4960 ἀπὸ
2762 4907 2867 4961 τοῦ
2916 4908 3327 4978 ἀναθήματος,
3371 4909 3602 4980 μήποτε

2027 4991 2460 5058 ἐνθυμηθέντες
2489 4991 2659 5059 ὑμεῖς
2681 4990 2903 5058 λάϐητε
2937 4992 3037 5045 ἀπ’
3067 4993 3272 5058 αὐτοῦ,
3297 4993 3392 5048 καί
3416 4994 3603 5065 ἐκτρί-

2029 5078 2188 5143 ψηιε
2219 5073 2396 5143 ἡμᾶς.
2438 5072 2765 5145 Ἀφιερὼθη,
2791 5075 2975 5146 φησιν,
2998 5075 3212 5130 ἅπαντα
3235 5078 3303 5132 τά
3333 5080 3390 5131 ὲν
3408 5081 3475 5150 τῇ
3506 5080 3604 5132 πό-

2028 5156 2108 5211 λει
2129 5176 2144 5189 '
2180 5158 2335 5212 τοῦτο
2364 5157 2473 5228 γάρ
2503 5157 2563 5210 16
2594 5157 2851 5228 ἀνάθημα
2879 5158 3046 5228 δηλοῖ.
3070 5161 3160 5231 Μή
3186 5178 3271 5224 τις
3299 5157 3392 5216 οὖν
3422 5161 3604 5231 νοσφί-

2032 5257 2189 5312 σηται
2233 5241 2342 5296 τῶν
2380 5241 2745 5296 ἀνατεθέντων
2790 5243 2976 5313 Κυρίῳ
3012 5243 3090 5301 τῶ
3127 5245 3267 5317 Θεῷ,
3301 5248 3395 5301 καὶ
3424 5247 3601 5314 ἐξολο-

2094 5452 2118 5523 ξ
2143 5453 2278 5523 ροσε
2297 5454 2454 5523 ἀρχάς.
2484 5453 2634 5523 Pqulo
2656 5462 2913 5523 pos_l_unus
2929 5458 2995 5523 -τὰ
3017 5460 3224 5523 ἡμέτερα
3247 5459 3343 5507 τῶν
3362 5459 3596 5513 θπηκὸων.

2092 5518 2118 5557 8
2158 5516 2267 5565 Duo
2306 5515 2688 5577 ἀντικοτούντων.
2741 5519 2877 5569 Unus
2919 5515 3338 5569 ἀντισκοτοῦντων·
3370 5529 3483 5577 qua?
3523 5530 3608 5577 po~

2029 5580 2210 5628 slerior
2246 5575 2394 5626 lcclio
2437 5579 2664 5627 mendum
2711 5594 2821 5631 esse
2866 5583 3071 5632 videtur.
3110 5582 3252 5630 Prior
3295 5575 3459 5628 autem
3508 5575 3602 5626 lion

2029 5641 2323 5700 spernenda.
2351 5637 2517 5700 Alius,
2544 5647 2672 5691 teste
2698 5643 2900 5704 Savilio,
2938 5642 3360 5706 ἀντιπραττόντων,
3383 5651 3494 5699 quae
3527 5648 3605 5689 est.

2032 5716 2119 5762 νοις
2144 5713 2428 5762 synonyma.

2088 5760 2118 5827 1}
2145 5762 2280 5827 lines
2308 5760 2430 5812 ἀλλ’
2457 5763 2581 5817 εἰκός
2612 5780 2739 5827 τινας
2770 5766 2866 5813 τῶν
2905 5763 3152 5827 παρόντων
3179 5761 3240 5812 τὰ
3280 5766 3365 5822 τῆς
3397 5762 3605 5827 ἱστορίη

2027 5825 2199 5882 ταύτης
2219 5825 2456 5887 ἀγνοεῖν...
2481 5827 2585 5887 περὶ
2616 5826 2788 5887 ταύτης
2813 5825 3039 5880 εἰπόντας.

2097 5889 2115 5926 ι
2148 5887 2278 5935 buus
2297 5890 2421 5944 ἡμᾶς
2446 5886 2768 5934 μετέδίϐασιν.

3193 5976 3235 6035 7
