4048 6208
266 302 373 360 1οό

261 425 413 470 serat
441 411 710 473 lsraelitas
738 414 1140 484 transmisisset,
1194 415 1623 489 adtuovissetque
1647 420 1852 475 exerci—

263 517 379 563 tum
429 519 618 564 contra
659 509 915 578 Iericho,
962 526 1153 565 novam
1202 511 1347 567 illam
1401 524 1455 568 et
1489 514 1855 570 admirandam

262 600 603 656 obsidionem
630 602 877 665 moliens,
909 618 1030 656 mox
1054 603 1274 659 ruitnris
1302 604 1590 669 moenibus,
1622 606 1746 675 quid
1777 606 1856 661 lo-

260 693 446 761 quitur
492 690 633 762 apud
673 692 958 762 populum?
985 692 1096 746 Erit
1133 693 1401 747 anathema
1437 696 1545 749 hcec
1572 695 1782 751 civitas:
1810 706 1856 751 et

257 781 514 855 quidquid
540 792 614 836 est
641 782 694 835 in
721 799 799 845 ea,
833 781 1057 836 Domino
1079 784 1327 850 Sabaoth,
1358 796 1565 855 excepta
1588 787 1731 842 Raab
1761 805 1859 842 me-

256 874 459 938 retrice,
493 874 623 926 hanc
647 873 922 927 servabitis.
952 873 1128 928 Cavete
1157 875 1312 945 igitur
1339 876 1401 929 ab
1431 877 1769 944 anathemate,
1792 894 1856 933 ne

255 964 467 1034 quando
497 964 768 1035 cogitantes
799 965 1010 1018 sumatis
1033 981 1097 1018 ea:
1124 982 1203 1030 eo,
1231 974 1277 1018 et
1304 966 1525 1036 perdatis
1553 985 1643 1021 nos
1676 967 1855 1040 (Iosue

158 1084 167 1095 ε
257 1062 311 1110 6.
346 1057 433 1111 I7.
462 1056 577 1124 18).
608 1056 932 1111 Consecrata
960 1066 1104 1119 sunt,
1151 1059 1341 1127 inquit,
1375 1059 1553 1113 omnia
1585 1076 1702 1129 qua:
1728 1068 1853 1115 sunt

257 1147 310 1201 in
353 1148 611 1201 civitate:
639 1163 761 1200 nam
792 1145 844 1201 id
891 1158 1045 1202 sonat
1082 1146 1386 1203 anathema.
1426 1147 1503 1205 Ne
1529 1150 1647 1220 quis
1692 1148 1853 1220 igitur

254 1238 557 1293 suﬂ’uretur
586 1253 649 1293 ex
680 1238 742 1291 iis
772 1253 891 1308 qua:
919 1250 1228 1294 consecrata
1282 1250 1408 1294 sunt
1453 1240 1677 1295 Domino
1718 1242 1847 1307 Deo,

254 1346 467 1401 nosque
496 1328 770 1401 disperdat
811 1346 843 1386 e
890 1343 1049 1386 terra.
1083 1332 1449 1388 Periculosum
1491 1343 1607 1387 erat
1653 1348 1853 1403 pratce-

255 1435 427 1493 ptum,
455 1423 623 1477 multa
650 1420 921 1493 diligentia
952 1435 1061 1478 tum
1103 1425 1194 1479 Dei
1223 1425 1610 1496 prmeipientis,
1641 1434 1752 1479 tum
1776 1426 1852 1480 le-

253 1533 377 1587 gent
406 1517 627 1571 ferentis
654 1517 799 1572 Iesu.
834 1518 933 1585 Qui
967 1518 1107 1572 enim
1153 1518 1266 1572 ﬁeri
1303 1518 1497 1588 potuit,
1531 1528 1587 1571 nt
1618 1519 1668 1572 in
1704 1529 1848 1573 tanta

252 1611 600 1665 multitudine
626 1627 730 1664 non
762 1610 1052 1664 violaretur
1081 1610 1193 1665 lucc
1230 1610 1339 1674 lex,
1371 1626 1490 1666 cum
1536 1612 1714 1666 IIIIIIICB
1760 1627 1847 1667 res

253 1712 460 1769 essent,
506 1719 624 1772 qua:
656 1702 761 1757 huc
805 1704 1180 1773 impellerent?
1229 1703 1359 1758 Nam
1407 1704 1488 1759 vel
1533 1697 1849 1762 instabilitas

256 1797 375 1864 ejus
406 1795 589 1865 populi
617 1795 856 1863 lucrique
884 1795 1165 1865 cupiditas,
1194 1795 1278 1850 vel
1323 1796 1463 1866 quod
1509 1813 1615 1851 non
1660 1812 1848 1851 omnes

250 1887 584 1941 audivissent
622 1886 755 1941 edici
779 1894 1099 1956 praeceptum
1120 1926 1135 1950 ,
1167 1888 1249 1941 vel
1284 1888 1574 1957 spoliorum
1621 1890 1846 1958 pretium

251 1981 400 2035 velut
429 1995 551 2035 esca
574 1980 801 2049 objecta,
831 1979 1166 2049 habendique
1187 1978 1372 2033 avidos
1400 1980 1661 2047 illectans,
1694 1980 1847 2037 facile

252 2071 320 2125 ad
342 2070 479 2139 legis
508 2070 985 2141 transgressionem
1008 2068 1348 2140 perpulisset.
1382 2068 1448 2124 Et
1473 2080 1646 2125 tamen
1668 2086 1730 2126 ea
1760 2071 1843 2126 lex

253 2173 373 2217 erat
400 2164 505 2216 lata
523 2203 539 2228 ,
583 2172 741 2232 atque
769 2177 955 2217 eorum
978 2162 1133 2231 capiti
1165 2162 1604 2232 transgressionis
1635 2164 1846 2231 pericu-

256 2258 368 2312 lum
396 2257 724 2311 imminebat.
754 2255 891 2323 Quid
934 2257 1092 2326 igitur
1140 2266 1258 2325 post
1287 2255 1440 2310 hmo?
1482 2256 1847 2312 Conciderunt

253 2350 478 2415 mamia,
503 2358 555 2403 et
587 2347 842 2419 quidquid
888 2357 1004 2402 erat
1034 2349 1085 2401 in
1113 2348 1330 2403 civitate
1367 2347 1512 2402 venit
1557 2349 1608 2403 in
1657 2365 1846 2405 manus

251 2441 634 2496 obsidentium.
683 2439 864 2510 Itaque
892 2455 1012 2494 cum
1055 2440 1334 2493 universus
1359 2439 1582 2509 populus
1610 2451 1847 2496 servaret

254 2533 360 2589 hoc
401 2540 753 2605 prmceptum,
822 2532 976 2585 unius
1021 2530 1387 2600 prmvaricatio
1439 2530 1491 2585 in
1543 2531 1845 2586 universam

253 2626 655 2683 nultitudiuetn
679 2624 963 2679 concitavit
986 2623 1114 2678 iram
1134 2623 1251 2678 Dei.
1270 2622 1633 2688 Peccauerunt,
1652 2624 1843 2694 inquit,

254 2718 355 2786 ﬁlii
384 2715 549 2771 Israel
570 2725 831 2786 peccatum
848 2730 1108 2785 maguum,
1137 2723 1183 2766 et
1213 2712 1452 2779 stt/furati
1473 2724 1610 2776 sunt,
1636 2725 1682 2769 et
1709 2706 1855 2767 sumi

253 2818 467 2881 pserunt
485 2825 551 2863 ex
568 2807 907 2872 anathemate,
923 2815 966 2859 et
984 2806 1197 2876 sumpsit
1220 2796 1390 2859 Achar
1406 2806 1541 2874 ﬁlius
1563 2805 1767 2859 Charmi
1785 2822 1848 2860 ea:

250 2905 597 2971 anathemate,
638 2914 685 2958 et
722 2904 988 2974 indignata
1031 2912 1102 2957 est
1152 2903 1231 2956 ira
1272 2900 1481 2954 Domini
1528 2898 1649 2967 [iliis
1682 2896 1847 2953 Israel

252 2997 397 3070 (los.
418 2997 472 3051 7.
502 2997 582 3068 i).
607 2996 769 3064 Atqui
798 3008 936 3048 unus
955 3003 1069 3048 erat
1090 2992 1179 3062 qui
1208 2998 1537 3062 peccaverat.
1566 2988 1845 3056 Quomodo

251 3093 419 3163 igitur
442 3096 797 3160 peccaverunt
827 3086 917 3141 lilii
950 3085 1133 3152 Israel,
1180 3100 1242 3138 ac
1272 3082 1529 3139 Dominus
1568 3081 1733 3136 iratus
1762 3084 1846 3136 est

253 3184 381 3239 Iliis
409 3181 607 3237 Israel?
648 3179 811 3235 Vides
829 3177 1096 3249 quomodo
1115 3177 1277 3231 unius
1320 3182 1595 3245 peccatum
1628 3171 1720 3226 toti
1743 3186 1843 3242 po-

249 3275 383 3345 pulo
411 3272 702 3327 vindictam
730 3270 1011 3325 accersiit?
1066 3264 1334 3338 quomodo
1381 3265 1547 3320 Deum
1587 3261 1844 3317 adversus

248 3364 651 3421 multitudinem
675 3363 880 3417 hostem
911 3359 1178 3416 reddidit?
1198 3358 1458 3427 Quoniam
1486 3356 1644 3427 igitur
1669 3353 1843 3410 fuerat

245 3467 561 3531 perpetrata
586 3455 720 3526 legis
748 3455 1123 3525 transgressio,
1177 3467 1352 3523 neque
1405 3450 1682 3521 quisquam
1726 3456 1843 3503 erat

243 3550 523 3610 conscius,
552 3555 746 3617 praeter
765 3545 936 3601 solum
961 3545 1123 3599 Deum
1150 3543 1239 3613 qui
1265 3541 1413 3596 novit
1437 3540 1665 3604 occulta,
1709 3537 1840 3593 ultio

244 3642 469 3713 quidem
504 3638 883 3694 differebatur:
918 3648 1172 3691 caeterum
1213 3635 1302 3706 qui
1334 3633 1438 3688 hoc
1481 3640 1837 3704 perpetrarat,

244 3732 472 3788 tametsi
518 3730 794 3786 videbatur
838 3731 1025 3795 latere,
1055 3737 1234 3783 tamen
1270 3742 1302 3781 a
1345 3725 1668 3782 conscientia
1696 3724 1840 3779 velut

239 3827 315 3881 ab
344 3826 470 3895 igne
496 3824 772 3879 urebatur.
804 3823 960 3877 Venit
985 3822 1143 3891 igitur
1162 3829 1370 3890 tempus
1390 3834 1497 3891 quo
1516 3819 1667 3874 lieret
1694 3815 1836 3888 quod

234 3916 611 3974 comminatus
635 3914 807 3969 fuerat
830 3914 994 3980 Deus,
1017 3927 1228 3983 quoque
1251 3923 1524 3981 peccatum
1551 3909 1759 3965 veniret
1785 3908 1837 3961 in

232 4005 609 4079 propatulum.
644 4003 807 4068 Misit,
840 4004 1030 4072 inquit,
1084 4002 1232 4056 Jesus
1268 4002 1398 4054 viros
1436 3999 1498 4052 ab
1532 3997 1739 4053 Iericho
1781 3998 1835 4051 in

235 4098 367 4154 Gai.
398 4096 466 4151 Et
505 4098 835 4150 ascenderunt
864 4095 983 4147 illuc
1011 4094 1103 4147 uiri
1132 4099 1236 4163 fere
1263 4103 1338 4146 ter
1364 4090 1521 4156 mille,
1565 4089 1833 4159 fugerunt-

230 4205 343 4258 ςιε
390 4205 423 4240 a
466 4188 596 4258 [acie
631 4187 853 4241 efferunt
886 4182 981 4238 Gai
1002 4226 1019 4251 ,
1049 4194 1095 4237 et
1120 4183 1408 4237 occiderunt
1450 4197 1514 4234 ea:
1557 4180 1660 4234 illis
1702 4181 1835 4233 viras

233 4281 457 4351 triginta
481 4295 590 4345 sex,
617 4288 663 4331 et
690 4277 975 4348 persequuti
1000 4287 1114 4331 sunt
1140 4293 1223 4330 eos
1240 4316 1254 4340 ,
1284 4285 1329 4330 et
1352 4272 1675 4327 conciderunt
1694 4269 1831 4335 illos,

233 4380 285 4423 et
328 4370 534 4438 expavit
562 4384 650 4421 cor
679 4367 876 4437 populi,
924 4371 1206 4437 [actmnque
1247 4375 1318 4418 est
1347 4367 1478 4417 velut
1519 4378 1651 4432 aqua
1695 4360 1829 4434 (λος.

234 4462 291 4514 7.
318 4460 377 4514 2.
411 4460 468 4514 ι.
499 4460 580 4530 5).

309 4551 368 4605 6.
397 4548 534 4604 Vide
553 4550 707 4604 unius
734 4548 938 4619 peccati
965 4563 1198 4618 pinnam,
1226 4545 1347 4601 vide
1366 4545 1575 4617 plagam
1597 4541 1832 4598 acerbis-

232 4644 458 4697 simam.
499 4639 649 4696 Unus
702 4650 966 4709 peccarat,
1014 4649 1069 4694 et
1111 4639 1166 4693 in
1217 4638 1467 4709 populum
1524 4633 1828 4688 universum

234 4749 389 4788 mors
415 4748 480 4787 ac
507 4731 786 4801 trepidatio
817 4733 989 4786 irruit.
1022 4729 1159 4799 Quid
1187 4730 1308 4795 hoc,
1340 4744 1375 4782 ο
1396 4727 1536 4781 bone
1568 4723 1830 4781 Domine?

232 4826 320 4881 Ta
346 4827 501 4881 solus
525 4826 729 4895 justus,
760 4836 815 4880 et
843 4836 990 4881 recta
1022 4823 1220 4893 judicia
1252 4832 1360 4877 tua.
1389 4821 1466 4874 Tu
1505 4818 1696 4887 cuique
1746 4831 1832 4872 se-

234 4919 477 4974 cundum
518 4919 727 4988 propria
756 4918 888 4972 l‘aeta
941 4916 1118 4971 reddis
1158 4916 1437 4985 judicium.
1465 4915 1544 4969 Tu
1567 4957 1581 4981 ,
1614 4913 1828 4967 humani

233 5010 459 5080 generis
500 5018 739 5072 amator,
796 5007 1007 5062 dixeras
1055 5010 1107 5061 in
1157 5020 1255 5060 suo
1303 5019 1568 5076 quemque
1609 5013 1829 5075 peccato

238 5102 585 5162 moriturum,
609 5115 708 5154 nec
736 5098 896 5152 alium
930 5112 1026 5168 pro
1051 5098 1155 5151 alio
1181 5096 1425 5151 daturum
1448 5110 1652 5165 pcenas.
1676 5093 1828 5163 Quod

241 5194 400 5263 igitur
442 5193 545 5247 hoc
564 5200 648 5248 est
695 5202 841 5246 tuum
860 5191 1058 5259 justum
1087 5189 1390 5260 judicium?
1417 5189 1559 5244 Bona
1591 5197 1713 5242 sunt
1740 5196 1826 5241 tua

240 5286 445 5350 munia,
492 5285 736 5349 Domine,
766 5292 821 5339 et
847 5282 1000 5337 valde
1026 5282 1163 5347 bona
1185 5323 1200 5345 ,
1244 5290 1298 5336 et
1320 5281 1386 5337 ad
1414 5290 1646 5336 nostram
1679 5279 1825 5334 utili—

243 5390 401 5435 tatem
425 5377 749 5448 dispensata.
771 5374 1191 5446 Luesqnaedam,
1211 5375 1397 5445 inquit,
1415 5384 1499 5430 est
1514 5383 1787 5445 peccatum
1809 5391 1823 5426 :

240 5486 365 5540 ergo
398 5484 495 5539 per
517 5468 772 5523 ultionem
797 5466 1072 5537 evulgetur
1098 5481 1162 5521 ac
1200 5464 1505 5521 traducatur
1535 5464 1672 5535 apud
1703 5479 1824 5520 om-

246 5576 355 5624 nes,
374 5576 445 5614 ne
464 5567 773 5629 corrumpat
796 5571 1002 5621 omnes,
1034 5567 1091 5612 ut
1115 5557 1201 5612 ubi
1226 5557 1573 5629 cognoverint
1600 5569 1824 5627 quantas

252 5651 416 5706 minas
447 5665 551 5705 una
579 5649 844 5721 pepererit
867 5650 1216 5719 transgressio
1236 5690 1252 5715 ,
1287 5648 1489 5721 fugiant
1519 5648 1674 5721 longe
1697 5662 1821 5719 gra-

246 5746 441 5799 tiorem
487 5755 849 5815 rternamque
901 5743 1204 5801 vindictam.
1260 5744 1456 5801 Videas
1506 5743 1684 5814 igitur,
1734 5743 1817 5796 in-

1299 302 1362 359 ΙΝ
1403 304 1625 372 ILLUD,
1669 305 1803 362 VIDI
1842 308 2165 380 DOMINUM,
2208 314 2436 371 IIOMIL.
2476 316 2517 375 l.

3448 334 3548 387 I06

1966 428 2285 496 quit,'Jesus
2309 431 2657 502 lugamcnjus
2683 448 2839 491 causa
2889 434 3065 506 ignota
3112 447 3223 494 erat
3274 441 3389 497 sisti
3438 461 3544 501 nou

1965 534 2141 590 posse,
2166 521 2381 578 discidit
2432 525 2747 580 vestimenta
2771 544 2977 589 sua,ac
3021 539 3317 598 prostratus
3361 542 3441 589 est
3492 537 3543 591 in

1967 620 2183 676 terram,
2214 628 2275 667 ea
2305 613 2597 684 lugubriter
2626 615 2853 670 lamenta
2886 619 3178 688 proferens,
3220 636 3338 692 qua:
3366 637 3544 681 narrat

1962 702 2136 757 divina
2168 703 2461 774 Scriptura.
2490 706 2625 775 Quid
2657 707 2815 778 igitur
2843 709 2914 763 illi
2946 712 3221 781 respondit
3250 715 3543 775 Dominus?

1962 793 2163 865 Surge;
2190 813 2279 849 cur
2304 797 2373 850 ita
2396 800 2828 869 prostratysjaces
2847 801 2874 856 ?
2900 801 3129 858 Peccavit
3153 807 3369 877 populus
3397 820 3539 877 tuus,

1960 893 2301 956 transgressus
2324 897 2393 942 est
2422 898 2625 959 pactum
2667 908 2850 958 meum,
2892 908 2983 949 nec
3011 904 3244 963 poterunt
3275 906 3412 955 stare
3448 903 3545 968 lilii

1958 974 2125 1031 Israel
2148 988 2323 1032 contra
2352 981 2530 1050 [aciem
2556 981 2773 1035 hostium
2794 1000 3020 1050 suorum,
3050 986 3208 1042 donec
3239 991 3543 1049 sustuleritis

1957 1068 2226 1121 anathema
2270 1085 2334 1123 ex
2362 1068 2496 1124 vobis
2537 1071 2658 1141 ipsis
2689 1070 2820 1143 (Jos.
2852 1073 2902 1127 7.
2931 1074 3017 1130 10.
3052 1075 3160 1149 12).
3213 1077 3544 1136 Prmdicatttr

1959 1159 2117 1228 igitur
2159 1159 2259 1214 hoe
2286 1161 2337 1214 in
2366 1162 2578 1230 populo,
2608 1171 2663 1216 et
2687 1178 2716 1216 a
2749 1164 2857 1219 Deo
2883 1165 3142 1233 proditur,
3175 1170 3264 1240 qui
3292 1171 3392 1227 hoc
3415 1189 3538 1244 per-

1957 1258 2191 1319 petrarat
2222 1270 2235 1306 :
2265 1252 2352 1308 ille
2377 1253 2588 1307 fatetur.
2622 1254 2909 1325 Respondit
2940 1259 3105 1324 enim,
3147 1260 3337 1332 inquit,
3363 1264 3541 1322 Achar

1955 1341 2081 1397 Jesu
2111 1342 2297 1398 dicens
2335 1362 2347 1397 :
2387 1343 2514 1398 Vere
2542 1351 2739 1416 peccavi
2777 1349 2829 1401 in
2874 1360 3140 1423 conspectu
3190 1352 3395 1410 Domini
3445 1356 3537 1411 Ι)ιί

1955 1431 2154 1498 Israel;
2179 1436 2251 1487 sic
2278 1445 2322 1490 et
2350 1436 2420 1489 sic
2445 1437 2561 1507 feci.
2606 1436 2843 1492 Videbunt
2869 1440 2921 1493 in
2951 1441 3125 1512 prceda
3162 1446 3345 1499 stolam
3373 1449 3538 1501 uarie-

1953 1536 2122 1595 gatam
2160 1543 2311 1580 uuam
2346 1526 2420 1597 (α)
2447 1529 2739 1595 pulchram,
2785 1530 3097 1603 ducenlaque
3122 1536 3318 1605 argenti
3358 1536 3537 1591 didra-

1953 1615 2099 1669 chma
2120 1659 2135 1682 ,
2183 1627 2227 1671 ct
2253 1618 2478 1689 linguam
2519 1635 2671 1674 uuam
2698 1637 2903 1675 aureant
2918 1623 3279 1695 quinquaginta
3299 1626 3537 1682 didrach-

1952 1728 2179 1778 morum,
2207 1724 2253 1766 et
2284 1713 2645 1781 concupiscens
2670 1716 2800 1784 cepi,
2834 1725 2880 1768 et
2917 1733 3029 1769 ecce
3049 1717 3158 1769 ha’c
3183 1718 3386 1785 defossa
3412 1730 3532 1771 sunt

1953 1803 2099 1857 humi
2120 1805 2173 1857 in
2196 1802 2535 1856 tabernaculo
2559 1820 2670 1858 meo
2694 1804 2855 1875 (Ibid.
2880 1822 2927 1859 υ.
2952 1805 3055 1872 20;
3082 1804 3398 1876 2i).0mnia
3417 1806 3529 1876 jam

1952 1895 2006 1950 in
2037 1903 2280 1965 apertum
2300 1894 2527 1964 profert,
2561 1903 2911 1966 posteaquam
2937 1898 3213 1968 perspexit
3234 1898 3383 1953 illum
3419 1914 3532 1955 om-

1950 1988 2043 2043 nia
2070 1988 2186 2041 sine
2213 1984 2496 2041 tuendacio
2515 1987 2801 2051 iudicasse,
2825 2003 2927 2043 nec
2950 1989 3154 2045 dillisus
3175 1999 3259 2045 est
3284 1989 3405 2045 testi
3437 1982 3527 2047 se?

1949 2079 2125 2151 ipsnm
2150 2077 2416 2147 prodenti.
2446 2076 2578 2131 Vide
2608 2087 2787 2134 autem
2812 2079 3127 2150 probrosam
3160 2096 3224 2136 ac
3253 2082 3527 2152 pernicio-

1948 2185 2061 2228 sam
2093 2169 2234 2248 illius
2256 2179 2481 2223 mortem
2509 2186 2522 2222 :
2555 2167 2833 2233 Subduxit,
2869 2172 3059 2241 inquit,
3088 2171 3242 2228 Iesus
3266 2174 3440 2227 Achar
3466 2176 3523 2228 in

1949 2257 2223 2311 convallem
2248 2257 2433 2324 Achar,
2463 2268 2510 2311 et
2530 2258 2665 2327 ﬁlios
2707 2268 2752 2312 et
2776 2258 2911 2325 ﬁlias
2948 2259 3078 2329 ejus,
3124 2269 3168 2313 et
3196 2258 3377 2315 vitulos
3397 2263 3528 2332 ejus,

1950 2358 1996 2402 et
2011 2350 2242 2419 jumenta
2271 2351 2398 2420 ejus,
2430 2358 2475 2403 et
2499 2366 2671 2404 omnes
2699 2366 2812 2404 oves
2849 2350 2989 2420 ejus,
3021 2359 3065 2404 et
3095 2352 3358 2406 tentorium
3399 2358 3529 2422 ejus,

1949 2449 1994 2493 et
2019 2440 2188 2493 omnia
2205 2456 2531 2512 quacumque
2559 2442 2843 2510 possidebat
2870 2457 2889 2495 :
2918 2450 2964 2495 et
2983 2440 3234 2511 lapidibus
3261 2444 3427 2498 obruit
3472 2462 3531 2499 ca

1949 2533 2112 2586 omnis
2140 2533 2359 2603 papulas
2386 2532 2555 2587 Israel
2576 2534 2708 2605 (Jos.
2744 2535 2796 2591 7.
2824 2534 2913 2589 24.
2942 2533 3058 2607 25).
3089 2535 3202 2592 IIoc
3232 2546 3530 2608 transgres-

1943 2626 2117 2689 sionis
2143 2626 2438 2696 prtemium,
2488 2627 2607 2681 talis
2632 2627 2723 2681 Dei
2754 2626 2981 2683 vindicta
3002 2668 3017 2693 ,
3049 2644 3164 2698 quae
3193 2631 3379 2685 evitari
3422 2647 3531 2687 non

1951 2725 2142 2785 potest.
2178 2717 2302 2771 Ihee
2329 2718 2507 2788 itaque
2548 2718 2814 2784 scientes,
2863 2720 3156 2789 cogitemus
3197 2721 3471 2778 moleStias
3498 2738 3528 2778 a

1950 2809 2146 2863 nostris
2184 2809 2414 2878 peccatis
2465 2809 2680 2878 invehi,
2735 2811 3062 2883 singulisque
3116 2812 3304 2868 diebus
3350 2822 3530 2869 nostra

1948 2898 2312 2954 examinantes
2332 2900 2578 2968 erimina,
2607 2916 2715 2956 non
2744 2901 2901 2968 aliis,
2943 2902 3037 2957 sed
3068 2902 3219 2958 nobis
3245 2903 3373 2974 ipsis
3400 2920 3530 2959 can.

1947 3004 2061 3043 sam
2082 2989 2466 3045 adscribamus.
2486 2990 2592 3047 Nec
2609 2992 2750 3048 enim
2771 2992 3169 3064 magistratuum
3187 2994 3345 3049 modo
3367 2998 3530 3065 negli-

1946 3081 2147 3150 gentia,
2178 3080 2270 3135 sed
2313 3080 2481 3135 multo
2510 3083 2677 3152 magis
2709 3090 2887 3137 nostra
2933 3083 3126 3139 delicta
3178 3084 3315 3139 mala
3343 3098 3527 3140 accer-

1948 3173 2174 3226 sieruut.
2204 3170 2293 3228 Sic
2313 3173 2489 3243 itaque
2520 3173 2622 3228 huc
2649 3174 2936 3230 adveniens
2961 3189 3053 3230 sua
3077 3176 3300 3247 quisque
3325 3178 3529 3232 exami-

1948 3272 2040 3317 net
2057 3261 2272 3329 dclicta,
2303 3278 2400 3318 nec
2421 3263 2581 3317 alium
2606 3264 2829 3330 iucuset,
2853 3271 2908 3318 et
2934 3266 3250 3333 praesentem
3270 3265 3531 3336 gloriﬁca-

1947 3354 2148 3410 tionem
2177 3370 2296 3411 cum
2326 3355 2429 3410 ritu
2455 3355 2666 3410 decenti
2688 3357 2913 3411 emittat.
2933 3356 3081 3425 Quod
3100 3366 3277 3412 autem
3302 3356 3531 3428 exigitur

1946 3449 2013 3504 ad
2044 3449 2379 3514 modestiam,
2414 3449 2515 3504 hoc
2540 3458 2621 3504 est
2652 3466 2665 3502 :
2701 3450 2948 3519 primum,
2978 3448 3139 3504 corde
3166 3450 3397 3505 contrito
3440 3465 3530 3506 ac-

1943 3542 2137 3598 cedere
2171 3541 2237 3596 ad
2268 3542 2466 3596 Deum:
2494 3539 2685 3596 deinde
2711 3540 2889 3596 cordis
2918 3539 3165 3596 allectum
3195 3543 3308 3611 ipso
3336 3541 3388 3597 vi
3402 3542 3528 3596 «ibili

1946 3636 2128 3691 habitu
2154 3636 2449 3703 declarare,
2483 3635 2605 3690 item
2638 3633 2814 3689 standi
2847 3637 3027 3700 modo,
3056 3649 3304 3689 manuum
3335 3634 3527 3690 decora

1944 3729 2351 3799 compositione,
2375 3727 2582 3799 placida
2605 3726 2942 3797 demissaque
2969 3742 3116 3781 vsce.
3138 3727 3269 3781 Nam
3292 3726 3345 3783 id
3377 3727 3529 3783 laeife

1944 3827 2047 3883 est,
2073 3829 2127 3872 et
2156 3827 2333 3887 potest
2353 3817 2594 3887 quisquis
2618 3815 2863 3870 voluerit.
2895 3816 2993 3883 Qui
3023 3816 3114 3871 lict
3137 3816 3315 3887 igitur,
3336 3827 3392 3870 ut
3416 3833 3535 3870 οιιι-

1944 3924 2040 3964 nes
2065 3924 2162 3963 suo
2180 3906 2464 3978 iungantur
2483 3906 2700 3961 ofﬁcio?
2728 3906 2994 3961 Ponamus
3015 3907 3169 3961 nobis
3194 3908 3325 3978 ipsis
3355 3906 3528 3978 legem

1942 3999 2307 4069 dicatnusque,
2335 3998 2388 4053 In
2421 3998 2682 4069 publicam
2727 3997 3008 4054 utilitatem
3057 3996 3140 4052 ἱοκ
3170 4001 3378 4069 prodita
3422 4011 3527 4065 est,

1940 4101 1996 4147 et
2020 4090 2177 4160 hujus
2204 4089 2444 4145 utilitatis
2470 4097 2681 4158 oportet
2709 4103 2807 4143 nos
2842 4103 3030 4143 omnes
3067 4103 3186 4142 esse
3216 4089 3524 4158 participes.

1940 4183 2275 4252 Quapropter
2303 4189 2358 4236 et
2385 4176 2666 4235 indecoras
2697 4193 2856 4233 voces
2885 4192 3212 4249 premamus,
3245 4192 3531 4234 manuum-

1939 4289 2044 4344 que
2068 4272 2503 4344 gesticulationcs
2531 4269 2881 4340 corripiemus
2899 4310 2914 4336 ,
2947 4268 3044 4325 has
3069 4268 3383 4338 conjunctas
3430 4286 3530 4324 ex-

1942 4366 2186 4420 hibentes
2234 4364 2341 4418 Deo
2364 4402 2377 4428 ,
2408 4376 2509 4418 nec
2537 4358 2901 4431 incompositis
2933 4360 3166 4415 motibus
3193 4358 3529 4415 attollantur.

1940 4456 2061 4510 Odit
2101 4456 2243 4510 enim
2277 4455 2378 4508 hoc
2402 4453 2542 4507 Deus
2565 4461 2621 4507 et
2643 4460 2938 4519 aversatur,
2970 4450 3110 4504 sicut
3143 4459 3328 4505 contra
3376 4463 3526 4503 com-

1940 4549 2169 4619 positum
2198 4561 2262 4601 ac
2285 4544 2583 4602 modestum
2609 4551 2750 4598 amat
2777 4542 3086 4614 expetitque
3109 4560 3122 4596 :
3150 4542 3229 4596 Ad
3247 4559 3415 4613 quem,
3447 4541 3528 4596 in-

1938 4643 2073 4711 quit,
2104 4639 2390 4709 respiciam,
2412 4637 2511 4692 nisi
2538 4636 2607 4690 ad
2646 4646 2962 4691 mansuetum
2988 4644 3035 4690 et
3062 4626 3303 4706 quietum,
3326 4643 3374 4689 et
3420 4643 3523 4697 tre-

1938 4744 2150 4788 mentem
2176 4731 2324 4787 eerba
2371 4748 2482 4785 mea
2512 4728 2783 4803 (Isai.,66.
2808 4727 2902 4801 9.)?
2953 4728 3201 4783 Dicamus
3228 4725 3345 4782 aliis
3383 4726 3476 4783 alii
3510 4744 3524 4781 τ

1939 4824 2054 4879 Non
2084 4824 2197 4880 vult
2227 4824 2388 4888 Deus,
2417 4831 2474 4876 ut
2500 4820 2656 4876 simul
2682 4835 2801 4876 cum
2833 4818 2949 4889 ipso
2975 4818 3274 4888 loquamur,
3297 4825 3352 4872 et
3384 4818 3524 4873 inter

1941 4935 2039 4976 nos
2069 4919 2384 4982 fabulemur,
2415 4930 2515 4971 nec
2543 4913 2761 4986 patitur,
2792 4922 2848 4966 ut
2892 4912 3066 4982 ipsum
3109 4909 3308 4981 alloqui
3356 4910 3521 4966 inter-

1939 5013 2211 5068 mittentes
2257 5008 2600 5080 pvmsentium
2642 5004 3108 5062 confabulationes
3159 5003 3476 5060 suscitemus
3501 5045 3519 5072 ,

1938 5117 2201 5175 caenoque
2244 5100 2555 5171 margaritas
2600 5098 3044 5154 contaminemus.
3095 5095 3367 5167 Siquidem
3420 5097 3524 5153 hoc

1938 5210 2087 5250 suam
2128 5192 2504 5249 contumeliam
2547 5203 2669 5245 esse
2705 5188 2872 5254 ducit,
2904 5203 3011 5244 non
3052 5187 3521 5260 gloriﬁcationem.

1938 5288 2086 5355 Quod
2115 5288 2157 5342 si
2203 5286 2323 5357 quis
2351 5285 2578 5340 voluerit
2603 5283 2703 5338 hoc
2729 5290 3052 5353 prmceptum
3082 5282 3386 5353 pratterire,
3426 5279 3525 5334 ob-

1939 5388 2179 5433 turemus
2208 5376 2282 5431 illi
2308 5390 2402 5443 os,
2431 5385 2698 5447 tamquam
2725 5371 2914 5429 salutis
2944 5372 3306 5428 insidiatorem
3334 5369 3524 5440 expc!-

2000 5560 2073 5621 (a)
2106 5558 2161 5608 ῐιι
2197 5566 2391 5621 crteco,
2416 5569 2548 5617 ποιὴν
2585 5567 2692 5621 ψιλὴν
2725 5568 2900 5614 mat...
2934 5552 2992 5603 In
3027 5553 3157 5602 hunc
3192 5553 3349 5601 locum
3386 5555 3524 5600 notat

1932 5618 2074 5671 Savil'.
2102 5634 2115 5669 :
2150 5639 2172 5665 ι
2196 5619 2394 5670 ιθιοισειιε
2413 5618 2601 5669 retinet
2635 5618 2894 5669 lectionem
2918 5622 3199 5670 Romanam,
3220 5624 3326 5673 sat.
3349 5621 3522 5673 ιαμιλην,

1933 5669 2144 5735 ἰιῖιιιιςιο.
2170 5669 2329 5742 «πιέν,
2352 5682 2597 5743 vertitque
2619 5693 2681 5729 es
2696 5680 2853 5731 veteri
2874 5676 3132 5733 Glossario,
3156 5669 3293 5723 ιεκίιε
3322 5669 3523 5739 ιραδυὺὲ

1933 5748 2111 5797 nicum.
2134 5760 2159 5791 ι
