4048 6208
663 353 754 409 lil'i

657 476 848 536 lautus,
870 478 924 526 et
974 463 1237 523 ecclesiae
1270 468 1466 517 sancite
1496 457 1659 528 septis
1689 454 1983 527 ejiciamus.
2025 450 2137 505 lloc
2188 448 2233 501 si

656 565 960 626 tecerimus,
991 565 1170 615 nostra
1193 554 1407 627 quidem
1439 560 1655 623 peccata
1683 548 1955 617 snperiora
1985 544 2139 600 facile
2162 543 2235 597 di-

659 656 881 719 luemus,
917 653 1088 723 ipsum
1117 656 1296 703 autem
1328 644 1610 699 Dominum
1639 638 1955 695 habebimus
1984 638 2035 691 in
2059 636 2235 690 medio

656 756 895 803 nostrum
924 759 1028 799 una
1071 757 1192 797 eum
1218 736 1417 793 sanctis
1445 734 1646 806 angelis
1675 732 1869 788 choros
1888 739 2154 802 agentem,
2183 735 2238 782 et

659 840 844 910 tuique
891 832 1167 891 modestiae
1210 842 1436 885 coronas
1487 824 1914 882 distribuentem.
1974 820 2235 889 Quoniam

654 928 795 985 enim
846 935 928 982 est
956 924 1223 979 humanus
1249 935 1313 975 ac
1356 918 1660 984 muniﬁcus,
1696 913 1933 987 gaudens
1957 913 2024 968 de
2053 923 2237 967 nostra

655 1020 854 1084 salute;
885 1017 1006 1071 ideo
1033 1013 1308 1070 obiectans
1328 1025 1448 1065 sese
1474 1009 1628 1064 bonis
1653 1007 1849 1062 nostris
1873 1005 2126 1061 caelorum
2148 1020 2234 1058 re-

652 1125 813 1182 gnum
844 1106 1105 1179 promisit,
1137 1112 1193 1159 et
1236 1102 1359 1157 vitae
1412 1098 1828 1169 incorruptibilis
1873 1096 2198 1153 consortium
2220 1136 2233 1160 ,

653 1199 938 1270 omniaque
970 1197 1106 1251 bona
1151 1192 1484 1265 praeparavit,
1519 1190 1703 1246 volens
1733 1202 1830 1243 nos
1855 1188 1907 1242 in
1937 1186 2019 1241 his
2044 1185 2239 1241 habere

657 1287 998 1346 tabernacula
1032 1287 1050 1320 ¹
1083 1304 1096 1341 :
1124 1301 1241 1356 quae
1262 1284 1416 1339 nobis
1435 1281 1682 1337 omnibus
1707 1280 1979 1350 contingat
2003 1277 2234 1347 assequi,

654 1383 821 1454 gratia
848 1389 902 1435 et
931 1378 1262 1433 humanitate
1290 1374 1496 1429 Domini
1528 1372 1693 1427 nostri
1724 1370 1848 1427 Jesu
1878 1369 2095 1435 Christi,
2118 1369 2239 1438 qui-

656 1490 775 1529 cum
808 1472 963 1527 decet
982 1470 1171 1540 gloria,
1200 1468 1504 1537 imperium,
1542 1464 1713 1518 honor
1751 1470 1805 1517 et
1831 1460 2071 1516 adoratio
2097 1460 2238 1514 Patri

655 1576 710 1620 et
729 1573 915 1619 sancto
942 1561 1183 1633 Spiritui,
1217 1573 1360 1614 nunc
1398 1567 1453 1613 et
1486 1570 1717 1627 semper,
1745 1567 1800 1610 et
1836 1554 1891 1608 in
1916 1550 2109 1608 saecula
2135 1566 2241 1607 sa:-

656 1656 917 1713 culorum.
956 1655 1146 1708 Amen.

1032 1804 1377 1863 EIUSDEM
1415 1800 1737 1859 HOMILIA
1778 1799 1863 1855 11.

657 1945 715 2005 In
745 1945 943 2000 dictum
966 1941 1096 1998 illud
1125 1941 1274 1998 Isaia:
1297 1938 1589 2010 propheta},
1622 1936 1837 1991 Factum
1859 1945 1929 1991 est
1960 1951 2113 1997 anno.
2143 1951 2242 2006 quo

731 2051 958 2093 mortuus
985 2047 1055 2091 est
1086 2035 1239 2091 Ozias
1259 2053 1368 2100 rex,
1388 2036 1489 2089 uidi
1515 2034 1789 2088 Dominum
1810 2031 2059 2088 sedentem
2087 2031 2140 2084 in
2164 2046 2248 2084 so-

716 2131 799 2191 ,tio
829 2129 1021 2183 excelso
1060 2138 1106 2181 et
1133 2128 1322 2182 elevato
1365 2124 1515 2197 (Isai.
1563 2122 1726 2198 6.1);
1779 2132 1833 2179 et
1885 2120 2027 2193 quod
2076 2135 2246 2191 neque

734 2234 973 2292 tempus,
1003 2235 1173 2290 neque
1206 2234 1370 2275 unum
1415 2219 1739 2275 elementum
1775 2215 2071 2271 divinarum
2097 2212 2248 2269 Scri-

734 2327 1006 2387 pturarum
1036 2321 1280 2383 oporteat
1303 2320 1733 2382 prmtercurrere.

735 2451 788 2505 1.
815 2449 935 2505 Suis
965 2449 1025 2502 de
1043 2446 1248 2502 illorum
1270 2445 1437 2501 studio
1463 2443 1703 2498 audiendi
1727 2442 1924 2497 verbum
1950 2441 2045 2497 Dei
2069 2451 2246 2513 gratw

665 2546 801 2599 tatur
834 2543 1240 2613 Chrysostomns,‘
1268 2540 1425 2607 ipsius
1455 2537 1697 2592 modestia
1721 2546 1767 2591 et
1797 2552 1916 2607 erga
1935 2551 2052 2591 suos
2079 2551 2243 2588 amor.

665 2669 735 2680 -—
753 2636 970 2693 Gaudeo
997 2633 1330 2701 consiiiciens
1363 2645 1460 2686 vos
1485 2630 1551 2685 ad
1577 2628 1837 2685 audienda
1861 2643 2008 2685 sacra
2037 2627 2247 2699 eloquia

665 2739 1066 2794 concurrentes,
1094 2728 1253 2798 idque
1287 2726 1538 2781 indicium
1580 2740 1699 2781 esse
1746 2724 2032 2779 maximum
2068 2722 2250 2794 judico

666 2823 826 2877 vestri
856 2822 908 2875 in
937 2820 1031 2875 Dei
1058 2818 1202 2875 cultu
1222 2833 1287 2873 ac
1311 2817 1507 2888 pietate
1533 2831 1868 2887 progressus.
1895 2814 2253 2885 Quemadmo-

669 2916 792 2970 dum
840 2914 982 2970 enim
1027 2912 1332 2983 appetentia
1365 2910 1471 2965 cibi
1506 2909 1745 2981 corpOris
1770 2908 1964 2963 bonam
1993 2906 2252 2961 valetudi-

666 3021 788 3062 nem
816 3004 1090 3071 declarat,
1122 3002 1202 3058 sic
1229 3010 1284 3058 et
1319 3014 1595 3056 sermones
1637 3008 1887 3069 appetere
1922 2997 2244 3067 spirituales,

668 3099 861 3154 animae
900 3097 1181 3152 sanitatem
1219 3092 1414 3164 arguit.
1449 3090 1667 3147 Gaudeo
1692 3089 1902 3160 quidem
1931 3088 2089 3158 igitur
2126 3102 2250 3157 pro-

668 3197 787 3259 pter
815 3188 954 3242 hoc:
996 3193 1249 3240 cmternm
1281 3196 1473 3238 vereor.
1519 3196 1586 3236 ne
1624 3177 1764 3234 forte
1792 3194 1896 3232 non
1931 3179 2128 3247 possim
2157 3177 2252 3230 ali-

668 3280 795 3351 quid
820 3278 1031 3333 adferre
1055 3275 1271 3347 dignum
1295 3275 1398 3329 isto
1420 3280 1597 3327 vestro
1624 3268 1913 3326 desiderio.
1940 3269 2030 3323 Sic
2058 3275 2112 3322 et
2140 3281 2257 3321 ma-

670 3384 752 3427 ter
778 3385 963 3425 amans
990 3369 1171 3435 dolet,
1200 3366 1411 3438 quoties
1450 3366 1734 3420 lactentem
1777 3363 1978 3417 habens
2001 3377 2247 3432 puerum,

670 3479 774 3519 non
806 3469 980 3531 potest
1017 3461 1092 3516 illi
1132 3460 1350 3530 largiter
1389 3456 1626 3528 przebere
1665 3456 1817 3511 lactis
1847 3453 2086 3510 fontem:
2115 3462 2252 3508 atta-

668 3568 791 3610 men
817 3564 1138 3623 quamquam
1163 3549 1301 3605 lacte
1327 3556 1792 3615 caret,mammam
1821 3554 1997 3600 tamen
2022 3543 2132 3611 dat,
2165 3544 2254 3601 ille

668 3660 797 3699 vero
833 3653 1104 3713 acceptam
1135 3641 1296 3696 trahit
1316 3640 1560 3710 sugitque
1579 3680 1593 3703 ,
1621 3647 1674 3692 et
1698 3652 1793 3691 ore
1816 3636 2067 3707 papillam
2095 3634 2252 3690 refri-

668 3745 971 3806 geseentem
999 3733 1333 3798 calefaciens,
1355 3732 1471 3801 plus
1491 3744 1648 3801 quam
1670 3736 1785 3783 erat
1808 3729 1955 3783 elicit
1978 3729 2250 3783 alimenti:

671 3838 843 3889 mater
893 3842 1022 3882 vero
1070 3825 1215 3881 dolet
1252 3824 1466 3895 quidem
1506 3817 1633 3878 ‘dum
1674 3822 1842 3892 ipsius
1882 3820 2255 3877 distenduntur

670 3924 857 3984 ubera,
886 3935 985 4001 nec
1016 3927 1189 3974 tamen
1230 3916 1445 3989 repellit
1487 3931 1709 3986 puerum
1735 3931 1750 3968 :
1779 3923 1950 3969 mater
1977 3914 2118 3969 enim
2148 3922 2250 3980 est,

668 4021 724 4068 et
761 4010 937 4067 omnia
979 4015 1236 4082 praeoptat
1276 4008 1482 4080 perpeti
1524 4007 1723 4078 p0tius,
1764 4020 1922 4076 quam
1954 4012 2011 4058 ut
2040 4013 2250 4074 partum

668 4120 821 4160 suum
870 4103 1168 4160 contristet.
1219 4102 1401 4172 Itaque
1443 4100 1487 4154 si
1528 4109 1728 4154 matres
1766 4112 1889 4167 erga
1923 4096 2084 4152 fretus
2127 4109 2253 4152 suos

670 4206 873 4253 tantum
917 4194 1174 4250 exhibent
1218 4206 1477 4254 amorem,
1516 4190 1685 4244 multo
1724 4189 1891 4258 magis
1916 4195 2127 4258 oportet
2157 4200 2254 4240 nos

669 4303 794 4356 erga
833 4295 1070 4341 vestram
1105 4283 1381 4339 caritatem
1416 4281 1664 4336 similiter
1695 4279 1912 4334 atl'ectos
1949 4291 2088 4333 esse.
2119 4276 2255 4331 Nam

668 4377 889 4448 spiritus
913 4383 1096 4445 partus
1119 4372 1545 4428 vehementiores
1569 4378 1695 4425 sunt
1722 4385 1879 4440 quam
1904 4377 2124 4423 naturae.
2152 4366 2255 4421 lla-

668 4481 774 4537 qne
804 4465 1014 4520 tametsi
1039 4463 1191 4518 nobis
1221 4476 1404 4518 mensa
1431 4462 1649 4516 multam
1680 4461 1841 4517 habet
1865 4461 2159 4530 penuriam,
2187 4476 2254 4515 ne

670 4559 749 4611 sic
791 4553 1005 4626 quidem
1050 4569 1169 4609 eam
1208 4552 1622 4618 occultabimus,
1656 4551 1750 4606 sed
1780 4561 1958 4606 nostra
1989 4552 2168 4607 omnia
2199 4552 2251 4607 in

673 4648 905 4705 medium
947 4643 1276 4718 proferentes
1305 4658 1633 4716 apponemus
1662 4644 1832 4699 vobis.
1863 4643 2016 4709 Quod
2046 4646 2089 4698 si
2118 4660 2252 4715 pau-

668 4743 790 4797 cnla
836 4740 952 4796 hate
997 4747 1122 4793 sunt
1154 4737 1403 4807 viliaque,
1433 4735 1789 4807 prmbebimus
1814 4744 2012 4790 tamen.
2044 4735 2174 4790 Nam
2201 4746 2255 4791 et

671 4833 760 4888 ille
781 4835 801 4865 ²
832 4831 918 4886 cui
944 4829 1201 4885 talentum
1244 4837 1361 4884 erat
1400 4827 1658 4882 creditum
1678 4867 1694 4894 ,
1734 4843 1838 4881 non
1869 4826 1990 4897 quia
2020 4827 2255 4898 quinque

672 4928 865 4981 talenta
898 4940 1005 4979 non
1033 4925 1171 4989 tulit,
1203 4924 1273 4978 ob
1299 4922 1349 4977 id
1378 4922 1649 4976 incusatus
1672 4927 1773 4985 est,
1798 4918 1892 4975 sed
1915 4918 2057 4991 quod
2088 4935 2251 4974 unum

672 5015 797 5070 illud
828 5014 1110 5079 defoderit,
1138 5013 1280 5084 quod
1308 5021 1605 5083 acceperat,
1635 5011 1783 5068 dedit
1812 5025 1996 5081 poenas
2022 5008 2249 5081 (Matth.

669 5107 763 5163 25.
789 5106 882 5162 Ἡ.
909 5122 1015 5179 sqq.
1041 5105 1082 5178 ).
1132 5105 1403 5177 Siquidem
1432 5104 1533 5159 hoc
1552 5114 1633 5160 est
1658 5104 1799 5174 quod
1828 5103 2084 5174 quaeritur
2111 5102 2250 5172 apud

671 5200 840 5255 Deum
862 5209 914 5254 et
934 5198 1071 5272 apud
1105 5198 1367 5265 homines,
1395 5212 1500 5251 non
1531 5196 1763 5251 multane
1785 5205 1874 5249 aut
1892 5210 2056 5265 pauca
2082 5194 2251 5265 depo-

678 5309 789 5363 uas,
835 5291 928 5348 sed
973 5309 1037 5347 ne
1076 5292 1400 5348 oblationem
1442 5288 1636 5345 oll‘eras
1674 5287 2008 5343 facultatibus
2030 5285 2252 5342 inferio-

672 5401 810 5441 tem.
840 5383 1076 5439 Audistis
1106 5397 1277 5454 nuper
1302 5396 1425 5437 cum
1453 5380 1606 5435 nobis
1633 5379 1813 5434 datum
1843 5388 1985 5434 esset
2019 5378 2123 5435 hoc
2159 5381 2255 5434 lto-

706 5556 709 5561 ί
734 5543 750 5573 ί
788 5547 916 5589 Unus
936 5538 1119 5599 habet,
1143 5536 1299 5588 volens
1323 5546 1407 5586 nos
1441 5533 1493 5584 in
1526 5532 1602 5584 his
1630 5532 1804 5584 habere
1836 5532 2147 5585 tabernacula
2203 5534 2255 5584 in

669 5610 971 5713 tu?
994 5667 1162 5714 Nostra
1177 5672 1336 5710 annua
1354 5657 1403 5722 in
1421 5655 1635 5722 medium
1646 5659 1944 5722 proferente:
1963 5671 2255 5722 apponemus

671 5724 816 5787 vobis,
841 5723 1020 5787 exigua
1041 5722 1235 5787 quidem
1248 5728 1301 5787 et
1324 5718 1510 5787 πηίηῂζὴ
1530 5718 1686 5782 pretii,
1708 5718 1965 5770 nictuentes
1986 5718 2254 5770 damnatio-

670 5786 744 5836 nt's
766 5782 1064 5847 pericu'inny
1079 5786 1121 5838 si
1138 5785 1330 5849 quidem
1352 5791 1397 5835 et
1419 5782 1517 5845 ille,
1542 5790 1635 5832 etc.

1363 349 1418 404 S.
1459 345 1733 402 JOANNIS
1770 336 2245 399 CIIRYSOSTOMI
2285 332 2599 390 ARCIIIEP.
2640 331 3167 389 CONSTANTINOP.
3797 341 3870 395 lt)!

2344 447 2510 508 noris.
2543 455 2601 501 ut
2629 447 2765 516 apud
2796 448 3071 503 caritatem
3093 454 3321 503 vestram
3347 450 3734 521 dissereremus,
3759 457 3870 512 Psal-

2346 554 2490 595 mum
2524 539 2670 593 illum
2703 540 2997 610 legentibus
3023 540 3196 607 nobis,
3226 542 3314 611 qui
3347 552 3666 612 peccatorem
3690 562 3718 603 e
3742 555 3870 607 sacri:

2340 634 2505 704 septis
2526 632 2764 703 cjiciens,
2780 632 3010 704 angelos
3032 648 3395 705 supernasque
3421 636 3638 693 virtutes
3667 638 3870 697 ltortaba.

2343 732 2429 778 tur
2464 723 2528 777 ad
2561 723 2881 778 laudandum
2924 724 3290 781 universorum
3338 727 3521 783 Deum.
3546 727 3710 785 Vultis
3751 731 3870 803 igitut

2341 824 2395 870 et
2435 813 2594 870 hedie
2637 815 2778 871 idem
2821 816 3120 886 angelicum
3161 817 3329 872 melos
3357 818 3375 850 ί
3412 818 3706 888 audiamus,
3741 837 3870 893 ιιι-ονε

2344 906 2450 961 illic
2477 906 2671 961 alicubi
2697 915 2934 962 astantes
2951 907 2977 961 ?
3000 907 3125 963 Mihi
3149 917 3294 963 certe
3319 909 3541 966 videtur.
3585 910 3711 967 Nam
3734 915 3772 967 si
3802 913 3870 967 hu.

2344 1002 2515 1057 mines
2543 1001 2789 1057 scelerati
2808 1001 2936 1056 dum
2960 1000 3185 1058 choreas
3210 1011 3371 1072 agunt
3396 1002 3448 1057 in
3475 1003 3604 1070 foro,
3632 1004 3682 1058 in
3700 1005 3870 1075 profun

2342 1095 2409 1151 da
2433 1095 2659 1165 caligine
2688 1102 2950 1166 nocteque
2980 1095 3298 1165 intempesta
3339 1096 3662 1154 meretriciae
3692 1098 3865 1152 cantile

2344 1203 2443 1244 nas
2488 1188 2786 1257 mollesque
2839 1196 3094 1243 canentes
3126 1190 3422 1254 cant’ones,
3453 1195 3615 1244 totam
3650 1188 3870 1245 civitaten

2344 1281 2497 1337 nobis
2521 1280 2774 1342 excitant,
2809 1288 2863 1335 et
2886 1279 2955 1334 ad
2983 1294 3103 1334 sese
3131 1287 3448 1334 convertunt
3476 1296 3490 1332 :
3517 1294 3612 1334 nos
3630 1280 3870 1336 ctelesthtn

2338 1370 2659 1440 populorum
2683 1368 2931 1440 supernis
2959 1369 3138 1425 choris
3168 1369 3366 1440 Regem
3391 1369 3624 1424 universi
3648 1370 3870 1425 celebran

2347 1463 2487 1519 tibus
2514 1478 2617 1518 non
2645 1476 2985 1518 occurremus
3011 1503 3026 1528 ,
3050 1476 3156 1515 non
3195 1460 3475 1515 audiemus
3506 1459 3729 1515 divinam
3770 1459 3870 1515 illan

2348 1567 2412 1609 ac
2436 1553 2645 1609 beatam
2672 1552 2904 1608 vocem?
2929 1551 2992 1606 Et
3012 1568 3131 1622 qua:
3161 1551 3316 1605 nobis
3353 1550 3566 1606 dabitur
3598 1552 3780 1606 venia?
3803 1552 3870 1605 Se.

2346 1644 2614 1716 quomodo
2632 1687 2647 1712 ,
2681 1645 2886 1716 inquis,
2918 1643 3043 1699 licet
3066 1642 3295 1698 audire?
3318 1640 3373 1698 Si
3402 1643 3454 1697 in
3482 1643 3652 1713 ipsum
3671 1641 3870 1698 ascende

2348 1736 2517 1792 rimus
2544 1735 2766 1802 caelum,
2792 1735 2893 1790 etsi
2922 1750 3026 1790 non
3064 1748 3291 1804 corpore
3315 1776 3331 1801 ,
3363 1743 3546 1790 mente
3586 1743 3789 1789 tamen:
3813 1743 3870 1787 cu

2350 1829 2523 1883 minus
2552 1828 2853 1898 praisentia,
2880 1836 3025 1881 certe
3048 1827 3387 1897 cogitatione.
3417 1825 3551 1880 Nam
3574 1840 3759 1895 corpus
3780 1839 3870 1894 quo

2351 1921 2491 1974 niam
2527 1929 2776 1975 terrestre
2801 1927 2882 1973 est
2903 1932 2966 1973 ac
2988 1933 3149 1989 grave
3175 1926 3358 1971 natura
3378 1957 3396 1983 ,
3436 1924 3613 1972 manet
3642 1917 3691 1970 in
3724 1916 3863 1970 terris

2349 2013 2523 2067 anima
2558 2027 2686 2066 vero
2712 2011 2778 2066 ab
2801 2009 2901 2066 hac
2922 2024 3052 2067 nece
3063 2010 3237 2065 3sitate
3262 2018 3344 2065 est
3368 2009 3561 2074 libera,
3581 2007 3869 2077 facillimeth

2350 2106 2416 2160 ad
2456 2105 2715 2159 altissima
2747 2104 3159 2175 longissimeque
3200 2112 3404 2159 semota
3443 2102 3565 2156 loca
3590 2101 3818 2156 advolat:
3843 2102 3870 2154 it

2354 2207 2409 2252 ut
2438 2197 2597 2252 etiam
2644 2196 2687 2250 si
2728 2195 2857 2250 velit
2886 2193 2953 2249 ad
2983 2204 3251 2249 extremos
3279 2194 3425 2249 orbis
3458 2193 3716 2250 terminos
3744 2206 3870 2262 perri

2352 2288 2467 2344 nire
2489 2330 2505 2356 ,
2536 2296 2628 2343 aut
2654 2288 2704 2341 in
2733 2287 2924 2343 caelum
2952 2286 3242 2341 ascendere
3266 2328 3281 2353 ,
3310 2285 3444 2341 nihil
3486 2286 3552 2341 sit
3586 2284 3721 2355 quod
3745 2293 3865 2338 vetet

2351 2380 2486 2435 adeo
2505 2378 2602 2450 ipsi
2631 2379 2773 2434 leves
2793 2378 3169 2449 cogitationum
3196 2377 3308 2432 alas
3331 2377 3492 2432 dedit
3516 2377 3670 2432 Deus.
3692 2374 3790 2430 Nec
3812 2383 3870 2427 tat

2354 2482 2463 2527 tum
2505 2474 2615 2528 alas
2654 2471 2797 2527 leves
2842 2470 3007 2536 dedit,
3057 2484 3241 2525 verum
3282 2478 3338 2523 et
3367 2469 3563 2524 oculos
3599 2468 3802 2538 largitus
3819 2480 3866 2518 es

2350 2562 2519 2619 multo
2552 2577 2709 2633 quam
2747 2562 2985 2631 corporis
3035 2560 3483 2630 perspicaciores.
3521 2558 3648 2614 Nam
3699 2569 3870 2625 corpor

2352 2664 2620 2727 aspectus,
2666 2656 2709 2708 si
2750 2653 2964 2725 quidem
3000 2667 3096 2723 per
3134 2666 3358 2706 vacuum
3398 2665 3588 2705 aerem
3621 2648 3821 2712 feratur,
3850 2661 3870 2698 a

2355 2747 2569 2818 longum
2602 2746 2937 2804 intervallum
2968 2742 3305 2814 progreditur
3335 2761 3348 2797 :
3374 2742 3528 2812 quod
3555 2742 3596 2795 si
3620 2742 3668 2795 in
3687 2740 3870 2807 exigunt

2353 2854 2549 2909 corpus
2588 2838 2885 2907 impegerit,
2933 2852 3039 2890 non
3082 2835 3239 2890 aliter
3276 2849 3435 2904 quam
3490 2834 3658 2889 [luxus
3684 2831 3765 2903 qui
3792 2830 3869 2884 l’en

2354 2931 2529 2997 batur,
2557 2929 2831 2983 obstaculo
2851 2927 3115 2998 repulsus,
3138 2925 3316 2981 denuo
3338 2933 3636 2980 retrorsum
3661 2922 3870 2977 avertitut

2353 3039 2539 3079 verum
2567 3022 2728 3077 animi
2753 3021 2893 3077 oculi
2941 3020 3147 3076 etiamsi
3178 3019 3408 3089 parietes
3428 3058 3443 3083 ,
3471 3015 3682 3074 etiamsi
3709 3012 3870 3070 moenia

2355 3115 2562 3171 etiamsi
2608 3115 2867 3168 montium
2911 3112 3099 3176 moles,
3144 3111 3354 3167 etiamsi
3401 3111 3664 3166 caelorum
3712 3120 3870 3174 corpot

2355 3206 2719 3276 compererint
2760 3205 3046 3268 obstantia,
3078 3204 3253 3259 omnia
3299 3201 3456 3258 facile
3503 3212 3866 3274 praztercurrun

2357 3299 2604 3354 Attamen
2629 3311 2750 3352 cum
2783 3305 2979 3351 tantam
3011 3294 3200 3350 habeat
3223 3295 3564 3351 celeritatem
3588 3302 3641 3350 et
3664 3291 3870 3349 oculorm

2356 3386 2523 3442 aciem
2550 3385 2748 3455 anima,
2774 3400 2877 3440 non
2910 3400 2974 3442 ex
2997 3400 3117 3441 sese
3143 3383 3417 3441 sufficiens
3440 3394 3532 3441 est
3554 3384 3619 3440 ad
3646 3383 3870 3453 intelliget

2356 3479 2484 3533 tiam
2512 3492 2690 3534 rerum
2715 3476 3005 3532 czelestium
3024 3517 3040 3542 ,
3070 3476 3163 3531 sed
3190 3491 3323 3546 opus
3349 3475 3441 3530 illo
3467 3474 3631 3534 habet
3655 3475 3740 3547 qui
3764 3475 3870 3545 ipsa]

2357 3585 2518 3625 manu
2557 3569 2805 3625 deducat.
2846 3566 3129 3623 Faciamus
3155 3567 3313 3637 igitur
3336 3567 3483 3638 quod
3513 3568 3567 3623 in
3591 3581 3767 3638 regum
3787 3563 3870 3635 pal:

2358 3665 2445 3720 tiis
2474 3663 2648 3719 facere
2676 3663 2888 3729 solent,
2914 3661 3004 3733 qui
3033 3662 3254 3731 cupiunt
3272 3659 3333 3715 ea
3355 3659 3564 3717 videre.
3590 3658 3723 3728 Quid
3757 3664 3870 3711 aute:

2358 3757 2435 3812 illi
2466 3755 2707 3810 faciunt?
2746 3754 2846 3810 Ubi
2877 3753 3185 3824 quaesierint
3214 3766 3337 3809 eum
3360 3752 3445 3808 eui
3478 3754 3658 3808 claves
3684 3747 3870 3807 commit

2357 3862 2431 3902 sa:
2478 3855 2622 3913 sunt,
2671 3845 2820 3900 illum
2868 3843 3086 3910 adeunt,
3127 3842 3469 3914 alloquuntur
3524 3850 3580 3897 et
3623 3839 3870 3912 supplicari

2360 3938 2668 4010 frequenter
2691 3945 2745 3991 et
2768 3935 3050 4007 pecuniam
3080 3941 3362 3989 numerant
3386 3973 3401 3998 ,
3429 3941 3492 3988 ut
3523 3933 3648 4005 ipsis
3674 3926 3870 4002 gratiﬂct

2358 4039 2463 4084 tur.
2497 4027 2764 4083 Adeamus
2792 4039 2920 4097 ergo
2946 4032 3001 4080 et
3027 4038 3125 4079 nos
3155 4038 3319 4077 unum
3347 4036 3540 4077 eorum
3558 4064 3574 4088 ,
3604 4020 3786 4094 quibus
3820 4031 3870 4071 ca

2358 4123 2519 4178 lestes
2545 4129 2713 4192 portae
2749 4116 3053 4174 commissae
3095 4122 3236 4182 sunt,
3280 4113 3634 4184 appellemus,
3672 4109 3870 4180 supplici

2358 4228 2498 4281 mus,
2543 4225 2639 4279 pro
2672 4207 2895 4278 pecunia
2944 4212 3240 4276 promptam
3276 4204 3607 4259 voluntatem
3643 4201 3870 4257 sincerun

2358 4321 2462 4378 que
2498 4303 2743 4360 allectum
2781 4300 3145 4358 exhibeamus.
3190 4298 3256 4352 Et
3283 4296 3327 4352 si
3357 4296 3451 4352 ille
3474 4294 3772 4353 mercedem
3797 4289 3870 4344 hat

2358 4396 2641 4466 acceperit,
2694 4408 2854 4448 manu
2893 4400 3075 4447 nostra
3118 4386 3450 4459 apprehensa
3491 4402 3590 4458 per
3626 4383 3797 4442 omnia
3821 4379 3869 4434 ci

2358 4489 2659 4552 cumducet,
2706 4502 2810 4541 non
2856 4485 3003 4539 illam
3041 4482 3331 4539 ostendens
3360 4481 3585 4551 regiam,
3625 4478 3721 4537 sed
3762 4477 3869 4547 ipso

2358 4584 2557 4654 Regem
2613 4580 2665 4635 in
2715 4577 2851 4633 solio
2886 4577 3186 4637 sedentem,
3229 4572 3566 4629 adstantibus
3622 4565 3870 4627 exercitibt

2358 4672 2790 4741 exercituumque
2844 4666 3067 4723 ducibus
3093 4705 3109 4729 ,
3164 4664 3537 4720 assistentibus
3583 4655 3870 4718 innumeral

2358 4764 2487 4819 lium
2527 4761 2837 4830 angelorum
2876 4765 2931 4812 et
2975 4754 3417 4826 archangelorum
3442 4754 3725 4817 millibus;
3762 4763 3870 4805 omn

2360 4857 2645 4927 diligenter
2699 4852 2853 4907 nobis
2902 4847 3181 4915 ostendet,
3239 4858 3503 4919 quatenus
3563 4845 3715 4902 nobis
3758 4840 3865 4896 vide

2359 4950 2503 5005 licet.
2535 4947 2664 5016 Quis
2692 4946 2850 5016 igitur
2887 4951 2970 4997 est
3008 4941 3107 4997 iste
3145 4939 3232 4996 cui
3275 4938 3389 4996 haec
3425 4937 3632 4995 functio
3659 4929 3869 4994 cummis

2358 5050 2461 5107 est,
2493 5054 2655 5110 quam
2698 5043 2985 5107 sequentes
3024 5047 3166 5088 nunc
3204 5033 3445 5087 volumus
3484 5022 3870 5102 ingrediilsaia

2360 5131 2738 5202 prophetarum
2766 5125 3154 5184 vocalissimus.
3177 5122 3318 5194 Ergo
3344 5136 3566 5179 necesse
3591 5127 3694 5188 est,
3715 5123 3772 5172 ut
3798 5112 3870 5167 hut

2359 5225 2710 5294 alloquamur.

2432 5315 2713 5385 Scriptum
2743 5308 2992 5382 quomodo
3018 5307 3302 5362 audiendas.
3334 5332 3404 5348 --
3429 5305 3604 5376 Agite,
3640 5294 3865 5371 sequam?

2359 5405 2657 5475 composito
2682 5400 2849 5471 gradu
2876 5398 3203 5465 incedentes,
3241 5396 3411 5452 multo
3446 5411 3565 5451 cum
3592 5390 3835 5448 silentio:
3860 5400 3870 5438 |

2358 5497 2479 5569 quis
2524 5492 2848 5564 ingrediatur
2893 5489 3036 5545 curis
3087 5496 3312 5544 onustus
3360 5484 3660 5549 mundanis,
3712 5495 3778 5535 ne
3814 5490 3870 5546 qu

2360 5588 2519 5643 animi
2550 5584 2761 5648 dubius,
2802 5596 2871 5636 ne
2906 5579 3023 5652 quis
3052 5578 3308 5634 attonitus
3341 5596 3353 5630 :
3393 5590 3574 5633 verum
3621 5576 3730 5629 lucc
3756 5582 3870 5625 omn

2361 5681 2489 5736 foris
2514 5689 2636 5733 ante
2656 5675 2850 5732 ostium
2875 5673 3200 5743 deponamus
3217 5686 3424 5735 ontnes,
3451 5679 3607 5739 atque
3633 5667 3701 5721 ita
3721 5663 3866 5719 detnu

2428 5784 2445 5815 ι
2516 5777 2652 5827 Unus
2719 5781 2858 5843 legit,
2882 5780 3135 5845 mysticum
3156 5777 3322 5828 metas.
