4048 6208
305 346 406 404 109

300 462 684 535 ingredlamur.
713 458 1049 528 ingredimur
1089 456 1230 512 enim
1274 457 1327 510 in
1370 470 1590 526 regnum
1618 462 1891 514 caelorum.

297 551 712 612 conscendimus
731 551 787 607 in
812 551 1056 622 regiones
1084 548 1252 602 stellis
1278 546 1625 617 fuignrantes.
1653 544 1784 612 Quae
1813 546 1895 599 in—

300 658 388 703 tus
412 652 541 698 sunt
575 645 715 698 miro
755 642 971 697 silentio
999 641 1153 711 plena
1198 647 1341 703 sunt,
1386 637 1758 709 mysteriisque
1789 651 1895 691 non

293 734 589 791 eﬂ‘crendis
615 734 836 790 referta.

364 827 424 885 2.
453 827 562 885 Sed
590 827 999 887 animadvertite
1025 826 1340 896 diligenter:
1364 839 1486 879 nam
1505 822 1894 893 Scripturarum

295 919 458 977 lectio
480 920 735 975 czeiorum
764 927 847 974 est
882 918 1158 973 reseralio.
1204 914 1269 969 Et
1299 919 1488 987 factum
1513 924 1585 968 est
1611 929 1765 978 anno,
1797 928 1896 984 quo

298 1022 532 1068 mortuus
555 1022 630 1067 est
658 1013 811 1067 Ozias
835 1028 959 1079 rex,
986 1011 1087 1065 vidi
1118 1008 1390 1064 Dominum
1418 1008 1669 1062 sedentem
1692 1007 1746 1064 in
1769 1006 1897 1060 solio

295 1103 493 1160 aulae
523 1111 575 1159 et
601 1104 735 1158 elato
761 1102 810 1176 (1
820 1104 916 1158 sai.
942 1104 995 1159 6.
1023 1105 1100 1173 1).
1132 1101 1322 1157 Vidisti
1351 1100 1500 1172 probi
1529 1099 1709 1154 famuli
1737 1099 1898 1155 bene-

295 1197 587 1251 volentiam
611 1195 1147 1263 humanitatemque?
1180 1192 1329 1248 illico
1362 1208 1458 1247 nos
1482 1192 1548 1247 ad
1588 1191 1778 1246 solium
1816 1190 1898 1245 in-

294 1288 450 1342 duxit
473 1288 704 1358 regium,
741 1302 841 1342 nec
873 1288 1021 1356 prius
1060 1285 1371 1355 circumegit
1415 1292 1535 1354 post
1571 1284 1755 1353 longos
1783 1298 1899 1338 am-

294 1378 460 1440 bitus,
490 1379 589 1435 sed
631 1380 786 1434 simul
828 1386 990 1450 atque
1016 1388 1198 1449 portas
1235 1376 1463 1446 aperuit,
1507 1392 1537 1430 e
1568 1376 1782 1446 regione
1811 1389 1898 1429 sc-

293 1471 514 1531 dcntem
561 1470 843 1525 Dominum
890 1470 1124 1526 ostendit
1175 1487 1188 1522 :
1233 1468 1300 1522 Et
1344 1467 1612 1538 Seraphim
1642 1509 1657 1533 ,
1705 1467 1890 1536 inquit,

290 1560 497 1615 stabant
526 1561 582 1615 in
605 1562 819 1615 circuitu
846 1561 994 1633 ejus;
1022 1576 1110 1615 sca:
1132 1559 1231 1614 alte
1254 1560 1363 1625 uni,
1391 1568 1436 1612 et
1461 1574 1552 1612 sex
1575 1556 1674 1610 ala:
1699 1555 1847 1611 alteri
1876 1572 1894 1610 :

293 1668 357 1705 ac
384 1651 589 1705 duabus
615 1652 818 1725 quidem
860 1652 1089 1706 vetabant
1129 1651 1350 1721 faciem,
1399 1649 1591 1703 duabus
1633 1649 1803 1719 pedes,
1849 1658 1895 1703 et

293 1741 496 1795 duabus
514 1741 770 1805 volabant,
797 1752 844 1796 et
868 1742 1154 1796 clamabant
1173 1741 1302 1795 alter
1320 1741 1388 1794 ad
1406 1739 1858 1805 alterum,dicentes
1875 1756 1894 1795 :

293 1834 544 1902 Sanctus,
582 1847 805 1905 sanctus,
834 1847 1059 1903 sanctus,
1096 1835 1339 1892 Dominus
1382 1834 1628 1891 Sabaoth.
1650 1833 1812 1907 (Ibid.
1843 1850 1887 1888 υ,

291 1925 352 1982 2.
380 1928 465 1995 δ).

367 2016 563 2072 Contra
583 2017 869 2073 Ariamazes.
894 2016 1078 2073 Divina
1100 2026 1281 2073 natura
1306 2019 1497 2090 angelis
1514 2017 1895 2088 incomprehen-

291 2110 481 2163 sibilis.
507 2109 745 2165 —-\’ere
782 2121 1017 2175 sanctus,
1055 2112 1144 2180 qui
1180 2118 1416 2164 nostram
1463 2117 1702 2164 naturam
1735 2110 1895 2165 tantis

292 2216 362 2255 ac
392 2201 590 2256 talibus
630 2201 901 2273 mysteriis
923 2200 1169 2270 dignatus
1196 2210 1307 2266 est,
1336 2199 1423 2271 qui
1465 2214 1563 2253 nos
1600 2199 1781 2254 talium
1811 2213 1897 2254 se-

293 2302 571 2347 cretorum
602 2302 880 2346 consortes
909 2290 1055 2346 fecit.
1086 2290 1287 2345 Horror
1316 2305 1401 2345 me
1422 2305 1484 2345 ac
1516 2298 1715 2343 tremor
1730 2288 1897 2343 corri-

292 2384 412 2453 puit
455 2384 508 2437 in
541 2383 632 2437 tali
656 2384 880 2437 cantico.
916 2382 983 2437 Et
1012 2381 1137 2453 quid
1182 2382 1393 2446 mirum,
1439 2381 1483 2435 si
1518 2395 1604 2436 me
1641 2379 1895 2448 corripuit

293 2475 503 2531 luteum
522 2490 587 2530 ac
613 2484 905 2542 terrenum,
932 2490 1052 2529 cum
1081 2475 1239 2529 etiam
1280 2475 1423 2545 ipsas
1446 2488 1704 2544 supernas
1729 2474 1897 2527 virtu-

291 2578 376 2621 tes
400 2581 624 2637 semper
644 2566 903 2621 maximus
925 2566 1164 2621 obtineat
1184 2564 1403 2636 stupor?
1428 2564 1723 2635 Eapropter
1742 2579 1895 2619 aver-

291 2669 416 2715 tunt
471 2660 669 2724 facies,
710 2659 927 2730 alasque
977 2660 1093 2714 vice
1137 2673 1408 2714 murorum
1453 2657 1742 2727 objiciunt,
1786 2672 1891 2711 non

290 2753 536 2809 ferentes
562 2752 738 2809 radios
766 2753 909 2808 illinc
938 2752 1356 2822 proficiscentes.
1387 2751 1450 2806 Et
1486 2761 1684 2815 tamen,
1723 2751 1888 2815 aiunt,

292 2845 346 2899 id
372 2844 521 2916 quod
552 2844 842 2915 apparebat
869 2851 1216 2913 attemperata
1247 2843 1473 2913 quadam
1514 2840 1742 2910 imagine
1766 2839 1897 2895 offe-

292 2941 538 2994 rebatur.
563 2938 673 2993 Cur
702 2938 862 3008 igitur
884 2953 987 2992 non
1020 2935 1289 2991 tulerunt?
1311 2933 1436 2989 Mihi
1468 2934 1565 2988 ista
1603 2933 1775 2988 dicis?
1800 2933 1894 2989 Dic

293 3031 361 3085 iis
399 3030 492 3100 qui
533 3029 748 3085 curiose
790 3037 1095 3083 scrutantur
1124 3024 1443 3081 ineffabilem
1473 3038 1535 3080 ac
1563 3023 1770 3079 beatam
1801 3038 1895 3078 na-

293 3112 495 3183 turani,
526 3120 593 3175 iis
620 3119 711 3191 qui
738 3119 934 3174 audent
964 3134 1068 3172 non
1100 3116 1363 3173 audenda.
1390 3104 1503 3186 ipsa
1528 3114 1806 3186 Seraphim
1825 3130 1894 3170 ne

292 3210 685 3268 dcmissionem
739 3210 955 3280 quidem
1011 3208 1107 3263 Dei
1154 3207 1523 3263 sustinuerunt
1571 3205 1765 3260 intueri
1800 3214 1895 3260 :et

294 3302 460 3357 homo
479 3315 649 3356 ausus
681 3310 763 3356 est
789 3299 990 3366 dicere,
1036 3300 1144 3353 imo
1183 3298 1359 3368 potius
1399 3296 1559 3352 homo
1601 3312 1767 3351 ausus
1810 3303 1896 3351 est

292 3392 478 3447 animo
498 3391 805 3460 concipere,
831 3404 890 3445 se
919 3398 1160 3443 naturam
1184 3389 1353 3457 ipsam
1380 3387 1664 3453 sinceram,
1684 3396 1738 3441 et
1756 3386 1895 3441 Che-

296 3485 506 3540 rubinis
535 3485 757 3540 minime
781 3482 1145 3553 conSpicuam,
1178 3494 1335 3551 posse
1377 3479 1441 3534 ad
1474 3479 1688 3549 plenum
1724 3479 1895 3534 clare-

295 3593 400 3648 que
442 3574 665 3631 videre?
711 3574 991 3639 Horresce,
1041 3572 1227 3628 etclam
1252 3614 1267 3637 ,
1313 3570 1651 3641 obstupesce,
1687 3580 1891 3625 ‘terra:

295 3668 400 3724 hoc
424 3668 629 3724 audere
658 3670 829 3737 majus
857 3675 938 3722 est
957 3665 1041 3732 iis,
1065 3680 1184 3736 qua:
1209 3665 1320 3718 ausi
1348 3674 1472 3719 sunt
1497 3664 1594 3719 illi.
1618 3663 1749 3717 Nam
1775 3679 1893 3733 qua:

298 3772 408 3815 tum
449 3759 529 3814 illi
564 3774 663 3829 per
701 3759 1024 3829 impietatem
1064 3754 1353 3823 audebant,
1393 3754 1579 3811 eadem
1623 3769 1762 3809 nunc
1802 3770 1895 3823 per

299 3851 633 3922 impietatem
661 3849 859 3903 audent
889 3848 995 3904 isti.
1033 3847 1165 3901 Nam
1193 3856 1491 3902 creaturam
1531 3846 1779 3901 similiter
1802 3847 1896 3899 ad-

298 3951 459 3998 orant
487 3959 501 3995 :
532 3939 675 4012 quod
706 3950 884 3995 autem
921 3955 1063 3994 nunc
1097 3939 1182 3993 isti
1204 3938 1493 3994 commenti
1531 3947 1681 4005 sunt,
1714 3938 1890 3993 nullus

298 4037 415 4106 ejus
443 4035 621 4090 aetatis
651 4033 923 4088 hominum
953 4048 1126 4103 neque
1153 4032 1348 4097 dicere,
1374 4046 1549 4101 neque
1569 4030 1753 4085 audire
1776 4045 1897 4086 sus-

300 4130 476 4184 tinuit.
508 4127 650 4195 Quid
679 4127 797 4180 ais?
825 4125 1086 4181 Demissio
1102 4133 1212 4179 erat
1236 4121 1377 4194 quod
1398 4122 1713 4178 videbatur?
1741 4122 1890 4189 Erat,

301 4222 392 4277 sed
423 4220 544 4277 Dei.
572 4220 785 4276 Etenim
816 4219 860 4273 si
889 4218 1073 4274 Daniel
1111 4216 1196 4273 cui
1226 4216 1450 4271 multum
1480 4223 1596 4271 erat
1625 4214 1897 4270 familiari-

303 4315 425 4370 tatis
453 4329 521 4369 ac
565 4312 773 4367 fiduciae
808 4310 950 4381 apud
997 4310 1184 4377 Deum,
1217 4324 1324 4363 non
1366 4307 1620 4363 sustinuit
1646 4307 1893 4377 angelum

303 4422 419 4463 sese
450 4406 555 4476 ipsi
605 4405 971 4460 demittentem
1015 4402 1221 4465 videre,
1268 4400 1363 4457 sed
1392 4400 1586 4456 cecidit
1624 4400 1895 4471 jacuitque

303 4514 527 4572 pronus,
555 4497 784 4553 vinculis
808 4497 1082 4554 oculorum
1129 4495 1269 4551 illius
1306 4494 1374 4551 ah
1416 4494 1504 4549 illa
1535 4493 1700 4564 gloria
1725 4493 1898 4549 disso-

303 4591 468 4648 lutis:
501 4588 630 4661 quid
675 4590 866 4643 mirum
906 4588 950 4643 si
994 4587 1272 4656 Seraphim
1315 4584 1656 4655 expavefacta
1698 4585 1893 4652 sunt‘,

301 4698 407 4738 non
433 4680 753 4737 sustinentia
783 4680 1113 4750 majestalem
1136 4677 1281 4731 illam
1303 4675 1493 4730 intueri
1510 4674 1729 4746 ?Nequc
1748 4674 1893 4731 enim

301 4785 508 4830 tantum
551 4772 880 4829 discriminis
924 4781 1005 4826 est
1045 4770 1187 4824 inter
1231 4768 1500 4824 Danielcm
1531 4777 1585 4823 et
1613 4768 1890 4838 Angelum,

301 4877 560 4940 quantum
589 4867 728 4921 inter
754 4866 920 4921 Deum
950 4876 1004 4920 et
1030 4862 1269 4918 Virtutes
1294 4861 1431 4917 illas.
1468 4858 1663 4916 Verum
1692 4876 1760 4917 ne
1800 4876 1897 4917 nos

304 4962 421 5030 plus
446 4974 611 5030 quam
654 4966 739 5012 sat
772 4968 855 5012 est
894 4955 979 5011 his
1016 4954 1287 5010 miraculis
1318 4956 1663 5009 immorantes
1688 4964 1897 5009 vestros
1931 5005 1944 5012 .

303 5051 513 5107 animos
535 5052 587 5105 in
615 5059 886 5120 stuporem
909 5047 1202 5119 adigamus,
1222 5061 1318 5117 age
1337 5046 1402 5100 ad
1426 5044 1632 5100 initium
1659 5045 1896 5100 historia:

304 5152 718 5206 convertamur,
769 5140 1143 5196 humilioribus
1190 5139 1309 5193 illos
1361 5137 1788 5192 enarrationibns
1831 5138 1896 5191 ad

302 5236 420 5306 ejus
470 5233 880 5304 intelligentiam
918 5230 1266 5285 adducentes.
1316 5225 1384 5282 Et
1426 5229 1618 5298 factum
1644 5210 1729 5283 [est
1762 5245 1899 5282 anno

306 5344 402 5395 quo
429 5337 659 5381 mortuus
688 5336 759 5379 est
787 5323 939 5379 Ozias
973 5340 1081 5377 rex.
1125 5322 1313 5391 Opera:
1351 5320 1577 5390 pretium
1605 5329 1689 5374 εμι
1728 5320 1902 5391 inqui-

307 5435 424 5477 rere
451 5421 706 5491 primum,
738 5435 833 5473 cur
859 5416 1117 5487 propheta
1145 5415 1296 5469 nobis
1323 5423 1534 5482 tempus
1568 5413 1894 5483 designarit;

308 5528 480 5585 neque
507 5513 650 5567 enim
678 5511 780 5566 hoc
803 5509 1020 5564 fortuito
1047 5518 1310 5563 temercve
1342 5505 1484 5562 facit.
1512 5504 1642 5561 Nam
1663 5504 1892 5577 prophe-

314 5616 485 5659 tarum
510 5617 606 5658 ora
631 5602 723 5657 Dei
752 5610 872 5656 sunt
895 5615 956 5655 os
987 5618 1000 5655 :
1032 5600 1136 5655 tale
1164 5615 1292 5655 vero
1312 5614 1375 5654 os
1401 5597 1530 5653 nihil
1559 5595 1752 5651 dixerit
1781 5595 1897 5651 obi-

315 5710 389 5752 trr
418 5709 474 5752 et
501 5707 652 5752 extra
682 5709 814 5750 rem.
844 5693 920 5750 Ne
951 5693 1105 5765 igitur
1135 5709 1230 5751 nos
1256 5694 1430 5749 obiter
1458 5700 1507 5748 et
1538 5689 1901 5765 perfunctorie

379 5835 395 5867 ³
424 5835 580 5891 L'nus,
605 5831 659 5883 Si
679 5831 920 5895 Seraphim
942 5834 1098 5887 acidas
1120 5849 1225 5889 suos
1250 5833 1425 5887 velant.

1338 339 1402 394 lN
1443 294 1666 405 uiuo,
1712 338 1847 394 vnn
1881 336 2213 402 DOMINUM,
2254 335 2486 393 nontL.
2531 336 2593 393 n.

3493 344 3595 400 litt

2006 450 2301 507 audiamus.
2334 451 2545 507 Etenim
2576 450 2619 506 si
2653 450 2686 507 ii
2718 452 2807 523 qui
2852 452 3057 509 fodiunt
3083 444 3319 521 metalla,
3347 470 3417 511 ne
3444 460 3597 513 mini-

2003 558 2087 597 ma
2114 542 2330 613 quidem
2357 542 2580 597 frustula
2605 552 2949 615 prietereunt,
2985 561 3170 601 verum
3199 546 3287 602 ubi
3320 548 3457 603 nacti
3488 548 3600 606 fuc—

2003 634 2109 687 rint
2131 634 2361 704 aliquam
2404 649 2590 689 venam
2630 635 2767 699 auri,
2810 644 3013 690 meatus
3052 651 3240 692 omnes
3278 650 3466 694 exacte
3494 641 3598 694 cir-

2001 726 2390 796 cumspiciunt:
2419 735 2617 797 quanto
2643 727 2812 797 magis
2850 727 2950 783 hoc
2976 726 3152 784 facere
3182 745 3281 784 nos
3311 734 3594 801 oportetin

2003 816 2332 886 Scripturis?
2360 818 2429 872 Et
2454 827 2627 878 tamen
2659 818 2710 873 in
2735 819 2966 875 metallis
2987 819 3204 876 difﬁcile
3235 830 3318 876 est
3355 802 3615 880 invenire

2001 909 2144 980 quod
2171 919 2448 965 venantur.
2490 910 2703 965 Etenim
2737 926 2857 966 cum
2888 920 2944 967 et
2972 912 3178 967 metalla
3211 913 3318 968 sint
3347 922 3507 981 terra,
3541 925 3599 972 et

2001 1018 2189 1057 aurum
2219 1004 2347 1058 nihil
2375 1002 2518 1058 aliud
2547 1004 2791 1074 sitquam
2820 1012 2984 1071 terra,
3015 1004 3126 1075 ipsa
3155 1019 3364 1076 quoque
3387 1014 3594 1062 naturae

2001 1098 2304 1153 communio
2360 1097 2759 1168 similitudoque
2803 1113 3027 1162 eorum,
3076 1114 3196 1169 qua:
3245 1108 3592 1169 queruntur.

2001 1192 2183 1247 oculos
2210 1190 2373 1256 fallit;
2402 1199 2634 1245 attamen
2664 1205 2730 1246 ne
2749 1190 2826 1245 sic
2845 1190 3060 1262 quidem
3080 1190 3342 1245 desistunt
3367 1191 3466 1259 illi,
3499 1191 3593 1247 sed

2001 1299 2213 1338 omnem
2238 1282 2493 1337 adhibent
2522 1281 2872 1351 diligentiam,
2901 1282 3106 1336 etiamsi
3135 1290 3478 1353 posteaquam
3510 1283 3595 1338 in.

2000 1378 2291 1448 spexerint,
2318 1377 2488 1431 sciant
2514 1375 2638 1447 quid
2668 1391 2793 1431 vere
2814 1377 2882 1430 sit
2900 1384 3062 1438 terra,
3090 1375 3214 1445 quid
3232 1391 3359 1431 vere
3379 1390 3590 1431 aurum.

2002 1468 2059 1527 in
2084 1468 2373 1537 Scripturis
2401 1476 2578 1522 autem
2608 1481 2712 1521 non
2740 1476 2822 1522 est
2849 1466 3034 1522 eadem
3057 1466 3213 1521 ratio.
3240 1466 3422 1537 Neque
3447 1466 3588 1522 enim

2000 1561 2317 1633 proponitur
2344 1575 2532 1615 aurum
2562 1567 2720 1614 teme
2749 1558 3122 1626 commixtum,
3159 1558 3251 1614 sed
3294 1574 3483 1629 purum
3510 1562 3585 1614 est

1999 1669 2190 1708 aurum
2222 1671 2235 1707 :
2279 1651 2520 1723 Eloqttia,
2549 1651 2738 1721 inquit,
2766 1650 2975 1705 Domini
3000 1660 3158 1717 casta,
3191 1661 3453 1723 argentum
3478 1652 3596 1724 igne

2000 1744 2364 1808 exanimatum,
2406 1743 2674 1815 probatum
2717 1752 2864 1797 terra:
2886 1741 3056 1816 (Psal.
3089 1743 3175 1797 ii.
3205 1743 3285 1812 7).
3316 1742 3589 1814 Siquidem

1998 1836 2287 1907 Scriptura:
2313 1851 2417 1891 non
2457 1844 2580 1890 sunt
2607 1836 2823 1891 metalla
2852 1850 2972 1906 quae
3004 1833 3275 1905 indigeant
3301 1834 3587 1904 operariis,

2000 1927 2094 1983 sed
2145 1927 2451 1983 thesaurum
2501 1929 2742 1998 przcbent
2786 1936 3026 1996 paratum
3078 1927 3180 1991 iis,
3228 1926 3317 1996 qui
3348 1937 3593 1998 quaerunt

1999 2034 2129 2088 epes
2172 2019 2224 2074 in
2274 2019 2404 2089 ipsis
2448 2018 2766 2074 reconditas.
2821 2017 2960 2073 Satis
3005 2027 3088 2073 est
3133 2019 3275 2073 enim
3330 2019 3595 2089 introspe-

2001 2113 2165 2179 xisse,
2213 2122 2270 2167 ut
2297 2111 2443 2166 omni
2485 2111 2680 2181 expleti
2730 2110 2904 2166 fructu
2956 2110 3277 2175 discedatis;
3327 2110 3458 2166 satis
3508 2121 3591 2167 est

2002 2212 2202 2259 tantum
2228 2202 2501 2275 aperuisse
2520 2245 2534 2269 ,
2574 2211 2632 2258 ut
2674 2201 2813 2259 illico
2839 2201 3020 2257 videas
3044 2216 3376 2273 gemmarum
3409 2201 3593 2272 splen-

2000 2298 2205 2353 dorem.

2074 2391 2341 2461 Scriptura
2388 2391 2517 2444 nihil
2559 2389 2706 2444 habet
2742 2394 3224 2462 sttpervacutmn—
3251 2388 3376 2445 "me
3410 2398 3585 2445 autem

1999 2484 2130 2539 milii
2172 2499 2276 2537 non
2311 2493 2513 2539 temere
2552 2482 2692 2538 dicta
2728 2491 2854 2538 sunt
2881 2497 3053 2552 neque
3093 2481 3309 2537 fortuito
3356 2482 3584 2553 produxi

1998 2589 2323 2639 sermonem,
2354 2577 2450 2630 sed
2482 2574 2603 2644 quia
2649 2582 2775 2629 sunt
2810 2573 3054 2628 homines
3089 2573 3304 2643 quidam
3347 2572 3587 2644 OpiiiCt‘s,

1998 2668 2087 2738 qui
2121 2676 2463 2737 posteaquam
2499 2681 2679 2721 sacros
2710 2664 2899 2721 Libros
2928 2665 2985 2720 in
3026 2680 3214 2720 manus
3240 2665 3585 2735 sumpserint,

1999 2757 2195 2813 deinde
2215 2758 2512 2828 repererint
2533 2757 2614 2812 vel
2635 2772 2894 2813 annorum
2919 2772 3197 2813 numerum
3222 2757 3472 2827 positum,
3504 2758 3586 2812 vel

2001 2851 2275 2904 nominum
2300 2850 2692 2917 recensionem,
2724 2848 2868 2903 illico
2894 2856 3329 2918 praetercurruut,
3358 2856 3409 2903 ct
3436 2847 3587 2902 ineu—

1999 2942 2242 2997 santihus
2284 2940 2612 3011 respondent
2655 2958 2670 2996 :
2712 2939 2935 2995 Nomina
2982 2948 3181 2993 tantum
3229 2948 3374 3002 sunt,
3413 2953 3589 3009 neque

1999 3032 2283 3104 quidquam
2316 3031 2517 3086 habent
2552 3032 2811 3087 utilitatis.
2842 3030 2976 3099 Quid
3006 3030 3118 3084 ais?
3147 3029 3295 3084 Deus
3332 3029 3586 3100 loquitur,

1999 3133 2055 3180 et
2088 3133 2144 3179 tu
2172 3123 2337 3179 audes
2381 3124 2581 3189 dicere,
2624 3123 2777 3179 Nulla
2807 3132 2888 3178 est
2927 3122 3189 3178 dictorum
3217 3121 3460 3177 utilitas?
3498 3121 3590 3176 Et-

1998 3216 2140 3271 enim
2168 3216 2210 3269 si
2243 3215 2309 3270 ad
2353 3214 2547 3270 nudam
2593 3213 2990 3284 inscriptionem
3041 3215 3314 3284 aspexeris
3358 3220 3584 3278 tantum,

2000 3322 2178 3362 nonne
2204 3315 2256 3360 te
2279 3306 2434 3362 sistes
2460 3321 2582 3362 cum
2625 3305 2822 3368 studio,
2854 3305 3223 3375 repositaeque
3264 3303 3588 3359 scrutaberis

2000 3399 2167 3467 Opes?
2198 3398 2305 3453 Sed
2345 3396 2469 3468 quid
2501 3397 2691 3467 lnquor
2726 3397 2793 3452 de
2836 3396 3161 3465 temporibus
3189 3404 3243 3450 et
3285 3394 3585 3451 nominibus

2001 3491 2312 3561 titulisque?
2344 3490 2496 3555 Disce
2540 3498 2795 3560 quantum
2826 3488 2997 3543 valeat
3032 3488 3191 3543 unius
3224 3495 3428 3541 tantum
3471 3485 3589 3542 lite-

2000 3583 2131 3638 rulze
2168 3582 2426 3653 adjectio,
2475 3597 2538 3637 ac
2579 3581 2764 3637 desine
2812 3589 2917 3635 tota
2955 3588 3298 3636 contemnere
3346 3577 3584 3633 nomina.

2000 3672 2304 3729 Patriarcha
2353 3682 2535 3729 noster
2573 3672 2841 3727 Abraham
2872 3671 3078 3743 (noster
3110 3671 3251 3726 enim
3295 3670 3471 3741 potius
3507 3680 3590 3725 est

1999 3781 2160 3837 quam
2184 3765 2490 3822 Judacorum
2520 3764 2627 3837 hic)
2658 3765 2803 3835 prius
2841 3763 3015 3819 dictus
3055 3772 3137 3819 est
3170 3762 3403 3828 Abram;
3444 3760 3588 3834 quod

2000 3858 2405 3929 interpretatum
2430 3869 2582 3915 sonat
2610 3859 2950 3914 transitorem
2987 3866 3146 3927 :post
3185 3856 3300 3911 hinc
3340 3869 3467 3911 vero
3493 3869 3591 3910 no-

2002 3949 2145 4004 mine
2169 3957 2493 4005 commutato
2530 3949 2703 4004 dictus
2750 3947 3038 4011 Abraham,
3086 3956 3236 4019 pater
3276 3945 3447 4002 factus
3473 3961 3569 4000 om.

2003 4042 2146 4097 nium
2171 4041 2406 4113 gentium
2432 4057 2447 4108 ;
2478 4051 2531 4097 et
2570 4042 2782 4097 unicum
2807 4042 3128 4097 elementum
3156 4039 3422 4109 adjectum
3474 4048 3593 4094 tan-

2002 4146 2111 4193 tum
2160 4134 2514 4206 principatum
2570 4134 2856 4189 vindicavit
2900 4133 3064 4202 justo.
3124 4128 3586 4199 Quemadmodum
3660 4191 3676 4199 _

2001 4231 2143 4286 enim
2176 4228 2529 4299 imperatores
2553 4226 2818 4297 praefectis
2842 4224 2952 4281 suis
2980 4239 3170 4279 aureas
3208 4222 3490 4293 porrigunt
3509 4231 3592 4277 ts-

2003 4322 2192 4391 bellas,
2225 4321 2562 4392 magistratus
2590 4319 2798 4390 signum
2827 4335 2842 4373 :
2889 4316 2967 4372 sic
2993 4327 3047 4372 et
3087 4316 3225 4372 Deus
3255 4313 3402 4386 justo
3429 4313 3503 4370 illi
3533 4315 3590 4370 in

2003 4415 2223 4471 honoris
2244 4414 2452 4484 signum
2473 4411 2620 4467 dedit
2647 4412 2877 4466 literam.

2074 4507 2128 4562 3.
2149 4506 2344 4561 Verum
2371 4505 2439 4561 de
2470 4504 2769 4559 nominibus
2790 4502 2897 4557 alio
2920 4510 3160 4571 tempore
3182 4499 3444 4556 disseram
3466 4496 3544 4569 (α)
3573 4514 3588 4552 :

2003 4612 2235 4671 quantus
2260 4609 2437 4655 autem
2460 4599 2530 4657 sit
2554 4610 2854 4668 temporum
2880 4596 3081 4651 fructus
3101 4594 3145 4648 si
3172 4599 3590 4664 cognoscantur,

2004 4708 2217 4749 rursum
2249 4702 2505 4763 quantum
2536 4692 2790 4744 damnum
2822 4688 2866 4742 si
2889 4686 3220 4758 ignorentur,
3243 4680 3588 4754 aperiendum

2003 4794 2105 4841 est.
2154 4787 2232 4840 Ac
2270 4784 2498 4854 primum
2524 4781 2737 4853 quidem
2772 4779 2822 4834 id
2849 4794 2879 4834 a
2926 4779 3087 4833 rebus
3125 4774 3472 4831 saecularibus
3495 4773 3592 4830 de—

2005 4877 2333 4932 monstrabo.
2360 4876 2700 4930 Testamenta
2730 4871 3029 4941 tabulaeque
3052 4869 3120 4924 de
3149 4867 3369 4939 nuptiis,
3397 4865 3465 4922 de
3489 4864 3592 4922 de-

2006 4969 2153 5036 bitis,
2183 4969 2356 5039 deque
2377 4967 2598 5036 reliquis
2618 4963 3015 5026 contractibus,
3045 4961 3147 5016 nisi
3178 4962 3231 5015 in
3258 4957 3593 5029 frontispicio

2004 5064 2284 5119 consulum
2306 5076 2475 5115 annos
2504 5058 2735 5113 habeant
2760 5055 3118 5128 przcscriptos,
3153 5052 3349 5110 nullam
3377 5068 3442 5109 ex
3469 5064 3592 5107 sese

2006 5159 2112 5211 vim
2144 5155 2359 5210 habent.
2397 5154 2509 5209 iloc
2538 5163 2619 5207 est
2646 5151 2789 5207 enim
2815 5150 2956 5222 quod
2980 5149 3086 5205 illis
3110 5148 3275 5206 robur
3293 5147 3462 5214 addit,
3488 5145 3594 5202 hoc

2006 5258 2089 5303 est
2128 5246 2272 5317 quod
2313 5244 2705 5301 controversias
2731 5242 2966 5308 dirimit,
2998 5242 3100 5297 hoc
3134 5239 3277 5312 quod
3302 5254 3333 5295 a
3351 5230 3589 5311 judiciali

2008 5341 2128 5395 foro
2169 5339 2390 5404 liberat,
2446 5337 2546 5391 hoc
2606 5333 2749 5406 quod
2797 5349 2862 5389 ex
2912 5332 3139 5389 inimicis
3193 5331 3319 5387 facit
3363 5328 3590 5385 amicos.

2008 5432 2239 5489 Proinde
2263 5431 2350 5500 qui
2380 5431 2499 5484 talia
2526 5429 2856 5495 describunt,
2875 5443 2980 5484 non
3007 5427 3163 5483 aliter
3188 5439 3346 5496 quam
3372 5421 3589 5476 lucerna

2010 5527 2061 5581 in
2093 5523 2418 5580 candelabro
2458 5522 2581 5594 poni
2624 5522 2791 5589 solet,
2836 5520 2996 5575 sicin
3047 5514 3377 5585 frontispicio
3405 5510 3589 5566 litera-

2009 5634 2126 5676 rum
2157 5617 2358 5672 addunt
2399 5615 2735 5671 consulatum
2754 5654 2768 5679 ,
2798 5622 2855 5668 ut
2880 5609 3129 5667 omnibus
3149 5622 3268 5678 qua:
3302 5602 3595 5673 subjiciun-

2070 5755 2145 5811 (τι)
2184 5755 2268 5804 Hic.
2300 5751 2477 5802 indicat
2511 5749 2740 5802 Itomilias
2772 5747 2835 5796 de
2870 5741 3124 5793 Mutatione
3161 5741 3407 5791 nominum
3428 5770 3443 5800 ,
3475 5750 3595 5802 quae

2014 5820 2251 5871 edidimus
2274 5824 2390 5867 tom.
2416 5816 2464 5864 5.
