4048 6208
625 326 714 379 ut
1362 321 1421 379 s.
1460 322 1742 378 manus
1763 323 2240 382 Cttnvsosront
2279 323 2595 386 ARCHIEP.
2635 332 3167 393 consumma.
3627 300 3639 310 ’
3769 348 3859 402 με

621 452 707 501 tur
737 441 1041 512 prmluwat.
1075 439 1206 507 Quas
1236 439 1281 493 si
1309 438 1589 495 sustuleris
1612 481 1627 505 ,
1659 439 1837 494 lumen
1883 437 2195 504 sustuleris,

620 533 906 605 ontniaque
932 530 1166 588 tenebris
1195 530 1464 602 multaque
1492 529 1791 585 turbatione
1827 529 2201 600 compleveris.

623 627 909 696 Propterea
938 639 1099 680 omne
1127 623 1236 680 dati
1271 623 1581 694 acceptique
1611 623 1880 694 negotium
1901 666 1915 688 ,
1943 624 2056 679 sive
2081 637 2204 679 cum

624 716 835 781 amicis,
859 715 973 771 sive
998 730 1118 771 cum
1143 714 1391 778 inimicis,
1420 712 1532 768 sive
1550 728 1671 769 cum
1698 712 1930 780 famulis,
1953 714 2065 768 sive
2083 728 2205 769 cum

626 807 1061 878 procuratoribus
1078 814 1133 862 et
1150 805 1445 862 meonomis
1459 813 1664 876 agatur,
1683 803 1784 860 hac
1799 812 1921 875 eget
1937 804 2203 871 cautione,

630 910 687 955 et
741 898 937 970 ubique
992 911 1242 964 menses,
1289 910 1459 951 annos
1517 910 1581 950 ac
1623 895 1739 950 dies
1801 894 2202 951 subscribimus.

622 988 775 1058 Quod
804 989 850 1047 si
895 996 1098 1044 tantum
1128 987 1267 1042 valet
1308 1003 1369 1044 ea
1393 1001 1481 1043 res
1511 987 1563 1042 in
1586 985 1811 1057 negotiis
1840 985 2202 1052 smcularibus,

632 1084 687 1138 in
741 1078 1110 1152 spiritualibus
1162 1079 1350 1175 \multo
1410 1078 1641 1149 amplius
1687 1076 1965 1149 profuerit.
2032 1076 2209 1175 Siqui-

628 1176 753 1231 dem
794 1172 896 1229 hoc
932 1168 1514 1243 declarat‘prophetias
1552 1185 1672 1226 esse
1729 1169 2056 1241 prophetias.
2101 1168 2208 1226 Ne-

625 1285 734 1342 que
758 1266 900 1324 enitn
953 1263 1098 1323 aliud
1125 1263 1412 1336 quidquam
1442 1272 1527 1319 est
1579 1262 1856 1334 prophetia
1881 1302 1896 1327 ,
1924 1277 2082 1333 quam
2126 1277 2206 1318 re-

623 1376 748 1417 rum
764 1359 1061 1416 futurarum
1083 1356 1374 1412 enarratio.
1405 1354 1638 1411 Proinde
1658 1355 1748 1425 qui
1770 1353 1942 1411 nescit
1968 1362 2208 1424 tempora

621 1467 806 1509 eorum
837 1466 954 1521 quae
977 1449 1118 1506 dicta
1144 1456 1301 1516 sunt,
1324 1462 1510 1520 quaeve
1546 1455 1839 1503 evenerunt
1863 1489 1879 1512 ,
1901 1447 1989 1517 qui
2018 1448 2211 1517 poterit

619 1542 826 1599 homini
854 1541 1196 1597 contentiosa
1221 1539 1593 1596 demonstrare
1640 1538 1937 1611 prephetia:
1974 1538 2208 1609 dignita-

623 1635 770 1691 tem?
819 1634 956 1691 Hinc
999 1633 1152 1689 nobis
1195 1640 1249 1689 et
1288 1630 1547 1688 adversus
1589 1640 1776 1704 gentes
1822 1631 2117 1687 certamina
2155 1638 2211 1686 et

622 1727 885 1794 victoriae,
907 1740 1028 1781 cum
1050 1732 1234 1780 nostra
1254 1723 1688 1780 demonstramus
1711 1722 2030 1790 antiquiora,
2049 1735 2208 1791 quam

621 1834 741 1889 qum
782 1815 924 1888 apud
967 1816 1089 1872 illos
1130 1814 1397 1871 habentur
1422 1834 1437 1872 :
1463 1814 1586 1870 hinc
1616 1814 1768 1870 nobis
1813 1813 2070 1869 adversus
2110 1811 2208 1869 Ju-

623 1909 771 1964 danos
832 1907 1317 1966 demonstrationes
1361 1906 1429 1961 ad
1494 1906 1843 1963 evincendam
1896 1905 2208 1971 veritatem;

586 2063 592 2068 ν
623 2000 880 2057 adversus
900 1998 1114 2056 Judzeos
1137 2040 1154 2068 ,
1185 1999 1400 2071 inquam
1428 2041 1444 2065 ,
1469 1997 1716 2054 infelices
1740 2013 1803 2054 ac
1829 1997 2058 2054 miseros
2075 2039 2092 2066 ,
2119 1998 2210 2068 qui

628 2091 699 2146 ob
740 2099 1038 2162 temporum
1080 2089 1433 2162 ignorantiam
1474 2090 1527 2145 in
1556 2090 1927 2161 gravissimum
1972 2104 2213 2146 errorem

627 2184 759 2255 lapsi
785 2192 929 2239 sunt.
956 2181 1091 2238 Nam
1118 2182 1165 2238 si
1208 2182 1483 2239 audissent
1524 2182 1880 2254 patriarcham
1904 2182 2174 2240 dicentem
2191 2224 2207 2251 ,

631 2274 755 2331 Non
780 2275 974 2344 deﬁciet
996 2275 1233 2347 princeps
1260 2292 1325 2332 ea:
1343 2274 1377 2330 J
1384 2275 1515 2343 uda,
1547 2293 1704 2347 neque
1728 2276 1835 2331 dum
1855 2278 1920 2332 de
1942 2277 2212 2349 femoribus

627 2371 739 2440 ejus
759 2410 776 2437 ,
817 2369 977 2424 donec
1004 2369 1189 2435 veniat,
1217 2369 1300 2424 cui
1327 2370 1601 2441 repositum
1644 2378 1717 2424 est
1747 2368 1766 2437 (
1790 2368 1917 2425 Gen.
1960 2370 2051 2426 49.
2080 2370 2207 2444 £0),

627 2463 782 2533 sique
800 2459 1086 2533 diligenter
1108 2461 1483 2518 observassent
1512 2461 1772 2517 adventus
1798 2461 2050 2519 dominici
2074 2469 2212 2519 tem-

629 2569 793 2624 pora,
825 2568 1158 2624 nequaquam
1186 2552 1517 2609 excidissent
1540 2569 1571 2608 a
1600 2552 1817 2609 Christo
1859 2554 1912 2609 in
1942 2554 2212 2610 Αιιῑῑειιτίο

630 2656 741 2702 tum
768 2644 971 2716 delapsi
1004 2663 1017 2700 :
1048 2644 1500 2717 quemadmodum
1525 2654 1578 2702 et
1605 2646 1719 2716 ipse
1742 2644 1986 2703 Christus
2008 2647 2059 2702 id
2087 2647 2215 2703 sub—

629 2735 871 2793 indicans
898 2736 978 2791 eis
1005 2735 1250 2806 prmdixit
1276 2751 1290 2789 :
1314 2735 1424 2807 Ego
1453 2737 1565 2791 veni
1591 2737 1644 2792 in
1667 2738 1866 2792 nomine
1891 2735 2068 2795 Patris
2090 2740 2206 2806 mei,

627 2841 673 2883 rt
700 2844 802 2883 non
848 2827 1104 2897 recepistis
1132 2844 1211 2882 me
1240 2829 1329 2882 :si
1367 2830 1553 2884 venerit
1595 2830 1728 2884 alius
1770 2830 1825 2885 in
1859 2831 2061 2886 nomine
2084 2848 2207 2900 suo,

627 2922 770 2975 illum
794 2917 1267 2992 recipietionan.
1310 2919 1517 2993 5.45).
1567 2921 1753 2976 Vidisti
1784 2931 2015 2992 quantus
2057 2938 2214 2978 error

631 3011 876 3067 inciderit
898 3026 961 3067 ex
988 3010 1200 3067 inscitia
1240 3012 1578 3082 temporum?
1621 3011 1845 3068 Tantam
1878 3013 2037 3084 igitur
2065 3014 2210 3070 utili-

631 3115 793 3161 tatem
823 3119 892 3160 ne
919 3102 1173 3175 negligas.
1202 3103 1661 3173 Quemadmodum
1687 3104 1829 3159 enim
1857 3105 1910 3160 in
1935 3106 2077 3177 agris
2101 3115 2208 3161 ter-

627 3196 758 3252 mini
799 3197 1165 3267 columnchue
1225 3211 1331 3267 non
1388 3197 1571 3252 sinunt
1611 3211 1736 3252 arva
1796 3197 2079 3265 confundi,
2131 3199 2210 3254 sic

631 3299 871 3359 tempora
898 3302 1004 3343 non
1048 3288 1231 3344 sinunt
1267 3286 1521 3343 confundi
1564 3303 1653 3345 res
1691 3299 1869 3358 gestas
1895 3329 1908 3353 ,
1936 3288 2033 3344 sed
2083 3288 2210 3344 dum

633 3380 890 3435 dirimunt
923 3379 1057 3434 alias
1082 3378 1152 3435 ab
1191 3380 1345 3444 aliis,
1367 3392 1422 3436 et
1451 3381 1503 3435 in
1547 3381 1790 3437 ordinem
1827 3391 2210 3453 congruentem

629 3469 902 3540 digerunt,
932 3469 1096 3525 multa
1126 3484 1225 3526 nos
1255 3470 1480 3528 liberant
1501 3471 1823 3529 turbatione.
1864 3471 2056 3542 Operae
2082 3488 2210 3542 pre-

632 3563 763 3617 tium
793 3561 953 3633 igitur
975 3569 1059 3618 est
1083 3575 1354 3634 exponere
1384 3561 1533 3618 vobis
1579 3563 1699 3633 quis
1737 3561 1897 3619 fuerit
1922 3562 2010 3618 hic
2031 3560 2207 3629 Ozias,

628 3668 736 3725 quo
764 3663 1006 3726 tempore
1052 3655 1307 3725 regnarit,
1347 3654 1539 3726 quibus
1577 3656 1873 3726 imperarit,
1914 3664 1969 3711 et
2013 3665 2212 3727 quanto

630 3757 871 3817 tempore
895 3745 1100 3802 durarit
1120 3745 1262 3801 illius
1281 3746 1629 3817 principatus,
1655 3756 1925 3817 postremo
1944 3748 2213 3819 quomodo

632 3836 797 3891 vitam
826 3834 1042 3891 ﬁnierit.
1071 3835 1183 3892 lmo
1208 3837 1383 3908 potius
1417 3835 1527 3908 jam
1551 3836 1815 3893 silendum
1844 3848 1947 3904 est,
1976 3853 2040 3894 eo
2069 3838 2212 3909 quod

632 3942 853 3985 necesse
897 3928 968 3983 sit
1011 3928 1064 3984 in
1097 3928 1417 3985 immensum
1463 3930 1805 3986 historiarum
1846 3930 2065 4003 pelagus
2087 3946 2212 3986 ora-

631 4024 830 4078 tionem
857 4023 1167 4080 extendere.
1199 4023 1299 4092 Qui
1324 4039 1451 4079 vero
1478 4040 1573 4094 per
1592 4022 1897 4096 hujusmodi
1923 4040 2070 4080 mare
2089 4032 2215 4079 sunt

631 4118 736 4174 iter
761 4117 952 4174 facturi
976 4159 993 4182 ,
1025 4132 1248 4175 necesse
1277 4128 1362 4174 est
1399 4133 1507 4174 non
1552 4117 1788 4189 fatigatis
1809 4160 1825 4185 ,
1848 4117 1944 4173 sed
1991 4119 2212 4189 integris

631 4211 919 4283 remigibus
939 4210 1081 4267 viam
1108 4220 1409 4283 capessant.
1433 4210 1565 4267 Nam
1592 4210 1734 4267 hanc
1754 4211 1824 4266 ob
1848 4225 2062 4266 causam
2094 4226 2214 4281 pas-

629 4303 730 4357 sim
764 4316 858 4371 pcr
884 4316 1032 4358 mare
1083 4310 1267 4372 portus-
1312 4301 1607 4373 insulaeque
1654 4302 1842 4373 posita:
1888 4310 2048 4371 sunt,
2077 4311 2216 4358 utet

629 4392 953 4463 gubernator
997 4400 1051 4446 et
1076 4402 1233 4446 nauta
1262 4390 1626 4448 refocillentur
1647 4435 1663 4458 ,
1694 4394 1783 4451 hic
1825 4394 2038 4462 quidem
2062 4388 2235 4451 remo.

632 4481 880 4549 deposito
900 4521 916 4546 ,
942 4481 1035 4538 ille
1063 4498 1192 4537 vero
1218 4498 1516 4553 exsurgens
1541 4500 1573 4539 a
1616 4485 1792 4541 clavo.
1823 4486 1918 4542 His
1942 4487 2009 4542 de
2037 4488 2214 4543 causis

631 4579 686 4626 et
706 4570 1001 4628 diversoria
1024 4587 1387 4644 cauponmque
1413 4576 1609 4650 ubique
1638 4592 1733 4646 per
1761 4578 1873 4634 vias
1901 4580 2216 4651 excogitatae

630 4670 786 4729 sunt,
817 4671 877 4718 ut
898 4662 1136 4734 jumenta
1179 4663 1337 4719 simul
1360 4680 1481 4720 cum
1521 4666 1815 4725 viatoribus
1849 4685 1881 4725 a
1907 4670 2088 4727 labore
2120 4687 2210 4728 re-

634 4763 903 4834 creentur.
929 4753 1113 4826 quue
1137 4762 1194 4810 et
1230 4754 1488 4812 doctrina:
1512 4760 1745 4815 sermoni
1779 4760 1975 4816 silentil
2006 4772 2215 4834 tempus

633 4830 953 4917 pra-ﬁnitum
979 4856 1062 4902 est
1080 4887 1096 4914 ,
1124 4858 1184 4903 ut
1204 4864 1378 4920 neque
1404 4863 1504 4906 nos
1530 4850 1675 4922 ipsos
1700 4851 2066 4911 deterreamus
2090 4830 2215 4912 ver-

633 4939 822 4995 borum
870 4939 1243 5010 multitudine,
1289 4957 1464 5013 neque
1509 4958 1607 4997 vos
1644 4943 1997 5000 delassemus.
2040 4947 2215 5018 Atque

633 5029 750 5088 haec
788 5039 1029 5103 tempora
1056 5033 1204 5089 novit
1227 5033 1478 5090 Salomon
1502 5034 1706 5103 dicens,
1741 5035 1958 5109 Tempus
1980 5040 2214 5107 tacendi,

631 5134 680 5180 et
729 5133 925 5196 tempus
967 5123 1202 5196 loquendi
1236 5125 1454 5198 (Eccle.
1500 5128 1555 5183 5.
1584 5127 1681 5200 7).
1730 5128 1812 5185 Sit
1856 5131 2016 5204 igitur
2062 5133 2216 5190 nobis

590 5288 597 5293 ε
633 5224 844 5286 tempus
875 5215 1084 5273 tacendi
1109 5256 1124 5282 ,
1170 5231 1275 5288 quo
1298 5216 1453 5273 detur
1475 5228 1528 5274 et
1554 5223 1870 5290 praeceptori
1896 5225 2213 5295 tempus’lo-

629 5303 828 5377 quendi
858 5303 955 5378 (a).
978 5304 1112 5362 Nam
1142 5321 1262 5378 qua:
1281 5323 1378 5362 nos
1407 5307 1700 5374 all‘erimus,
1727 5312 1918 5368 similia
1946 5326 2068 5370 sunt
2089 5315 2215 5373 vino

629 5397 772 5468 quod
818 5412 1007 5454 recens
1044 5397 1146 5455 sub
1190 5398 1441 5456 torculari
1485 5398 1736 5459 haustum
1781 5412 1898 5461 est:
1927 5421 2047 5476 quae
2085 5421 2214 5464 vero

631 5491 881 5548 dicuntur
903 5489 974 5547 ab
996 5490 1108 5560 illo,
1133 5492 1328 5548 similia
1355 5503 1480 5550 sunt
1501 5495 1647 5564 vino,
1671 5497 1812 5574 quod
1839 5501 2087 5569 quoniam
2116 5516 2212 5557 ve-

632 5593 879 5642 tustatem
907 5586 1223 5660 seniumque
1241 5586 1491 5660 collegit,
1519 5589 1738 5646 multam
1766 5589 1943 5649 adfert
1969 5602 2076 5651 tum
2105 5596 2213 5652 uti-

692 5739 766 5800 (a)
784 5737 1030 5803 Cbrysost.
1055 5740 1175 5792 dixit
1201 5750 1444 5803 prasente
1471 5744 1714 5808 episcopo.

2315 441 2539 512 liiatem,
2569 453 2680 501 tum
2707 450 2810 503 vim
2842 450 2905 505 iis
2920 452 3008 521 qui
3036 467 3172 522 opus
3194 452 3396 510 habent
3422 473 3436 510 :
3467 458 3713 529 nobisque
3737 465 3856 518 acci-

2310 535 2388 591 dit
2430 536 2589 595 hodie
2628 539 2757 596 illud
2803 544 3099 615 evangelii,
3158 554 3277 616 post
3322 547 3558 606 deterius
3599 553 3764 609 vinum
3810 557 3854 611 id

2310 629 2452 699 quod
2479 631 2671 687 melius
2691 643 2774 689 est
2799 635 3027 693 infertur
3079 637 3266 710 (lacn.
3289 639 3344 698 2.
3388 642 3456 698 10
3477 641 3519 715 ).
3541 644 3605 699 Et
3626 650 3859 717 quemad-

2310 721 2527 777 modum
2560 723 2690 779 illud
2739 727 2918 782 vinum
2964 744 3070 784 non
3120 731 3244 787 vitis
3277 744 3570 803 genuerat,
3598 737 3688 792 sed
3708 740 3857 795 virtus

2309 811 2438 868 Jesu
2462 812 2658 869 Christi
2687 815 2924 873 fecerat:
2952 820 3023 874 ita
3055 829 3110 877 et
3142 821 3301 892 hujus
3330 838 3629 881 sermonem
3650 842 3749 882 non
3768 830 3859 886 hu-

2311 921 2468 962 mana
2492 906 2766 977 profundit
2800 913 3050 982 cogitatio
3067 956 3083 982 ,
3126 915 3221 970 sed
3247 915 3477 986 Spiritus
3501 922 3666 975 sancti
3692 932 3857 993 gratia.

2311 999 2572 1068 Quoniam
2595 1002 2756 1074 igitur
2794 1003 2950 1075 hujus
2971 1007 3189 1078 liquoris
3226 1007 3420 1065 ﬂuenta
3449 1014 3661 1084 copiosa
3681 1026 3865 1073 suntet

2311 1093 2605 1162 spiritualia
2623 1133 2639 1158 ,
2670 1094 2907 1152 studiose
2930 1099 3254 1169 excipiamus
3278 1142 3295 1168 ,
3326 1112 3482 1158 caute
3505 1118 3791 1171 servemus,
3820 1119 3866 1163 ut

2311 1185 2527 1241 assidue
2551 1185 2752 1257 irrigati
2785 1190 3151 1259 tempestivum
3173 1191 3476 1249 adferamus
3496 1195 3716 1251 fructum
3752 1197 3865 1263 Deo,

2311 1277 2401 1347 qui
2450 1277 2566 1334 haec
2605 1278 2825 1350 largitus
2849 1288 2935 1336 cst
2983 1299 2998 1338 :
3038 1298 3199 1352 quem
3241 1283 3398 1340 decet
3437 1287 3612 1341 omnis
3647 1287 3803 1357 gloria
3823 1300 3869 1344 et

2315 1367 2488 1424 honor
2506 1383 2626 1424 cum
2658 1372 2930 1442 unigenito
2958 1373 3073 1444 ejus
3102 1374 3239 1429 Filio
3280 1377 3724 1448 sanctissimeque
3759 1379 3867 1449 Spi-

2313 1460 2438 1529 ritu,
2471 1477 2614 1519 nunc
2635 1474 2691 1520 et
2713 1480 2942 1538 semper,
2967 1467 3095 1523 etin
3119 1468 3313 1524 smcula
3334 1469 3675 1526 saeculorum.
3701 1474 3866 1529 Amen.

2313 1602 2371 1658 In
2400 1604 2692 1661 secundum
2712 1606 2904 1663 librum
2932 1608 3371 1680 Paralipomenon
3403 1611 3482 1685 (a)
3503 1656 3518 1681 ,
3548 1612 3634 1668 ubi
3662 1613 3868 1680 dicitur,

2384 1693 2594 1751 Elatum
2627 1706 2700 1752 est
2728 1715 2814 1753 cor
2845 1698 3026 1764 Oziw;
3052 1700 3223 1773 deque
3252 1701 3585 1768 humilitate;
3616 1713 3719 1759 tum
3748 1706 3869 1774 quod

2386 1786 2655 1843 hominem
2676 1788 2871 1845 virtute
2890 1790 3169 1860 praeditum
3191 1807 3296 1848 non
3322 1802 3571 1864 oporteat
3592 1810 3709 1851 esse
3727 1797 3872 1850 conli-

2386 1876 2639 1948 dentem;
2690 1879 2917 1952 denique
2953 1890 3205 1952 quantum
3244 1886 3447 1941 malum
3488 1887 3557 1943 sit
3600 1890 3869 1959 arrogantia

2385 1971 2473 2042 (2.
2495 1971 2677 2030 Paral.
2706 1973 2797 2029 26.
2824 1974 2925 2043 16;
2951 1983 2998 2031 et
3022 1974 3077 2031 4.
3108 1976 3234 2050 Reg.
3267 1978 3390 2051 15).

2903 2129 3182 2189 HOMILIA
3221 2132 3309 2188 111.

2388 2259 2440 2313 1.
2464 2259 2782 2317 Benedictus
2809 2261 2971 2329 Deus,
2997 2272 3052 2320 et
3078 2274 3258 2320 nostra
3285 2282 3503 2339 quoque
3529 2278 3658 2326 artas
3683 2284 3872 2340 proger-

2313 2349 2481 2406 minat
2507 2360 2788 2423 martyres,
2812 2364 2868 2410 et
2889 2355 3044 2411 nobis
3069 2355 3172 2412 hoc
3200 2358 3424 2416 honoris
3445 2363 3658 2417 contulit
3698 2364 3778 2419 Dei
3800 2363 3870 2417 di-

2314 2442 2516 2510 gnatio,
2544 2451 2601 2496 ut
2622 2445 3051 2514 conspiceremus
3074 2446 3320 2504 homines
3341 2452 3515 2507 occidi
3547 2469 3640 2523 pro
3662 2452 3867 2517 Christo,

2313 2529 2561 2588 homines
2587 2533 2677 2603 qui
2703 2548 2855 2590 sacro
2884 2537 3139 2607 sanguine
3164 2540 3445 2617 distillant,
3473 2544 3751 2600 Ecclesiam
3771 2544 3869 2597 uui-

2316 2636 2524 2680 versam
2549 2623 2801 2695 irrigante
2827 2644 2842 2681 :
2868 2630 3144 2699 sanguine,
3167 2630 3406 2702 inquam,
3437 2635 3759 2702 distillantes,
3777 2635 3870 2690 da:-

2313 2715 2561 2773 monibus
2589 2716 2802 2789 quidem
2830 2720 3092 2790 terriﬁco,
3138 2726 3340 2795 angelis
3367 2742 3500 2784 vero
3527 2727 3836 2785 desiderabili
3853 2770 3866 2794 ,

2316 2807 2468 2863 nobis
2498 2824 2657 2879 porro
2681 2808 2920 2863 salutari.
2950 2810 3159 2882 Largita
3181 2823 3263 2869 est
3288 2816 3449 2872 nobis
3478 2818 3578 2874 hoc
3605 2818 3693 2873 Dei
3712 2819 3869 2889 digna-

2317 2898 2423 2963 tio,
2463 2907 2520 2954 ut
2549 2911 2913 2971 spectaremus
2944 2900 3186 2959 homines
3225 2920 3320 2974 pro
3349 2907 3549 2977 pietate
3584 2909 3868 2981 belligeran-

2317 3000 2417 3059 tes,
2449 2992 2741 3061 vincentes,
2764 3004 3068 3050 coronatos.
3093 2995 3275 3068 Neque
3299 3014 3434 3054 vero
3454 3001 3622 3056 solum
3644 3002 3870 3071 contingit

2315 3081 2434 3139 lnec
2459 3094 2736 3153 spectare,
2777 3088 3124 3143 verumetiam
3157 3091 3266 3159 ipsa
3309 3092 3636 3148 athletarum
3676 3107 3874 3163 corpora

2314 3174 2557 3245 accipere
2580 3194 2594 3230 :
2623 3192 2688 3233 ac
2708 3179 2937 3236 victores
2956 3179 3079 3239 illos
3097 3191 3149 3235 et
3171 3196 3368 3236 corona
3388 3182 3632 3255 insignes
3652 3185 3778 3256 apud
3796 3199 3878 3239 nos

2319 3265 2595 3323 habemus.
2626 3268 2730 3324 Sed
2762 3270 2815 3325 in
2846 3272 3129 3342 prmscntia
3155 3271 3219 3326 de
3246 3276 3582 3346 martyribus
3609 3291 3874 3331 sermonem

2315 3372 2654 3414 reservemus
2684 3372 2973 3434 martyrum
3019 3364 3336 3428 mmulatori,
3397 3369 3672 3421 communi
3714 3367 3876 3421 docto-

2316 3450 2359 3505 ri
2386 3450 2458 3522 (b)
2491 3469 2504 3506 :
2529 3451 2627 3522 ipsi
2654 3468 2778 3509 vero
2800 3470 2941 3511 nunc
2969 3456 3035 3512 de
3062 3458 3187 3513 Ozia
3215 3461 3573 3527 disseremus,
3592 3460 3874 3530 jampridem

2317 3545 2554 3600 drbilum
2580 3562 2656 3603 tes
2679 3548 2911 3603 alienum
2942 3549 3363 3620 dinumerantes,
3396 3553 3775 3623 dittturnnsquc
3793 3568 3873 3604 au-

2315 3635 2495 3691 diendi
2521 3638 2677 3693 nixus
2697 3639 2982 3695 snlventes.
3004 3640 3135 3697 Nam
3165 3645 3405 3713 parturit,
3432 3657 3522 3701 sat
3552 3644 3662 3703 scio
3681 3686 3695 3707 ,
3737 3658 3874 3696 unus-

2316 3728 2539 3798 quisque
2585 3739 2818 3785 vestrum
2843 3722 2877 3796 ,’
2903 3732 3122 3801 cupiens
3162 3734 3302 3789 illam
3343 3737 3536 3794 audire
3581 3735 3871 3794 historiam:

2319 3818 2562 3892 hancque
2588 3822 2989 3890 parturitionem
3015 3841 3114 3880 nos
3144 3826 3352 3883 interim
3378 3831 3757 3899 protraximus.
3785 3839 3875 3882 nun

2316 3913 2459 3984 quod
2479 3929 2796 3985 cuperemus
2816 3916 2966 3972 vobis
2993 3917 3268 3975 intendere
3292 3921 3614 3989 cruciatum,
3647 3922 3735 3978 sed
3755 3918 3874 3990 quod

2318 4006 2655 4063 studeremus
2679 4019 2914 4065 vestrum
2941 4011 3233 4067 accendere
3260 4011 3591 4069 desiderium
3613 4056 3626 4081 ,
3671 4023 3726 4068 ut
3748 4011 3875 4068 vobis

2317 4116 2346 4154 a
2380 4116 2466 4156 nte
2489 4102 2733 4157 convivio
2760 4104 2992 4173 acceptis
3016 4120 3165 4160 meus
3192 4116 3486 4176 apparatus
3511 4124 3664 4179 quam
3690 4105 3874 4162 suavis-

2321 4192 2489 4248 simus
2534 4192 2826 4250 videretur.
2874 4192 3006 4249 Nam
3049 4196 3313 4266 opulentis
3348 4199 3805 4262 convivatoribus,
3841 4196 3876 4250 si

2319 4286 2569 4341 convivas
2600 4288 2903 4359 acceperint
2944 4296 3157 4345 saturos
3179 4330 3194 4354 ,
3236 4289 3359 4346 licet
3385 4302 3671 4363 apparatus
3699 4289 3877 4345 lautitia

2319 4378 2529 4434 illorum
2581 4383 2935 4451 appetentiam
2979 4383 3261 4438 excitare:
3311 4392 3568 4440 cmterum
3616 4394 3877 4456 pauperum

2320 4486 2558 4526 mensam
2585 4487 2691 4527 non
2717 4474 2817 4528 alia
2845 4490 2933 4530 res
2961 4491 3113 4546 aeque
3137 4476 3334 4532 lautam
3361 4477 3611 4547 exhibet,
3640 4492 3790 4550 quam
3820 4475 3878 4541 si,

2318 4563 2408 4634 qui
2439 4562 2503 4618 ad
2537 4563 2680 4618 illam
2708 4564 3000 4620 accubitnri
3028 4575 3173 4630 sunt,
3204 4569 3461 4625 esuriant.
3490 4571 3621 4639 Quis
3642 4572 3789 4642 igitur
3811 4576 3880 4623 est

2320 4654 2494 4723 Ozias,
2528 4656 2720 4726 quibus
2748 4667 2896 4712 ortus
2938 4658 3227 4728 majoribus
3249 4701 3264 4725 ,
3309 4676 3534 4730 quorum
3562 4678 3675 4726 rex,
3703 4668 3881 4732 quanto

2321 4756 2560 4818 tempore
2587 4748 2844 4818 regnavit,
2877 4760 2931 4804 et
2954 4751 3078 4819 quid
3108 4765 3230 4806 cum
3260 4751 3419 4807 laude
3443 4756 3630 4824 gessit,
3659 4751 3776 4823 quid
3804 4766 3879 4805 se-

2321 4855 2435 4906 cus,
2466 4848 2736 4910 postremo
2760 4855 2866 4910 quo
2892 4851 3051 4913 pacto
3071 4843 3233 4897 vitam
3273 4844 3540 4901 absolvit?
3572 4846 3650 4901 De
3672 4846 3750 4901 his
3775 4858 3878 4898 om-

2320 4930 2477 4985 nibus
2501 4929 2554 4985 in
2584 4932 2864 5001 prtesentia
2889 4931 3027 5002 apud
3066 4948 3161 4989 vos
3198 4932 3524 4991 disserentus
3547 4978 3562 5000 ,
3596 4938 3700 4992 imo
3725 4933 3879 5006 potius

2321 5030 2573 5092 quantum
2604 5022 2781 5079 dicere
2804 5024 3013 5093 licebit,
3063 5026 3141 5082 sic
3168 5035 3227 5082 ut
3253 5028 3594 5084 multitudine
3633 5044 3735 5084 non
3769 5040 3879 5080 cou-

2322 5116 2604 5174 fundamus
2643 5130 2873 5176 vestram
2916 5123 3228 5178 memoriam
3260 5140 3275 5179 :
3306 5122 3358 5179 id
3394 5123 3534 5194 quod
3577 5123 3629 5178 in
3671 5117 3879 5177 lucernis

2270 5252 2277 5259 .
2321 5211 2561 5266 accensis
2603 5209 2845 5267 accidere
2863 5212 3019 5268 solet.
3080 5212 3213 5267 Nam
3242 5214 3286 5269 si
3338 5213 3593 5284 paulatim
3634 5206 3877 5283 ellyrltnio

2322 5301 2599 5358 instillaris
2623 5302 2822 5371 oleum,
2850 5303 2977 5360 satis
3005 5303 3272 5359 alimonia:
3292 5305 3504 5361 dederis
3534 5306 3641 5377 igni
3666 5323 3679 5360 :
3711 5304 3787 5359 sin
3813 5301 3876 5355 si-

2321 5395 2430 5450 mul
2476 5404 2644 5451 totum
2688 5396 2943 5452 infuderis
2990 5398 3201 5461 oleum,
3243 5399 3402 5453 etiam
3433 5399 3696 5453 flammam
3722 5436 3737 5461 ,
3777 5405 3876 5459 qua?

2394 5521 2466 5587 (a)
2489 5524 2673 5594 Omnes
2696 5525 2851 5594 ferme
2873 5525 2986 5575 Mss.
3008 5527 3383 5594 habe_nt_ei_;_-n‘r,v
3406 5529 3596 5594 πρώτην
3616 5529 3709 5594 τῷν
3734 5529 3879 5594 liqua:-

2329 5586 2647 5658 λειπομέγςρνς
2682 5588 2770 5636 sed
2795 5586 2873 5637 hic
2889 5595 2975 5658 est
3016 5589 3142 5638 haud
3174 5590 3325 5658 dubie
3348 5586 3606 5658 's‘ec'undtts
3645 5586 3875 5658 Paralipo-

2330 5660 2507 5717 ιηθηριι
2530 5647 2676 5707 "be".
2699 5662 2795 5697 nec
2820 5653 2977 5713 potuit
2999 5664 3208 5713 unquam
3232 5652 3360 5702 Oetae
3382 5654 3580 5703 historia
3602 5651 3659 5699 ad
3682 5650 3872 5711 primum

2329 5714 2603 5770 pertinere.

2395 5768 2463 5831 ib)
2491 5770 2785 5835 Episcopum
2824 5771 3109 5825 Flavianum
3133 5788 3437 5825 communem
3464 5782 3599 5823 vocat
3619 5774 3867 5823 doctorem.
