4092 6218
393 281 486 337 Hl

385 394 725 470 προτυποῦσι
748 393 849 466 τήν
873 392 1156 463 ὑπατείαν,
1177 393 1265 448 ἴνα
1290 396 1423 473 πᾶσι
1453 397 1565 458 τοῖς
1588 395 1739 448 κάτω
1769 392 1955 466 φαίνῃ.

385 479 508 536 Κᾶν
531 477 704 533 ταῦτα
732 477 944 552 ἀνέλῃς,
985 477 1193 541 ἀνεῖλες
1227 477 1287 530 τὸ
1320 477 1456 547 φῶς,
1493 479 1588 532 καὶ
1622 478 1798 532 πάντα
1830 478 1959 531 σκό·

383 578 514 625 τους
543 561 639 614 καὶ
660 560 864 631 πολλῆς
883 559 1185 632 ἐνέπλησας
1210 563 1473 633 ταραχῆς.
1498 560 1597 614 Διά
1629 560 1783 613 τοῦτο
1808 561 1957 614 πᾶσα
1999 564 2005 571 ’

381 644 530 708 δόσις
550 645 646 699 καὶ
682 643 863 715 λῆψις,
899 642 1002 698 κάν
1024 644 1162 715 πρὸς
1187 644 1392 712 φίλους,
1425 643 1527 698 κᾶν
1549 642 1686 716 πρὸς
1709 643 1956 715 ἐχθροὺς,

383 726 489 780 κᾶν
516 727 652 799 πρὸς
683 726 916 789 οἰκέτας,
947 724 1050 780 κᾶν
1082 726 1219 797 πρὸς
1250 727 1579 796 ἐπιτρόπους
1614 729 1710 781 καὶ
1754 728 1959 780 οἰκονό-

386 827 524 881 μους
566 810 837 881 γίγνηται,
883 808 1087 878 ταύτης
1115 810 1287 863 δεῖται
1336 809 1438 879 τῆς
1486 811 1816 879 ἀσφαλείας,
1864 812 1959 864 καὶ

382 893 661 963 πανταχοῦ
689 894 783 946 καὶ
814 892 990 962 μῆνας
1015 893 1111 946 καὶ
1149 892 1429 955 ἐνιαυτοὺς
1464 893 1559 946 καὶ
1607 894 1820 965 ἡμέρας
1861 895 1960 948 κά-

381 974 554 1027 τωθεν
585 976 1045 1045 παραγράφομεν.
1077 975 1140 1028 Εί
1165 970 1257 1028 οῦν
1301 974 1395 1027 ἐπὶ
1434 974 1542 1028 τῶν
1574 974 1840 1045 βιωτικῶν
1871 993 1959 1030 το-

384 1057 554 1129 σαύτη
583 1057 677 1113 τοῦ
710 1057 1032 1127 πράγματος
1062 1058 1097 1127 ή
1129 1057 1303 1126 ἰσχὺς,
1324 1057 1544 1110 ἐπὶτῶν
1572 1059 1958 1129 πνευματικῶν

382 1140 562 1213 πολλῷ
586 1139 784 1210 μείζων
812 1139 907 1192 καὶ
934 1140 1341 1211 χρησιμωτέρα.
1364 1140 1473 1204 Τάς
1493 1140 1601 1212 γάρ
1623 1143 1955 1214 προφητείας

379 1225 540 1280 τοῦτο
565 1223 804 1278 δείκνυσι
847 1222 1207 1295 προφητείας.
1238 1223 1373 1276 Οὐδὲ
1413 1225 1520 1295 γάρ
1564 1224 1692 1278 ἄλλο
1728 1226 1779 1279 τί
1826 1226 1955 1280 ποτέ

380 1310 498 1363 ἐστι
534 1306 862 1378 προφητεία,
903 1305 1015 1358 ἀλλ’
1051 1300 1083 1370 ἢ
1118 1305 1229 1358 τῶν
1270 1305 1570 1375 μελλόντων
1615 1308 1953 1379 πραγμάτων

380 1389 855 1462 προαναφώνησις.
894 1388 951 1442 '0
979 1387 1159 1441 τοίνυν
1190 1389 1316 1452 τοὺς
1356 1390 1580 1460 καιροὺς
1612 1392 1820 1458 ἀγνοῶν
1844 1390 1953 1444 τῶν

378 1473 690 1545 εἰρημένων
718 1468 1116 1544 πραγμάτωνῆ
1163 1469 1270 1523 τῶν
1315 1470 1613 1540 ἐκϐάντων,
1648 1472 1766 1538 πῶς
1790 1474 1950 1547 δυνή-

382 1573 534 1609 σεται
587 1553 754 1618 δεῖξαι
797 1552 876 1624 τῷ
925 1552 1317 1622 φιλονεικοῦντι
1362 1554 1426 1608 τὸ
1466 1558 1568 1626 τῆς
1618 1559 1952 1628 προφητείας

380 1638 631 1710 ἁξίωμα;
667 1635 947 1690 Ἐντεῦθεν
975 1637 1109 1707 ἡμῖν
1152 1636 1248 1690 καὶ
1275 1639 1323 1690 οἰ
1354 1637 1489 1710 πρὸς
1512 1638 1778 1709 Ἕλληνας
1807 1640 1952 1708 ἀγῶ-

379 1739 470 1787 νες
496 1723 593 1776 καὶ
632 1725 777 1776 νῖκαι
803 1734 854 1784 ι,
883 1721 1012 1774 ὅταν
1060 1721 1406 1792 πρεσϐύτερα
1455 1724 1843 1795 ἀποφαίνωμεν
1882 1724 1951 1778 τά

376 1806 626 1877 ἡμέτερα
651 1804 759 1858 τῶν
794 1805 924 1875 παρ’
953 1803 1209 1867 ἐκείνοις·
1240 1804 1485 1859 ἐντεῦθεν
1516 1808 1648 1877 ἡμῖν
1686 1808 1779 1861 καὶ
1813 1807 1949 1878 πρὸς

392 1887 680 1951 Ἰουδαίους
716 1885 1017 1951 ἀποδείξεις
1052 1886 1182 1957 περὶ
1211 1887 1313 1957 τῆς
1352 1887 1607 1959 ἀληθείας
1646 1890 1788 1943 εἰσί·
1813 1890 1950 1962 πρὸς

390 1969 681 2032 Ἰουδαίους
709 1969 835 2031 τοὺς
867 1968 1079 2031 ἀθλίους
1110 1970 1204 2022 καὶ
1234 1969 1628 2042 ταλαιπώρους,
1655 1974 1705 2027 οῖ
1736 1972 1822 2027 διὰ
1851 1974 1952 2044 τὴν

379 2055 489 2106 τῶν
513 2051 719 2123 χρόνων
740 2051 961 2118 ἄγνοιαν
984 2051 1044 2103 τὺ
1074 2051 1328 2121 μέγιστον
1361 2054 1581 2124 σφάλμα
1618 2055 1950 2126 ἐσφάλησαν.

378 2136 445 2188 Εἰ
498 2134 610 2205 γάρ
653 2134 893 2205 ἥκουσαν
945 2132 1040 2185 τοῦ
1101 2133 1437 2205 πατριάρχου
1494 2136 1781 2205 λέγοντος,
1828 2140 1950 2193 Οὐκ

374 2219 646 2285 ἐκλείψει
664 2216 864 2284 ἄρχων
881 2215 952 2281 ἐξ
979 2216 1191 2279 Ἰούδα,
1218 2218 1361 2272 οὐδὲ
1380 2220 1710 2288 ἡγούμενος
1737 2221 1806 2275 ἐκ
1833 2221 1952 2275 τῶν

368 2298 578 2366 μηρῶν
621 2297 829 2361 αὐτοῦ,
865 2297 977 2362 ἕως
1026 2298 1102 2350 ἂν
1143 2299 1293 2366 ἔλθῃ
1335 2293 1382 2365 ᾧ
1414 2301 1740 2366 ἀπόκειται,
1773 2302 1867 2355 καὶ
1898 2304 1949 2356 εί

367 2383 763 2451 παρετήρησαν
790 2381 904 2448 μετ’
929 2379 1211 2449 ἀκριϐείας
1229 2383 1355 2442 τοὺς
1381 2382 1482 2452 τῆς
1504 2384 1804 2453 παρουσίας
1827 2403 1946 2439 καιο

368 2465 521 2536 ρους,
551 2463 655 2515 οὐκ
684 2462 931 2532 ἔμελλον,
965 2462 1287 2526 ἐκπεσόντες
1320 2463 1414 2517 τοῦ
1443 2465 1700 2535 Χριστοῦ,
1720 2467 1800 2538 τῷ
1836 2468 1947 2521 Ἀν-

365 2547 628 2620 τιχρίστῳ
652 2544 1033 2618 περιπίπτειν·
1061 2545 1310 2618 καθάπερ
1338 2543 1434 2601 οὖν
1462 2550 1556 2601 καὶ
1583 2549 1746 2614 αὐτὸς
1764 2551 1945 2616 αὐτοῖς

367 2633 396 2684 6
446 2629 681 2701 Χριστὸς
741 2627 904 2682 τοῦτο
962 2629 1335 2699 αἰνιττόμενος
1386 2626 1536 2683 εἶπεν
1565 2633 1615 2696 δ,
1659 2633 1741 2687 ὃτι
1800 2634 1946 2703 Ἐγὼ

370 2709 558 2784 ἦλθον
588 2712 658 2765 ὲν
698 2708 780 2777 τῷ
823 2711 1067 2780 ὀνόματι
1105 2711 1213 2766 τοῦ
1251 2715 1481 2782 Πατρός
1513 2732 1654 2784 μου,
1702 2717 1800 2770 καὶ
1834 2720 1945 2773 οὐκ

375 2793 657 2858 ἐδέξασθέ
681 2809 754 2862 με
775 2810 789 2824 ·
835 2792 945 2847 ἐὰν
977 2793 1169 2860 ἄλλος
1190 2796 1337 2864 ἔλθῃ
1377 2796 1448 2850 ἐν
1485 2796 1565 2861 τῷ
1592 2798 1833 2867 ὀνόματι
1863 2800 1945 2865 τῷ

378 2876 529 2944 ἰδίῳ,
571 2876 796 2930 ἐκεῖνον
842 2876 1139 2944 λήψεσθε.
1169 2876 1323 2942 Εἶδες
1376 2879 1540 2933 πόσον
1590 2881 1944 2953 παράπτωμα

382 2956 488 3012 ἀπὸ
528 2958 624 3029 τῆς
667 2959 770 3011 τῶν
818 2959 1027 3031 χρόνων
1076 2961 1296 3029 γέγονεν
1344 2962 1599 3030 ἀγνοίας;
1650 2965 1742 3036 Μὴ
1769 2966 1944 3020 τοίνυν

374 3040 650 3119 ἀμελήσῃς
679 3041 941 3109 ὠφελείας
968 3042 1254 3113 τοσαύτης.
1278 3043 1546 3117 Καθάπερ
1573 3046 1679 3118 γὰρ
1706 3049 1821 3119 ὅροι
1850 3049 1944 3103 καὶ

373 3124 563 3196 στῆλαι
591 3114 650 3178 ἐν
679 3127 791 3188 τοῖς
814 3125 1002 3197 ἀγροῖς
1030 3124 1128 3189 τὰς
1160 3127 1397 3199 ἀρούρας
1420 3114 1527 3183 οὐκ.
1555 3114 1687 3184 ἐῶσι
1724 3114 1942 3201 συγχεῖ-

370 3207 514 3275 σθαι,
542 3207 715 3272 οὕτως
750 3209 801 3262 οἰ
844 3208 1023 3279 χρόνοι
1065 3211 1157 3263 καὶ
1199 3211 1248 3263 οί
1302 3213 1486 3283 καιροὶ
1528 3213 1595 3269 τὰ
1642 3215 1941 3287 πράγματα

365 3293 467 3347 οὐκ
513 3292 675 3347 ἐῶσιν
712 3292 962 3364 ἀλλήλοις
1001 3294 1331 3364 συμπίπτειν
1354 3306 1403 3360 ο,
1440 3295 1576 3351 ἀλλά
1613 3297 1941 3370 διείργοντες

364 3378 461 3431 ἀπ’
508 3376 758 3448 ἀλλήλων
815 3377 989 3441 αὐτὰ,
1039 3379 1135 3431 καὶ
1194 3379 1337 3433 κατὰ
1398 3379 1496 3451 τὴν
1560 3386 1938 3454 προσήκουσαν

360 3462 572 3515 ἕκαστα
623 3459 954 3525 διατιθέντες
1006 3462 1159 3527 τάξιν
1182 3502 1197 3526 ,
1256 3462 1458 3535 πολλῆς
1511 3465 1939 3524 ἀπαλλάττουσιν

363 3546 511 3615 ἡμᾶς
541 3544 811 3617 ταραχῆς.
852 3544 1034 3611 Ἄξιον
1072 3545 1250 3599 τοίνυν
1282 3548 1457 3600 εἰπεῖν
1492 3548 1628 3618 πρὸς
1665 3550 1826 3620 ὑμᾶς,
1854 3553 1938 3617 τίς

360 3623 430 3698 ἦν
468 3620 623 3691 οὗτος
661 3629 690 3680 6
723 3626 924 3693 Ὀζίας,
956 3627 1051 3680 καὶ
1092 3629 1221 3682 πότε
1257 3628 1607 3699 ἐϐασίλευσε,
1644 3634 1740 3686 καὶ
1777 3633 1936 3689 τίνων

361 3709 516 3783 [lli]
546 3709 886 3775 ἐϐασίλευσε,
919 3711 1013 3764 καὶ
1046 3711 1207 3775 πόσος
1232 3712 1381 3783 αὐτῷ
1416 3714 1685 3783 γέγονενό
1716 3717 1814 3787 τῆς
1835 3718 1936 3789 ἀρ-

360 3794 465 3864 χῆς
496 3792 705 3864 χρόνος,
735 3793 828 3847 καὶ
870 3793 989 3855 πῶς
1016 3793 1106 3845 τὸν
1149 3793 1262 3864 βίον
1304 3796 1598 3850 κατέλυσε·
1645 3798 1844 3869 μᾶλλον
1872 3800 1931 3855 δὲ

358 3877 512 3944 ἄξιον
541 3878 758 3947 σιγῆσαι
809 3875 1016 3930 λοιπόν.
1048 3876 1284 3948 Ἀνάγκη
1318 3880 1426 3950 γάρ
1465 3882 1544 3944 εἰς
1575 3881 1801 3954 ἄπειρον
1832 3884 1929 3937 πέ-

358 3963 528 4032 λαγος
560 3963 809 4035 ἱστοριῶν
838 3962 1059 4031 ἀφιέναι
1088 3962 1179 4016 τὸν
1215 3962 1391 4032 λόγον.
1436 3965 1574 4029 Τοὺς
1600 3966 1658 4019 δὲ
1693 3968 1933 4022 τοιοῦτον

362 4046 653 4117 μέλλοντας
681 4045 1008 4117 πορεύεσθαι
1038 4045 1269 4114 πέλαγος
1293 4085 1308 4108 ,
1343 4047 1404 4099 οὐ
1437 4048 1792 4118 κεκμηκότων
1823 4049 1932 4105 τῶν

358 4129 682 4201 πλωτήρων,
703 4129 817 4183 ἀλλ’
851 4128 1228 4200 ἀκμαζόντων,
1253 4128 1521 4184 ἅπτεσθαι
1542 4132 1647 4203 χρὴ
1673 4132 1771 4204 τῆς
1788 4132 1929 4189 ὁδοῦ.

357 4213 457 4266 Διά
484 4213 643 4266 τοῦτο
689 4213 782 4265 καὶ
812 4212 1028 4283 λιμένες
1079 4213 1174 4267 καὶ
1207 4213 1358 4283 νῆσοι
1388 4213 1661 4284 πανταχοῦ
1701 4215 1800 4286 τῆς
1834 4214 1933 4269 θα·-

354 4295 563 4369 λάσσης
594 4296 702 4350 εἰσὶ
732 4296 1164 4367 πεφυτευμέναι,
1206 4297 1295 4352 ἴνα
1331 4297 1427 4351 καὶ
1470 4297 1806 4369 κυϐερνήτης
1838 4300 1933 4353 καὶ

353 4379 557 4450 ναύτης
578 4379 995 4451 διαναπαύηται,
1015 4380 1043 4432 6
1072 4380 1171 4451 μὲν
1189 4380 1286 4451 τὴν
1310 4379 1501 4451 κώπην
1517 4381 1927 4453 ἀποτιθέμενυς,

350 4464 382 4515 6
412 4462 471 4515 δὲ
497 4463 605 4515 τῶν
648 4462 849 4515 οἰάκων
882 4462 1301 4533 ἐξανιστάμενος
1320 4479 1332 4493 ·
1364 4461 1451 4516 διὰ
1483 4462 1637 4517 τοῦτο
1672 4466 1767 4518 καὶ
1797 4483 1931 4518 παν-

348 4543 536 4614 δοχεία
585 4545 679 4597 καὶ
729 4543 1048 4614 καταγώγια
1097 4543 1373 4614 πανταχοῦ
1418 4544 1528 4599 τῶν
1572 4545 1704 4599 ὁδῶν
1748 4549 1930 4600 ἐπινε-

348 4628 578 4700 νόηται,
614 4628 701 4682 ἵνα
740 4629 833 4680 καὶ
866 4626 1141 4695 ὑποζύγια
1185 4627 1279 4680 καὶ
1305 4627 1572 4698 ὁδοιπόροι
1608 4628 1717 4683 τῶν
1750 4630 1926 4684 πόνων

348 4711 582 4783 λήγωσι.
639 4710 739 4765 Διά
784 4709 942 4764 τοῦτο
992 4711 1086 4762 καὶ
1128 4708 1206 4780 τῷ
1250 4710 1391 4781 λόγῳ
1440 4710 1540 4781 τῆς
1584 4710 1927 4777 διδασκαλίας

349 4793 544 4864 καιρὸς
583 4793 792 4864 σιωπῆς
827 4792 1078 4864 ὥρισται,
1115 4793 1203 4846 ἵνα
1246 4795 1381 4863 μήτε
1414 4794 1637 4858 ἑαυτοὺς
1669 4797 1926 4867 κατατρίο

349 4878 536 4946 ϐωμεν
565 4874 645 4947 τῷ
693 4875 883 4947 πλήθει
924 4875 1033 4928 τῶν
1079 4875 1403 4946 λεγομένων,
1438 4882 1573 4947 μήτε
1601 4877 1745 4947 ὑμᾶς
1789 4879 1923 4931 ἀπο-

347 4960 645 5028 κναίωμεν.
690 4960 798 5012 Καὶ
833 4958 1057 5023 τούτους
1089 4956 1196 5013 οἶδε
1224 4961 1348 5023 τοὺς
1380 4963 1602 5033 καιροὺς
1639 4963 1732 5015 καὶ
1772 4962 1923 5016 Σολοο

348 5061 494 5117 μων,
523 5042 665 5097 οὓτω
707 5037 881 5111 λέγων
903 5059 915 5073 ·
950 5042 1155 5113 Καιρὸς
1181 5041 1277 5095 τοῦ
1323 5043 1564 5112 σιγῆσαι,
1606 5044 1697 5097 καὶ
1735 5045 1924 5117 καιρὸς

344 5126 443 5181 τοῦ
483 5125 734 5196 λαλῆσαι.
766 5125 1009 5178 Γενέσθω
1034 5121 1126 5179 οὖν
1165 5126 1296 5197 ἡμῖν
1333 5126 1524 5196 καιρὸς
1549 5125 1641 5179 τοῦ
1682 5128 1920 5198 σιγῆσαι,

347 5212 439 5267 ῐνα
482 5212 708 5282 γένηται
739 5210 928 5283 καιρὸς
970 5209 1047 5281 τῷ
1084 5208 1384 5280 διδασκάλῳ
1425 5211 1520 5262 τοῦ
1567 5210 1810 5281 λαλῆσαι.
1841 5213 1884 5264 Τ
1888 5214 1921 5266 ά

348 5298 451 5366 μέν
477 5293 587 5367 γάρ
622 5293 868 5365 ἡμέτερα
912 5293 1085 5346 ἔοικεν
1122 5292 1249 5364 οἴνῳ
1281 5294 1607 5365 προσφάτως
1653 5295 1759 5347 τῶν
1790 5296 1922 5348 ὑπο-

407 5489 436 5520 ⁸
457 5487 687 5538 Erasmus
703 5488 887 5548 legisse
908 5484 1106 5549 videmr
1124 5484 1274 5542 νείκη,
1295 5485 1537 5549 siquidem
1564 5483 1711 5534 venit
1730 5494 1920 5536 comen-

340 5548 693 5613 liongs._l’a_u|_9
727 5546 838 5611 ρόει
877 5546 1096 5610 quinque
1132 5560 1249 5596 mss.
1294 5546 1550 5602 ἀποδείξεις
1582 5548 1753 5596 πολλαὶ
1793 5552 1918 5613 περὶ,

339 5619 393 5661 et
406 5611 487 5673 ,εἰσ
506 5610 631 5673 legit
651 5610 894 5660 Erasmus.

402 5668 638 5738 b_(‘_t_nﬁps
659 5674 765 5721 fere
777 5670 1009 5738 -ῐηπςκκαὶ
1031 5668 1170 5738 αῦτρς
1272 5668 1475 5738 Χριστὸς
1515 5668 1828 5738 προεῖπενηιξῑ
1850 5674 1920 5738 δίε·

337 5735 465 5796 legit
488 5735 734 5804 Erasugus.
777 5733 826 5782 In
850 5732 995 5781 editis
1014 5731 1170 5788 αὐτοῖς
1187 5730 1333 5781 deest
1359 5735 1470 5794 post
1493 5730 1645 5791 αὐτὸς,
1681 5734 1769 5782 sed
1795 5733 1919 5796 legi-

341 5804 419 5845 lur
445 5803 555 5845 m~l
574 5811 733 5843 τουτο.

398 5859 424 5890 ε
447 5854 469 5908 ὶ
492 5872 582 5907 nus
602 5858 817 5915 ἀλλήλοις
841 5854 1126 5920 συγχεῖσθαι.

1373 275 1438 332 1N
1471 276 1694 343 ILLUD,
1739 276 1871 331 νιυι
1916 276 2254 348 ΒΟΜΙΝυΜ,
2292 282 2523 340 HOMIL.
2556 286 2642 343 ιιι.

3531 292 3630 348 ιη

2064 394 2259 465 ληνίων
2301 398 2696 472 ἐξαντληθέντι,
2736 401 2804 455 τὰ
2831 401 2887 455 δὲ
2911 402 3098 456 τούτου
3145 402 3461 476 προσέοικεν
3506 409 3633 479 οἴνῳ

2065 480 2499 552 πεπαλαιωμένῳ
2547 484 2641 537 καὶ
2693 485 3045 555 γεγηρακότι,
3095 486 3293 557 πολλὴν
3338 490 3630 560 παρέχοντι

2064 563 2159 615 καὶ
2186 563 2283 635 τὴν
2315 563 2579 634 ὠφέλειαν
2616 568 2708 619 καὶ
2737 566 2833 638 τὴν
2865 569 3015 637 ἰσχὺν
3047 571 3160 633 τοῖς
3193 568 3494 641 δεομένοις·
3534 572 3629 626 καὶ

2059 646 2122 700 τὸ
2148 646 2243 700 τοῦ
2267 648 2599 717 Εὑαγγελίου
2624 652 2798 703 ἐκεῖνο
2833 651 3021 719 γέγονε
3055 653 3326 724 σήμερον·
3359 655 3494 725 μετά
3537 658 3629 709 τὸν

2061 728 2318 784 ἐλάττονα
2353 732 2462 803 γάρ
2487 728 2626 786 οἶνον
2649 735 2677 786 6
2703 733 2924 801 βελτίων
2950 733 3335 805 είσκομίζεται.
3369 736 3473 790 Καὶ
3501 737 3631 790 καθ-

2061 814 2206 885 άπερ
2247 816 2453 869 ἐκεῖνον
2505 816 2604 869 οὐκ
2631 816 2870 886 ἄμπελος
2906 816 3058 871 ἔτεκε
3087 818 3228 883 τότε,
3262 819 3375 872 ἀλλ’
3411 821 3443 890 ἡ
3472 819 3633 875 δύνα-

2063 915 2155 969 μις
2175 899 2397 969 ἐποίησε
2424 898 2518 952 τοῦ
2546 899 2805 971 Χριστοῦ,
2833 900 2976 954 οὕτω
3014 902 3108 955 καὶ
3136 901 3324 955 τούτου
3353 902 3442 956 τὸν
3472 903 3629 972 λόγον

2057 981 2158 1035 οὐκ
2198 981 2509 1052 ἀνθρωπίνη
2545 984 2766 1054 προχέει
2795 984 3022 1046 διάνοια,
3051 984 3164 1038 ἀλλ’
3196 986 3230 1056 ή
3261 984 3356 1038 τοῦ
3379 986 3630 1057 Πνεύμαα

2055 1080 2149 1127 τος
2177 1064 2354 1135 χάρις.
2397 1066 2549 1119 Ἐπεὶ
2579 1062 2671 1120 οὖν
2710 1067 2905 1137 δαψιλῆ
2946 1068 3037 1121 καὶ
3069 1067 3412 1138 πνευματικά
3438 1067 3506 1121 τά
3533 1069 3630 1122 νά-

2060 1164 2223 1218 ματα,
2275 1147 2412 1219 μετά
2458 1149 2693 1222 σπουδῆς
2729 1149 3131 1221 ὑποδεξώμεθα,
3174 1150 3294 1222 μετ’
3332 1149 3637 1219 ἀσφαλείας

2055 1232 2404 1302 τηρήσωμεν,
2428 1232 2515 1285 ἴνα
2539 1231 2749 1296 τούτοις
2782 1232 3066 1304 ἀρδόμενοι
3099 1232 3380 1303 διηνεκῶς,
3417 1232 3627 1304 ῶριμον

2055 1314 2308 1386 φέρωμεν
2335 1314 2427 1367 τὸν
2458 1314 2668 1384 καρπὸν
2699 1313 2778 1385 τῷ
2813 1313 2981 1368 ταῦτα
3014 1315 3365 1385 χαρισαμένῳ
3398 1315 3551 1385 Θεῷ·
3581 1310 3627 1383 ᾧ

2055 1397 2252 1468 πρέπει
2279 1399 2427 1451 πᾶσα
2452 1398 2576 1464 δόξα
2615 1399 2710 1451 καὶ
2740 1398 2870 1468 τιμὴ
2910 1399 3005 1452 σὺν
3036 1397 3113 1468 τῷ
3149 1400 3425 1469 μονογενεί
3459 1398 3624 1451 αὐτοῦ

2054 1480 2170 1550 Υίῷ
2198 1480 2291 1534 καὶ
2311 1479 2389 1551 τῷ
2422 1481 2672 1551 παναγίῳ
2709 1480 3002 1549 Πνεύματι,
3027 1480 3121 1535 νῦν
3153 1482 3249 1535 καὶ
3286 1482 3392 1548 ἀεὶ,
3422 1483 3517 1536 καὶ
3542 1482 3624 1544 είς

2051 1563 2179 1628 τοὺς
2205 1563 2406 1629 αἰῶνας
2437 1565 2542 1619 τῶν
2569 1565 2799 1620 αἰώνων.
2834 1565 3027 1636 Ἀμήν.

2050 1734 2156 1799 Εἰς
2185 1731 2300 1803 τὴν
2332 1733 2568 1804 πρώτην
2599 1734 2660 1807 (ι.
2692 1733 2995 1806 δευτέραν)
3037 1735 3154 1790 τῶν
3184 1737 3621 1807 Παραλειπομέ-

2122 1841 2246 1879 νων
2278 1824 2394 1894 τὴν
2416 1827 2739 1895 λέγουσαν,
2768 1826 2985 1898 ’Υιίώθη
3018 1827 3267 1899 ήκαρδία
3296 1827 3497 1893 Ὀζίου·
3522 1826 3620 1881 καὶ

2121 1915 2254 1984 περί
2298 1919 2878 1987 ταπεινοφροσύνης·
2922 1919 3022 1972 καὶ
3061 1919 3150 1973 ὅτι
3194 1918 3310 1988 χρὴ
3352 1918 3439 1989 μὴ
3483 1921 3622 1988 θαρ-

2114 2007 2248 2076 ρεῖν
2294 2008 2403 2062 τὸν
2461 2008 2772 2079 ἐνάρετον·
2822 2010 2922 2064 καί
2970 2009 3122 2064 ὅσον
3162 2010 3351 2065 κακὸν
3387 2011 3427 2080 ἠ
3471 2009 3619 2066 ἀπό-

2123 2114 2279 2153 νοια.

2660 2187 2901 2241 ΟΜῙΛΙΑ
2937 2186 3012 2244 Γ’.

2117 2337 2183 2383 α’.
2209 2328 2510 2401 Εὐλογητὸς
2535 2330 2728 2398 όΘεδς,
2756 2334 2850 2387 καὶ¹
2877 2332 2970 2386 ἐπὶ
2989 2332 3085 2401 τῆς
3106 2331 3133 2372 ἀ
3156 2333 3348 2402 γενεᾶς
3374 2332 3470 2404 τῆς
3489 2332 3613 2404 ήμε-

2044 2412 2206 2483 τέρας
2226 2414 2563 2482 ἐϐλάστησαν
2587 2415 2879 2487 μάρτυρες,
2902 2416 3317 2488 κατηξιώθημεν
3338 2418 3433 2470 καὶ
3459 2419 3620 2488 ἡμεῖς

2043 2496 2359 2566 ἀνθρώπους
2407 2498 2532 2551 ἰδεῖν
2577 2498 2717 2569 ὑπὲρ
2750 2500 2984 2570 Χριστοῦ
3035 2500 3471 2571 σφαττομένους,
3519 2502 3618 2554 άν-

2044 2578 2293 2649 θρώπους
2332 2592 2356 2621 θ
2399 2577 2537 2654 αἷμα
2590 2582 2880 2646 στάζοντας
2918 2582 3093 2652 ἅγιον,
3144 2581 3242 2654 τήν
3296 2583 3619 2653 Ἐκκλησίαν

2042 2661 2257 2717 ἅπασαν
2311 2664 2489 2736 ἀρδον,
2517 2659 2655 2737 αἷμα
2690 2665 2980 2731 στάζοντος
3004 2706 3020 2730 ,
3062 2665 3278 2738 δαίμοσι
3325 2666 3427 2737 μὲν
3466 2667 3619 2737 φοϐε-

2047 2747 2157 2819 ρὸν,
2205 2749 2456 2817 ἀγγέλοις
2484 2749 2541 2804 δὲ
2579 2749 2842 2811 ποθεινὸν,
2882 2751 3011 2822 ἡμῖν
3039 2750 3097 2803 δὲ
3142 2751 3425 2822 σωτήριον.
3470 2752 3620 2804 Κατ-

2043 2831 2355 2903 ηξιώθημεν
2421 2834 2548 2887 ἰδεῖν
2609 2832 2928 2906 ἀνθρώπους
2988 2834 3126 2907 ὑπὲρ
3169 2834 3447 2899 εὐσεϐείας
3516 2851 3618 2888 πο-

2043 2914 2339 2984 λεμοῦντας
2374 2914 2395 2954 ί
2423 2957 2438 2982 ,
2508 2915 2689 2988 [112]
2757 2918 3056 2984 νικῶντας,
3119 2918 3616 2989 ἐστεφανωμένους.

2042 2994 2157 3050 Οὐκ
2199 2997 2326 3052 ἰδεῖν
2371 2997 2428 3051 δὲ
2476 2991 2890 3071 κατηξιώθημεν
2937 3000 3117 3072 μόνον,
3162 3000 3300 3055 ἀλλά
3332 3002 3427 3054 καὶ
3474 3001 3618 3055 αύτά

2040 3079 2110 3133 τά
2162 3080 2387 3152 σώματα
2432 3082 2542 3138 τῶν
2587 3083 2834 3156 ἀθλητῶν
2870 3083 3155 3150 δέξασθαι,
3196 3085 3289 3139 καὶ
3330 3087 3458 3156 παρ’
3491 3086 3618 3139 ἐαυο

2039 3168 2151 3229 τοῖς
2191 3166 2316 3231 τοὺς
2370 3167 2692 3236 στεφανίτας
2754 3170 2948 3240 ἔχομεν
2983 3169 3100 3224 νῦν.
3159 3169 3316 3225 Ἀλλά
3373 3170 3464 3224 τὸν
3515 3171 3615 3242 μὲν

2042 3248 2167 3320 περὶ
2208 3249 2316 3304 τῶν
2367 3250 2659 3322 μαρτύρων
2707 3251 2864 3323 λόγον
2922 3253 3201 3324 ἀφήσομεν
3242 3253 3336 3308 νῦν
3382 3252 3460 3325 τῷ
3503 3252 3616 3308 τῶν

2043 3332 2333 3405 μαρτύρων
2360 3334 2594 3406 ζηλωτῇ,
2622 3334 2700 3407 τῷ
2731 3336 2893 3409 κοινῷ
2920 3337 3251 3410 διδασκάλῳ·
3282 3336 3435 3393 αὐτοὶ
3463 3338 3520 3392 δὲ
3544 3336 3613 3392 τὰ

2038 3416 2180 3469 κατὰ
2217 3416 2308 3470 τὸν
2354 3417 2535 3483 Ὀζίαν
2581 3420 2717 3491 πρὸς
2763 3419 2907 3491 ὑμᾶς
2946 3418 3175 3493 ἐροῦμεν
3224 3420 3341 3487 νῦν,
3384 3420 3613 3474 παλαιὸν

2035 3498 2461 3565 καταϐάλλοντες
2497 3501 2687 3572 χρέος,
2734 3503 2828 3558 καὶ
2872 3503 3117 3574 χρονίους
3163 3503 3357 3569 ὠδῖνας
3407 3502 3613 3576 ἀκροά-

2037 3599 2174 3647 σεως
2205 3582 2440 3648 λύοντες.
2477 3585 2665 3639 Ὠδίνει
2695 3586 2803 3658 γὰρ
2837 3586 3065 3652 ἕκαστος
3094 3587 3269 3658 ὑμῶν,
3296 3584 3357 3641 εὖ
3385 3582 3480 3640 οἶδ’
3507 3588 3610 3652 ὅτι,

2033 3665 2133 3735 τῆς
2169 3666 2405 3738 ἱστορίας
2431 3668 2660 3723 ἀκοῦσαι
2694 3670 2933 3741 ἐκείνης·
2964 3670 3065 3725 καὶ
3085 3669 3184 3743 τὴν
3215 3669 3378 3724 ώδίνα
3406 3668 3611 3741 ταύτην

2033 3748 2192 3818 ἡμεῖς
2247 3751 2666 3823 παρετείναμεν,
2704 3752 2765 3805 οὐ
2802 3752 2902 3826 τὴν
2947 3752 3138 3824 ὀδύνην
3171 3754 3300 3825 ὑμῖν
3343 3754 3610 3808 ἐπιτεῖναι

2036 3829 2365 3904 βουλόμενοι,
2396 3833 2533 3888 ἀλλά
2566 3837 2665 3908 τὴν
2695 3836 2985 3908 ἐπιθυμίαν
3014 3837 3244 3908 αὐξῆσαι
3285 3838 3612 3902 σπουδάζον-

2032 3930 2144 3978 τες,
2169 3914 2309 3968 ῶστε
2336 3917 2559 3990 ήδίστην
2589 3920 2716 3989 ὑμῖν
2742 3921 2975 3990 φανῆναι
2996 3920 3095 3991 τὴν
3125 3920 3397 3993 ἡμετέραν
3428 3923 3611 3974 ἑστία-

2035 4013 2143 4051 σιν.
2171 3999 2235 4050 Ol
2267 3999 2364 4069 μὲν
2396 4000 2504 4072 γὰρ
2538 4000 2758 4074 εῦποροι
2794 4004 2902 4057 τῶν
2933 4005 3279 4075 ἑστιατόρων,
3316 4006 3410 4058 ἐὰν
3438 4008 3611 4075 ἐμπε-

2033 4079 2378 4151 πλησμένους
2413 4081 2617 4137 λάϐωσι
2652 4086 2777 4148 τοὺς
2817 4086 3162 4154 δαιτυμόνας,
3190 4084 3419 4139 δύναιντ’
3442 4086 3508 4140 ἂν
3540 4090 3608 4158 τῇ

2034 4164 2348 4236 πολυτελείᾳ
2404 4167 2513 4219 τῶν
2580 4167 3136 4236 παρασκευασθέντων
3195 4167 3458 4239 διεγεῖραι
3510 4169 3608 4241 τὴν

2033 4249 2325 4321 ἐπιθυμίαν
2348 4253 2373 4291 ε
2413 4252 2628 4316 αὐτοῖς·
2669 4251 2767 4322 τὴν
2811 4251 2868 4304 δὲ
2904 4250 3012 4303 τῶν
3044 4251 3291 4323 πενήτων
3333 4251 3608 4326 τράπεζαν

2031 4334 2183 4387 οὐδὲν
2223 4333 2364 4387 οὓτω
2412 4339 2555 4388 ποιεί
2609 4335 2889 4404 φαίνεσθαι
2938 4334 3217 4406 λαμπρὰν,
3260 4336 3336 4401 ὡς
3380 4337 3440 4390 τὸ
3485 4354 3606 4390 πει-

2030 4415 2237 4480 νῶντας
2276 4418 2583 4488 ἀπαντῆσαι
2627 4420 2750 4483 τοὺς
2789 4417 3087 4497 μέλλοντας,
3124 4419 3371 4490 μετέχειν
3413 4421 3601 4493 αὐτῆς.

2032 4499 2129 4563 Τίς
2159 4496 2253 4554 οῦν
2301 4501 2447 4554 ἐστιν
2481 4500 2692 4565 Ὀζίας,
2739 4502 2833 4555 καὶ
2867 4501 3025 4556 τίνων
3059 4503 3353 4572 ἀπόγονος,
3394 4507 3488 4558 καὶ
3520 4507 3603 4558 τίο

2028 4600 2135 4637 νων
2190 4582 2463 4654 βασιλεὺς,
2496 4585 2591 4638 καὶ
2624 4585 2786 4640 πόσον
2817 4584 3132 4640 ἐϐασιλεύσε
3176 4590 3384 4659 χρόνον,
3424 4590 3519 4641 καὶ
3551 4590 3603 4643 τί

2031 4668 2129 4739 μὲν
2164 4668 2608 4739 κατώρθωσε,“τί
2652 4670 2711 4724 δέ
2755 4669 3042 4743 διήμαρτε,
3091 4672 3209 4734 πῶς
3255 4672 3312 4724 δὲ
3356 4671 3448 4723 τὸν
3488 4672 3602 4742 βίον

2026 4752 2347 4819 κατέλυσεν;
2374 4752 2623 4807 Ἀπαντα
2658 4752 2830 4808 ταῦτα
2872 4754 3008 4825 πρὸς
3039 4754 3185 4824 ὑμᾶς
3216 4752 3446 4825 ἐροῦμεν
3484 4755 3600 4822 νῦν,

2028 4835 2228 4903 μᾶλλον
2252 4836 2308 4889 δέ
2349 4838 2448 4890 ὅσα
2496 4835 2717 4890 δυνατὸν
2759 4837 2953 4901 εἰπεῖν,
2999 4835 3140 4890 ὥστε
3177 4837 3250 4907 μὴ
3290 4839 3369 4908 τῷ
3408 4838 3599 4908 πλήθει

2026 4920 2339 4991 καταχῶσαι
2368 4921 2467 4989 τὴν
2501 4921 2721 4991 μνήμην
2748 4919 2902 4991 ὑμῶν
2920 4935 2936 4951 ·
2964 4919 2993 4972 δ
3022 4920 3228 4988 γίνεται
3258 4923 3351 4975 καὶ
3382 4921 3475 4975 ἐπὶ
3501 4921 3597 4976 τοῦ

2024 5002 2295 5071 λυχνιαίου
2327 5002 2513 5072 πυρός.
2542 5004 2638 5055 Ἂν
2672 5003 2769 5072 μὲν
2806 5001 2915 5073 γὰρ
2943 5002 3059 5056 ἐκεῖ
3084 5004 3225 5057 κατά
3257 5004 3449 5077 μικρὸν
3479 5008 3599 5059 ἐπι-

2027 5086 2226 5157 στάξῃς
2266 5088 2333 5158 τῇ
2379 5085 2655 5156 θρυαλλίδι
2696 5085 2757 5138 τὺ
2800 5085 2996 5148 ἔλαιον,
3050 5086 3232 5159 ἱκανὴν
3270 5088 3477 5154 ἔδωκας
3518 5089 3597 5160 τῷ

2025 5170 2157 5240 πυρὶ
2190 5168 2288 5238 τὴν
2317 5170 2524 5240 τροφήν
2544 5185 2557 5200 ·
2590 5167 2657 5222 ἂν
2702 5168 2758 5222 δὲ
2792 5168 2987 5240 ἀθρόον
3030 5171 3322 5244 καταχέῃς,
3367 5175 3461 5228 καὶ
3495 5171 3595 5245 τὴν

2022 5248 2186 5306 οὖσαν
2216 5251 2386 5322 φλόγα
2412 5250 2768 5318 κατέσϐεσας.
2792 5246 2960 5317 Οὗτος
2987 5254 3165 5308 τοίνυν
3187 5258 3215 5309 6
3250 5254 3431 5320 Ὀζίας
3458 5257 3594 5310 ἀπό-

2022 5354 2175 5406 γονος
2208 5337 2307 5409 μὲν
2346 5334 2413 5408 ἦν
2440 5335 2533 5390 τοῦ
2566 5335 2748 5401 Δαυτδ,
2787 5336 3035 5409 βασιλεὺς
3061 5339 3118 5394 δέ
3151 5340 3261 5394 τῶν
3291 5338 3590 5394 Ἰουδαίων·

2022 5420 2336 5474 ἐϐασίλευσε
2356 5420 2410 5472 δὲ
2434 5420 2527 5473 δύο
2553 5421 2645 5474 καὶ
2668 5423 3002 5494 πεντήκοντα
3028 5423 3123 5494 ἔτη
3141 5438 3154 5452 ·
3190 5423 3284 5476 καὶ
3309 5423 3374 5476 τὰ
3402 5421 3594 5491 πρῶτα

2089 5609 2114 5651 δ
2138 5611 2277 5661 Unus
2297 5612 2383 5673 sic,
2406 5611 2598 5673 ‘ncipit,
2624 5611 2888 5673 Εὐλογητὸς
2907 5613 2935 5659 6
2958 5612 3091 5667 Θεὸς,
3118 5612 3189 5659 ὃτι
3213 5611 3287 5657 ἐπὶ
3309 5615 3406 5673 τῆς.

2088 5674 2228 5742 gﬂic
2250 5675 2298 5722 in
2323 5669 2645 5742 ιιιίηυοιήιεε.
2686 5669 2955 5742 ἀνθρώπους
2980 5673 3142 5731 deest,
3188 5678 3240 5718 et
3263 5670 3383 5719 intra
3411 5669 3594 5736 legitur

2019 5735 2233 5800 ἀρδεῦον,
2260 5736 2507 5800 δεόλᾶρδον
2530 5735 2677 5782 etiam
2703 5739 2780 5800 εει
2803 5735 2850 5780 in
2877 5746 2984 5800 υξυ.

2089 5797 2108 5833 ί
2134 5791 2267 5846 Lmis
2287 5791 2588 5849 παλαίοντας.
2616 5796 2856 5858 νικῶντας.
2887 5791 2991 5840 Mox
3013 5791 3094 5858 a_|ii
3119 5792 3528 5858 στεφανουμένους.

2098 5861 2120 5899 F
2150 5861 2291 5910 AIius
2316 5860 2400 5914 τήν
2424 5856 2703 5917 προθυμίαν,
2734 5861 2997 5912 utrumque
3039 5854 3190 5905 bene.
