4092 6218
400 284 507 341 US

389 401 673 470 εὐδόκιμος
700 397 797 462 ὢν,
830 398 1052 472 ὕστερον
1076 402 1154 461 είς
1182 395 1455 471 ἀμαρτίαν
1479 411 1505 441 ι
1533 400 1819 454 κατέπεσε.
1843 396 1968 451 Μεί-

391 480 520 547 ζονα
544 481 653 554 γάρ
677 482 772 550 τῆς
798 483 1001 545 οἰκείας
1032 484 1306 554 φρονήσας
1339 482 1517 549 ἀξίας,
1556 482 1864 552 ἐπεπήδησε
1896 483 1961 551 τῇ

388 566 487 637 τῆς
521 563 816 636 ἱερωσύνης
848 566 1013 636 ἀρχῇ.
1958 594 1963 597 >

461 647 725 701 Τοσοῦτόν
752 650 869 699 ἐστι
894 649 1119 701 ἀπόνοια
1143 649 1310 702 κακόν
1331 665 1342 679 ³
1368 649 1462 702 καὶ
1499 649 1605 718 γὰρ
1632 649 1820 701 ἐαυτόν
1846 664 1965 700 τινα

389 728 617 784 ἕκαστον
645 730 855 798 ἀγνοεῖν
888 730 1190 797 ἀναπείθει,
1222 732 1313 785 καὶ
1348 732 1486 802 μετά
1519 731 1745 794 πολλοὺς
1772 731 1966 793 πόνους

392 811 608 867 ἅπαντα
648 814 792 865 κενοί
832 813 930 879 τῆς
983 814 1183 884 ἀρετῆς
1217 815 1308 867 τὸν
1372 814 1662 887 θησαυρόν.
1721 815 1832 867 Καὶ
1899 813 1968 866 τά

396 895 495 966 μὲν
530 894 664 948 ἀλλα
699 894 842 948 κακά
877 890 1256 967 ῥᾳθυμούντων
1285 899 1440 968 ήμῶν
1470 897 1838 969 περιγίνεσθαι
1873 895 1959 948 πέι

393 993 582 1046 φυκεν,
610 974 746 1046 αῦτη
780 976 837 1030 δὲ
870 978 1224 1047 κατορθοῦσιν
1268 981 1397 1050 ἡμῖν
1442 980 1752 1049 ἐπιφύεται.
1802 978 1968 1032 Οὐδὲν

368 1059 503 1137 γγάρ
552 1058 724 1122 οὕτως
774 1060 1030 1114 ἀπόνοιαν
1075 1063 1277 1115 τίκτειν
1342 1062 1560 1127 εἴωθεν,
1602 1062 1677 1125 ὠς
1731 1060 1969 1124 συνειδὸς

392 1141 616 1212 ἀγαθὸν,
657 1143 753 1197 ἐὰν
796 1144 871 1214 μὴ
906 1144 1276 1215 προσέχωμεν.
1315 1145 1414 1198 Διά
1456 1145 1613 1198 τοῦτο
1649 1145 1743 1198 καὶ
1772 1145 1800 1195 ὁ
1833 1145 1969 1214 Χρι-

396 1226 522 1291 στὸς
549 1225 723 1289 εἰδὼς,
751 1219 847 1279 0::I
869 1227 1009 1297 μετά
1049 1227 1117 1280 τά
1149 1227 1546 1299 κατορθώματα
1591 1227 1969 1297 ἐπεισέρχεται

394 1307 551 1363 τοῦτο
583 1308 645 1360 :0
680 1307 850 1372 πάθος
899 1310 1049 1379 ἡμῖν,
1089 1312 1201 1372 τοῖς
1246 1310 1510 1381 μαθηταῖς
1555 1310 1770 1377 ἔλεγεν·
1796 1309 1972 1361 Ὅταν

395 1389 594 1445 πάντα
643 1389 969 1459 ποιήσητε,
1028 1391 1266 1460 λέγετε,
1322 1393 1411 1446 ὅτι
1467 1391 1707 1461 Ἀχρεῖοι
1762 1389 1971 1444 δοῦλοί

395 1473 603 1541 ἐσμεν.
638 1473 805 1526 Ὅταν
839 1475 944 1546 γάρ
980 1473 1150 1546 μέλλῃ
1189 1475 1480 1527 ἐπεισιέναι
1520 1473 1579 1526 :0
1605 1472 1791 1545 θηρίον
1820 1474 1968 1542 ὑμῖν,

399 1558 521 1610 τότε
554 1555 642 1608 διά
671 1556 781 1609 τῶν
812 1556 1071 1628 ῥημάτων
1116 1556 1338 1623 τούτων,
1386 1557 1569 1625 φησὶν,
1603 1554 1916 1610 ἀποκλείετε
1944 1557 1972 1594 b

398 1640 498 1701 τὰς
532 1638 701 1710 θύρας
738 1639 906 1708 αὐτῷ.
959 1638 1066 1691 Καὶ
1096 1640 1195 1692 οὐκ
1227 1634 1571 1701 εἷπεν,¹’οταν
1603 1638 1781 1691 πάντα
1814 1639 1972 1707 ποιή-

402 1737 555 1789 σητε,
589 1720 795 1791 ἀχρεῖοί
824 1722 968 1786 ἐστε,
995 1720 1107 1774 ἀλλ’
1145 1720 1329 1790 Ὑμεῖς
1354 1719 1578 1787 λέγετε,
1609 1720 1697 1774 ὅτι
1734 1719 1974 1788 Ἇχρεῖοί

399 1802 605 1872 ἐσμεν.
636 1803 791 1866 Είπέ,
821 1801 895 1874 μὴ
930 1803 1190 1874 φοϐηθῇς,
1214 1804 1313 1855 οὐκ
1341 1803 1449 1857 ἀπὸ
1480 1803 1579 1873 τῆς
1609 1806 1843 1874 κρίσεως
1875 1802 1973 1870 τῆς

402 1887 505 1958 σῆς
532 1887 683 1958 φέρω
704 1886 801 1957 τὴν
828 1885 1008 1955 ψῆφον
1050 1886 1178 1954 ἐγώ.
1211 1886 1307 1938 “Av
1336 1886 1442 1957 γὰρ
1484 1887 1548 1939 σὺ
1585 1885 1778 1940 σαυτὸν
1810 1885 1974 1953 εἴπῃς

400 1971 642 2042 ἀχρεῖον,
684 1968 795 2039 ἐγώ
840 1984 898 2022 σε
944 1968 1020 2031 ὡς
1049 1969 1321 2039 χρήσιμον
1376 1968 1645 2037 στεφανῶ.
1693 1966 1850 2022 υύτω
1883 1967 1976 2021 καί

403 2052 635 2125 ἀλλαχοῦ
666 2070 827 2124 φησι,
869 2051 1018 2122 Λέγε
1049 2052 1129 2105 σὺ
1157 2052 1385 2120 πρῶτος
1415 2050 1520 2118 τὰς
1552 2053 1803 2120 ἀνομίας
1834 2065 1973 2115 σου,

402 2136 505 2190 ἵνα
534 2133 682 2207 ξΗὸ]
712 2133 1049 2203 δικαιωθῇς.
1093 2135 1216 2187 Ἐπὶ
1250 2134 1350 2205 μὲν
1389 2135 1496 2205 γάρ
1528 2134 1636 2187 τῶν
1667 2133 1863 2198 ἔξωθεν
1899 2131 1977 2184 δι-

403 2218 714 2290 καστηρίων
741 2216 878 2286 μετά
904 2216 1002 2288 τὴν
1030 2217 1361 2287 κατηγορίαν
1392 2218 1484 2269 καὶ
1515 2216 1838 2286 ὁμολογίανσ
1870 2214 1976 2266 τῶν

406 2300 813 2375 ἁμαρτημάτων
840 2298 1094 2362 θάνατος·
1125 2302 1216 2353 ἐπὶ
1246 2299 1303 2352 δέ
1334 2299 1427 2352 τοῦ
1458 2298 1599 2352 θείου
1629 2297 1976 2367 δικαστηρίου

407 2383 548 2457 μετά
578 2384 680 2455 τὴν
713 2382 1045 2454 κατηγορίαν
1096 2382 1375 2451 στέφανος.
1409 2382 1497 2434 Διὸ
1535 2382 1629 2434 καὶ
1668 2381 1697 2433 6
1728 2379 1978 2450 Σολομῶν

405 2467 558 2536 ἔλεγε
577 2481 592 2498 ο
620 2465 716 2534 Μὴ
744 2464 975 2519 δικαίου
1000 2462 1262 2518 σεαυτὸν
1288 2461 1543 2516 ἐνώπιον
1570 2462 1811 2529 Κυρίου.
1840 2461 1977 2514 Ἀλλ’

404 2548 615 2612 οὐδενὸς
677 2546 881 2600 τούτων
913 2547 1140 2617 ἧκουσεν
1179 2547 1207 2598 ὁ
1256 2543 1457 2610 ’(ὶζίας,
1505 2544 1617 2598 ἀλλ’
1663 2543 1979 2614 ἐπεισῆλθεν

406 2633 487 2696 είς
518 2631 609 2685 τὸν
639 2632 791 2694 ναδν,
820 2630 915 2683 καὶ
961 2628 1161 2699 θυμιᾷν
1205 2627 1477 2692 ἐϐούλετο,
1519 2630 1613 2681 καὶ
1664 2628 1756 2682 τοῦ
1795 2628 1980 2700 ἱερέως

408 2714 701 2779 κωλύοντος
730 2715 828 2767 οὐκ
871 2713 1136 2783 ἠνείχετο.
1182 2712 1246 2764 Τί
1275 2708 1367 2766 οὖν
1399 2714 1426 2761 ὁ
1462 2712 1627 2779 Θεός;
1668 2713 1981 2784 Ἐπαφῆκεν

408 2796 559 2868 αὐτῷ
609 2798 813 2868 λέπραν
861 2796 1001 2850 κατά
1033 2795 1124 2849 τοῦ
1166 2796 1436 2867 μετώπου,
1483 2796 1581 2866 τὴν
1627 2796 1982 2865 ἀναίσχυντον

409 2880 650 2945 κολάζων
678 2880 821 2950 ὄψιν,
857 2879 950 2931 καὶ
988 2879 1257 2932 παιδεύων
1289 2878 1468 2943 αὐτὸν,
1496 2879 1577 2931 ὅτι
1610 2876 1752 2930 θεῖόν
1782 2882 1895 2929 ἐστι
1923 2876 1983 2930 :0

407 2964 774 3034 δικαστήριον,
814 2962 909 3016 καὶ
937 2963 997 3014 οὐ
1031 2961 1165 3033 πρὸς
1208 2960 1524 3032 ἀνθρώπους
1554 2961 1583 3012 6
1616 2960 1847 3030 πόλεμος
1891 2956 1978 3030 ἦν.

410 3048 519 3103 Kal
563 3049 631 3100 τά
679 3046 778 3117 μὲν
831 3045 974 3099 κατὰ
1017 3046 1108 3097 τὸν
1147 3043 1327 3108 ὐζίαν
1376 3041 1568 3095 ταῦτα.
1597 3041 1734 3113 Φέρε
1776 3042 1840 3113 δὴ
1891 3044 1985 3095 καὶ

410 3130 613 3186 ἄνωθεν
634 3130 729 3201 τὴν
754 3130 989 3201 ἱστορίαν
1013 3127 1177 3200 αὐτὴν
1227 3126 1558 3198 ἐπέλθωμεν.
1578 3126 1675 3180 Διά
1697 3125 1804 3197 γὰρ
1829 3125 1984 3179 τοῦτο

410 3221 504 3273 καὶ
539 3217 700 3280 αὐτὸς
738 3214 1022 3287 προλαϐὼν
1051 3217 1108 3267 ἐν
1138 3215 1330 3286 βραχεῖ
1360 3214 1705 3285 διηγησάμην
1739 3213 1870 3284 ὑμῖν
1916 3213 1986 3266 τά

413 3298 791 3371 συμϐεϐηκότα
826 3298 999 3351 πάντα
1020 3338 1034 3364 ,
1080 3298 1145 3351 ἵν’
1173 3298 1301 3350 ὅταν
1350 3296 1582 3367 ἀκούητε
1632 3297 1731 3366 τῆς
1765 3295 1984 3369 Γραφῆς

410 3382 581 3435 ταῦτα
617 3380 1095 3451 ἀπαγγελλούσης,
1141 3379 1587 3450 παρακολουθῆτε
1638 3379 1778 3450 μετὰ
1827 3381 1985 3449 ἀκρι-

414 3463 565 3528 ϐείας
596 3463 795 3527 αὐτοῖς.
828 3462 987 3517 Ἀλλά
1017 3462 1329 3533 προσέχετε.
1358 3461 1464 3515 Καὶ
1494 3460 1767 3529 ἐποίησε,
1800 3462 1983 3530 φησὶν,

426 3546 607 3614 Ὀζῗας
646 3548 713 3600 τὸ
759 3547 931 3610 εὐθὲς
958 3545 1214 3599 ἐνώπιον
1253 3543 1495 3613 Κυρίου.
1532 3543 1789 3613 Μεγάλην
1822 3543 1986 3597 αὐτοῦ

413 3628 505 3685 διὰ
542 3628 746 3683 τούτων
776 3628 1156 3700 ἐμαρτύρησεν
1205 3629 1424 3698 ἀρετήν.
1456 3631 1530 3679 Οὐ
1573 3628 1681 3696 γὰρ
1726 3624 1787 3679 :0
1834 3625 1988 3689 εὐθὲς

415 3712 587 3767 ἐποίει
615 3712 798 3782 μόνον,
822 3712 958 3766 ἀλλά
985 3710 1078 3765 καὶ
1104 3710 1333 3764 ἐνώπιον
1368 3711 1594 3782 Κυρίου,
1623 3711 1682 3762 οὐ
1713 3709 1849 3780 πρὸς
1874 3708 1992 3761 ἐπί-

414 3796 582 3863 δειξιν
609 3796 930 3868 ἀνθρώπων,
962 3797 1211 3869 καθάπερ
1236 3798 1432 3849 ἐκεῖνοι
1463 3796 1511 3847 οί
1540 3794 1690 3866 παρὰ
1720 3796 1830 3857 τοῖς
1862 3792 1991 3848 Ἰουέ-

415 3879 595 3945 δαίοις
623 3881 728 3952 πρὸ
757 3881 855 3951 τῆς
899 3880 1263 3951 ἐλεημοσύνης
1304 3878 1672 3941 σαλπίζοντες,
1701 3877 1750 3930 οἱ
1783 3879 1840 3931 ἐν
1873 3879 1989 3938 ταῖς

416 3964 693 4035 νηστείαις
724 3963 794 4016 τά
823 3963 1093 4035 πρόσωπα
1120 3960 1493 4033 ἀφανίζοντες,
1523 3961 1572 4013 οί
1604 3959 1701 4022 τὰς
1732 3959 1895 4030 εὐχάς
1933 3960 1990 4010 ἐν

416 4051 536 4111 ταῖς
556 4047 813 4119 ἀμφόδοις
838 4041 1255 4118 ποιούμενοιοῶν
1267 4045 1318 4099 τί
1342 4045 1537 4114 γένοιτ’
1555 4043 1619 4098 άν
1644 4043 1987 4114 ἀθλιώτερον,

416 4133 544 4186 ὅταν
575 4132 701 4194 τοὺς
746 4132 843 4202 μέν
890 4131 1086 4194 πόνους
1124 4127 1468 4201 ὑπομένωσι,
1511 4129 1611 4200 τῆς
1653 4126 1710 4179 δὲ
1756 4125 1990 4197 ἀμοιϐῆς

417 4214 825 4287 ἀποστερῶνται
852 4215 1069 4284 ἀπάσης
1087 4232 1102 4282 ;

491 4299 560 4369 β’.
578 4298 644 4351 Τί
660 4301 851 4361 ποιεῖς,
870 4298 1122 4370 ἄνθρωπε
1141 4295 1344 4367 ;ζέτέρῳ
1366 4293 1577 4365 μέλλεις
1602 4292 1827 4355 εὐθύνας
1856 4291 1991 4345 διδό-

419 4399 508 4437 ναι
530 4380 639 4435 τῶν
686 4381 1110 4450 πεπραγμένων,
1143 4378 1236 4432 καὶ
1282 4378 1468 4448 ἕτερον
1516 4376 1766 4448 μάρτυρα
1808 4375 1993 4440 καλεῖς

408 4462 531 4534 ἱτῶν
574 4461 905 4531 γινομένων;
950 4460 1134 4531 ἕτερον
1180 4460 1321 4529 ἔχεις
1364 4460 1644 4530 δικαστὴν,
1676 4459 1769 4512 καὶ
1807 4458 1993 4529 ἕτερον

422 4545 663 4609 καθίζεις
691 4542 916 4613 θεατήν;
942 4542 1054 4612 Οὐχ
1088 4542 1220 4612 ὁρᾷς
1246 4541 1369 4603 τοὺς
1400 4541 1665 4612 ἡνιόχους,
1690 4540 1739 4594 οἳ
1769 4540 1866 4611 τῆς
1898 4540 1995 4594 πό·

422 4632 558 4693 λεως
603 4627 819 4697 ἀπάσης
860 4627 972 4681 ἄνω
1018 4624 1333 4694 καθημένης
1382 4625 1439 4678 ἐν
1483 4627 1602 4686 ταῖς
1652 4623 1761 4677 τῶν
1817 4624 1994 4677 ἵππων

422 4712 693 4784 ἁμίλλαις,
720 4710 869 4764 ἅπαν
894 4708 985 4762 τοῦ
1016 4707 1232 4762 σταδίου
1260 4708 1695 4777 παρατρέχοντες
1722 4707 1781 4759 :0
1809 4708 1992 4777 μέρος,

424 4798 540 4850 ἐκεῖ
566 4793 921 4865 φιλονεικοῦσι
955 4792 1023 4847 τά
1051 4791 1159 4846 τῶν
1194 4790 1500 4843 ἀντιπάλων
1522 4787 1550 4826 ἀ
1580 4791 1800 4861 ἅρματα
1831 4806 1994 4842 κατα-

426 4879 697 4949 στρέφειν,
728 4877 854 4931 ἐνθα
883 4877 947 4930 ἂν
974 4876 1123 4928 ῐδωσι
1156 4873 1246 4926 τὸν
1273 4872 1497 4943 βασιλέα
1544 4873 1868 4943 καθήμενον,
1901 4871 1994 4923 καὶ

424 4959 687 5015 τοσούτων
709 4959 881 5028 ὄψεων
903 4960 997 5012 ἕνα
1018 4957 1323 5029 νομίζουσιν
1348 4956 1782 5027 ἀξιοπιστότερον
1806 4953 1995 5024 ὀφθαλ-

490 5143 514 5172 ⁸
536 5143 751 5202 Quaiuor
775 5153 886 5189 mss.
913 5140 1247 5201 εὐδοκιμήσας,
1269 5139 1464 5197 ὕστερον
1486 5139 1600 5202 πρὸς
1623 5138 1871 5201 ἁμαρτίαν.

485 5202 515 5244 ὶι
532 5204 664 5251 Unus
680 5202 1009 5251 ἀποκλείσατε.

490 5269 514 5297 ε
538 5264 620 5314 Sic
654 5270 760 5313 ires
787 5276 900 5311 mss.
944 5270 998 5309 ei
1036 5262 1107 5309 sic
1126 5261 1249 5319 legit
1272 5260 1513 5310 Erasmus.
1553 5257 1609 5307 In
1646 5262 1793 5310 editis
1813 5262 1893 5309 καὶ
1912 5262 1998 5319 τὴν

427 5326 680 5389 ὁμολογίαν
703 5326 901 5389 deeral._
925 5323 1101 5389 Vel-uin
1126 5322 1271 5383 paulo
1290 5330 1415 5389 pqsl,
1442 5321 1522 5370 ubi
1548 5320 1595 5369 in
1624 5322 1793 5389 graeco
1816 5323 1999 5389 legitur

428 5384 547 5451 μετὰ
569 5384 654 5451 τὴν
676 5385 959 5451 κατηγορίαν
984 5385 1225 5451 στέφανος,
1252 5393 1298 5431 el
1327 5384 1423 5451 d_uo
1442 5397 1555 5431 mss.
1568 5384 1762 5451 addunt
1779 5388 1896 5451 μετά
1914 5390 1999 5441 τήν

426 5444 710 5511 κατηγορίαν
747 5444 1242 5511 τῶν’ἁμαρτῃμάτων
1280 5447 1523 5507 στέφανος,
1568 5444 1794 5511 Erasmus
1837 5448 1999 5511 locpm

429 5505 648 5572 pieu'iiui,
670 5517 725 5558 ut
750 5516 885 5567 ante,
910 5505 1108 5572 repent,
1130 5505 1218 5563 sic,
1240 5511 1344 5564 post
1375 5505 1730 5555 accusationem
1750 5512 1794 5556 el
1810 5506 1999 5572 gonfes-

425 5568 619 5633 iiqnemr
636 5577 938 5633 peccatorum
974 5568 1130 5633 dum:
1162 5578 1506 5633 coronaquam
1523 5568 1997 5633 inierpretaiiogem,

427 5628 543 5693 quia
561 5628 676 5681 nihil
703 5633 762 5680 ad
807 5644 1004 5680 sensum
1043 5630 1210 5693 addit;
1236 5628 1519 5688 relinquere
1545 5630 1695 5675 visum
1725 5634 1818 5676 est.
1850 5628 2000 5677 Pauio

429 5691 535 5758 ροἓι
555 5696 582 5742 ό
604 5696 823 5758 Σολομῶν
856 5691 1293 5755 ρτοδεειρακίδης.
1381 5747 1397 5758 ,
1439 5747 1458 5758 _
1535 5749 1561 5758 ..

490 5752 516 5791 ἀ
542 5757 648 5802 Τῶν
667 5747 963 5817 ἀηέῑιτέχνων,
1006 5747 1209 5801 Sic-tres
1240 5747 1351 5817 ﬁnes.
1381 5747 1504 5817 Infra
1534 5748 1783 5817 iidemj'ov
1805 5751 1897 5817 τῶν
1918 5753 2000 5817 ἀγα

429 5817 578 5873 γὴὶων
617 5810 854 5875 βασιλέαΪ
880 5814 1004 5864 Infra
1044 5826 1170 5863 unus
1234 5811 1313 5858 καὶ
1355 5810 1597 5859 τοσούτων
1645 5811 1800 5873 ὀφίων
1845 5812 2001 5860 ούοιῖιν

432 5878 511 5924 ἕνα
531 5892 633 5938 νομ.

1074 282 1131 337 5.
1166 280 1448 337 ωςιΝΝιε
1481 280 1970 338 CHRYS'OSTOMI
2008 278 2325 335 ARCHIEP.
2365 277 2913 334 CONSTANTINOP.

3533 279 3639 334 ιιι

2077 397 2208 468 μὸν;
2242 398 2313 450 Σὺ
2340 396 2397 449 δέ
2434 396 2594 449 αὐτὸν
2640 396 2731 448 τὸν
2763 393 2872 447 τῶν
2915 391 3159 460 ἀγγέλων
3191 390 3369 447 αὐτῶν
3417 391 3644 462 βασιλέα

2070 491 2182 551 τοῖς
2211 489 2320 550 σοῖς
2344 486 2561 558 δρόμοις
2589 483 3026 554 ἀγωνοθετοῦντα
3056 482 3216 552 ὀρῶν,
3246 485 3453 537 ἐκεῖνον
3484 484 3643 554 ἀφεὶς

2071 572 2162 623 ἐπὶ
2196 570 2291 633 τὰς
2334 568 2442 622 τῶν
2472 568 2772 639 ὁμοδούλων
2806 564 3169 636 καταφεύγεις
3198 566 3384 634 ὁψεις;
3418 569 3519 622 Διά
3558 584 3643 622 τοι

2071 652 2227 706 τοῦτο
2263 653 2397 722 μετά
2431 653 2529 713 τὰς
2574 651 2773 722 μυρίας
2813 650 2986 711 πάλας
3025 650 3402 716 ἀστεφάνωτος
3431 651 3642 720 ἀναχω-

2075 736 2216 804 ρεῖς,
2255 734 2392 802 μετὰ
2436 734 2562 795 τοὺς
2609 732 2834 794 πολλοὺς
2889 730 3114 802 ἱδρῶτας
3156 731 3324 802 χωρὶς
3378 729 3644 803 βραϐείων

2074 816 2285 885 ἀπέρχῃ
2312 815 2449 886 πρὸς
2469 815 2560 868 τὸν
2587 814 2951 885 ἀγωνοθέτην;
2979 813 3116 865 Ἀλλ’
3134 814 3233 865 οὐκ
3269 811 3450 876 Ὀζίας
3473 811 3645 866 τοιοῦ-

2075 914 2164 959 τος
2190 893 2275 966 ἦν,
2304 897 2418 950 ἀλλ’
2444 896 2670 950 ἐνώπιον
2701 897 2905 967 Κυρίου
2940 896 3001 949 :0
3031 895 3183 959 εὐθές
3209 895 3404 951 ἐποίει.

2159 979 2283 1041 Πῶς
2343 974 2436 1032 οῦν
2495 979 2635 1032 οὕτω
2701 978 2838 1049 μετὰ
2896 977 3179 1048 ἀκριϐείας
3232 976 3647 1047 πολιτευόμενος

2076 1061 2434 1132 ύπεσκελίσθη
2482 1062 2576 1114 καὶ
2618 1061 2913 1125 κατέπεσε;
2964 1059 3131 1113 Τοῦτο
3162 1057 3272 1129 γὰρ
3314 1058 3471 1127 κάγὼ
3518 1060 3648 1113 θαυ-

2081 1143 2236 1216 μάξω
2264 1144 2359 1197 xal
2388 1144 2653 1215 διαπορῶ,
2689 1143 2885 1214 μᾶλλον
2913 1142 2969 1196 δέ
3000 1143 3099 1195 οὐκ
3128 1141 3192 1195 ἂν
3222 1143 3306 1213 εἴη
3345 1141 3505 1196 τοῦτο
3532 1144 3649 1197 δια-

2078 1228 2362 1297 πορήσεως
2411 1227 2591 1291 ἀξιονσ
2638 1227 2921 1297 ἄνθρωπος
2970 1226 3078 1296 γὰρ
3107 1223 3195 1297 ἦν’
3231 1229 3464 1297 πρᾶγμα
3513 1230 3650 1300 πρὸς

2077 1309 2350 1380 ἁμαρτίαν
2374 1309 2663 1373 εύόλισθον,
2692 1310 2786 1362 καὶ
2812 1309 2947 1379 πρὸς
2972 1308 3169 1362 κακίαν
3191 1308 3511 1380 ὀξύρροπον.
3543 1311 3651 1363 Καὶ

2078 1392 2138 1442 ού
2172 1390 2328 1443 τοῦτο
2364 1391 2522 1461 μόνον
2568 1392 2686 1444 ἐστὶ
2715 1392 2775 1443 τὸ
2824 1390 3075 1461 χαλεπὸν,
3124 1391 3238 1443 ἀλλ’
3280 1393 3363 1444 ὁτι
3411 1392 3503 1444 καὶ
3532 1392 3653 1445 ὁδὸν

2082 1472 2269 1544 στενὴν
2291 1474 2384 1527 καὶ
2406 1474 2766 1545 τεθλιμμένην
2790 1474 2991 1526 ὁδεύειν
3015 1474 3253 1544 ἐπετάγη
3263 1491 3360 1542 μεν
3384 1474 3490 1526 ὐπὸ
3516 1491 3652 1544 κρη-

2084 1557 2229 1627 μνῶν
2278 1556 2611 1627 ἐκατέρωθεν
2658 1557 3072 1628 άπειλημμένην
3101 1568 3147 1610 ο.
3177 1557 3225 1628 [ι
3243 1556 3335 1628 l4]
3362 1556 3530 1611 Ὅταν
3557 1554 3651 1611 οὖν

2082 1639 2176 1691 καὶ
2216 1640 2585 1710 προαιρέσεως
2617 1639 2832 1693 εὐκολία
2873 1640 2967 1692 καὶ
3014 1639 3132 1693 ὁδοῦ
3174 1639 3429 1694 δυσκολία
3463 1641 3649 1694 συνέλ-

2083 1721 2246 1775 θωσιν
2275 1723 2355 1784 είς
2381 1721 2594 1784 ταύτὸν,
2631 1720 2705 1790 μὴ
2737 1719 2980 1790 θαύμαζε
3013 1719 3197 1773 λοιπὸν
3237 1722 3377 1792 ὑπὲρ
3408 1722 3515 1775 τῶν
3544 1740 3654 1777 πα-

2085 1804 2481 1876 ραπτωμάτων.
2523 1802 2787 1874 Καθάπερ
2816 1803 2923 1873 γὰρ
2953 1804 3010 1855 ἐν
3041 1806 3151 1867 τοῖς
3181 1803 3427 1875 θεάτροις
3462 1806 3511 1859 οί
3552 1805 3651 1876 τὴν

2085 1890 2291 1958 σχοῖνον
2315 1886 2410 1958 τὴν
2440 1886 2682 1939 κάτωθεν
2708 1886 2819 1939 ἀνω
2846 1886 3143 1957 τεταμένην
3173 1886 3193 1924 τ
3227 1887 3532 1941 ἀναϐαίνειν
3558 1890 3656 1941 καὶ⁵

2084 1970 2428 2024 καταϐαίνειν
2463 1968 2826 2039 μελετῶντες,
2877 1969 2943 2022 ἂν
2999 1969 3191 2040 μικρὸν
3226 1970 3651 2041 παραϐλέψωσι,

2085 2053 2531 2125 παρατραπέντες
2559 2051 3040 2122 κατενεχθὴσονται
3073 2053 3151 2114 είς
3189 2052 3284 2123 τὴν
3320 2054 3653 2124 ὀρχήστραν,

2085 2136 2179 2189 καὶ
2195 2135 2537 2188 ἀπολοῦνταιο
2554 2133 2696 2187 οὓτω
2713 2135 2802 2186 καὶ
2818 2136 2865 2186 οί
2886 2133 2982 2205 τὴν
3001 2134 3117 2187 ὁδὸν
3132 2135 3336 2205 ταύτην
3358 2135 3653 2199 ὁδεύοντες,

2087 2219 2153 2272 ἂν
2188 2219 2380 2290 μικρὸν
2409 2219 2783 2289 ρᾳθυμήσωσι,
2813 2217 3362 2288 κατακρημνίζονται.
3397 2218 3506 2272 Kal
3544 2219 3655 2290 γάρ

2087 2302 2299 2369 ἐκείνης
2322 2301 2420 2370 τῆς
2441 2301 2648 2370 σχοίνου
2669 2302 2702 2370 ἡ
2725 2300 2841 2362 ὁδὸς
2862 2299 3000 2371 αὐτη
3032 2300 3123 2354 καὶ
3145 2300 3429 2371 στενοτέρα
3452 2303 3545 2354 καλ⁸
3563 2303 3658 2374 69-

2087 2384 2200 2446 θιος
2218 2383 2312 2436 καὶ
2335 2384 2639 2454 προσάντης
2655 2382 2855 2453 μᾶλλόν
2875 2385 2988 2435 ἐστι
3013 2384 3105 2436 καὶ
3122 2382 3424 2454 ὑψηλοτέρα
3441 2383 3619 2455 πολλῷ
3635 2400 3650 2414 ·

2088 2465 2226 2537 πρὸς
2251 2465 2359 2536 γάρ
2387 2465 2546 2519 αὐτὸν
2574 2466 2684 2519 ἀνω
2718 2464 2939 2536 τελευτᾷ
2965 2467 2990 2504 ε
3019 2464 3112 2518 τὸν
3141 2465 3388 2534 οὐρανὸν,
3414 2468 3508 2521 καὶ
3533 2467 3655 2521 τότε

2086 2551 2222 2620 ἡμῖν
2247 2547 2628 2618 σφαλερώτερα
2656 2546 2808 2599 ἔσται
2833 2549 2902 2601 τὰ
2927 2547 3082 2619 διαϐή
3093 2564 3256 2619 ματα,
3277 2549 3404 2601 ὅταν
3428 2549 3539 2602 ἀνω
3562 2550 3658 2603 καὶ

2024 2696 2027 2700 ς
2089 2632 2226 2703 πρὸς
2252 2632 2390 2701 αὐτῇ
2420 2629 2704 2700 γενώμεθα
2728 2631 2794 2700 τῇ
2825 2632 3035 2701 κορυφῇ
3057 2647 3072 2660 ο
3102 2632 3213 2693 τοῖς
3246 2630 3353 2702 γὰρ
3378 2633 3462 2700 ἐφ’
3489 2630 3657 2701 ὕψους

2090 2715 2284 2768 ἑστῶσι
2323 2714 2485 2778 πολὺς
2510 2716 2538 2767 ὁ
2567 2713 2783 2785 τρόμος,
2815 2715 2906 2766 καὶ
2937 2714 3033 2784 μία
3066 2714 3224 2784 μόνον
3255 2716 3521 2784 ἀσφάλεια
3551 2718 3660 2769 λεί-

2091 2816 2277 2863 πεται,
2323 2797 2383 2851 τὸ
2424 2797 2499 2868 μὴ
2535 2795 2844 2864 κατακύψαι
2875 2796 3043 2862 κάτω,
3079 2796 3212 2867 μηδὲ
3257 2798 3337 2860 είς
3372 2798 3477 2868 γῆν
3509 2798 3655 2853 ἰδεῖν.

2091 2884 2200 2937 Kal
2236 2882 2344 2953 γὰρ
2383 2880 2614 2952 χαλεπὸς
2645 2878 2890 2932 ἐντεῦθεν
2918 2881 2945 2932 ὁ
2976 2881 3272 2945 σκοτὸδινος
3300 2880 3525 2949 γίνεται.
3558 2883 3659 2936 Διά

2090 2983 2172 3019 τοι
2202 2964 2359 3017 τοῦτο
2403 2963 2640 3033 συνεχῶς
2675 2964 2807 3031 ἡμῖν
2836 2963 2863 3014 6
2893 2963 3180 3036 Προφήτης
3208 2964 3402 3035 ἐπιϐοᾷ
3448 2966 3621 3035 λέγων
3641 2984 3654 2996 ·

2092 3052 2198 3114 Είς
2232 3047 2299 3101 τὸ
2331 3046 2505 3111 τέλος
2543 3044 2629 3114 μὴ
2675 3044 3054 3113 διαφθείρῃςο
3107 3046 3453 3118 ῥᾳθυμοῦσαν
3501 3049 3661 3118 ἡμῶν

2091 3132 2188 3201 τὴν
2218 3130 2392 3200 ψυχὴν
2431 3127 2790 3191 ἀναστέλλων,
2819 3129 2912 3180 καὶ
2960 3128 3255 3199 μέλλουσαν
3299 3130 3659 3205 καταπίπτειν

2092 3212 2299 3283 ἀνέχων
2331 3212 2423 3265 καὶ
2454 3210 2776 3282 διακρατῶν.
2815 3211 2902 3264 Ἐν
2936 3212 3075 3282 ἀρχῇ
3111 3211 3206 3280 μὲν
3239 3211 3348 3285 γὰρ
3367 3214 3428 3265 οὐ
3460 3212 3661 3284 πολλῆς
3700 3277 3715 3281 β

2092 3294 2326 3365 δεόμεθα
2388 3293 2488 3364 τῆς
2532 3291 2946 3364 παρακλήσεως.
2990 3294 3054 3347 Τί
3105 3294 3339 3363 δήποτες
3385 3294 3507 3347 Ὅτι
3555 3298 3665 3360 πᾶς

2094 3378 2395 3449 ἄνθρωπος,
2421 3376 2523 3430 κᾶν
2549 3377 2800 3430 ἁπάντων
2826 3376 3156 3440 νωθέστατος
3179 3372 3234 3450 ᾖ,
3267 3377 3472 3448 μέλλων
3497 3378 3665 3432 ἄπτε-

2096 3461 2219 3513 σθαι
2256 3460 2607 3530 πράγματος,
2656 3459 2853 3531 πολλὴν
2882 3462 2939 3513 ἐν
2983 3462 3093 3520 τοῖς
3124 3459 3425 3530 προοιμίοις
3465 3460 3666 3514 ἐπιδεί-

2096 3558 2284 3596 κνυται
2324 3543 2421 3612 τὴν
2469 3541 2719 3614 σπουδὴν,
2756 3543 2849 3596 καὶ
2883 3543 2981 3613 τῆς
3028 3542 3334 3616 προθυμίας
3379 3541 3664 3613 ἀκμαζού-

2098 3643 2218 3695 σης,
2258 3626 2352 3679 καὶ
2394 3626 2493 3696 τῆς
2531 3626 2807 3697 δυνάμεως
2851 3628 3048 3698 νεαρᾶς
3087 3626 3252 3697 οὐσης
3299 3626 3412 3691 ἔτι,
3467 3626 3665 3698 ῥᾳδίως

2097 3708 2233 3776 πρὸς
2260 3708 2321 3761 :0
2348 3709 2704 3779 προκείμενον
2730 3708 2996 3763 ἐπιϐαίνει
3015 3726 3027 3739 ·
3057 3709 3182 3762 ὅταν
3211 3709 3267 3762 δέ
3296 3711 3358 3762 :0
3381 3710 3542 3762 πλέον
3565 3710 3666 3780 τῆς

2096 3790 2216 3843 ὁδοῦ
2264 3790 2631 3862 προέλθωμεν,
2682 3793 2776 3845 καὶ
2827 3791 3074 3862 μαρανθῇ
3119 3790 3187 3844 τὰ
3230 3792 3329 3861 τῆς
3361 3792 3666 3863 προθυμίας

2098 3874 2249 3946 ἡμῖν,
2279 3878 2346 3928 τὰ
2381 3874 2438 3928 δὲ
2469 3876 2567 3947 τῆς
2605 3876 2889 3947 δυνάμεως
2917 3876 3072 3947 ἡμῶν
3105 3875 3263 3947 λήξῃ,
3301 3876 3582 3947 μέλλωμεν
3609 3880 3667 3932 δέ

2100 3957 2480 4023 καταπίπτειν,
2521 3960 2641 4012 τότε
2672 3961 2801 4031 ἡμῖν
2838 3961 2867 4014 6
2907 3960 3189 4032 προφήτης
3233 3961 3502 4032 εὐκαίρως
3531 3980 3669 4033 παρ-

2103 4042 2355 4109 ίσταται,
2418 4043 2662 4114 καθάπερ
2727 4043 3027 4116 βακτηρίαν
3075 4043 3196 4097 τινὰ
3249 4044 3310 4097 :0
3354 4045 3669 4117 ἐπίφθεγμα

2098 4126 2258 4181 τοῦτο
2295 4123 2524 4199 ὀρέγων,
2566 4129 2660 4182 καὶ
2710 4128 2904 4198 λέγων,
2948 4132 3053 4196 Είς
3096 4130 3163 4184 τὸ
3206 4131 3382 4198 τέλος
3414 4131 3501 4201 μὴ
3541 4132 3667 4185 δια-

2098 4210 2363 4281 9081927:-

2170 4294 2281 4345 Καὶ
2315 4294 2423 4363 γάρ
2450 4291 2479 4343 ὀ
2507 4291 2747 4356 διάϐολος
2779 4296 2901 4348 τότε
2934 4295 3286 4368 σφοδρότερον
3315 4299 3439 4350 πνεῖ
3464 4293 3514 4351 ι.
3561 4299 3671 4353 Καὶ

2101 4376 2352 4446 καθάπερ
2396 4376 2445 4427 οἱ
2491 4376 2589 4444 τὴν
2642 4375 2910 4431 θάλατταν
2947 4377 3196 4442 πλέοντες
3244 4381 3528 4451 πειραταὶ,
3573 4384 3673 4453 οὺχ

2100 4461 2226 4514 ὅταν
2260 4458 2439 4511 ἴδωσιν
2474 4457 2681 4522 ἐξιόντα
2719 4458 2811 4511 τοῦ
2845 4459 3060 4530 λιμένος
3087 4461 3156 4514 τὰ
3196 4462 3371 4527 πλοῖα,
3408 4463 3523 4516 τότε
3555 4465 3672 4517 ἐπιο

2102 4543 2355 4608 τίθενται,
2394 4540 2466 4610 (τί
2496 4541 2603 4612 γάρ
2634 4542 2817 4606 αὐτοῖς
2844 4542 3034 4612 ὄφελος
3040 4592 3063 4617 ρ
3083 4544 3236 4597 κενὸν
3280 4546 3579 4599 καταδῦσαι
3610 4547 3673 4600 :0

2104 4625 2362 4694 σκάφος;)
2392 4623 2503 4676 ἀλλ’
2524 4626 2650 4677 ὅταν
2679 4624 2873 4697 ἐπανίῃ
2900 4626 3079 4697 πλήρη
3116 4627 3206 4680 τὸν
3238 4629 3431 4698 φόρτον
3460 4628 3670 4699 ἔχοντα,

2102 4707 2223 4760 τότε
2266 4707 2444 4759 πᾶσαν
2497 4705 2703 4759 κινοῦσι
2741 4710 3014 4778 μηχανήν·
3044 4707 3185 4762 οὕτω
3228 4710 3320 4762 καὶ
3364 4712 3393 4763 ὁ
3438 4711 3675 4782 πονηρὸς

2102 4790 2305 4861 δαίμων
2340 4791 2561 4852 ἐκεῖνος,
2593 4789 2719 4842 ὅταν
2752 4789 2832 4860 ἴδῃ
2874 4790 3042 4843 πολλὰ
3083 4794 3479 4863 συναγηοχότας
3504 4790 3547 4856 ί,
3577 4811 3674 4864 νη-

2106 4873 2306 4936 στείαν,
2341 4871 2523 4941 εὐχὰς,
2556 4871 2947 4943 ἐλεημοσύνην,
2981 4874 3350 4946 σωφροσύνην,
3382 4875 3479 4947 τὴν
3510 4875 3676 4946 ἀλλην

2105 4956 2320 5010 ἃπασαν
2353 4953 2571 5025 ἀρετὴν,
2602 4955 2728 5007 ὅταν
2760 4955 2843 5027 ἴδῃ
2874 4954 3041 5025 γέμον
3069 4959 3100 5025 ἡ
3111 4956 3225 5026 μῶν
3253 4957 3314 5010 :0
3352 4957 3534 5010 πλοῖον
3565 4957 3676 5009 τῶν

2104 5037 2409 5092 πολυτελῶν
2444 5041 2543 5110 τῆς
2579 5038 2857 5102 εὐσεϐείας
2908 5038 3088 5102 λίθων,
3135 5041 3256 5093 τότε
3312 5040 3675 5113 προσϐάλλει,

2106 5128 2370 5183 πάντοθεν
2419 5128 2711 5200 διορύττων
2761 5129 2851 5182 τὸν
2890 5129 3180 5202 θησαυρὸν,
3208 5130 3348 5184 ὥστε
3382 5132 3511 5204 παρ’
3540 5131 3681 5184 αὐτά

2104 5212 2199 5266 τοῦ
2223 5212 2436 5283 λιμένος
2469 5213 2537 5266 τά
2577 5214 2819 5282 στόματα
2854 5213 3151 5267 καταδῦσαι
3198 5214 3259 5268 :0
3295 5216 3501 5285 σκάφος
3522 5255 3537 5280 ,
3585 5216 3681 5269 καὶ

2174 5385 2197 5412 θ
2222 5380 2452 5449 Erasmus
2473 5381 2653 5449 legi-5g!
2675 5381 2869 5449 videtur
2898 5383 3181 5440 ἑκατέρωθεν
3215 5380 3547 5449 ἀπειλημένην,
3567 5392 3683 5449 γει-ς

2109 5444 2349 5507 mentm.
2374 5440 2661 5507 ρναξεῷἱιίίε
2702 5441 2956 5502 minacem,
2999 5458 3179 5507 nempe
3211 5444 3353 5492 viam.
3390 5440 3491 5491 Sed
3515 5442 3686 5491 nullus

2107 5505 2260 5553 codex
2278 5506 2350 5553 sic
2374 5504 2537 5553 habet;

2174 5565 2193 5603 ἲ
2224 5565 2356 5613 υηιις
2375 5566 2721 5627 ἐπιτεταμένην.

2175 5630 2198 5666 8
2224 5628 2347 5675 Tres
2368 5641 2485 5675 mss.
2508 5624 2608 5675 ἀνω
2632 5629 2838 5676 τέταται.
2862 5626 3000 5677 Unus
3023 5625 3121 5675 ἄνω
3154 5625 3432 5676 τελειοῦται.
3455 5624 3689 5676 Erasmus

2109 5688 2305 5737 videtur
2325 5687 2505 5749 legisse
2526 5691 2734 5737 τέταται.
2762 5690 2860 5737 Sed
2873 5689 2949 5736 ha:
2968 5701 3138 5749 omnes
3165 5690 3405 5739 lectiones
3426 5694 3679 5749 qnam-aut.

2113 5749 2340 5813 qu_a!ii
2376 5746 2749 5813 ἐπισφαλέστερα
2784 5750 2915 5797 ἔσται
2942 5752 3000 5797 τά
3024 5746 3230 5812 βήματα.

2174 5809 2200 5880 ξι
2235 5810 2367 5880 illius
2389 5809 2701 5880 σφοδρότερον
2723 5812 2985 5880 ἐπέρχεται.

2182 5873 2199 5909 ί
2242 5872 2375 5921 [ηαδ
2400 5871 2759 5934 συναγαγο-ηας.
2784 5874 2931 5920 Saiil.
2955 5871 3330 5935 συνηγειοχὸτας.
