3968 6208
279 317 377 372 “3

269 453 397 508 erat,
443 442 806 498 exstinxeris.
841 441 930 496 Hic
953 437 1101 511 igitur
1126 435 1280 492 Ozias
1301 451 1331 490 e
1352 437 1494 504 sirpe
1514 433 1678 488 David
1702 433 1852 488 duxit

267 549 456 605 genus,
502 550 599 589 rex
635 543 822 587 autem
869 541 974 586 erat
1018 529 1361 589 ludat-orum;
1414 527 1652 596 regnavit
1696 526 1851 579 annis

269 627 650 697 quinquaginta
676 624 884 679 duobus
910 641 922 675 :
952 637 1171 690 cumque
1212 619 1361 673 initio
1394 633 1513 672 cum
1550 616 1704 670 laude
1730 631 1852 686 ges-

267 721 417 774 sisset
457 717 824 788 principatum
846 755 861 778 ,
904 724 1013 782 post
1049 714 1098 766 in
1141 722 1411 781 peccatum
1444 710 1716 780 prolapsus
1747 717 1846 763 est.

265 810 389 863 Cum
417 809 562 864 enim
597 807 820 861 altiores
849 806 1058 874 spiritus
1092 803 1396 857 sustulisset
1434 816 1591 871 quam
1637 815 1732 868 pro
1755 814 1847 853 sua

268 899 539 972 dignitate,
566 900 929 970 principatum
960 897 1148 972 invasit
1173 893 1476 948 sacerdotii.

334 990 586 1060 Superbia
611 1006 747 1058 sa’pe
775 1006 838 1043 ea:
856 989 983 1043 bona
1003 986 1302 1040 conscientia
1331 985 1509 1038 oritur.
1531 1013 1602 1023 —-
1620 983 1848 1037 Tantum

267 1090 456 1144 mrlum
482 1092 566 1136 est
598 1082 926 1152 arrogantia,
956 1096 1073 1150 quae
1105 1077 1405 1149 persuadet,
1441 1087 1496 1130 ut
1515 1077 1736 1146 quisque
1758 1090 1845 1129 se-

267 1175 594 1244 metigueret
614 1215 630 1240 ,
673 1183 900 1243 postque
937 1171 1133 1225 multos
1160 1170 1369 1225 labores
1395 1184 1608 1223 omnem
1639 1168 1847 1223 virtutis

268 1272 570 1318 thesaurum
597 1264 862 1318 exhaurit.
912 1262 988 1316 Ac
1025 1271 1217 1316 etetera
1259 1261 1473 1330 quidem
1518 1259 1657 1313 mala
1695 1259 1848 1313 nobis

269 1354 589 1424 negligenter
619 1354 904 1423 agentibus
931 1353 1103 1406 solent
1141 1351 1431 1407 exuberare
1457 1392 1470 1416 ,
1513 1351 1626 1403 haec
1668 1360 1846 1403 autem

267 1446 384 1513 ipsis
424 1453 573 1500 recte
618 1444 774 1499 factis
802 1447 996 1500 nostris
1025 1445 1346 1498 aduascitur.
1380 1443 1519 1497 Nihil
1555 1445 1697 1497 enim
1726 1457 1845 1510 pcr-

266 1538 379 1592 inde
401 1537 570 1608 gignit
612 1536 922 1607 superbiam
952 1579 967 1603 ,
997 1546 1052 1590 ut
1081 1536 1218 1591 bona
1243 1535 1590 1598 conscientia,
1621 1534 1718 1587 nisi
1747 1533 1844 1587 ad-

266 1631 553 1699 vigilemus.
609 1629 761 1686 Unde
786 1639 840 1684 et
864 1629 1107 1684 Christus
1135 1629 1334 1693 sciens,
1355 1627 1498 1696 quod
1521 1637 1638 1698 post
1679 1629 1844 1683 bene-

268 1724 389 1776 facta
436 1737 536 1776 nes
578 1720 664 1776 hic
713 1721 937 1775 morbus
976 1719 1282 1784 adoriatur,
1328 1720 1534 1774 dicebat
1573 1720 1846 1789 discipulis

264 1815 364 1868 suis
391 1832 404 1867 :
436 1814 564 1868 Cum
595 1815 766 1867 omnia
796 1813 1041 1885 feceritis,
1069 1813 1247 1877 dicite,
1277 1812 1421 1866 Servi
1446 1813 1648 1867 inutiles
1671 1829 1844 1867 sumus

266 1905 420 1974 (Luc.
451 1907 540 1960 17.
575 1906 704 1976 10).
736 1905 873 1960 Cum
900 1905 1044 1959 enim
1075 1905 1188 1959 haec
1216 1905 1370 1959 noxia
1401 1904 1566 1960 bestia
1596 1916 1742 1975 parat
1766 1907 1846 1960 iu-

266 1998 444 2052 vadere
470 2012 595 2064 vos,
625 2007 772 2064 tunc,
805 1998 992 2067 inquit,
1022 2012 1117 2067 per
1147 1996 1262 2051 hate
1291 1996 1450 2051 verba
1480 1997 1620 2052 fores
1649 1998 1724 2052 illi
1753 2011 1842 2052 oc-

265 2089 467 2144 cludite.
512 2089 701 2159 Neque
729 2090 864 2143 dixit
893 2107 906 2143 :
938 2089 1070 2144 Cum
1114 2089 1290 2143 omnia
1321 2088 1550 2144 feceritis
1573 2132 1589 2158 ,
1627 2089 1842 2145 inutiles

265 2185 379 2236 estis
404 2183 555 2249 :sed,
581 2183 686 2238 Vos
709 2183 890 2250 dicite,
907 2183 1126 2241 Inutiles
1151 2198 1355 2237 sumus.
1388 2183 1500 2247 Die,
1525 2199 1592 2238 ne
1611 2187 1840 2249 metuas,

265 2290 358 2327 non
388 2290 451 2329 ex
496 2283 597 2328 tuo
639 2274 844 2343 judicio
887 2272 1000 2328 fere
1038 2273 1376 2328 sententiam.
1418 2273 1550 2329 Nam
1596 2276 1640 2329 si
1690 2283 1742 2327 tu
1795 2283 1843 2328 te

264 2369 422 2437 ipsum
446 2367 650 2421 dixeris
681 2366 945 2430 inutilem,
969 2381 1067 2436 ego
1099 2373 1149 2421 te
1171 2366 1419 2421 ututilem
1445 2367 1730 2422 coronabo.
1756 2367 1844 2422 Sic

263 2470 310 2513 et
334 2460 460 2513 alias
482 2458 723 2527 loquitur
755 2475 768 2510 :
801 2457 895 2510 Dic
923 2468 975 2510 tu
995 2459 1132 2527 prior
1160 2467 1362 2526 peccata
1385 2468 1490 2521 tua,
1522 2467 1575 2511 ut
1594 2459 1845 2528 justiﬁce-

263 2552 326 2603 ris
349 2549 508 2619 (Isai.
546 2550 636 2604 45.
669 2549 799 2619 26).
838 2549 895 2602 In
934 2548 1215 2602 mundanis
1244 2548 1504 2618 siquidem
1531 2565 1594 2604 ac
1623 2549 1848 2603 forensi-

263 2643 353 2696 bus
372 2642 594 2710 judiciis
615 2652 736 2712 post
756 2641 1150 2696 accusationem
1176 2651 1229 2696 et
1254 2643 1532 2696 criminum
1558 2639 1848 2695 confessio-

265 2752 376 2790 ncm
412 2745 588 2790 restat
627 2750 779 2789 mors
818 2754 831 2790 :
876 2743 1128 2790 caeterum
1163 2734 1298 2804 apud
1341 2734 1577 2789 divinum
1619 2733 1844 2788 tribunal

265 2840 374 2898 pOst
399 2829 804 2883 accusationem
827 2835 880 2882 et
903 2827 1286 2882 confessionem
1317 2837 1653 2896 peccatorum
1692 2825 1848 2880 datur

263 2936 469 2974 cornua.
506 2919 666 2975 Unde
695 2929 749 2973 et
781 2919 1030 2973 Salomon
1059 2918 1186 2973 dicit
1220 2915 1319 2990 (a)
1348 2932 1360 2971 :
1390 2916 1471 2971 Ne
1486 2917 1848 2988 justi/icaveris

263 3014 462 3081 tcipsum
484 3015 539 3066 in
565 3021 836 3082 conspectu
864 3011 1065 3065 Domini
1093 3011 1110 3080 (
1130 3010 1286 3065 Eccli.
1313 3012 1365 3065 7.
1389 3008 1480 3082 5
1507 3010 1698 3065 Verum
1718 3009 1846 3064 nihil

263 3104 444 3160 horum
475 3104 684 3158 audivit
710 3103 895 3168 Ozias,
925 3104 1017 3158 sed
1049 3103 1202 3157 irruit
1229 3105 1280 3156 in
1311 3105 1564 3171 templum
1587 3144 1600 3167 ,
1651 3110 1711 3156 ut
1752 3103 1846 3156 ad-

263 3199 454 3262 oleret,
495 3214 562 3250 ac
591 3214 658 3251 ne
686 3197 963 3251 sacerdote
988 3196 1198 3265 quidem
1229 3195 1544 3265 prohibente
1573 3195 1844 3250 abstinuit.

263 3289 389 3354 Quid
421 3290 594 3359 igitur
619 3290 801 3343 Deus?
829 3287 1048 3342 Immisit
1077 3289 1149 3342 illi
1181 3289 1378 3358 lepram
1422 3288 1473 3342 in
1503 3287 1676 3343 fronte
1697 3329 1711 3354 ,
1744 3288 1846 3342 liec

265 3382 412 3437 modo
442 3382 816 3452 impudentem
859 3381 1047 3437 faciem
1069 3383 1313 3452 puniens,
1346 3382 1650 3452 decensque
1675 3383 1844 3451 illum,

261 3475 392 3544 quod
421 3475 532 3529 hoc
553 3486 691 3529 esset
727 3475 818 3529 Dei
841 3475 1099 3541 tribunal,
1128 3486 1182 3530 et
1210 3475 1347 3546 quod
1383 3475 1455 3530 illi
1485 3477 1680 3531 bellum
1706 3487 1851 3532 esset

265 3581 362 3620 non
391 3568 658 3622 adversus
688 3566 968 3634 homines,
1006 3566 1099 3622 sed
1134 3568 1388 3621 adversus
1429 3568 1614 3621 Deum.
1661 3571 1737 3623 Ac
1782 3569 1850 3624 de

263 3659 381 3714 Ozia
405 3659 625 3726 quidem
648 3658 924 3712 hactenus.
947 3659 1184 3728 Agedum
1207 3658 1315 3729 jam
1356 3659 1422 3713 ab
1455 3660 1660 3730 integro
1682 3660 1850 3714 histo-

264 3755 388 3806 riam
416 3753 562 3807 hanc
591 3767 983 3822 percurramus.
1029 3752 1163 3807 Nam
1198 3752 1297 3808 hac
1335 3752 1404 3808 de
1441 3769 1599 3808 causa
1645 3764 1697 3808 et
1738 3754 1851 3823 ipse

267 3862 648 3916 praeoccupans
677 3846 994 3916 compendio
1015 3846 1164 3900 vobis
1192 3848 1412 3916 exposui
1445 3863 1562 3917 quae
1589 3846 1729 3902 Oziai
1757 3863 1851 3902 ac-

266 3938 515 3992 cidemnt
544 3939 721 3992 omnia
757 3955 771 3991 :
803 3948 860 3992 ut
901 3953 1020 3992 cum
1059 3937 1330 3992 audieritis
1370 3938 1695 4008 Scripturam
1739 3939 1854 3993 liu-c

266 4029 454 4082 eadem
482 4040 786 4084 narrantem
805 4071 820 4092 ,
854 4045 1032 4084 rerum
1058 4030 1250 4084 seriem
1278 4044 1488 4085 summo
1533 4046 1653 4085 cum
1689 4031 1854 4086 animi

269 4124 446 4178 studio
468 4123 867 4178 consectemini.
905 4122 1008 4178 Sed
1045 4124 1322 4177 attendite.
1361 4123 1423 4176 Et
1464 4123 1611 4193 fecit,
1647 4126 1851 4192 inquit,

272 4216 426 4270 Ozias
455 4217 586 4287 quod
614 4228 804 4270 rectum
835 4227 906 4271 est
931 4219 980 4271 in
1013 4229 1278 4287 conspectu
1320 4217 1520 4270 Domini
1549 4219 1566 4287 (
1583 4217 1636 4270 2.
1674 4216 1851 4271 I’aral.

271 4308 362 4364 26.
394 4309 484 4378 4).
512 4309 622 4362 Hoc
645 4309 946 4363 testimonio
978 4309 1379 4378 magnamillius
1405 4314 1649 4362 virtutem
1681 4309 1856 4363 deela-

280 4400 437 4453 ravit.
464 4399 575 4453 Non
603 4401 750 4455 enim
775 4399 934 4454 modo
961 4399 1086 4454 fecit
1115 4401 1253 4470 quod
1282 4409 1484 4454 rectum
1511 4410 1646 4466 erat,
1673 4417 1855 4455 verum

277 4491 440 4544 etiam
469 4491 588 4545 fecit
619 4492 669 4544 in
697 4500 987 4560 conspectu
1017 4491 1262 4557 Domini,
1309 4506 1413 4544 non
1437 4492 1576 4562 apud
1611 4491 1858 4548 homines

280 4594 341 4635 se
369 4591 642 4637 ostentans
662 4623 677 4647 ,
724 4582 1170 4651 quemadmodum
1197 4583 1334 4652 apud
1363 4582 1576 4638 Judzeos
1597 4583 1858 4640 faciebant

282 4672 382 4738 illi,
412 4674 642 4742 quiante
672 4673 1068 4744 eleemosynam
1100 4673 1224 4728 tuba
1253 4675 1532 4742 canebant,
1564 4685 1619 4730 et
1647 4676 1698 4730 in
1718 4675 1858 4746 jeju-

286 4766 390 4819 niis
420 4763 573 4820 facies
608 4781 732 4820 suas
761 4766 1186 4820 exterminabant
1211 4807 1224 4833 ,
1271 4767 1359 4836 qui
1406 4767 1756 4836 precabantur
1805 4768 1859 4822 in

287 4858 564 4927 compitis;
597 4858 788 4927 quibus
829 4858 989 4912 rebus
1032 4857 1157 4927 quid
1201 4867 1373 4927 potest
1410 4873 1531 4913 esse
1574 4859 1858 4925 miserius,

292 4949 378 5002 ubi
423 4957 538 5018 post
581 4949 835 5003 toleratos
880 4949 1124 5017 labores,
1179 4950 1320 5004 omni
1369 4951 1588 5019 prazmio
1635 4950 1860 5006 frustra-

299 5044 520 5098 bantur?

359 5135 411 5188 2.
431 5134 563 5203 Quid
587 5135 736 5202 facis,
767 5134 960 5188 homo?
986 5135 1071 5190 alii
1106 5137 1402 5192 redditurus
1426 5151 1484 5192 es
1507 5129 1761 5193 rationem
1789 5137 1868 5193 fa-

300 5235 488 5282 ctorum
535 5237 784 5293 tuorum,
813 5237 868 5282 et
896 5230 1058 5283 alium
1091 5239 1276 5284 testem
1332 5231 1467 5286 citas
1507 5247 1692 5286 eorum
1745 5250 1866 5302 qum

303 5317 454 5373 facis?
474 5320 632 5374 alium
659 5318 827 5374 habes
852 5319 1105 5388 judicem,
1136 5329 1191 5375 et
1218 5322 1380 5376 alium
1408 5322 1628 5377 adhibes
1651 5333 1864 5392 specta-

304 5412 496 5465 torem?
530 5409 646 5466 Non
684 5409 835 5464 vides
864 5412 1073 5480 aurigas
1120 5412 1210 5482 qui
1253 5413 1500 5468 universa
1548 5415 1763 5470 civitate
1813 5415 1865 5469 in

305 5502 498 5558 sublimi
546 5503 773 5558 sedente
803 5503 856 5557 in
904 5504 1241 5573 equestribus
1282 5505 1458 5570 ludis,
1501 5517 1666 5559 totum
1712 5507 1868 5561 stadii

303 5596 516 5666 spatium
545 5603 923 5668 percurrentes
943 5635 958 5660 ,
993 5595 1064 5651 ibi
1095 5595 1417 5651 contendunt
1441 5607 1868 5654 concertatorum

364 5733 428 5794 (a)
455 5733 555 5782 Non
582 5748 694 5782 raro
717 5734 946 5801 Siracidis
973 5734 1146 5785 librum
1187 5736 1459 5786 Salomonis
1498 5737 1616 5786 dicit
1651 5737 1857 5800 Chryse-

307 5800 492 5856 stemus,
521 5803 576 5844 ut
600 5797 793 5843 monuit
820 5797 1046 5844 Savilius.

1261 319 1324 374 IN
1365 318 1587 383 ILLUD,
1635 315 1765 370 VIDI
1808 318 2139 389 DOMlNUM,
2182 321 2409 379 HOMIL.
2452 324 2538 381 Ill.

3444 330 3546 384 1H

1959 450 2150 491 currus
2196 437 2526 508 subvertere,
2556 440 2644 494 ubi
2675 441 3054 511 Imperatorem
3091 444 3323 501 viderint
3348 444 3541 501 seden-

1961 536 2068 581 tem
2093 567 2113 595 ,
2144 537 2198 583 et
2226 529 2365 585 inter
2411 540 2488 585 tot
2532 534 2883 602 spectantium
2922 535 3100 590 vultus
3145 552 3307 590 unum
3337 537 3549 591 oculum

1959 633 2144 690 putant
2172 624 2274 679 fide
2295 625 2614 694 digniorem?
2636 628 2706 681 At
2732 637 2786 681 tu
2809 643 2930 682 cum
2959 627 3140 684 videas
3189 630 3358 699 ipsum
3391 645 3560 699 auges

1955 713 2127 768 lorum
2158 715 2355 784 Regem
2383 726 2472 770 tuo
2496 718 2672 771 cursui
2699 717 3076 788 agonothetam
3097 761 3112 785 ,
3141 719 3242 774 hoc
3265 729 3346 774 est
3369 729 3548 774 certa-

1956 806 2116 860 minis
2137 807 2402 875 judicem,
2436 809 2722 877 praesidere
2749 849 2766 874 ,
2798 825 2864 864 eo
2891 811 3256 881 praetermisso
3309 809 3375 862 ad
3409 825 3542 864 eon-

1955 911 2230 951 servorum
2282 897 2418 968 fugis
2447 899 2669 952 oculos?
2696 901 2870 968 Atque
2911 899 3032 955 ideo
3073 913 3201 955 sane
3240 911 3361 969 post
3386 900 3547 954 innu—

1955 1002 2130 1041 meras
2171 987 2339 1041 luctas
2386 989 2729 1043 incoronatus
2759 990 2992 1055 recedis,
3019 999 3139 1059 post
3165 990 3388 1044 sudores
3417 990 3537 1060 plu-

1952 1080 2118 1133 rimus
2147 1079 2347 1148 absque
2377 1081 2610 1148 praemiis
2631 1081 2778 1134 venis
2803 1081 2867 1134 ad
2898 1081 3277 1150 agonothctam
3295 1083 3318 1134 ἶ)
3338 1084 3407 1135 At
3433 1098 3540 1134 non

1955 1169 2076 1223 talis
2117 1179 2232 1224 erat
2281 1171 2471 1234 Ozias,
2516 1170 2609 1225 sed
2656 1170 2709 1224 in
2737 1183 3022 1242 conspectu
3055 1173 3262 1226 Domini
3314 1171 3545 1228 faciebat

1951 1261 2092 1331 quod
2127 1271 2330 1315 rectum
2359 1273 2460 1316 est.

2023 1350 2301 1422 Fragililas
2353 1352 2590 1406 hominis.
2651 1352 2961 1407 Funambuli
3016 1363 3239 1426 tempore
3309 1355 3534 1428 Chryso-

1951 1443 2118 1497 ttomi.
2148 1473 2217 1481 —
2241 1443 2338 1508 Qui
2372 1442 2568 1497 factum
2611 1454 2692 1498 est
2741 1445 2917 1514 igitur,
2954 1453 3010 1498 ut
3066 1455 3185 1516 post
3225 1446 3387 1501 vitam
3431 1456 3540 1502 tam

1951 1536 2243 1604 perfectam
2295 1536 2664 1605 supplantatus
2707 1538 2775 1591 sit
2819 1536 3410 1608 concideritque‘iNam
3438 1537 3541 1593 hec

1950 1637 2002 1683 et
2047 1628 2158 1696 ipse
2188 1626 2453 1682 demirans
2485 1629 2700 1696 luesito,
2729 1631 2854 1700 quin
2901 1632 3079 1699 potius
3123 1630 3253 1685 nihil
3307 1631 3392 1686 hic
3414 1645 3536 1688 esse

1950 1721 2108 1777 debet
2135 1721 2466 1776 hmsitatione
2482 1721 2721 1792 dignum,
2748 1722 3180 1793 quandoquidem
3207 1721 3368 1778 homo
3394 1733 3534 1789 erat,

1948 1827 2036 1867 res
2061 1812 2127 1867 ad
2154 1814 2478 1882 peccandum
2526 1814 2759 1881 lubrica,
2784 1825 2837 1869 et
2871 1814 2938 1868 ad
2967 1815 3218 1868 malitiam
3247 1830 3533 1884 propensa.

1947 1905 2135 1976 Neque
2163 1906 2213 1960 id
2237 1907 2410 1960 Solum
2440 1916 2522 1961 est
2547 1907 2762 1962 difficile
2782 1949 2796 1972 ,
2821 1923 3006 1962 verum
3033 1908 3192 1960 etiam
3222 1908 3346 1962 illud
3392 1908 3534 1978 quod

1950 1998 2349 2067 incederejussi
2378 2013 2560 2052 sumus
2585 2014 2679 2067 per
2695 1999 2833 2051 viam
2863 2009 3163 2067 angustam,
3197 2007 3252 2052 et
3277 1999 3530 2068 utrinque

1948 2088 2259 2159 praecipiliis
2283 2089 2638 2142 terminatam.
2673 2087 2904 2142 Proinde
2930 2088 3218 2157 quotieset
3249 2088 3536 2144 voluntatis

1948 2180 2173 2236 facilitas
2202 2191 2256 2236 et
2293 2179 2388 2234 via:
2432 2180 2716 2236 difficultas
2764 2182 2812 2233 in
2841 2197 3002 2234 unum
3025 2188 3254 2245 coeunt,
3287 2196 3355 2235 ne
3381 2190 3529 2250 post-

1947 2290 2010 2332 ea
2052 2279 2250 2330 mirare
2291 2274 2358 2329 de
2403 2273 2574 2344 lapsu.
2635 2274 3095 2342 Quemadmodum
3133 2275 3276 2329 enim
3317 2275 3370 2350 in
3413 2289 3532 2344 spe-

1949 2367 2169 2423 ctaculis
2214 2366 2305 2436 qui
2357 2381 2451 2437 per
2493 2366 2670 2420 funem
2728 2365 2796 2420 ab
2846 2367 2951 2420 imo
3003 2367 3054 2420 in
3094 2367 3262 2420 altum
3322 2375 3531 2420 tensum

1949 2459 2239 2514 ascendere
2264 2474 2326 2513 ac
2345 2458 2672 2513 descendere
2688 2458 3029 2525 meditantur,
3059 2459 3102 2512 si
3136 2458 3406 2528 paululum
3434 2460 3528 2514 de-

1949 2550 2192 2607 ﬂexerth
2219 2550 2401 2606 oculos
2426 2590 2441 2616 ,
2470 2551 2680 2605 inverso
2722 2564 2949 2621 cei-pere
2985 2550 3296 2606 deferuntur
3346 2550 3398 2605 in
3436 2566 3531 2604 or-

1951 2647 2242 2710 chestram.
2273 2654 2599 2716 pereuntque
2631 2663 2645 2700 :
2674 2645 2857 2700 itidem
2887 2646 2978 2716 qui
3005 2660 3100 2715 per
3123 2646 3260 2701 hanc
3284 2644 3537 2700 incedunt

1951 2739 2091 2792 viam
2119 2779 2134 2805 ,
2166 2738 2211 2793 si
2241 2738 2328 2794 vel
2365 2738 2633 2809 paululum
2679 2738 2913 2808 segniter
2937 2739 3163 2808 egerint,
3193 2738 3536 2809 praecipitau-

1954 2839 2058 2884 tur.
2092 2831 2157 2884 Et
2195 2838 2370 2884 tamen
2396 2829 2510 2884 btet:
2538 2830 2622 2883 via
2652 2837 2763 2884 tum
2789 2827 3064 2899 angustior
3090 2837 3191 2893 est,
3224 2839 3334 2883 tum
3363 2829 3536 2899 magis

1952 2918 2117 2974 ardua
2140 2963 2153 2985 ,
2185 2920 2458 2990 multoque
2485 2919 2769 2985 excelsior,
2792 2935 2949 2989 quam
2994 2919 3080 2973 illa
3112 2934 3207 2987 per
3237 2919 3412 2974 funem
3431 2959 3447 2985 ,
3479 2929 3538 2973 ut

1953 3028 2071 3082 quae
2091 3027 2303 3090 sursum
2331 3012 2397 3066 ad
2430 3013 2598 3082 ipsum
2623 3026 2791 3081 usque
2815 3011 3002 3066 caelum
3033 3020 3281 3080 protensa
3308 3019 3392 3065 est
3421 3027 3435 3063 :
3467 3026 3533 3066 ac

1954 3115 2065 3160 tum
2093 3099 2266 3160 nobis
2309 3109 2512 3173 majore
2542 3120 2664 3159 cum
2695 3105 2932 3174 periculo
2974 3115 3246 3175 ponuntur
3268 3103 3488 3174 vestigia
3514 3143 3532 3170 ,

1953 3214 2075 3253 cum
2104 3199 2168 3252 ad
2193 3213 2457 3253 summum
2489 3207 2542 3252 et
2570 3197 2634 3252 ad
2668 3199 2836 3268 ipsum
2868 3213 3037 3268 usque
3063 3197 3328 3268 fastigium
3356 3212 3540 3253 acces-

1953 3292 2183 3345 serimus
2217 3307 2229 3342 :
2262 3306 2386 3344 nam
2412 3290 2463 3343 iu
2495 3289 2704 3343 sublimi
2730 3298 2933 3344 stantes
2961 3291 3157 3344 multus
3177 3299 3402 3359 occupat
3432 3297 3540 3344 tre-

1954 3397 2092 3448 mor,
2122 3391 2280 3451 atque
2305 3396 2406 3435 una
2438 3389 2639 3434 tantum
2661 3380 2906 3435 cautione
2934 3381 3028 3434 tuti
3054 3388 3174 3436 sunt
3202 3394 3232 3433 a
3258 3380 3404 3450 lapsu
3425 3419 3442 3446 ,
3471 3395 3540 3435 ne

1954 3474 2203 3528 deorsum
2235 3475 2526 3543 aspiciant,
2557 3489 2690 3530 neve
2720 3475 2771 3528 in
2795 3484 2991 3529 terram
3029 3474 3308 3529 demittant
3330 3473 3537 3530 oculos.

1955 3567 2084 3622 Nam
2118 3566 2238 3621 inde
2282 3566 2442 3620 multa
2485 3577 2534 3621 et
2582 3567 2759 3637 gravis
2784 3567 3022 3622 exoritur
3061 3565 3394 3650 tenebricosa
3420 3580 3544 3620 ver-

1956 3659 2083 3726 tigo.
2118 3657 2264 3711 lianc
2284 3657 2499 3727 quidem
2526 3658 2594 3712 ob
2623 3673 2837 3712 causam
2870 3657 3126 3727 propheta
3154 3655 3305 3711 nobis
3328 3655 3544 3712 assidue

1958 3749 2245 3816 inclamat,
2274 3749 2499 3803 dicens:
2532 3747 2595 3802 In
2624 3750 2778 3817 ﬁnem
2817 3766 2879 3802 ne
2910 3765 3204 3817 corrumpas
3237 3747 3410 3818 (Psal.
3442 3748 3536 3803 56.

1959 3839 2013 3911 1)
2048 3859 2061 3895 ;
2091 3841 2282 3894 animae
2303 3851 2500 3895 nostra:
2524 3841 2824 3895 socordiam
2853 3840 3153 3906 retrahens,
3179 3840 3398 3910 jamque
3425 3839 3538 3894 col-

1960 3935 2228 4002 lapsuram
2272 3931 2578 3986 suﬂ'ulciens
2608 3947 2670 3986 ac
2701 3934 2957 3986 retinens.
2995 3932 3146 3985 Initio
3172 3931 3385 4000 quidem
3433 3947 3542 3985 non

1959 4041 2180 4098 egemus
2232 4027 2396 4079 multa
2437 4027 2828 4080 exhortatione.
2881 4023 3019 4092 Quid
3059 4025 3131 4078 ita
3176 4021 3422 4077 tandem?
3465 4023 3548 4076 Eo

1960 4115 2102 4187 quod
2147 4115 2370 4186 quilibet
2394 4116 2573 4178 homo,
2598 4114 2804 4168 etiamsi
2850 4115 3005 4168 fuerit
3045 4113 3282 4166 omnium
3317 4112 3543 4180 pigerri-

1961 4223 2099 4274 mus,
2127 4219 2474 4278 aggressurus
2518 4205 2785 4275 negotium
2812 4245 2826 4269 ,
2861 4204 3140 4273 plurimam
3185 4203 3237 4256 in
3283 4203 3548 4271 principio

1963 4299 2181 4354 adhibet
2228 4297 2556 4366 diligentiam
2585 4338 2598 4361 ,
2628 4294 2863 4365 dumque
2892 4304 2947 4349 et
2987 4293 3153 4348 animi
3178 4295 3319 4363 viget
3348 4293 3546 4346 alacri-

1965 4402 2077 4456 tas,
2102 4399 2156 4446 et
2183 4390 2324 4445 vires
2373 4390 2588 4460 integra:
2617 4397 2738 4443 sunt
2785 4403 2846 4442 ac
2872 4396 3140 4451 recentes,
3174 4386 3325 4440 facile
3368 4385 3436 4439 ad
3491 4386 3548 4440 id

1963 4483 2103 4554 quod
2152 4483 2479 4553 propositum
2508 4492 2588 4536 est
2632 4481 2884 4551 pertingit
2913 4500 2926 4536 :
2959 4491 3209 4536 caeterum
3243 4479 3333 4534 ubi
3374 4481 3548 4548 major

1967 4578 2064 4631 viae
2089 4591 2208 4647 pars
2236 4575 2388 4631 nobis
2428 4586 2637 4646 peracta
2665 4584 2748 4629 est
2770 4617 2785 4640 ,
2826 4575 3044 4644 jamque
3084 4573 3372 4628 alacritatis
3395 4574 3548 4642 vigor

1965 4668 2242 4734 emarcuit,
2273 4673 2516 4737 viresque
2544 4674 2744 4722 nostra:
2766 4664 3110 4731 defecerunt,
3143 4679 3242 4719 nec
3286 4663 3428 4718 aliud
3455 4679 3552 4718 su-

1967 4771 2146 4828 pereSt
2183 4774 2340 4829 quam
2394 4766 2453 4813 ut
2505 4757 2849 4812 decidamus:
2883 4767 3008 4810 tunc
3051 4755 3204 4808 nobis
3252 4765 3553 4823 opportune

1967 4850 2118 4904 adest
2139 4849 2419 4919 propheta,
2450 4849 2611 4902 veluti
2643 4863 2737 4916 pro
2767 4847 2958 4900 baculo
2983 4845 3231 4916 quopiam
3259 4845 3551 4915 alloquium

1969 4955 2124 4995 suum
2181 4940 2334 4995 nobis
2375 4941 2652 5010 porrigens
2679 4953 2742 4992 ac
2784 4938 2999 5002 dicens,
3034 4935 3101 4991 In
3138 4937 3290 5006 ﬁnem
3331 4953 3392 4991 ne
3433 4953 3555 4992 cor-

1969 5049 2198 5102 rumpas.

2043 5123 2198 5176 Bonis
2226 5122 2459 5193 operibus
2493 5123 2759 5176 instructos
2785 5122 2946 5192 magis
2979 5121 3272 5193 aggreditur
3296 5119 3555 5176 diabolus.

1973 5216 2204 5269 —Tunc
2232 5214 2375 5269 enim
2401 5214 2640 5268 diabolus
2660 5214 2824 5283 spirat
2854 5213 3222 5269 vehementius
3249 5232 3261 5268 :
3290 5223 3344 5268 et
3365 5227 3556 5281 quem-

1973 5307 2256 5363 admodum
2285 5307 2469 5376 piratte
2494 5309 2584 5376 qui
2614 5306 2751 5361 male
2772 5307 2994 5377 navigiis
3024 5307 3294 5368 infestant,
3314 5320 3418 5358 non
3448 5315 3557 5359 tum

1973 5400 2063 5455 ubi
2084 5401 2456 5469 conspexerint
2485 5415 2647 5455 naves
2693 5417 2722 5456 e
2768 5411 2920 5471 portu
2949 5409 3240 5466 exeuntes,
3281 5396 3556 5467 invadunt,

1977 5492 2125 5562 (quid
2150 5492 2290 5545 enim
2336 5492 2457 5546 hinc
2487 5492 2686 5547 fructus
2714 5502 2966 5561 eapercnt
2994 5493 3036 5546 si
3067 5489 3316 5560 scapham
3346 5488 3556 5545 inanem

1975 5584 2408 5655 demergerent?)
2444 5586 2536 5641 sed
2584 5588 2668 5642 ubi
2702 5587 2917 5641 redierit
2945 5595 3131 5639 onusta
3159 5584 3421 5654 plenaque
3449 5601 3540 5640 sar

1977 5676 2111 5730 cinis
2135 5716 2149 5738 ,
2181 5684 2288 5730 tum
2318 5679 2532 5732 demum
2578 5693 2762 5731 omnes
2805 5674 3093 5744 expediunt
3135 5683 3314 5728 artes:
3340 5673 3411 5729 ita
3443 5691 3553 5734 sce-

1981 5767 2175 5822 leratus
2216 5767 2302 5822 ille
2346 5768 2553 5824 daemon
2597 5767 2754 5823 simul
2803 5775 2958 5834 atque
2990 5763 3131 5819 videt
3161 5763 3364 5834 aliquos
3388 5767 3554 5822 multa
