3968 6208
411 353 508 406 IIS

405 467 685 538 collegisse
705 508 720 533 ,
755 464 1002 522 videlicet
1025 466 1224 538 jejunia
1244 507 1259 535 ,
1291 479 1478 536 preces
1507 504 1522 531 ,
1549 463 1941 530 elcemosynam
1967 495 1982 518 ,

403 559 720 624 castitatem,
748 559 1082 630 reliquasque
1112 559 1335 615 virtutes
1360 572 1580 622 omnes,
1609 555 1694 611 ubi
1726 553 1868 608 videt
1894 565 1987 604 na-

407 649 604 718 vigium
652 658 893 705 nostrum
923 651 1138 720 plenum
1171 649 1419 720 pretiosis
1450 647 1659 720 pietatis
1702 642 1986 714 lapidibus,

409 749 536 793 tunc
579 737 864 809 irrumpit,
892 739 1124 810 undique
1155 739 1463 796 thesaurum
1493 736 1824 809 perfodiens,
1855 743 1911 788 ut
1939 733 1988 786 in

407 827 536 898 ipsis
571 841 756 900 portus
783 831 935 886 ostiis
956 831 1208 901 scapham
1230 831 1536 900 demergat,
1569 829 1790 900 jamque
1817 823 1990 881 nudos

407 934 506 975 nos
532 921 602 976 ad
645 936 768 977 eum
797 931 1006 992 portum
1034 923 1211 994 ejiciat
1243 941 1257 978 :
1286 922 1514 994 ideoque
1559 919 1818 991 propheta
1855 932 1990 972 cun-

411 1021 526 1066 ctos
576 1010 827 1068 admonet
866 1012 1051 1068 dicens
1083 1031 1096 1067 :
1129 1013 1195 1068 In
1238 1015 1391 1084 ﬁnem
1429 1029 1492 1068 ne
1535 1011 1849 1079 corrumpas.
1896 1007 1993 1061 Et-

407 1105 552 1161 enim
567 1105 636 1160 ab
659 1105 919 1176 ejusmodi
944 1107 1095 1162 ruina
1118 1123 1222 1164 non
1248 1108 1402 1164 facile
1427 1115 1508 1162 est
1531 1118 1830 1176 resurgere.
1861 1101 1993 1157 Nam

411 1195 513 1262 Qui
535 1196 588 1250 in
627 1198 940 1268 profundum
972 1199 1222 1254 mulorum
1261 1199 1484 1264 venerit,
1515 1197 1782 1253 contemnit
1811 1193 1994 1265 (Prov.

411 1289 501 1344 18.
551 1289 629 1351 5).
682 1289 738 1344 In
779 1291 1040 1360 principio
1087 1291 1302 1361 quidem
1351 1290 1514 1361 lapsis
1559 1289 1767 1344 veniam
1805 1286 1996 1342 damus

409 1395 598 1436 omnes
627 1380 698 1437 ob
723 1381 1074 1450 imperitiam;
1105 1383 1198 1438 sed
1231 1398 1351 1438 eum
1388 1383 1476 1452 qui
1507 1390 1628 1452 post
1655 1381 1853 1436 multos
1877 1393 1997 1434 cur-

417 1488 508 1528 sus
536 1473 854 1540 conciderit,
884 1490 1042 1530 nemo
1073 1475 1224 1530 venia
1268 1474 1483 1544 dignum
1510 1471 1858 1543 judicaverit;
1887 1478 1997 1525 tum

413 1565 557 1619 enim
584 1563 779 1619 cadere
797 1607 811 1631 ,
843 1565 1176 1636 negligentiae
1208 1565 1476 1620 tribuitur.
1497 1563 1608 1618 Nec
1633 1562 1686 1617 id
1710 1562 1882 1617 solum
1912 1558 1999 1614 hic

415 1662 500 1709 est
523 1653 670 1719 mali,
703 1669 886 1708 verum
909 1656 1068 1709 etiam
1094 1654 1236 1725 quod
1281 1654 1582 1726 hujusmodi
1612 1654 1790 1724 lapsus
1817 1651 2000 1706 multis

414 1746 520 1800 sint
541 1745 885 1814 oﬁ‘endiculo,
905 1758 964 1803 ut
989 1763 1173 1803 rursus
1197 1747 1299 1804 hoc
1327 1764 1539 1819 quoque
1564 1747 1780 1802 nomine
1806 1759 1998 1816 pecca-

418 1847 530 1892 tum
576 1838 829 1894 reddatur
855 1839 1242 1896 irremissibile.
1281 1841 1404 1896 llaec
1440 1855 1564 1896 cum
1589 1839 1854 1899 sciamus,
1901 1851 1999 1891 au-

417 1929 708 1989 scultemus
755 1931 1028 2000 prophetae
1053 1971 1066 1994 ,
1095 1941 1150 1987 et
1177 1932 1228 1986 in
1261 1929 1420 1986 ﬁnem
1461 1946 1531 1987 ne
1572 1943 2008 1999 corrumpamus.

417 2021 548 2077 Nam
577 2022 676 2078 hac
699 2024 766 2079 de
785 2039 945 2079 causa
977 2033 1030 2080 et
1056 2025 1300 2082 Ezechiel
1322 2027 1519 2080 clamat
1539 2025 1722 2080 dicens
1755 2043 1769 2078 :
1804 2023 1866 2078 Si
1891 2023 2004 2094 quis

419 2114 568 2182 frierit
587 2114 775 2187 justus,
804 2115 987 2170 deinde
1009 2116 1182 2188 lapsus
1211 2117 1522 2188 peccaverit,
1553 2116 1698 2170 nulla
1727 2114 1817 2170 erit
1839 2129 2006 2168 recor-

421 2205 560 2260 datio
597 2206 916 2276 justitiarum
958 2207 1106 2274 eius,
1157 2208 1247 2263 sed
1288 2208 1341 2262 in
1385 2217 1585 2276 peccato
1635 2223 1726 2261 suo
1763 2207 2006 2260 morietur

425 2294 633 2365 (Ezech.
685 2298 739 2353 '5.
785 2297 899 2369 20).
930 2297 1062 2353 Nam
1105 2309 1159 2354 et
1198 2298 1284 2353 hic
1329 2300 1520 2354 metuit
1546 2298 1613 2353 de
1652 2298 1779 2352 ﬁne.
1823 2295 2005 2365 Neque

427 2387 550 2442 hinc
583 2387 777 2454 modo,
809 2404 996 2444 verum
1052 2389 1213 2444 etiam
1259 2404 1326 2443 ex
1354 2388 1638 2444 contrariis
1679 2387 1913 2442 declarat
1952 2385 2004 2438 in

425 2476 525 2532 hac
562 2493 622 2534 re
648 2477 938 2547 plurimum
965 2493 1086 2534 esse
1112 2479 1388 2534 momenti.
1418 2478 1481 2533 Si
1497 2479 1609 2547 quis
1627 2520 1642 2545 ,
1668 2476 1868 2546 inquit,
1897 2479 2009 2546 fue-

425 2568 490 2620 rit
532 2577 780 2637 peccator,
811 2585 873 2622 ac
913 2580 1088 2640 postea
1129 2577 1350 2623 mutatus
1402 2569 1567 2637 [actus
1610 2568 1760 2640 fuerit
1790 2568 1962 2638 justus
1988 2607 2004 2633 ,

426 2659 567 2713 nulla
595 2660 686 2714 erit
709 2663 948 2716 memoria
977 2661 1341 2733 iujustitiarum
1359 2660 1798 2732 illius:injustitia
1821 2676 1913 2714 sua
1930 2660 2008 2713 vi-

427 2764 502 2807 vet
524 2751 733 2822 (Ezeclt.
754 2753 842 2809 18.
857 2753 1138 2823 21).Vides
1153 2763 1206 2810 et
1229 2754 1311 2810 hic
1329 2753 1640 2824 prophetam
1656 2754 1723 2810 de
1736 2756 1838 2810 ﬁne
1853 2753 2012 2810 vehe—

428 2855 636 2901 menter
678 2846 984 2901 sollicitum.
1013 2846 1286 2917 Siquidem
1329 2857 1386 2902 ut
1430 2863 1604 2917 neque
1635 2848 1858 2918 justitize
1899 2860 2010 2900 sure

429 2936 703 2992 conlidens
726 2936 931 3006 justus,
954 2936 1020 2991 ad
1059 2937 1357 2993 socordiam
1387 2952 1570 2992 versus
1599 2947 1798 3006 pereat,
1827 2951 1922 3007 per
1947 2937 2010 2990 ﬁ-

431 3045 549 3084 nem
577 3031 765 3086 incutit
792 3030 865 3084 illi
896 3039 1156 3086 terrorem
1189 3047 1201 3082 :
1237 3045 1410 3101 neque
1439 3039 1689 3102 peccator
1721 3030 1791 3085 ob
1819 3029 2012 3085 delicta

428 3121 767 3191 despondens
808 3121 1042 3176 animum
1067 3163 1082 3186 ,
1132 3122 1329 3192 jugiter
1372 3130 1675 3192 perseveret
1722 3122 1775 3176 in
1821 3121 2010 3192 lapsu,

428 3213 586 3282 erigit
614 3213 763 3268 illum
805 3229 902 3284 per
931 3213 1259 3284 propositum
1290 3215 1470 3268 linem.
1503 3213 1739 3268 Peccasti
1759 3255 1773 3278 ,
1805 3213 2008 3282 inquit,

431 3305 617 3372 multa,
647 3320 713 3360 ne
737 3304 988 3375 deSperes
1011 3323 1026 3361 :
1049 3316 1132 3362 est
1159 3307 1301 3362 enim
1329 3306 1470 3363 unde
1497 3322 1762 3378 resurgas,
1783 3307 1826 3362 si
1855 3308 2014 3362 linem

432 3396 583 3451 initio
630 3397 958 3453 contrarium
1011 3397 1340 3454 exhibueris.
1386 3397 1596 3454 Rursus
1641 3398 1710 3453 ad
1758 3397 1960 3467 justum
1995 3438 2010 3462 ,

432 3488 616 3553 Multa,
651 3489 858 3559 inquit,
888 3497 1035 3545 recte
1065 3488 1234 3544 fecisti
1259 3530 1274 3554 ,
1305 3505 1489 3546 verum
1517 3505 1584 3546 ne
1611 3489 1780 3545 ﬁdas:
1806 3491 2014 3544 contin-

431 3589 523 3652 get
539 3583 682 3637 enim
714 3590 771 3637 ut
793 3582 984 3648 cadas,
1013 3583 1118 3638 nisi
1147 3583 1214 3638 ad
1251 3584 1411 3638 ﬁnem
1441 3599 1610 3654 usque
1639 3582 1886 3640 eamdem
1923 3583 2016 3636 ad-

438 3673 621 3729 hibeas
645 3688 848 3729 curam.
883 3674 1042 3731 Vides
1085 3683 1142 3730 ut
1180 3675 1401 3732 alterius
1429 3676 1644 3746 quidem
1671 3675 1970 3733 socordiam
1997 3717 2014 3743 ,

434 3763 654 3820 alterius
681 3779 811 3820 vero
837 3765 1267 3836 desperationem
1289 3767 1587 3822 sustulerit.

507 3856 561 3912 3.
600 3855 744 3912 Nihil
783 3857 972 3913 horum
1014 3858 1218 3914 audivit
1257 3859 1431 3922 Ozias,
1461 3859 1687 3930 ideoque
1729 3874 1823 3929 per
1851 3858 2020 3914 conﬁ-

437 3947 674 4002 dentiam
701 3948 901 4003 decidit
928 3950 1078 4004 ruina
1107 3951 1404 4020 periculosa
1430 3959 1482 4006 et
1504 3951 1802 4008 insanabili.
1832 3951 2017 4022 Neque

431 4039 582 4094 enim
605 4039 778 4112 quivis
804 4041 984 4112 lapsus
1006 4056 1186 4113 parem
1211 4043 1384 4098 adfert
1409 4045 1635 4110 ruinam,
1655 4043 1749 4099 sed
1775 4044 2017 4114 qumdam

436 4141 654 4203 peccata
701 4132 1076 4204 improbationi
1108 4123 1311 4190 tantum
1341 4135 1569 4192 obnoxia
1597 4145 1739 4203 sunt,
1772 4135 2017 4207 quaedam

430 4224 748 4294 gravissimo
768 4225 1028 4295 supplicio
1050 4220 1358 4296 puniuntur.
1381 4227 1610 4284 Proinde
1630 4227 1825 4283 Paulus
1849 4228 2022 4284 incre-

435 4330 568 4384 pans
596 4330 690 4371 eos
717 4316 807 4386 qui
835 4319 885 4370 in
912 4319 1286 4374 communibus
1314 4319 1484 4374 caenis
1511 4334 1617 4373 non
1643 4319 2022 4388 exspectabant

435 4407 647 4470 fratres,
669 4407 737 4461 ita
765 4408 1026 4476 loquitur:
1056 4409 1168 4463 Iloc
1183 4413 1486 4466 denuntians
1501 4429 1600 4466 non
1621 4412 1773 4467 laudo
1794 4413 1871 4482 (1.
1897 4411 2015 4466 Cur.

437 4497 673 4565 11.17).
702 4494 864 4551 Vides
919 4507 1192 4566 peccatum
1236 4501 1373 4554 intra
1416 4503 1886 4570 reprehensionem
1937 4504 2014 4572 (a)

435 4586 752 4651 consistere,
780 4596 836 4642 et
863 4588 1230 4658 objurgatione
1261 4590 1437 4660 plecti.
1462 4594 1532 4646 At
1557 4593 1644 4647 ubi
1673 4595 1739 4649 de
1783 4595 2014 4649 fornica-

435 4679 582 4732 tione
607 4677 858 4748 loquitur,
889 4693 994 4733 non
1026 4678 1206 4734 itidem
1247 4680 1393 4736 facit.
1441 4683 1543 4738 Sed
1586 4698 1691 4752 quo
1731 4685 1915 4752 pacto?
1957 4687 2020 4740 Si

431 4771 547 4837 quis
577 4772 817 4840 templum
842 4769 941 4825 Dei
969 4772 1140 4836 violat,
1171 4773 1340 4842 perdet
1363 4773 1497 4828 hunc
1531 4774 1670 4830 Deus
1698 4777 1770 4845 (l.
1799 4776 1918 4831 Cor.
1960 4780 2013 4834 5.

438 4862 550 4932 17).
581 4861 692 4917 Hoc
721 4878 826 4918 non
852 4871 935 4919 est
961 4865 1210 4934 probrum
1237 4875 1329 4921 aut
1356 4867 1720 4937 reprehensio,
1742 4869 1835 4924 sed
1861 4886 2020 4940 poena

431 4952 768 5021 gravissima.
793 4951 946 5010 Novit
971 4967 1024 5011 et
1053 4955 1304 5030 Salomon
1331 4968 1669 5028 peccatorum
1685 4961 2013 5028 discrimina,

436 5044 527 5112 qui
561 5044 754 5098 furtum
781 5061 901 5100 cum
929 5047 1188 5103 adulterio
1214 5050 1493 5106 conferens
1521 5051 1598 5106 sic
1622 5052 1814 5107 alicubi
1846 5052 2017 5122 loqui-

439 5146 556 5192 tur:
585 5135 708 5192 Non
729 5148 801 5192 est
827 5139 1008 5192 mirum
1036 5141 1080 5194 si
1102 5142 1212 5210 quis
1231 5141 1633 5212 deprehendatur
1659 5143 1711 5198 in
1737 5148 1913 5216 furto:
1935 5149 2022 5216 {u-

435 5241 582 5284 ratur
611 5231 761 5296 enim,
792 5241 848 5284 ut
872 5232 1094 5286 animam
1113 5235 1310 5302 expleat
1335 5237 1628 5290 esurientem
1645 5252 1664 5290 :
1683 5237 1772 5292 sed
1813 5235 2020 5289 adulter

439 5324 501 5375 ob
548 5323 774 5391 inopiam
801 5339 976 5377 sensus
1001 5325 1207 5379 exitium
1233 5327 1416 5381 anima:
1438 5343 1544 5382 sua:
1569 5328 1803 5383 conciliat
1834 5326 2018 5397 (Prov.

436 5419 487 5470 6.
520 5417 738 5489 30-59.).
785 5417 851 5472 Et
877 5417 979 5473 hoc
1002 5427 1056 5473 et
1081 5419 1232 5486 illud,
1261 5419 1450 5492 inquit,
1481 5430 1755 5492 peccatum
1784 5431 1888 5489 est,
1921 5418 2018 5478 sed

501 5552 573 5614 (a)
609 5552 665 5602 In
688 5559 868 5611 Grzeco,
894 5567 994 5617 μέχρι
1013 5569 1273 5616 “sepubenis;-
1304 5556 1671 5605 Observavimus
1694 5556 1742 5604 in
1767 5554 2015 5606 Athanasii

434 5621 502 5660 οιι
519 5617 738 5679 ⁸ιιιιιιδιὶςο
760 5629 978 5678 κατάγνωσιν
1003 5630 1094 5665 non
1119 5618 1472 5666 damnationem
1494 5631 1690 5679 prorsus
1710 5619 1983 5679 signiﬁcare
1999 5659 2012 5674 .

442 5673 530 5717 scd
555 5684 795 5740 quatenus
828 5673 1010 5726 tantum
1047 5679 1312 5737 damnare,
1353 5673 1589 5740 signiﬁcat
1626 5673 1898 5740 improbare
1937 5673 2014 5730 vel

439 5736 805 5802 reprehendere
848 5751 860 5786 :
891 5742 1217 5802 quamobrem
1257 5736 1471 5802 ιαέάγ-..Ῑςιν
1507 5741 1582 5790 hic
1622 5736 1837 5791 Erasmus
1875 5753 2013 5793 recte

437 5799 604 5852 venit,
627 5799 1056 5858 reprehensionem.

1148 353 1207 407 S.
1238 349 1514 408 JOANNIS
1550 322 2023 402 CllRYSOSTOMl
2049 338 2363 396 ABCHIEP.
2406 331 2936 392 CONSTANTINOP.

3551 341 3644 396 116

2095 453 2319 505 alterum
2347 451 2541 512 minus,
2571 449 2797 502 alterum
2830 446 3034 518 majus:
3058 460 3254 517 pauper
3283 447 3419 502 enim
3446 464 3648 506 excusa-

2101 544 2299 596 tionem
2350 542 2509 596 habet
2554 539 2694 611 quod
2745 539 3028 610 praebuerit
3057 539 3385 594 occasionem
3413 545 3649 611 peccandi

2100 635 2338 704 penuria,
2371 633 2522 688 alteri
2566 631 2742 688 omnis
2771 631 3017 701 adempta
3046 641 3128 686 est
3153 632 3433 687 excusatio.
3465 634 3529 686 At
3553 633 3650 699 hic,

2098 726 2261 788 dices,
2288 725 2499 794 pellitur
2519 723 2742 778 naturali
2765 723 3210 793 concupiscentia.
3239 724 3306 777 At
3323 739 3423 778 non
3450 726 3654 794 permit-

2101 819 2161 872 tit
2187 817 2326 874 elabi
2356 833 2492 872 uxor
2515 833 2633 888 quae
2657 816 2730 872 illi
2751 824 2894 872 sorte
2915 815 3118 884 obtigit,
3143 814 3234 869 sed
3266 815 3424 869 instat
3445 817 3660 888 eripient

2101 912 2175 966 illi
2207 912 2430 967 veniam.
2466 910 2547 966 0b
2578 909 2629 965 id
2655 910 2795 965 enim
2824 909 3218 964 matrimonium
3244 917 3306 963 et
3329 908 3485 978 hujus
3511 911 3669 980 legiti-

2102 1017 2220 1057 mus
2242 1017 2370 1058 usus
2401 1003 2736 1070 permittitur,
2769 1018 2837 1058 ne
2865 1001 2989 1072 quid
3019 1002 3208 1056 horum
3239 1017 3496 1058 excusare
3518 1005 3668 1071 possit

2103 1095 2346 1149 maritus.
2378 1093 2526 1149 llanc
2551 1096 2619 1150 ob
2639 1110 2852 1150 causam
2875 1095 2997 1149 data
3019 1103 3101 1149 est
3127 1094 3201 1148 illi
3221 1095 3412 1150 mulier
3430 1095 3666 1165 adjutrix,

2103 1197 2159 1240 ut
2188 1186 2622 1242 effervescentem
2654 1197 2894 1242 naturam
2924 1196 3191 1253 coerceat,
3224 1196 3280 1240 ut
3307 1189 3668 1257 concupiscen-

2104 1281 2190 1336 tiae
2215 1279 2406 1337 ﬁuctus
2429 1281 2596 1337 sedet.
2626 1281 2806 1351 Itaque
2822 1279 3268 1351 quemadmodum
3294 1280 3599 1350 gubernator
3619 1282 3664 1334 in

2106 1385 2259 1446 portu
2291 1375 2491 1430 faciens
2516 1375 2842 1446 naufragium
2874 1375 3277 1444 haudquaquam
3319 1373 3474 1428 ullam
3510 1374 3666 1443 impe-

2107 1475 2271 1522 traret
2299 1467 2540 1522 veniam:
2565 1468 2642 1522 sic
2671 1481 2770 1522 nec
2795 1467 2841 1521 is
2869 1466 2958 1536 qui
3001 1481 3122 1520 cum
3167 1481 3265 1536 per
3302 1465 3592 1535 conjugium
3620 1466 3667 1520 in

2106 1567 2220 1614 tuto
2245 1559 2558 1626 collocetur,
2587 1568 2760 1614 tamen
2777 1559 2948 1614 aliena
2974 1557 3566 1629 perfoditmatrimouia,
3588 1566 3670 1610 aut

2106 1665 2495 1722 quamcumque
2521 1650 2770 1706 feminam
2800 1651 3025 1706 curiosis
3047 1649 3238 1720 aspicit
3275 1647 3460 1712 oculis,
3490 1647 3671 1703 habere

2106 1743 2394 1813 quidquam
2424 1742 2592 1812 possit
2631 1743 2988 1798 excusationis
3016 1757 3116 1798 nec
3143 1741 3284 1812 apud
3319 1741 3556 1796 homines
3583 1756 3672 1795 nec

2107 1833 2248 1904 apud
2271 1834 2459 1900 Deum,
2481 1835 2688 1891 etiamsi
2715 1834 2908 1890 millies
2935 1834 3178 1905 allegarit
3207 1842 3410 1889 uatum
3444 1833 3672 1903 volupta-

2111 1934 2237 1979 tem.
2284 1924 2397 1979 lmo
2425 1940 2543 1996 qua:
2574 1925 2740 1994 possit
2778 1925 2889 1980 illic
2917 1939 3038 1980 csSe
3064 1925 3331 1995 voluptas,
3363 1924 3448 1979 ubi
3495 1934 3671 1989 metus,

2110 2015 2199 2070 ubi
2223 2015 2488 2083 anxietas,
2517 2016 2611 2071 ubi
2639 2026 2905 2072 tantorum
2934 2016 3198 2071 malorum
3224 2016 3570 2086 exspectatio,
3593 2015 3673 2070 ubi

2113 2105 2412 2172 tribunalia,
2443 2107 2530 2163 ubi
2555 2107 2788 2163 rationes
2811 2107 3118 2176 reddendae,
3147 2108 3234 2163 ubi
3254 2107 3450 2178 judicis
3474 2109 3568 2172 ira,
3598 2107 3675 2162 ubi

2111 2198 2318 2268 gladius
2343 2208 2398 2255 et
2425 2199 2684 2267 carnifex,
2734 2201 2822 2255 ubi
2870 2199 3200 2266 barathrum,
3255 2211 3311 2256 et
3351 2201 3592 2256 abductio
3618 2201 3677 2254 ad

2111 2290 2462 2362 supplicium?
2488 2291 2677 2347 Omnia
2708 2301 2862 2362 pavet
2887 2292 3179 2362 metuitque
3203 2293 3296 2362 qui
3322 2294 3440 2349 talis
3453 2304 3677 2356 est,uin-

2113 2380 2258 2448 bras,
2291 2383 2540 2452 parietes,
2573 2382 2718 2453 ipsos
2746 2382 2968 2452 lapides,
3016 2392 3284 2452 tamquam
3317 2396 3496 2436 vocem
3537 2381 3681 2435 emit-

2115 2482 2320 2530 tentes:
2345 2490 2532 2531 omnes
2557 2475 2805 2531 observat
2833 2475 3095 2546 habetque
3121 2485 3423 2545 suSpectos,
3451 2473 3680 2535 famulos,

2115 2567 2338 2630 vicinos,
2369 2568 2590 2635 amicos,
2637 2569 2836 2630 hostes,
2868 2584 2963 2624 eos
2999 2570 3087 2640 qui
3119 2578 3321 2623 norunt
3364 2569 3559 2630 omnia,
3602 2583 3687 2619 eus

2115 2660 2204 2730 qui
2234 2658 2366 2714 nihil
2395 2669 2608 2714 norunt.
2640 2659 2776 2728 Quin
2806 2660 3007 2728 potius,
3028 2659 3071 2716 si
3099 2659 3268 2715 voles.
3305 2659 3562 2713 tollantur
3589 2657 3692 2710 ha'c

2116 2752 2327 2807 omnia:
2363 2766 2621 2823 ponamus
2648 2752 2778 2807 nulli
2819 2761 3003 2806 notum
3033 2767 3152 2807 esse
3192 2751 3461 2822 ﬂagitiqu
3494 2761 3695 2822 praeter-

2117 2861 2273 2915 quam
2303 2845 2401 2914 ipsi
2429 2845 2539 2910 uni,
2571 2854 2623 2900 et
2655 2845 2865 2900 mulieri
2913 2859 3070 2914 quam
3101 2843 3460 2899 adulteravit:
3489 2858 3695 2914 quomo-

2117 2937 2188 2991 do
2230 2936 2366 2992 feret
2401 2938 2781 2992 conscientiam
2813 2937 3240 3008 redarguentem,
3271 2937 3526 2993 acerbam
3556 2952 3697 2989 accu-

2119 3029 2368 3083 satricem
2399 3028 2544 3082 illam
2572 3029 2768 3100 ubique
2792 3043 2972 3084 secum
3001 3028 3216 3084 ferens?
3241 3028 3694 3096 Quemadmodum

2119 3119 2260 3175 enim
2283 3119 2519 3190 seipsum
2544 3135 2701 3175 nemo
2729 3129 2900 3190 potest
2927 3120 3179 3192 eﬁ‘ugerc,
3210 3121 3279 3174 ita
3315 3137 3417 3176 nec
3446 3120 3586 3174 illam
3612 3119 3700 3172 liu-

2120 3211 2202 3282 jus
2224 3211 2503 3267 tribunalis
2529 3213 2868 3268 sententiam.
2909 3211 3020 3266 Hoc
3045 3213 3187 3266 cnim
3220 3211 3457 3266 tribunal
3489 3227 3587 3265 non
3618 3225 3697 3279 pe-

2121 3305 2274 3361 cunia
2296 3305 2670 3376 corrumpitur.
2697 3320 2803 3360 non
2825 3305 3215 3360 adulationibus
3235 3305 3560 3374 acquiescit;
3585 3320 3695 3356 nam

2120 3395 2356 3452 divinum
2385 3407 2486 3460 est,
2517 3406 2574 3450 et
2595 3411 2625 3450 a
2660 3395 2766 3450 Deo
2793 3397 2988 3450 nostris
3016 3395 3229 3451 insitum
3258 3395 3554 3452 mentibus.
3577 3394 3701 3448 \‘ere

2122 3489 2334 3543 Adulter
2359 3507 2448 3561 per
2475 3491 2697 3560 inopiam
2722 3506 2896 3544 sensus
2940 3491 3147 3544 exitium
3185 3505 3291 3544 sua:
3337 3491 3498 3562 ipsius
3531 3487 3704 3541 anima:

2123 3583 2360 3636 conciliat
2391 3580 2569 3653 (Prov.
2603 3581 2656 3636 6.
2687 3581 2799 3651 52).
2833 3581 3068 3638 Tametsi
3100 3597 3197 3637 nec
3224 3581 3306 3636 fur
3339 3583 3501 3638 etiam
3524 3581 3704 3635 immu-

2124 3675 2208 3729 nis
2233 3685 2316 3730 est
2343 3690 2371 3728 a
2399 3674 2680 3745 supplicio,
2725 3689 2908 3729 verum
2953 3674 3045 3730 dat
3085 3673 3298 3746 quidem
3339 3691 3573 3746 poenam,
3616 3670 3702 3728 sed

2123 3765 2408 3822 minorem.
2435 3765 2542 3822 Nec
2568 3767 2710 3822 enim
2739 3766 3167 3836 comparationes
3192 3768 3242 3822 in
3265 3767 3542 3823 diversum
3571 3765 3704 3822 ordi—

2125 3873 2248 3914 nem
2269 3857 2556 3914 extrudunt
2581 3873 2640 3914 ea
2664 3874 2782 3930 quae
2806 3868 3200 3930 comparantur,
3223 3859 3317 3915 sed
3347 3861 3708 3932 permittentes

2123 3965 2223 4005 suo
2251 3965 2473 4021 qumque
2498 3965 2715 4005 manere
2737 3950 2876 4017 loco,
2906 3950 3310 4006 diminutionem
3335 3951 3595 4008 inducunt
3622 3957 3708 4003 aut

2125 4045 2577 4114 exsuperantiam.
2609 4044 2862 4100 Fortasse
2888 4060 2992 4099 non
3021 4043 3316 4115 intelligitis
3343 4045 3489 4116 quod
3513 4045 3706 4100 dictum

2125 4146 2240 4191 est:
2267 4138 2443 4206 itaque
2475 4151 2696 4192 necesse
2720 4145 2804 4192 est
2831 4136 2969 4191 idem
2998 4137 3334 4206 explanatius
3362 4138 3561 4193 dicere.
3606 4136 3707 4190 Bo-

2127 4245 2251 4284 num
2284 4239 2364 4285 est
2409 4229 2733 4299 conjugium,
2772 4228 2865 4283 sed
2914 4229 3106 4284 melior
3146 4238 3228 4284 est
3273 4230 3712 4301 virginitasznec

2127 4321 2376 4391 quoniam
2405 4320 2596 4376 melior
2619 4331 2702 4376 est
2726 4320 3019 4390 virginitas,
3053 4320 3172 4377 ideo
3197 4322 3397 4378 malum
3423 4333 3509 4379 est
3531 4323 3714 4393 conju-

2123 4415 2289 4486 gium,
2327 4413 2420 4469 sed
2465 4413 2593 4468 illud
2640 4413 2855 4484 quidem
2905 4412 3147 4482 inferius,
3190 4414 3392 4486 alioqui
3420 4416 3622 4471 bonum
3662 4421 3714 4468 et

2126 4508 2322 4578 ipsum.
2353 4507 2610 4562 Similiter
2635 4516 2690 4563 et
2715 4507 2830 4562 hic:
2863 4508 3060 4563 malum
3091 4516 3174 4562 est
3196 4507 3416 4574 furtum,
3449 4509 3546 4564 sed
3567 4506 3716 4563 adul-

2127 4599 2264 4653 terio
2301 4597 2497 4664 minus,
2529 4614 2846 4669 quamquam
2876 4607 2929 4654 et
2970 4599 3144 4668 ipsum
3187 4608 3269 4654 est
3298 4600 3522 4654 malum.
3560 4598 3714 4653 Vides

2126 4700 2460 4759 peccatorum
2491 4689 2851 4745 differentias?
2875 4690 3287 4745 Considercmus
3335 4691 3517 4761 itaque
3563 4692 3716 4760 quale

2127 4790 2400 4852 peccatum
2429 4781 2515 4836 hic
2544 4781 2861 4851 peccaverit.
2885 4779 3094 4836 Elatum
3120 4791 3210 4844 est,
3240 4781 3431 4852 inquit,
3469 4797 3558 4834 cor
3581 4779 3710 4834 illiut

2127 4872 2204 4944 (Ξ.
2239 4870 2422 4925 Paral.
2451 4871 2540 4926 26.
2569 4871 2680 4940 16).
2713 4871 3071 4926 Periculosum
3097 4872 3322 4926 vulnus:
3351 4881 3437 4926 est
3460 4872 3606 4928 enim
3636 4886 3712 4923 arc

2128 4964 2385 5034 rogantia,
2412 4964 2711 5033 arrogantia
2736 4963 2970 5032 inquam,
3006 4963 3265 5018 malorum
3305 4963 3551 5017 omnium
3579 4961 3714 5016 fons.

2129 5058 2194 5112 Et
2223 5066 2280 5111 ut
2310 5057 2626 5126 compendio
2669 5056 2845 5112 discas
2887 5057 3056 5111 morbi
3087 5056 3362 5123 malitiam,
3396 5055 3533 5110 illud
3573 5054 3714 5108 audi.

2129 5148 2330 5204 Caetera
2353 5148 2566 5218 quidem
2589 5157 2802 5217 peccata
2829 5149 2967 5202 circa
2993 5157 3228 5201 nostram
3256 5156 3542 5202 versantur
3571 5154 3718 5199 natu-

2127 5257 2260 5303 ram,
2294 5252 2349 5297 at
2373 5242 2618 5310 superbia
2646 5241 2892 5295 virtutem
2935 5241 3298 5309 incorporeum
3321 5255 3351 5294 e
3376 5237 3600 5292 sublimi
3631 5236 3724 5291 de-

2129 5333 2285 5389 traxit
2315 5347 2377 5388 ac
2405 5332 2630 5402 dejecit:
2661 5347 2781 5385 nam
2822 5331 3112 5398 diabolum,
3153 5347 3274 5386 cum
3319 5330 3570 5386 diabolus
3619 5342 3722 5382 non

2127 5438 2292 5495 esset,
2320 5427 2587 5483 diabolum
2615 5425 2789 5481 effecit
2809 5426 3128 5496 arrogantia.
3162 5425 3312 5491 Quod
3338 5426 3383 5480 si
3413 5431 3612 5479 testem
3633 5422 3726 5476 ad-

2129 5521 2317 5577 ducam
2337 5519 2528 5576 lsaiam
2561 5521 2631 5574 ita
2659 5519 2726 5574 de
2752 5519 2841 5574 illo
2878 5519 3201 5589 loquentem,
3231 5517 3295 5572 In
3326 5518 3512 5571 cwlum
3539 5532 3721 5570 ascen-

2128 5614 2264 5676 dam,
2300 5621 2346 5666 et
2385 5628 2469 5666 ero
2493 5611 2674 5666 similis
2703 5610 2962 5664 Altissimo
3001 5607 3154 5680 (lsai.
3201 5609 3288 5663 M.
3333 5607 3454 5676 id):
3487 5605 3582 5675 qui
3617 5621 3722 5658 non

2129 5705 2352 5759 libenter
2382 5702 2642 5771 recrpiun'.
2666 5700 2962 5771 allegorias,
2990 5699 3339 5771 repudiabunt
3371 5705 3621 5752 nostrum
3647 5707 3723 5750 tc-

2133 5795 2468 5850 stimouium:
2499 5792 2578 5848 sin
2609 5808 2732 5849 vero
2773 5791 2991 5848 Paulum
3025 5790 3100 5846 illi
3124 5789 3525 5847 adhibuerimus
3564 5801 3725 5845 accu-
