  <div class='ocr_page' id='page_1' title='image "/cluster/home/n/w/nwhite01/storage/ocr_20150623/56/hvd.32044048208490/122.png"; bbox 0 0 4092 6218; ppageno 0'>
   <div class='ocr_carea' id='block_1_1' title="bbox 392 298 497 355">
    <p class='ocr_par' dir='ltr' id='par_1_1' title="bbox 392 298 497 355">
     <span class='ocr_line' id='line_1_1' title="bbox 392 298 497 355; baseline 0.01 -1"><span class='ocrx_word' id='word_1_1' title='bbox 392 298 497 355; x_wconf 81' lang='grc'><strong>115</strong></span> 
     </span>
    </p>
   </div>
   <div class='ocr_carea' id='block_1_2' title="bbox 383 406 1973 486">
    <p class='ocr_par' dir='ltr' id='par_1_2' title="bbox 383 406 1973 486">
     <span class='ocr_line' id='line_1_2' title="bbox 383 406 1973 486; baseline -0.008 -14"><span class='ocrx_word' id='word_1_2' title='bbox 383 413 630 486; x_wconf 78' lang='grc' dir='ltr'>γυμνοὺς</span> <span class='ocrx_word' id='word_1_3' title='bbox 678 408 1051 483; x_wconf 69' lang='grc' dir='ltr'>παραπέμψαι</span> <span class='ocrx_word' id='word_1_4' title='bbox 1085 407 1221 480; x_wconf 81' lang='grc' dir='ltr'>πρὸς</span> <span class='ocrx_word' id='word_1_5' title='bbox 1271 407 1476 461; x_wconf 85' lang='grc' dir='ltr'>ἐκεῖνον</span> <span class='ocrx_word' id='word_1_6' title='bbox 1511 406 1603 460; x_wconf 80' lang='grc' dir='ltr'>τὸν</span> <span class='ocrx_word' id='word_1_7' title='bbox 1638 407 1831 478; x_wconf 81' lang='grc' dir='ltr'>λιμένα</span> <span class='ocrx_word' id='word_1_8' title='bbox 1863 407 1973 460; x_wconf 84' lang='grc' dir='ltr'>λοι-</span> 
     </span>
    </p>
   </div>
   <div class='ocr_carea' id='block_1_3' title="bbox 382 490 1974 563">
    <p class='ocr_par' dir='ltr' id='par_1_3' title="bbox 382 490 1974 563">
     <span class='ocr_line' id='line_1_3' title="bbox 382 490 1974 563; baseline -0.007 -9"><span class='ocrx_word' id='word_1_9' title='bbox 382 502 505 555; x_wconf 86' lang='grc' dir='ltr'>πόν.</span> <span class='ocrx_word' id='word_1_10' title='bbox 533 497 631 550; x_wconf 77' lang='grc' dir='ltr'>Διά</span> <span class='ocrx_word' id='word_1_11' title='bbox 654 495 814 548; x_wconf 89' lang='grc' dir='ltr'>τοῦτο</span> <span class='ocrx_word' id='word_1_12' title='bbox 837 496 865 547; x_wconf 95' lang='lat'>6</span> <span class='ocrx_word' id='word_1_13' title='bbox 891 495 1176 563; x_wconf 69' lang='grc' dir='ltr'>προφήτης</span> <span class='ocrx_word' id='word_1_14' title='bbox 1203 492 1461 561; x_wconf 87' lang='grc' dir='ltr'>παραινεῖ</span> <span class='ocrx_word' id='word_1_15' title='bbox 1489 491 1624 542; x_wconf 78' lang='grc' dir='ltr'>πᾶσι</span> <span class='ocrx_word' id='word_1_16' title='bbox 1648 490 1841 559; x_wconf 89' lang='grc' dir='ltr'>λέγων,</span> <span class='ocrx_word' id='word_1_17' title='bbox 1870 492 1974 557; x_wconf 70' lang='grc' dir='ltr'>Εἷς</span> 
     </span>
    </p>
   </div>
   <div class='ocr_carea' id='block_1_4' title="bbox 382 572 1962 647">
    <p class='ocr_par' dir='ltr' id='par_1_4' title="bbox 382 572 1962 647">
     <span class='ocr_line' id='line_1_4' title="bbox 382 572 1962 647; baseline -0.008 -10"><span class='ocrx_word' id='word_1_18' title='bbox 382 584 448 637; x_wconf 82' lang='grc' dir='ltr'>τὸ</span> <span class='ocrx_word' id='word_1_19' title='bbox 481 581 659 645; x_wconf 74' lang='grc' dir='ltr'>τέλος</span> <span class='ocrx_word' id='word_1_20' title='bbox 686 576 772 647; x_wconf 84' lang='grc' dir='ltr'>μὴ</span> <span class='ocrx_word' id='word_1_21' title='bbox 800 575 1162 645; x_wconf 62' lang='grc' dir='ltr'>διαφθείρῃς.</span> <span class='ocrx_word' id='word_1_22' title='bbox 1189 573 1299 626; x_wconf 72' lang='grc' dir='ltr'>Καὶ</span> <span class='ocrx_word' id='word_1_23' title='bbox 1327 573 1436 645; x_wconf 89' lang='grc' dir='ltr'>γάρ</span> <span class='ocrx_word' id='word_1_24' title='bbox 1471 573 1609 643; x_wconf 89' lang='grc' dir='ltr'>μετά</span> <span class='ocrx_word' id='word_1_25' title='bbox 1651 572 1751 645; x_wconf 82' lang='grc' dir='ltr'>τὴν</span> <span class='ocrx_word' id='word_1_26' title='bbox 1781 573 1962 626; x_wconf 85' lang='grc' dir='ltr'>τοιαύ-</span> 
     </span>
    </p>
   </div>
   <div class='ocr_carea' id='block_1_5' title="bbox 381 656 1964 737">
    <p class='ocr_par' dir='ltr' id='par_1_5' title="bbox 381 656 1964 737">
     <span class='ocr_line' id='line_1_5' title="bbox 381 656 1964 737; baseline -0.008 -17"><span class='ocrx_word' id='word_1_27' title='bbox 381 682 482 737; x_wconf 89' lang='grc' dir='ltr'>την</span> <span class='ocrx_word' id='word_1_28' title='bbox 512 661 718 716; x_wconf 80' lang='grc' dir='ltr'>πτῶσιν</span> <span class='ocrx_word' id='word_1_29' title='bbox 741 658 1140 726; x_wconf 81' lang='grc' dir='ltr'>δυσανάκλητος</span> <span class='ocrx_word' id='word_1_30' title='bbox 1171 656 1332 709; x_wconf 88' lang='grc' dir='ltr'>πάλιν</span> <span class='ocrx_word' id='word_1_31' title='bbox 1358 657 1391 726; x_wconf 93' lang='grc' dir='ltr'>ἡ</span> <span class='ocrx_word' id='word_1_32' title='bbox 1427 656 1738 720; x_wconf 87' lang='grc' dir='ltr'>ἀνάστασις.</span> <span class='ocrx_word' id='word_1_33' title='bbox 1777 656 1832 708; x_wconf 88' lang='grc' dir='ltr'><strong><em>Ὁ</em></strong></span> <span class='ocrx_word' id='word_1_34' title='bbox 1854 656 1964 725; x_wconf 79' lang='grc' dir='ltr'>γὰρ</span> 
     </span>
    </p>
   </div>
   <div class='ocr_carea' id='block_1_6' title="bbox 380 739 1964 811">
    <p class='ocr_par' dir='ltr' id='par_1_6' title="bbox 380 739 1964 811">
     <span class='ocr_line' id='line_1_6' title="bbox 380 739 1964 811; baseline -0.004 -9"><span class='ocrx_word' id='word_1_35' title='bbox 380 748 576 803; x_wconf 69' lang='grc' dir='ltr'>ἐλθὼν</span> <span class='ocrx_word' id='word_1_36' title='bbox 605 748 691 811; x_wconf 82' lang='grc' dir='ltr'>είς</span> <span class='ocrx_word' id='word_1_37' title='bbox 717 742 949 808; x_wconf 77' lang='grc' dir='ltr'>ιβάθος</span> <span class='ocrx_word' id='word_1_38' title='bbox 976 740 1197 804; x_wconf 80' lang='grc' dir='ltr'>κακῶν,</span> <span class='ocrx_word' id='word_1_39' title='bbox 1216 739 1591 808; x_wconf 67' lang='grc' dir='ltr'>καταφρονεῖ.</span> <span class='ocrx_word' id='word_1_40' title='bbox 1619 740 1730 795; x_wconf 76' lang='grc' dir='ltr'>Καὶ</span> <span class='ocrx_word' id='word_1_41' title='bbox 1756 740 1834 811; x_wconf 78' lang='grc' dir='ltr'>τῷ</span> <span class='ocrx_word' id='word_1_42' title='bbox 1867 741 1964 811; x_wconf 86' lang='grc' dir='ltr'>μὲν</span> 
     </span>
    </p>
   </div>
   <div class='ocr_carea' id='block_1_7' title="bbox 380 821 1964 900">
    <p class='ocr_par' dir='ltr' id='par_1_7' title="bbox 380 821 1964 900">
     <span class='ocr_line' id='line_1_7' title="bbox 380 821 1964 900; baseline -0.004 -17"><span class='ocrx_word' id='word_1_43' title='bbox 380 833 441 883; x_wconf 89' lang='grc' dir='ltr'>ἐν</span> <span class='ocrx_word' id='word_1_44' title='bbox 486 831 630 900; x_wconf 83' lang='grc' dir='ltr'>ἀρχῇ</span> <span class='ocrx_word' id='word_1_45' title='bbox 683 825 896 879; x_wconf 65' lang='grc' dir='ltr'>τπσόντι</span> <span class='ocrx_word' id='word_1_46' title='bbox 944 822 1385 892; x_wconf 82' lang='grc' dir='ltr'>συγγινώσκομεν</span> <span class='ocrx_word' id='word_1_47' title='bbox 1439 821 1678 886; x_wconf 73' lang='grc' dir='ltr'>ἅπαντες</span> <span class='ocrx_word' id='word_1_48' title='bbox 1728 823 1816 876; x_wconf 71' lang='grc' dir='ltr'>διὰ</span> <span class='ocrx_word' id='word_1_49' title='bbox 1866 826 1964 892; x_wconf 67' lang='grc' dir='ltr'>τὴν</span> 
     </span>
    </p>
   </div>
   <div class='ocr_carea' id='block_1_8' title="bbox 383 904 1966 982">
    <p class='ocr_par' dir='ltr' id='par_1_8' title="bbox 383 904 1966 982">
     <span class='ocr_line' id='line_1_8' title="bbox 383 904 1966 982; baseline -0.004 -14"><span class='ocrx_word' id='word_1_50' title='bbox 383 913 666 982; x_wconf 85' lang='grc' dir='ltr'>ἀπειρίαν·</span> <span class='ocrx_word' id='word_1_51' title='bbox 708 910 798 962; x_wconf 81' lang='grc' dir='ltr'>τὸν</span> <span class='ocrx_word' id='word_1_52' title='bbox 826 909 881 961; x_wconf 87' lang='grc' dir='ltr'>δὲ</span> <span class='ocrx_word' id='word_1_53' title='bbox 918 907 1058 979; x_wconf 89' lang='grc' dir='ltr'>μετά</span> <span class='ocrx_word' id='word_1_54' title='bbox 1086 905 1312 970; x_wconf 79' lang='grc' dir='ltr'>πολλοὺς</span> <span class='ocrx_word' id='word_1_55' title='bbox 1363 904 1514 977; x_wconf 74' lang='lat' dir='ltr'>[HS]</span> <span class='ocrx_word' id='word_1_56' title='bbox 1561 908 1686 971; x_wconf 82' lang='grc' dir='ltr'>τοὺς</span> <span class='ocrx_word' id='word_1_57' title='bbox 1731 906 1966 979; x_wconf 82' lang='grc' dir='ltr'>δρόμους</span> 
     </span>
    </p>
   </div>
   <div class='ocr_carea' id='block_1_9' title="bbox 382 988 1965 1058">
    <p class='ocr_par' dir='ltr' id='par_1_9' title="bbox 382 988 1965 1058">
     <span class='ocr_line' id='line_1_9' title="bbox 382 988 1965 1058; baseline -0.006 -9"><span class='ocrx_word' id='word_1_58' title='bbox 382 991 839 1048; x_wconf 77' lang='grc' dir='ltr'>ὕποσκελισθέντα</span> <span class='ocrx_word' id='word_1_59' title='bbox 893 990 993 1043; x_wconf 81' lang='grc' dir='ltr'>οὑκ</span> <span class='ocrx_word' id='word_1_60' title='bbox 1040 990 1106 1044; x_wconf 84' lang='grc' dir='ltr'>ἀν</span> <span class='ocrx_word' id='word_1_61' title='bbox 1143 1005 1229 1052; x_wconf 90' lang='grc' dir='ltr'>τις</span> <span class='ocrx_word' id='word_1_62' title='bbox 1283 988 1481 1058; x_wconf 68' lang='grc' dir='ltr'>ῥᾳδίως</span> <span class='ocrx_word' id='word_1_63' title='bbox 1532 988 1783 1055; x_wconf 80' lang='grc' dir='ltr'>ἀξιώσειε</span> <span class='ocrx_word' id='word_1_64' title='bbox 1831 1006 1965 1058; x_wconf 66' lang='grc' dir='ltr'>συγσ</span> 
     </span>
    </p>
   </div>
   <div class='ocr_carea' id='block_1_10' title="bbox 382 1071 1966 1150">
    <p class='ocr_par' dir='ltr' id='par_1_10' title="bbox 382 1071 1966 1150">
     <span class='ocr_line' id='line_1_10' title="bbox 382 1071 1966 1150; baseline -0.004 -19"><span class='ocrx_word' id='word_1_65' title='bbox 382 1078 606 1150; x_wconf 84' lang='grc' dir='ltr'>γνώμης</span> <span class='ocrx_word' id='word_1_66' title='bbox 633 1076 666 1147; x_wconf 80' lang='grc' dir='ltr'>ἡ</span> <span class='ocrx_word' id='word_1_67' title='bbox 703 1073 1026 1143; x_wconf 79' lang='grc' dir='ltr'>ἀπολογίας·</span> <span class='ocrx_word' id='word_1_68' title='bbox 1067 1071 1339 1145; x_wconf 78' lang='grc' dir='ltr'>ῥᾳθυμίας</span> <span class='ocrx_word' id='word_1_69' title='bbox 1368 1072 1476 1142; x_wconf 89' lang='lat'>769</span> <span class='ocrx_word' id='word_1_70' title='bbox 1507 1072 1627 1125; x_wconf 88' lang='grc' dir='ltr'>τότε</span> <span class='ocrx_word' id='word_1_71' title='bbox 1659 1072 1720 1126; x_wconf 88' lang='lat'>16</span> <span class='ocrx_word' id='word_1_72' title='bbox 1767 1072 1966 1143; x_wconf 80' lang='grc' dir='ltr'>πτῶμα</span> 
     </span>
    </p>
   </div>
   <div class='ocr_carea' id='block_1_11' title="bbox 384 1154 1963 1225">
    <p class='ocr_par' dir='ltr' id='par_1_11' title="bbox 384 1154 1963 1225">
     <span class='ocr_line' id='line_1_11' title="bbox 384 1154 1963 1225; baseline -0.003 -10"><span class='ocrx_word' id='word_1_73' title='bbox 384 1158 521 1216; x_wconf 75' lang='grc' dir='ltr'>εἶναι</span> <span class='ocrx_word' id='word_1_74' title='bbox 556 1160 720 1214; x_wconf 84' lang='grc' dir='ltr'>δοκεῖ.</span> <span class='ocrx_word' id='word_1_75' title='bbox 766 1158 876 1211; x_wconf 73' lang='grc' dir='ltr'>Καὶ</span> <span class='ocrx_word' id='word_1_76' title='bbox 905 1157 965 1210; x_wconf 85' lang='lat'>06</span> <span class='ocrx_word' id='word_1_77' title='bbox 991 1155 1150 1209; x_wconf 90' lang='grc' dir='ltr'>τοῦτο</span> <span class='ocrx_word' id='word_1_78' title='bbox 1195 1154 1353 1225; x_wconf 90' lang='grc' dir='ltr'>μόνον</span> <span class='ocrx_word' id='word_1_79' title='bbox 1381 1155 1498 1208; x_wconf 75' lang='grc' dir='ltr'>ἐστὶ</span> <span class='ocrx_word' id='word_1_80' title='bbox 1529 1156 1589 1209; x_wconf 86' lang='lat'>16</span> <span class='ocrx_word' id='word_1_81' title='bbox 1629 1155 1821 1219; x_wconf 82' lang='grc' dir='ltr'>δεινὸν,</span> <span class='ocrx_word' id='word_1_82' title='bbox 1848 1156 1963 1210; x_wconf 86' lang='grc' dir='ltr'>ἀλλ’</span> 
     </span>
    </p>
   </div>
   <div class='ocr_carea' id='block_1_12' title="bbox 384 1235 1965 1308">
    <p class='ocr_par' dir='ltr' id='par_1_12' title="bbox 384 1235 1965 1308">
     <span class='ocr_line' id='line_1_12' title="bbox 384 1235 1965 1308; baseline -0.003 -10"><span class='ocrx_word' id='word_1_83' title='bbox 384 1245 468 1298; x_wconf 86' lang='grc' dir='ltr'>ὃτι</span> <span class='ocrx_word' id='word_1_84' title='bbox 491 1244 584 1298; x_wconf 79' lang='grc' dir='ltr'>καὶ</span> <span class='ocrx_word' id='word_1_85' title='bbox 611 1241 796 1295; x_wconf 76' lang='grc' dir='ltr'>πολλοὶ</span> <span class='ocrx_word' id='word_1_86' title='bbox 832 1241 881 1293; x_wconf 82' lang='grc' dir='ltr'>οἱ</span> <span class='ocrx_word' id='word_1_87' title='bbox 917 1235 1390 1308; x_wconf 76' lang='grc' dir='ltr'>σκανδαλιζόμενοι</span> <span class='ocrx_word' id='word_1_88' title='bbox 1422 1240 1536 1301; x_wconf 89' lang='grc' dir='ltr'>τοῖς</span> <span class='ocrx_word' id='word_1_89' title='bbox 1574 1237 1684 1292; x_wconf 91' lang='grc' dir='ltr'>τῶν</span> <span class='ocrx_word' id='word_1_90' title='bbox 1709 1238 1965 1294; x_wconf 79' lang='grc' dir='ltr'>τοιούτων</span> 
     </span>
    </p>
   </div>
   <div class='ocr_carea' id='block_1_13' title="bbox 388 1320 1964 1398">
    <p class='ocr_par' dir='ltr' id='par_1_13' title="bbox 388 1320 1964 1398">
     <span class='ocr_line' id='line_1_13' title="bbox 388 1320 1964 1398; baseline -0.003 -17"><span class='ocrx_word' id='word_1_91' title='bbox 388 1326 675 1398; x_wconf 88' lang='grc' dir='ltr'>πτώμασίν</span> <span class='ocrx_word' id='word_1_92' title='bbox 705 1327 861 1389; x_wconf 80' lang='grc' dir='ltr'>εἰσιν,</span> <span class='ocrx_word' id='word_1_93' title='bbox 894 1321 1034 1375; x_wconf 87' lang='grc' dir='ltr'>ῶστε</span> <span class='ocrx_word' id='word_1_94' title='bbox 1063 1322 1158 1375; x_wconf 78' lang='grc' dir='ltr'>καὶ</span> <span class='ocrx_word' id='word_1_95' title='bbox 1185 1320 1354 1391; x_wconf 83' lang='grc' dir='ltr'>ταύτῃ</span> <span class='ocrx_word' id='word_1_96' title='bbox 1386 1321 1547 1374; x_wconf 90' lang='grc' dir='ltr'>πάλιν</span> <span class='ocrx_word' id='word_1_97' title='bbox 1582 1320 1964 1390; x_wconf 88' lang='grc' dir='ltr'>ἀσύγγνωστον</span> 
     </span>
    </p>
   </div>
   <div class='ocr_carea' id='block_1_14' title="bbox 386 1401 1961 1482">
    <p class='ocr_par' dir='ltr' id='par_1_14' title="bbox 386 1401 1961 1482">
     <span class='ocr_line' id='line_1_14' title="bbox 386 1401 1961 1482; baseline -0.004 -15"><span class='ocrx_word' id='word_1_98' title='bbox 386 1412 447 1467; x_wconf 88' lang='lat'>16</span> <span class='ocrx_word' id='word_1_99' title='bbox 490 1410 790 1482; x_wconf 81' lang='grc' dir='ltr'>ἁμάρτημα</span> <span class='ocrx_word' id='word_1_100' title='bbox 838 1407 1064 1476; x_wconf 87' lang='grc' dir='ltr'>γίνεται.</span> <span class='ocrx_word' id='word_1_101' title='bbox 1098 1403 1262 1457; x_wconf 84' lang='grc' dir='ltr'>Ταῦτ’</span> <span class='ocrx_word' id='word_1_102' title='bbox 1288 1401 1382 1457; x_wconf 78' lang='grc' dir='ltr'>οὖν</span> <span class='ocrx_word' id='word_1_103' title='bbox 1416 1404 1638 1468; x_wconf 85' lang='grc' dir='ltr'>εἰδότες,</span> <span class='ocrx_word' id='word_1_104' title='bbox 1672 1405 1961 1477; x_wconf 73' lang='grc' dir='ltr'>ἀκούωμεν</span> 
     </span>
    </p>
   </div>
   <div class='ocr_carea' id='block_1_15' title="bbox 388 1484 1961 1563">
    <p class='ocr_par' dir='ltr' id='par_1_15' title="bbox 388 1484 1961 1563">
     <span class='ocr_line' id='line_1_15' title="bbox 388 1484 1961 1563; baseline -0.004 -14"><span class='ocrx_word' id='word_1_105' title='bbox 388 1493 481 1549; x_wconf 87' lang='grc' dir='ltr'>τοῦ</span> <span class='ocrx_word' id='word_1_106' title='bbox 522 1495 829 1563; x_wconf 83' lang='grc' dir='ltr'>Προφὴτου,</span> <span class='ocrx_word' id='word_1_107' title='bbox 861 1488 953 1542; x_wconf 79' lang='grc' dir='ltr'>καὶ</span> <span class='ocrx_word' id='word_1_108' title='bbox 994 1489 1076 1543; x_wconf 82' lang='grc' dir='ltr'>εἰς</span> <span class='ocrx_word' id='word_1_109' title='bbox 1114 1486 1176 1540; x_wconf 89' lang='lat'>16</span> <span class='ocrx_word' id='word_1_110' title='bbox 1219 1484 1372 1550; x_wconf 81' lang='grc' dir='ltr'><strong>τέλος</strong></span> <span class='ocrx_word' id='word_1_111' title='bbox 1417 1486 1491 1556; x_wconf 77' lang='grc' dir='ltr'>μὴ</span> <span class='ocrx_word' id='word_1_112' title='bbox 1544 1485 1961 1559; x_wconf 82' lang='grc' dir='ltr'>διαφθείρωμεν.</span> 
     </span>
    </p>
   </div>
   <div class='ocr_carea' id='block_1_16' title="bbox 389 1568 1966 1647">
    <p class='ocr_par' dir='ltr' id='par_1_16' title="bbox 389 1568 1966 1647">
     <span class='ocr_line' id='line_1_16' title="bbox 389 1568 1966 1647; baseline -0.008 -17"><span class='ocrx_word' id='word_1_113' title='bbox 389 1576 488 1630; x_wconf 83' lang='grc' dir='ltr'>Διά</span> <span class='ocrx_word' id='word_1_114' title='bbox 518 1577 626 1647; x_wconf 83' lang='grc' dir='ltr'>γὰρ</span> <span class='ocrx_word' id='word_1_115' title='bbox 653 1572 812 1627; x_wconf 89' lang='grc' dir='ltr'>τοῦτο</span> <span class='ocrx_word' id='word_1_116' title='bbox 839 1573 933 1625; x_wconf 77' lang='grc' dir='ltr'>καὶ</span> <span class='ocrx_word' id='word_1_117' title='bbox 957 1572 984 1624; x_wconf 95' lang='lat'>6</span> <span class='ocrx_word' id='word_1_118' title='bbox 1016 1569 1276 1640; x_wconf 79' lang='grc' dir='ltr'>Ἰεζεκιὴλ</span> <span class='ocrx_word' id='word_1_119' title='bbox 1309 1569 1436 1641; x_wconf 76' lang='grc' dir='ltr'>ἐϐόα</span> <span class='ocrx_word' id='word_1_120' title='bbox 1464 1568 1665 1638; x_wconf 88' lang='grc' dir='ltr'>λέγων·</span> <span class='ocrx_word' id='word_1_121' title='bbox 1709 1570 1844 1624; x_wconf 75' lang='grc' dir='ltr'>Ἐὰν</span> <span class='ocrx_word' id='word_1_122' title='bbox 1872 1569 1966 1639; x_wconf 77' lang='grc' dir='ltr'>γέ.-</span> 
     </span>
    </p>
   </div>
   <div class='ocr_carea' id='block_1_17' title="bbox 387 1649 1964 1726">
    <p class='ocr_par' dir='ltr' id='par_1_17' title="bbox 387 1649 1964 1726">
     <span class='ocr_line' id='line_1_17' title="bbox 387 1649 1964 1726; baseline -0.003 -13"><span class='ocrx_word' id='word_1_123' title='bbox 387 1659 564 1726; x_wconf 85' lang='grc' dir='ltr'>νηταί</span> <span class='ocrx_word' id='word_1_124' title='bbox 604 1674 696 1722; x_wconf 87' lang='grc' dir='ltr'>τις</span> <span class='ocrx_word' id='word_1_125' title='bbox 728 1655 979 1720; x_wconf 81' lang='grc' dir='ltr'>δίκαιος,</span> <span class='ocrx_word' id='word_1_126' title='bbox 1023 1649 1151 1707; x_wconf 79' lang='grc' dir='ltr'>εἶτα</span> <span class='ocrx_word' id='word_1_127' title='bbox 1188 1652 1544 1720; x_wconf 83' lang='grc' dir='ltr'>μεταπεσὼν</span> <span class='ocrx_word' id='word_1_128' title='bbox 1588 1650 1849 1721; x_wconf 79' lang='grc' dir='ltr'>ἁμάρτῃ,</span> <span class='ocrx_word' id='word_1_129' title='bbox 1892 1655 1964 1708; x_wconf 88' lang='grc' dir='ltr'>οὐ</span> 
     </span>
    </p>
   </div>
   <div class='ocr_carea' id='block_1_18' title="bbox 379 1728 1964 1813">
    <p class='ocr_par' dir='ltr' id='par_1_18' title="bbox 379 1728 1964 1813">
     <span class='ocr_line' id='line_1_18' title="bbox 379 1728 1964 1813; baseline -0.003 -16"><span class='ocrx_word' id='word_1_130' title='bbox 379 1743 466 1813; x_wconf 78' lang='grc' dir='ltr'>μὴ</span> <span class='ocrx_word' id='word_1_131' title='bbox 510 1738 864 1810; x_wconf 80' lang='grc' dir='ltr'>μνησθῶσιν</span> <span class='ocrx_word' id='word_1_132' title='bbox 897 1734 1056 1801; x_wconf 81' lang='grc' dir='ltr'>αὺτῷ</span> <span class='ocrx_word' id='word_1_133' title='bbox 1088 1738 1146 1790; x_wconf 75' lang='lat' dir='ltr'>al</span> <span class='ocrx_word' id='word_1_134' title='bbox 1171 1728 1545 1790; x_wconf 75' lang='grc' dir='ltr'>δικαιοσύναὶ</span> <span class='ocrx_word' id='word_1_135' title='bbox 1576 1737 1785 1800; x_wconf 83' lang='grc' dir='ltr'>αὑτοῦ,</span> <span class='ocrx_word' id='word_1_136' title='bbox 1825 1737 1964 1792; x_wconf 72' lang='grc' dir='ltr'>ἀλλ’</span> 
     </span>
    </p>
   </div>
   <div class='ocr_carea' id='block_1_19' title="bbox 385 1819 1967 1891">
    <p class='ocr_par' dir='ltr' id='par_1_19' title="bbox 385 1819 1967 1891">
     <span class='ocr_line' id='line_1_19' title="bbox 385 1819 1967 1891; baseline -0.003 -13"><span class='ocrx_word' id='word_1_137' title='bbox 385 1826 455 1878; x_wconf 88' lang='grc' dir='ltr'>ὲν</span> <span class='ocrx_word' id='word_1_138' title='bbox 493 1823 568 1891; x_wconf 75' lang='grc' dir='ltr'>τῇ</span> <span class='ocrx_word' id='word_1_139' title='bbox 614 1821 869 1891; x_wconf 76' lang='grc' dir='ltr'>ἁμαρτίᾳ</span> <span class='ocrx_word' id='word_1_140' title='bbox 905 1819 1093 1874; x_wconf 83' lang='grc' dir='ltr'>αὐτοῦ</span> <span class='ocrx_word' id='word_1_141' title='bbox 1134 1819 1532 1874; x_wconf 78' lang='grc' dir='ltr'>ἀποθανεῖται.</span> <span class='ocrx_word' id='word_1_142' title='bbox 1580 1821 1691 1874; x_wconf 70' lang='grc' dir='ltr'>Καὶ</span> <span class='ocrx_word' id='word_1_143' title='bbox 1734 1820 1843 1891; x_wconf 79' lang='grc' dir='ltr'>γὰρ</span> <span class='ocrx_word' id='word_1_144' title='bbox 1873 1821 1967 1874; x_wconf 79' lang='grc' dir='ltr'>καὶ</span> 
     </span>
    </p>
   </div>
   <div class='ocr_carea' id='block_1_20' title="bbox 385 1899 1966 1973">
    <p class='ocr_par' dir='ltr' id='par_1_20' title="bbox 385 1899 1966 1973">
     <span class='ocr_line' id='line_1_20' title="bbox 385 1899 1966 1973; baseline -0.003 -12"><span class='ocrx_word' id='word_1_145' title='bbox 385 1902 539 1970; x_wconf 79' lang='lat'><strong>0610;</strong></span> <span class='ocrx_word' id='word_1_146' title='bbox 569 1905 806 1959; x_wconf 76' lang='grc' dir='ltr'>δέδοικεν</span> <span class='ocrx_word' id='word_1_147' title='bbox 852 1903 991 1973; x_wconf 81' lang='grc' dir='ltr'>ὑπὲρ</span> <span class='ocrx_word' id='word_1_148' title='bbox 1032 1899 1126 1954; x_wconf 89' lang='grc' dir='ltr'>τοῦ</span> <span class='ocrx_word' id='word_1_149' title='bbox 1158 1900 1363 1965; x_wconf 79' lang='grc' dir='ltr'>τέλους.</span> <span class='ocrx_word' id='word_1_150' title='bbox 1406 1902 1517 1955; x_wconf 76' lang='grc' dir='ltr'>Καὶ</span> <span class='ocrx_word' id='word_1_151' title='bbox 1569 1903 1669 1955; x_wconf 79' lang='grc' dir='ltr'>οὐκ</span> <span class='ocrx_word' id='word_1_152' title='bbox 1720 1901 1966 1957; x_wconf 88' lang='grc' dir='ltr'>ἐντεῦθεν</span> 
     </span>
    </p>
   </div>
   <div class='ocr_carea' id='block_1_21' title="bbox 392 1984 1968 2061">
    <p class='ocr_par' dir='ltr' id='par_1_21' title="bbox 392 1984 1968 2061">
     <span class='ocr_line' id='line_1_21' title="bbox 392 1984 1968 2061; baseline -0.001 -18"><span class='ocrx_word' id='word_1_153' title='bbox 392 1989 572 2061; x_wconf 87' lang='grc' dir='ltr'>μόνον,</span> <span class='ocrx_word' id='word_1_154' title='bbox 603 1986 740 2041; x_wconf 88' lang='grc' dir='ltr'>ἀλλά</span> <span class='ocrx_word' id='word_1_155' title='bbox 777 1985 871 2039; x_wconf 74' lang='grc' dir='ltr'>καὶ</span> <span class='ocrx_word' id='word_1_156' title='bbox 903 1984 993 2038; x_wconf 86' lang='grc' dir='ltr'>διὰ</span> <span class='ocrx_word' id='word_1_157' title='bbox 1022 1985 1130 2038; x_wconf 91' lang='grc' dir='ltr'>τῶν</span> <span class='ocrx_word' id='word_1_158' title='bbox 1180 1984 1440 2037; x_wconf 74' lang='grc' dir='ltr'>ἐναντίων</span> <span class='ocrx_word' id='word_1_159' title='bbox 1486 1984 1723 2039; x_wconf 88' lang='grc' dir='ltr'>δείκνυσι</span> <span class='ocrx_word' id='word_1_160' title='bbox 1767 1985 1968 2058; x_wconf 79' lang='grc' dir='ltr'>πολλὴν</span> 
     </span>
    </p>
   </div>
   <div class='ocr_carea' id='block_1_22' title="bbox 388 2063 1968 2141">
    <p class='ocr_par' dir='ltr' id='par_1_22' title="bbox 388 2063 1968 2141">
     <span class='ocr_line' id='line_1_22' title="bbox 388 2063 1968 2141; baseline -0.001 -16"><span class='ocrx_word' id='word_1_161' title='bbox 388 2073 485 2126; x_wconf 90' lang='grc' dir='ltr'>τοῦ</span> <span class='ocrx_word' id='word_1_162' title='bbox 529 2070 852 2141; x_wconf 87' lang='grc' dir='ltr'>πράγματος</span> <span class='ocrx_word' id='word_1_163' title='bbox 884 2067 981 2140; x_wconf 82' lang='grc' dir='ltr'>τὴν</span> <span class='ocrx_word' id='word_1_164' title='bbox 1030 2067 1183 2137; x_wconf 77' lang='grc' dir='ltr'>ἰσχὺν</span> <span class='ocrx_word' id='word_1_165' title='bbox 1212 2063 1398 2121; x_wconf 84' lang='grc' dir='ltr'>οὖσαν.</span> <span class='ocrx_word' id='word_1_166' title='bbox 1435 2068 1537 2121; x_wconf 82' lang='grc' dir='ltr'>Ἂν</span> <span class='ocrx_word' id='word_1_167' title='bbox 1580 2068 1689 2136; x_wconf 73' lang='grc' dir='ltr'>γὰρ</span> <span class='ocrx_word' id='word_1_168' title='bbox 1728 2068 1968 2138; x_wconf 76' lang='grc' dir='ltr'>γένηταί</span> 
     </span>
    </p>
   </div>
   <div class='ocr_carea' id='block_1_23' title="bbox 389 2145 1969 2222">
    <p class='ocr_par' dir='ltr' id='par_1_23' title="bbox 389 2145 1969 2222">
     <span class='ocr_line' id='line_1_23' title="bbox 389 2145 1969 2222; baseline -0.002 -14"><span class='ocrx_word' id='word_1_169' title='bbox 389 2172 483 2221; x_wconf 81' lang='grc' dir='ltr'>τις</span> <span class='ocrx_word' id='word_1_170' title='bbox 534 2149 911 2222; x_wconf 77' lang='grc' dir='ltr'>ἁμαρτωλὸς,</span> <span class='ocrx_word' id='word_1_171' title='bbox 953 2150 1136 2221; x_wconf 82' lang='grc' dir='ltr'>φησὶν,</span> <span class='ocrx_word' id='word_1_172' title='bbox 1182 2145 1309 2203; x_wconf 81' lang='grc' dir='ltr'>εἶτα</span> <span class='ocrx_word' id='word_1_173' title='bbox 1350 2151 1832 2220; x_wconf 75' lang='grc' dir='ltr'>μεταϐαλόμενος</span> <span class='ocrx_word' id='word_1_174' title='bbox 1872 2152 1969 2222; x_wconf 77' lang='grc' dir='ltr'>γέ·</span> 
     </span>
    </p>
   </div>
   <div class='ocr_carea' id='block_1_24' title="bbox 387 2231 1968 2304">
    <p class='ocr_par' dir='ltr' id='par_1_24' title="bbox 387 2231 1968 2304">
     <span class='ocr_line' id='line_1_24' title="bbox 387 2231 1968 2304; baseline -0.001 -14"><span class='ocrx_word' id='word_1_175' title='bbox 387 2254 564 2304; x_wconf 83' lang='grc' dir='ltr'>νηται</span> <span class='ocrx_word' id='word_1_176' title='bbox 631 2235 886 2299; x_wconf 83' lang='grc' dir='ltr'>δίκαιος,</span> <span class='ocrx_word' id='word_1_177' title='bbox 946 2235 1019 2286; x_wconf 85' lang='grc' dir='ltr'>οὐ</span> <span class='ocrx_word' id='word_1_178' title='bbox 1056 2231 1143 2302; x_wconf 81' lang='grc' dir='ltr'>μὴ</span> <span class='ocrx_word' id='word_1_179' title='bbox 1183 2232 1542 2300; x_wconf 84' lang='grc' dir='ltr'>μνησθῶσιν</span> <span class='ocrx_word' id='word_1_180' title='bbox 1589 2236 1649 2288; x_wconf 78' lang='grc' dir='ltr'>αἱ</span> <span class='ocrx_word' id='word_1_181' title='bbox 1695 2235 1968 2303; x_wconf 77' lang='grc' dir='ltr'>ἁμαρτίαι</span> 
     </span>
    </p>
   </div>
   <div class='ocr_carea' id='block_1_25' title="bbox 382 2312 1968 2387">
    <p class='ocr_par' dir='ltr' id='par_1_25' title="bbox 382 2312 1968 2387">
     <span class='ocr_line' id='line_1_25' title="bbox 382 2312 1968 2387; baseline -0.001 -17"><span class='ocrx_word' id='word_1_182' title='bbox 382 2317 572 2372; x_wconf 82' lang='grc' dir='ltr'>αὐτοῦ</span> <span class='ocrx_word' id='word_1_183' title='bbox 598 2315 625 2355; x_wconf 73' lang='grc' dir='ltr'>δ</span> <span class='ocrx_word' id='word_1_184' title='bbox 645 2333 660 2349; x_wconf 93' lang='grc'>·</span> <span class='ocrx_word' id='word_1_185' title='bbox 700 2317 771 2370; x_wconf 82' lang='grc' dir='ltr'>ἐν</span> <span class='ocrx_word' id='word_1_186' title='bbox 798 2314 873 2382; x_wconf 79' lang='grc' dir='ltr'>τῇ</span> <span class='ocrx_word' id='word_1_187' title='bbox 903 2313 1257 2383; x_wconf 72' lang='grc' dir='ltr'>δικαιοσύνῃ</span> <span class='ocrx_word' id='word_1_188' title='bbox 1296 2315 1483 2368; x_wconf 84' lang='grc' dir='ltr'>αὐτοῦ</span> <span class='ocrx_word' id='word_1_189' title='bbox 1510 2312 1765 2383; x_wconf 72' lang='grc' dir='ltr'>ζήσεται.</span> <span class='ocrx_word' id='word_1_190' title='bbox 1806 2317 1968 2387; x_wconf 78' lang='grc' dir='ltr'>Ὁρᾷς</span> 
     </span>
    </p>
   </div>
   <div class='ocr_carea' id='block_1_26' title="bbox 380 2397 1965 2471">
    <p class='ocr_par' dir='ltr' id='par_1_26' title="bbox 380 2397 1965 2471">
     <span class='ocr_line' id='line_1_26' title="bbox 380 2397 1965 2471; baseline 0 -16"><span class='ocrx_word' id='word_1_191' title='bbox 380 2402 473 2455; x_wconf 76' lang='grc' dir='ltr'>καὶ</span> <span class='ocrx_word' id='word_1_192' title='bbox 514 2398 750 2454; x_wconf 87' lang='grc' dir='ltr'>ἐνταῦθα</span> <span class='ocrx_word' id='word_1_193' title='bbox 802 2397 999 2468; x_wconf 84' lang='grc' dir='ltr'>πολλὴν</span> <span class='ocrx_word' id='word_1_194' title='bbox 1042 2397 1136 2450; x_wconf 92' lang='grc' dir='ltr'>τοῦ</span> <span class='ocrx_word' id='word_1_195' title='bbox 1184 2397 1370 2460; x_wconf 82' lang='grc' dir='ltr'>τέλους</span> <span class='ocrx_word' id='word_1_196' title='bbox 1427 2398 1590 2452; x_wconf 77' lang='grc' dir='ltr'>αὐτὸν</span> <span class='ocrx_word' id='word_1_197' title='bbox 1641 2400 1965 2471; x_wconf 83' lang='grc' dir='ltr'>ποιούμενον</span> 
     </span>
    </p>
   </div>
   <div class='ocr_carea' id='block_1_27' title="bbox 380 2480 1967 2556">
    <p class='ocr_par' dir='ltr' id='par_1_27' title="bbox 380 2480 1967 2556">
     <span class='ocr_line' id='line_1_27' title="bbox 380 2480 1967 2556; baseline 0.001 -21"><span class='ocrx_word' id='word_1_198' title='bbox 380 2484 654 2555; x_wconf 87' lang='grc' dir='ltr'>πρόνοιαν.</span> <span class='ocrx_word' id='word_1_199' title='bbox 684 2481 801 2535; x_wconf 87' lang='grc' dir='ltr'>’Ίνα</span> <span class='ocrx_word' id='word_1_200' title='bbox 830 2480 937 2552; x_wconf 81' lang='grc' dir='ltr'>γὰρ</span> <span class='ocrx_word' id='word_1_201' title='bbox 969 2480 1105 2551; x_wconf 89' lang='grc' dir='ltr'>μὴτε</span> <span class='ocrx_word' id='word_1_202' title='bbox 1132 2481 1161 2533; x_wconf 98' lang='lat'>6</span> <span class='ocrx_word' id='word_1_203' title='bbox 1196 2480 1404 2543; x_wconf 88' lang='grc' dir='ltr'>δίκαιος</span> <span class='ocrx_word' id='word_1_204' title='bbox 1429 2483 1495 2552; x_wconf 81' lang='grc' dir='ltr'>τῇ</span> <span class='ocrx_word' id='word_1_205' title='bbox 1525 2480 1841 2556; x_wconf 81' lang='grc' dir='ltr'>δικαιοσύνῃ</span> <span class='ocrx_word' id='word_1_206' title='bbox 1869 2485 1967 2537; x_wconf 83' lang='grc' dir='ltr'>αύ-</span> 
     </span>
    </p>
   </div>
   <div class='ocr_carea' id='block_1_28' title="bbox 379 2562 1964 2638">
    <p class='ocr_par' dir='ltr' id='par_1_28' title="bbox 379 2562 1964 2638">
     <span class='ocr_line' id='line_1_28' title="bbox 379 2562 1964 2638; baseline 0.002 -20"><span class='ocrx_word' id='word_1_207' title='bbox 379 2565 472 2620; x_wconf 86' lang='grc' dir='ltr'>τοῦ</span> <span class='ocrx_word' id='word_1_208' title='bbox 504 2564 746 2637; x_wconf 68' lang='grc' dir='ltr'>θαρρῶν,</span> <span class='ocrx_word' id='word_1_209' title='bbox 776 2566 857 2626; x_wconf 84' lang='grc' dir='ltr'>είς</span> <span class='ocrx_word' id='word_1_210' title='bbox 898 2562 1169 2635; x_wconf 74' lang='grc' dir='ltr'>ῥᾳθυμίαν</span> <span class='ocrx_word' id='word_1_211' title='bbox 1213 2563 1508 2629; x_wconf 80' lang='grc' dir='ltr'>ἀποκλίνας</span> <span class='ocrx_word' id='word_1_212' title='bbox 1549 2565 1834 2638; x_wconf 77' lang='grc' dir='ltr'>ἀπόληται,</span> <span class='ocrx_word' id='word_1_213' title='bbox 1867 2584 1964 2637; x_wconf 87' lang='grc' dir='ltr'>φο-</span> 
     </span>
    </p>
   </div>
   <div class='ocr_carea' id='block_1_29' title="bbox 384 2646 1966 2720">
    <p class='ocr_par' dir='ltr' id='par_1_29' title="bbox 384 2646 1966 2720">
     <span class='ocr_line' id='line_1_29' title="bbox 384 2646 1966 2720; baseline 0.004 -20"><span class='ocrx_word' id='word_1_214' title='bbox 384 2648 468 2702; x_wconf 81' lang='grc' dir='ltr'>ϐεῖ</span> <span class='ocrx_word' id='word_1_215' title='bbox 511 2648 599 2701; x_wconf 75' lang='grc' dir='ltr'>διὰ</span> <span class='ocrx_word' id='word_1_216' title='bbox 644 2646 740 2701; x_wconf 91' lang='grc' dir='ltr'>τοῦ</span> <span class='ocrx_word' id='word_1_217' title='bbox 773 2646 960 2710; x_wconf 85' lang='grc' dir='ltr'>τέλους</span> <span class='ocrx_word' id='word_1_218' title='bbox 1007 2646 1205 2700; x_wconf 82' lang='grc' dir='ltr'>αὐτόν·</span> <span class='ocrx_word' id='word_1_219' title='bbox 1255 2648 1391 2719; x_wconf 80' lang='grc' dir='ltr'>μήτε</span> <span class='ocrx_word' id='word_1_220' title='bbox 1424 2650 1452 2702; x_wconf 89' lang='lat'>6</span> <span class='ocrx_word' id='word_1_221' title='bbox 1483 2650 1803 2720; x_wconf 84' lang='grc' dir='ltr'>ἁμαρτωλὸς</span> <span class='ocrx_word' id='word_1_222' title='bbox 1832 2652 1966 2706; x_wconf 83' lang='lat'><strong>61:0—</strong></span> 
     </span>
    </p>
   </div>
   <div class='ocr_carea' id='block_1_30' title="bbox 387 2730 1965 2808">
    <p class='ocr_par' dir='ltr' id='par_1_30' title="bbox 387 2730 1965 2808">
     <span class='ocr_line' id='line_1_30' title="bbox 387 2730 1965 2808; baseline 0.003 -24"><span class='ocrx_word' id='word_1_223' title='bbox 387 2733 542 2801; x_wconf 63' lang='grc' dir='ltr'>γνοὺς</span> <span class='ocrx_word' id='word_1_224' title='bbox 568 2731 661 2785; x_wconf 69' lang='grc' dir='ltr'>ἐπὶ</span> <span class='ocrx_word' id='word_1_225' title='bbox 701 2732 815 2793; x_wconf 87' lang='grc' dir='ltr'>τοῖς</span> <span class='ocrx_word' id='word_1_226' title='bbox 844 2730 1281 2802; x_wconf 87' lang='grc' dir='ltr'>παραπτώμασι,</span> <span class='ocrx_word' id='word_1_227' title='bbox 1320 2732 1454 2805; x_wconf 88' lang='grc' dir='ltr'>μένῃ</span> <span class='ocrx_word' id='word_1_228' title='bbox 1483 2733 1775 2799; x_wconf 80' lang='grc' dir='ltr'>διαπαντὸς</span> <span class='ocrx_word' id='word_1_229' title='bbox 1802 2738 1858 2789; x_wconf 87' lang='grc' dir='ltr'>ἐν</span> <span class='ocrx_word' id='word_1_230' title='bbox 1888 2735 1965 2808; x_wconf 84' lang='grc' dir='ltr'>τῷ</span> 
     </span>
    </p>
   </div>
   <div class='ocr_carea' id='block_1_31' title="bbox 391 2813 1967 2890">
    <p class='ocr_par' dir='ltr' id='par_1_31' title="bbox 391 2813 1967 2890">
     <span class='ocr_line' id='line_1_31' title="bbox 391 2813 1967 2890; baseline 0.003 -22"><span class='ocrx_word' id='word_1_231' title='bbox 391 2815 658 2885; x_wconf 83' lang='grc' dir='ltr'>πτώματι,</span> <span class='ocrx_word' id='word_1_232' title='bbox 704 2813 956 2884; x_wconf 83' lang='grc' dir='ltr'>ἀνίστησι</span> <span class='ocrx_word' id='word_1_233' title='bbox 994 2814 1082 2869; x_wconf 86' lang='grc' dir='ltr'>διά</span> <span class='ocrx_word' id='word_1_234' title='bbox 1119 2816 1213 2869; x_wconf 89' lang='grc' dir='ltr'>τοῦ</span> <span class='ocrx_word' id='word_1_235' title='bbox 1251 2816 1439 2881; x_wconf 85' lang='grc' dir='ltr'>τέλους</span> <span class='ocrx_word' id='word_1_236' title='bbox 1479 2818 1659 2873; x_wconf 80' lang='grc' dir='ltr'>αὐτόν.</span> <span class='ocrx_word' id='word_1_237' title='bbox 1684 2818 1967 2890; x_wconf 86' lang='grc' dir='ltr'>’Ἢμαρτες</span> 
     </span>
    </p>
   </div>
   <div class='ocr_carea' id='block_1_32' title="bbox 396 2898 1967 2973">
    <p class='ocr_par' dir='ltr' id='par_1_32' title="bbox 396 2898 1967 2973">
     <span class='ocr_line' id='line_1_32' title="bbox 396 2898 1967 2973; baseline 0.001 -20"><span class='ocrx_word' id='word_1_238' title='bbox 396 2899 593 2959; x_wconf 72' lang='grc' dir='ltr'>πολλὰ.</span> <span class='ocrx_word' id='word_1_239' title='bbox 633 2900 807 2969; x_wconf 64' lang='grc' dir='ltr'>φησὶν,</span> <span class='ocrx_word' id='word_1_240' title='bbox 848 2898 986 2953; x_wconf 90' lang='grc' dir='ltr'>άλλά</span> <span class='ocrx_word' id='word_1_241' title='bbox 1025 2898 1101 2971; x_wconf 81' lang='grc' dir='ltr'>μὴ</span> <span class='ocrx_word' id='word_1_242' title='bbox 1146 2900 1485 2972; x_wconf 87' lang='grc' dir='ltr'>ἀπελπίσῃς·</span> <span class='ocrx_word' id='word_1_243' title='bbox 1518 2900 1631 2954; x_wconf 82' lang='grc' dir='ltr'>ἔστι</span> <span class='ocrx_word' id='word_1_244' title='bbox 1664 2901 1771 2973; x_wconf 86' lang='lat'>769</span> <span class='ocrx_word' id='word_1_245' title='bbox 1802 2902 1967 2955; x_wconf 87' lang='grc' dir='ltr'>ἐπάν-</span> 
     </span>
    </p>
   </div>
   <div class='ocr_carea' id='block_1_33' title="bbox 395 2982 1966 3055">
    <p class='ocr_par' dir='ltr' id='par_1_33' title="bbox 395 2982 1966 3055">
     <span class='ocr_line' id='line_1_33' title="bbox 395 2982 1966 3055; baseline 0.001 -18"><span class='ocrx_word' id='word_1_246' title='bbox 395 2983 532 3047; x_wconf 81' lang='grc' dir='ltr'>οδος,</span> <span class='ocrx_word' id='word_1_247' title='bbox 558 2984 650 3036; x_wconf 80' lang='grc' dir='ltr'>ἐὰν</span> <span class='ocrx_word' id='word_1_248' title='bbox 678 2982 909 3035; x_wconf 85' lang='grc' dir='ltr'>ἐναντίον</span> <span class='ocrx_word' id='word_1_249' title='bbox 935 2992 958 3021; x_wconf 60' lang='grc' dir='ltr'>ιε</span> <span class='ocrx_word' id='word_1_250' title='bbox 984 2983 1085 3052; x_wconf 79' lang='grc' dir='ltr'>τῆς</span> <span class='ocrx_word' id='word_1_251' title='bbox 1116 2983 1289 3054; x_wconf 81' lang='grc' dir='ltr'>ἀρχῆς</span> <span class='ocrx_word' id='word_1_252' title='bbox 1316 2982 1494 3055; x_wconf 82' lang='grc' dir='ltr'>δείξῃς</span> <span class='ocrx_word' id='word_1_253' title='bbox 1517 2983 1579 3037; x_wconf 91' lang='lat'>16</span> <span class='ocrx_word' id='word_1_254' title='bbox 1606 2983 1773 3048; x_wconf 85' lang='grc' dir='ltr'>τέλος.</span> <span class='ocrx_word' id='word_1_255' title='bbox 1798 2985 1966 3038; x_wconf 90' lang='grc' dir='ltr'>Πάλιν</span> 
     </span>
    </p>
   </div>
   <div class='ocr_carea' id='block_1_34' title="bbox 395 3063 1967 3137">
    <p class='ocr_par' dir='ltr' id='par_1_34' title="bbox 395 3063 1967 3137">
     <span class='ocr_line' id='line_1_34' title="bbox 395 3063 1967 3137; baseline 0.003 -20"><span class='ocrx_word' id='word_1_256' title='bbox 395 3064 529 3136; x_wconf 68' lang='grc' dir='ltr'>πρὸς</span> <span class='ocrx_word' id='word_1_257' title='bbox 571 3064 658 3118; x_wconf 81' lang='grc' dir='ltr'>τὸν</span> <span class='ocrx_word' id='word_1_258' title='bbox 688 3064 911 3129; x_wconf 73' lang='grc' dir='ltr'>δίκαιον,</span> <span class='ocrx_word' id='word_1_259' title='bbox 940 3063 1321 3134; x_wconf 84' lang='grc' dir='ltr'>Κατώρθωσας</span> <span class='ocrx_word' id='word_1_260' title='bbox 1360 3065 1548 3129; x_wconf 82' lang='grc' dir='ltr'>πολλὰ,</span> <span class='ocrx_word' id='word_1_261' title='bbox 1599 3066 1781 3137; x_wconf 72' lang='grc' dir='ltr'>φησὶν,</span> <span class='ocrx_word' id='word_1_262' title='bbox 1831 3066 1967 3121; x_wconf 87' lang='grc' dir='ltr'>ἀλλά</span> 
     </span>
    </p>
   </div>
   <div class='ocr_carea' id='block_1_35' title="bbox 392 3146 1964 3223">
    <p class='ocr_par' dir='ltr' id='par_1_35' title="bbox 392 3146 1964 3223">
     <span class='ocr_line' id='line_1_35' title="bbox 392 3146 1964 3223; baseline 0.001 -20"><span class='ocrx_word' id='word_1_263' title='bbox 392 3151 467 3221; x_wconf 81' lang='grc' dir='ltr'>μὴ</span> <span class='ocrx_word' id='word_1_264' title='bbox 497 3150 772 3222; x_wconf 85' lang='grc' dir='ltr'>θαρσήσῃς</span> <span class='ocrx_word' id='word_1_265' title='bbox 793 3164 806 3178; x_wconf 96' lang='grc'>·</span> <span class='ocrx_word' id='word_1_266' title='bbox 840 3147 1124 3218; x_wconf 77' lang='grc' dir='ltr'>συμϐαίνει</span> <span class='ocrx_word' id='word_1_267' title='bbox 1153 3146 1261 3220; x_wconf 84' lang='grc' dir='ltr'>γάρ</span> <span class='ocrx_word' id='word_1_268' title='bbox 1292 3150 1386 3202; x_wconf 73' lang='grc' dir='ltr'>καὶ</span> <span class='ocrx_word' id='word_1_269' title='bbox 1413 3152 1621 3215; x_wconf 83' lang='grc' dir='ltr'>πεσεῖν,</span> <span class='ocrx_word' id='word_1_270' title='bbox 1650 3149 1718 3204; x_wconf 83' lang='grc' dir='ltr'>ἂν</span> <span class='ocrx_word' id='word_1_271' title='bbox 1759 3149 1834 3223; x_wconf 84' lang='grc' dir='ltr'>μὴ</span> <span class='ocrx_word' id='word_1_272' title='bbox 1875 3150 1964 3206; x_wconf 79' lang='grc' dir='ltr'>διὰ</span> 
     </span>
    </p>
   </div>
   <div class='ocr_carea' id='block_1_36' title="bbox 385 3228 1965 3307">
    <p class='ocr_par' dir='ltr' id='par_1_36' title="bbox 385 3228 1965 3307">
     <span class='ocr_line' id='line_1_36' title="bbox 385 3228 1965 3307; baseline 0.003 -22"><span class='ocrx_word' id='word_1_273' title='bbox 385 3233 536 3295; x_wconf 81' lang='grc' dir='ltr'>τέλος</span> <span class='ocrx_word' id='word_1_274' title='bbox 562 3233 661 3303; x_wconf 82' lang='grc' dir='ltr'>τὴν</span> <span class='ocrx_word' id='word_1_275' title='bbox 694 3232 817 3302; x_wconf 86' lang='grc' dir='ltr'>ίσην</span> <span class='ocrx_word' id='word_1_276' title='bbox 841 3230 970 3302; x_wconf 81' lang='grc' dir='ltr'>ἔχῃς</span> <span class='ocrx_word' id='word_1_277' title='bbox 1002 3231 1255 3303; x_wconf 73' lang='grc' dir='ltr'>σπουδήν.</span> <span class='ocrx_word' id='word_1_278' title='bbox 1280 3228 1434 3296; x_wconf 75' lang='grc' dir='ltr'>Εἶδες</span> <span class='ocrx_word' id='word_1_279' title='bbox 1465 3232 1584 3298; x_wconf 89' lang='grc' dir='ltr'>πῶς</span> <span class='ocrx_word' id='word_1_280' title='bbox 1612 3233 1706 3287; x_wconf 88' lang='grc' dir='ltr'>τοῦ</span> <span class='ocrx_word' id='word_1_281' title='bbox 1738 3235 1837 3307; x_wconf 82' lang='grc' dir='ltr'>μὲν</span> <span class='ocrx_word' id='word_1_282' title='bbox 1866 3235 1965 3307; x_wconf 81' lang='grc' dir='ltr'>τὴν</span> 
     </span>
    </p>
   </div>
   <div class='ocr_carea' id='block_1_37' title="bbox 387 3313 1647 3387">
    <p class='ocr_par' dir='ltr' id='par_1_37' title="bbox 387 3313 1647 3387">
     <span class='ocr_line' id='line_1_37' title="bbox 387 3313 1647 3387; baseline 0.002 -20"><span class='ocrx_word' id='word_1_283' title='bbox 387 3313 685 3387; x_wconf 74' lang='grc' dir='ltr'>ρᾳθυμίαν,</span> <span class='ocrx_word' id='word_1_284' title='bbox 723 3313 817 3368; x_wconf 84' lang='grc' dir='ltr'>τοῦ</span> <span class='ocrx_word' id='word_1_285' title='bbox 848 3314 905 3367; x_wconf 85' lang='grc' dir='ltr'>δέ</span> <span class='ocrx_word' id='word_1_286' title='bbox 943 3313 1039 3385; x_wconf 84' lang='grc' dir='ltr'>τὴν</span> <span class='ocrx_word' id='word_1_287' title='bbox 1068 3315 1378 3385; x_wconf 75' lang='grc' dir='ltr'>ἀπόγνωσιν</span> <span class='ocrx_word' id='word_1_288' title='bbox 1404 3316 1647 3384; x_wconf 82' lang='grc' dir='ltr'>ἀνεῖλεν;</span> 
     </span>
    </p>
   </div>
   <div class='ocr_carea' id='block_1_38' title="bbox 458 3397 1966 3473">
    <p class='ocr_par' dir='ltr' id='par_1_38' title="bbox 458 3397 1966 3473">
     <span class='ocr_line' id='line_1_38' title="bbox 458 3397 1966 3473; baseline 0.002 -22"><span class='ocrx_word' id='word_1_289' title='bbox 458 3404 529 3467; x_wconf 88' lang='grc' dir='ltr'>γ’.</span> <span class='ocrx_word' id='word_1_290' title='bbox 549 3398 775 3461; x_wconf 82' lang='grc' dir='ltr'>Οὐδενὸς</span> <span class='ocrx_word' id='word_1_291' title='bbox 784 3397 987 3451; x_wconf 89' lang='grc' dir='ltr'>τούτων</span> <span class='ocrx_word' id='word_1_292' title='bbox 999 3398 1230 3469; x_wconf 73' lang='grc' dir='ltr'>ἤκουσεν</span> <span class='ocrx_word' id='word_1_293' title='bbox 1255 3398 1450 3463; x_wconf 77' lang='grc' dir='ltr'>Ὀζίας·</span> <span class='ocrx_word' id='word_1_294' title='bbox 1471 3399 1551 3452; x_wconf 86' lang='grc' dir='ltr'>διὸ</span> <span class='ocrx_word' id='word_1_295' title='bbox 1579 3399 1672 3454; x_wconf 75' lang='grc' dir='ltr'>καὶ</span> <span class='ocrx_word' id='word_1_296' title='bbox 1689 3399 1966 3473; x_wconf 83' lang='grc' dir='ltr'>θαρσήσας</span> 
     </span>
    </p>
   </div>
   <div class='ocr_carea' id='block_1_39' title="bbox 386 3479 1964 3555">
    <p class='ocr_par' dir='ltr' id='par_1_39' title="bbox 386 3479 1964 3555">
     <span class='ocr_line' id='line_1_39' title="bbox 386 3479 1964 3555; baseline 0.001 -20"><span class='ocrx_word' id='word_1_297' title='bbox 386 3480 655 3535; x_wconf 86' lang='grc' dir='ltr'>κατέπεσε</span> <span class='ocrx_word' id='word_1_298' title='bbox 684 3479 885 3550; x_wconf 76' lang='grc' dir='ltr'>πτῶμα</span> <span class='ocrx_word' id='word_1_299' title='bbox 909 3479 1139 3550; x_wconf 81' lang='grc' dir='ltr'>χαλεπὸν</span> <span class='ocrx_word' id='word_1_300' title='bbox 1168 3481 1261 3534; x_wconf 73' lang='grc' dir='ltr'>καὶ</span> <span class='ocrx_word' id='word_1_301' title='bbox 1288 3481 1525 3537; x_wconf 88' lang='grc' dir='ltr'>ἀνίατον.</span> <span class='ocrx_word' id='word_1_302' title='bbox 1554 3481 1689 3535; x_wconf 80' lang='grc' dir='ltr'>Οὐδὲ</span> <span class='ocrx_word' id='word_1_303' title='bbox 1716 3483 1825 3555; x_wconf 88' lang='lat'>769</span> <span class='ocrx_word' id='word_1_304' title='bbox 1855 3486 1964 3537; x_wconf 80' lang='grc' dir='ltr'>πᾶν</span> 
     </span>
    </p>
   </div>
   <div class='ocr_carea' id='block_1_40' title="bbox 387 3562 1965 3635">
    <p class='ocr_par' dir='ltr' id='par_1_40' title="bbox 387 3562 1965 3635">
     <span class='ocr_line' id='line_1_40' title="bbox 387 3562 1965 3635; baseline 0.003 -19"><span class='ocrx_word' id='word_1_305' title='bbox 387 3562 589 3633; x_wconf 83' lang='grc' dir='ltr'>πτῶμα</span> <span class='ocrx_word' id='word_1_306' title='bbox 621 3562 735 3615; x_wconf 79' lang='grc' dir='ltr'>ἴσον</span> <span class='ocrx_word' id='word_1_307' title='bbox 773 3564 904 3634; x_wconf 82' lang='grc' dir='ltr'>ἡμῖν</span> <span class='ocrx_word' id='word_1_308' title='bbox 942 3562 1239 3634; x_wconf 78' lang='grc' dir='ltr'>ἐργάζεται</span> <span class='ocrx_word' id='word_1_309' title='bbox 1284 3563 1346 3616; x_wconf 88' lang='lat'>16</span> <span class='ocrx_word' id='word_1_310' title='bbox 1388 3562 1629 3635; x_wconf 88' lang='grc' dir='ltr'>τραῦμα,</span> <span class='ocrx_word' id='word_1_311' title='bbox 1676 3564 1813 3618; x_wconf 88' lang='grc' dir='ltr'>ἀλλά</span> <span class='ocrx_word' id='word_1_312' title='bbox 1858 3566 1965 3621; x_wconf 90' lang='grc' dir='ltr'>τῶν</span> 
     </span>
    </p>
   </div>
   <div class='ocr_carea' id='block_1_41' title="bbox 388 3646 1966 3720">
    <p class='ocr_par' dir='ltr' id='par_1_41' title="bbox 388 3646 1966 3720">
     <span class='ocr_line' id='line_1_41' title="bbox 388 3646 1966 3720; baseline 0.002 -18"><span class='ocrx_word' id='word_1_313' title='bbox 388 3647 672 3719; x_wconf 81' lang='grc' dir='ltr'>ἁμαρτιῶν</span> <span class='ocrx_word' id='word_1_314' title='bbox 694 3646 765 3700; x_wconf 83' lang='lat'>16</span> <span class='ocrx_word' id='word_1_315' title='bbox 799 3648 895 3717; x_wconf 80' lang='grc' dir='ltr'>μὲν</span> <span class='ocrx_word' id='word_1_316' title='bbox 921 3648 1025 3701; x_wconf 77' lang='lat'><strong>6116</strong></span> <span class='ocrx_word' id='word_1_317' title='bbox 1054 3648 1396 3718; x_wconf 87' lang='grc' dir='ltr'>κατάγνωσιν</span> <span class='ocrx_word' id='word_1_318' title='bbox 1446 3650 1621 3702; x_wconf 86' lang='grc' dir='ltr'>κεῖται</span> <span class='ocrx_word' id='word_1_319' title='bbox 1670 3648 1852 3720; x_wconf 88' lang='grc' dir='ltr'>μόνον,</span> <span class='ocrx_word' id='word_1_320' title='bbox 1897 3650 1966 3706; x_wconf 83' lang='grc' dir='ltr'>τά</span> 
     </span>
    </p>
   </div>
   <div class='ocr_carea' id='block_1_42' title="bbox 385 3730 1966 3802">
    <p class='ocr_par' dir='ltr' id='par_1_42' title="bbox 385 3730 1966 3802">
     <span class='ocr_line' id='line_1_42' title="bbox 385 3730 1966 3802; baseline 0.001 -16"><span class='ocrx_word' id='word_1_321' title='bbox 385 3732 446 3786; x_wconf 86' lang='lat'>66</span> <span class='ocrx_word' id='word_1_322' title='bbox 492 3730 882 3802; x_wconf 80' lang='grc' dir='ltr'>χαλεπωτάτην</span> <span class='ocrx_word' id='word_1_323' title='bbox 920 3730 1134 3801; x_wconf 89' lang='grc' dir='ltr'>δέχεται</span> <span class='ocrx_word' id='word_1_324' title='bbox 1180 3731 1470 3802; x_wconf 83' lang='grc' dir='ltr'>τιμωρίαν.</span> <span class='ocrx_word' id='word_1_325' title='bbox 1518 3732 1644 3795; x_wconf 82' lang='grc' dir='ltr'>Τοῖς</span> <span class='ocrx_word' id='word_1_326' title='bbox 1691 3730 1823 3799; x_wconf 91' lang='grc' dir='ltr'>γοῦν</span> <span class='ocrx_word' id='word_1_327' title='bbox 1865 3734 1966 3787; x_wconf 89' lang='grc' dir='ltr'>ούκ</span> 
     </span>
    </p>
   </div>
   <div class='ocr_carea' id='block_1_43' title="bbox 387 3814 1966 3886">
    <p class='ocr_par' dir='ltr' id='par_1_43' title="bbox 387 3814 1966 3886">
     <span class='ocr_line' id='line_1_43' title="bbox 387 3814 1966 3886; baseline 0.001 -17"><span class='ocrx_word' id='word_1_328' title='bbox 387 3814 713 3886; x_wconf 81' lang='grc' dir='ltr'>ἀναμένουσι</span> <span class='ocrx_word' id='word_1_329' title='bbox 740 3815 865 3877; x_wconf 78' lang='grc' dir='ltr'>τοὺς</span> <span class='ocrx_word' id='word_1_330' title='bbox 907 3814 1167 3882; x_wconf 78' lang='grc' dir='ltr'>ἀδελφοὺς</span> <span class='ocrx_word' id='word_1_331' title='bbox 1196 3816 1254 3867; x_wconf 85' lang='grc' dir='ltr'>ἐν</span> <span class='ocrx_word' id='word_1_332' title='bbox 1294 3817 1407 3878; x_wconf 85' lang='grc' dir='ltr'>τοῖς</span> <span class='ocrx_word' id='word_1_333' title='bbox 1440 3817 1639 3878; x_wconf 83' lang='grc' dir='ltr'>κοινοῖς</span> <span class='ocrx_word' id='word_1_334' title='bbox 1670 3814 1905 3880; x_wconf 83' lang='grc' dir='ltr'>δείπνοις</span> <span class='ocrx_word' id='word_1_335' title='bbox 1936 3817 1966 3869; x_wconf 92' lang='lat'>6</span> 
     </span>
    </p>
   </div>
   <div class='ocr_carea' id='block_1_44' title="bbox 388 3895 1967 3969">
    <p class='ocr_par' dir='ltr' id='par_1_44' title="bbox 388 3895 1967 3969">
     <span class='ocr_line' id='line_1_44' title="bbox 388 3895 1967 3969; baseline 0.001 -18"><span class='ocrx_word' id='word_1_336' title='bbox 388 3898 602 3962; x_wconf 79' lang='grc' dir='ltr'>Παῦλος</span> <span class='ocrx_word' id='word_1_337' title='bbox 646 3896 934 3968; x_wconf 81' lang='grc' dir='ltr'>ἐπιτιμῶν,</span> <span class='ocrx_word' id='word_1_338' title='bbox 977 3895 1151 3960; x_wconf 76' lang='grc' dir='ltr'>οὕτως</span> <span class='ocrx_word' id='word_1_339' title='bbox 1195 3895 1378 3966; x_wconf 82' lang='grc' dir='ltr'>ἐλεγε·</span> <span class='ocrx_word' id='word_1_340' title='bbox 1413 3897 1591 3952; x_wconf 86' lang='grc' dir='ltr'>Τοῦτο</span> <span class='ocrx_word' id='word_1_341' title='bbox 1634 3897 1704 3951; x_wconf 87' lang='grc' dir='ltr'>δὲ</span> <span class='ocrx_word' id='word_1_342' title='bbox 1742 3914 1967 3969; x_wconf 76' lang='grc' dir='ltr'>παραγ-</span> 
     </span>
    </p>
   </div>
   <div class='ocr_carea' id='block_1_45' title="bbox 388 3977 1966 4053">
    <p class='ocr_par' dir='ltr' id='par_1_45' title="bbox 388 3977 1966 4053">
     <span class='ocr_line' id='line_1_45' title="bbox 388 3977 1966 4053; baseline -0.001 -17"><span class='ocrx_word' id='word_1_343' title='bbox 388 3983 626 4053; x_wconf 71' lang='grc' dir='ltr'>γέλλων</span> <span class='ocrx_word' id='word_1_344' title='bbox 681 3982 791 4035; x_wconf 82' lang='grc' dir='ltr'>οὐκ</span> <span class='ocrx_word' id='word_1_345' title='bbox 836 3977 1080 4034; x_wconf 84' lang='grc' dir='ltr'>ἐπαινῶ.</span> <span class='ocrx_word' id='word_1_346' title='bbox 1139 3980 1300 4051; x_wconf 80' lang='grc' dir='ltr'>Ὁρᾷς</span> <span class='ocrx_word' id='word_1_347' title='bbox 1352 3979 1514 4050; x_wconf 87' lang='grc' dir='ltr'>μέχρι</span> <span class='ocrx_word' id='word_1_348' title='bbox 1567 3980 1966 4049; x_wconf 84' lang='grc' dir='ltr'>καταγνώσεως</span> 
     </span>
    </p>
   </div>
   <div class='ocr_carea' id='block_1_46' title="bbox 391 4060 1965 4134">
    <p class='ocr_par' dir='ltr' id='par_1_46' title="bbox 391 4060 1965 4134">
     <span class='ocr_line' id='line_1_46' title="bbox 391 4060 1965 4134; baseline -0.001 -16"><span class='ocrx_word' id='word_1_349' title='bbox 391 4063 680 4134; x_wconf 77' lang='grc' dir='ltr'>ἱστάμενον</span> <span class='ocrx_word' id='word_1_350' title='bbox 700 4063 761 4115; x_wconf 87' lang='lat'>16</span> <span class='ocrx_word' id='word_1_351' title='bbox 788 4061 1005 4133; x_wconf 83' lang='grc' dir='ltr'>ἀμάρτη</span> <span class='ocrx_word' id='word_1_352' title='bbox 1014 4078 1110 4132; x_wconf 87' lang='grc' dir='ltr'>μα,</span> <span class='ocrx_word' id='word_1_353' title='bbox 1136 4061 1230 4115; x_wconf 78' lang='grc' dir='ltr'>καὶ</span> <span class='ocrx_word' id='word_1_354' title='bbox 1259 4060 1425 4130; x_wconf 83' lang='grc' dir='ltr'>ψόγον</span> <span class='ocrx_word' id='word_1_355' title='bbox 1446 4061 1567 4132; x_wconf 83' lang='grc' dir='ltr'>ἔχον</span> <span class='ocrx_word' id='word_1_356' title='bbox 1587 4062 1649 4116; x_wconf 83' lang='lat'>16</span> <span class='ocrx_word' id='word_1_357' title='bbox 1672 4062 1965 4134; x_wconf 89' lang='grc' dir='ltr'>ἐπιτίμιον.</span> 
     </span>
    </p>
   </div>
   <div class='ocr_carea' id='block_1_47' title="bbox 402 4143 1966 4217">
    <p class='ocr_par' dir='ltr' id='par_1_47' title="bbox 402 4143 1966 4217">
     <span class='ocr_line' id='line_1_47' title="bbox 402 4143 1966 4217; baseline 0 -17"><span class='ocrx_word' id='word_1_358' title='bbox 402 4147 545 4200; x_wconf 81' lang='grc' dir='ltr'>Ἀλλ’</span> <span class='ocrx_word' id='word_1_359' title='bbox 565 4147 662 4217; x_wconf 81' lang='grc' dir='ltr'>οὐχ</span> <span class='ocrx_word' id='word_1_360' title='bbox 682 4146 808 4199; x_wconf 85' lang='grc' dir='ltr'>ὅταν</span> <span class='ocrx_word' id='word_1_361' title='bbox 837 4146 964 4214; x_wconf 73' lang='grc' dir='ltr'>περὶ</span> <span class='ocrx_word' id='word_1_362' title='bbox 993 4146 1249 4215; x_wconf 87' lang='grc' dir='ltr'>πορνείας</span> <span class='ocrx_word' id='word_1_363' title='bbox 1275 4143 1612 4215; x_wconf 78' lang='grc' dir='ltr'>διαλέγηται,</span> <span class='ocrx_word' id='word_1_364' title='bbox 1632 4144 1775 4199; x_wconf 74' lang='grc' dir='ltr'>οὕτω</span> <span class='ocrx_word' id='word_1_365' title='bbox 1804 4148 1966 4201; x_wconf 84' lang='grc' dir='ltr'>ποιεῖ.</span> 
     </span>
    </p>
   </div>
   <div class='ocr_carea' id='block_1_48' title="bbox 399 4225 1966 4297">
    <p class='ocr_par' dir='ltr' id='par_1_48' title="bbox 399 4225 1966 4297">
     <span class='ocr_line' id='line_1_48' title="bbox 399 4225 1966 4297; baseline 0.001 -17"><span class='ocrx_word' id='word_1_366' title='bbox 399 4225 565 4282; x_wconf 83' lang='grc' dir='ltr'>Ἀλλά</span> <span class='ocrx_word' id='word_1_367' title='bbox 613 4228 763 4294; x_wconf 86' lang='grc' dir='ltr'>πῶς;</span> <span class='ocrx_word' id='word_1_368' title='bbox 810 4228 882 4282; x_wconf 83' lang='lat' dir='ltr'>El</span> <span class='ocrx_word' id='word_1_369' title='bbox 912 4245 1002 4292; x_wconf 85' lang='grc' dir='ltr'>τις</span> <span class='ocrx_word' id='word_1_370' title='bbox 1053 4227 1159 4281; x_wconf 86' lang='grc' dir='ltr'>τὸν</span> <span class='ocrx_word' id='word_1_371' title='bbox 1194 4227 1347 4281; x_wconf 82' lang='grc' dir='ltr'>ναὸν</span> <span class='ocrx_word' id='word_1_372' title='bbox 1376 4227 1483 4281; x_wconf 85' lang='grc' dir='ltr'>τοῦ</span> <span class='ocrx_word' id='word_1_373' title='bbox 1530 4227 1679 4282; x_wconf 85' lang='grc' dir='ltr'>Θεοῦ</span> <span class='ocrx_word' id='word_1_374' title='bbox 1730 4228 1966 4297; x_wconf 76' lang='grc' dir='ltr'>φθερεῖ,</span> 
     </span>
    </p>
   </div>
   <div class='ocr_carea' id='block_1_49' title="bbox 389 4307 1970 4382">
    <p class='ocr_par' dir='ltr' id='par_1_49' title="bbox 389 4307 1970 4382">
     <span class='ocr_line' id='line_1_49' title="bbox 389 4307 1970 4382; baseline -0.002 -16"><span class='ocrx_word' id='word_1_375' title='bbox 389 4310 601 4382; x_wconf 74' lang='grc' dir='ltr'>φθερεῖ</span> <span class='ocrx_word' id='word_1_376' title='bbox 626 4308 845 4365; x_wconf 76' lang='grc' dir='ltr'>τοῦτον</span> <span class='ocrx_word' id='word_1_377' title='bbox 877 4312 910 4363; x_wconf 84' lang='grc' dir='ltr'>ό</span> <span class='ocrx_word' id='word_1_378' title='bbox 942 4310 1104 4375; x_wconf 82' lang='grc' dir='ltr'>Θεός.</span> <span class='ocrx_word' id='word_1_379' title='bbox 1145 4307 1405 4363; x_wconf 82' lang='grc' dir='ltr'>Ἐνταῦθα</span> <span class='ocrx_word' id='word_1_380' title='bbox 1448 4309 1556 4382; x_wconf 89' lang='lat'>769</span> <span class='ocrx_word' id='word_1_381' title='bbox 1582 4310 1682 4363; x_wconf 78' lang='grc' dir='ltr'>οὐκ</span> <span class='ocrx_word' id='word_1_382' title='bbox 1721 4309 1837 4363; x_wconf 79' lang='grc' dir='ltr'>ἐστι</span> <span class='ocrx_word' id='word_1_383' title='bbox 1869 4309 1970 4380; x_wconf 73' lang='grc' dir='ltr'>ψό-</span> 
     </span>
    </p>
   </div>
   <div class='ocr_carea' id='block_1_50' title="bbox 390 4391 1966 4465">
    <p class='ocr_par' dir='ltr' id='par_1_50' title="bbox 390 4391 1966 4465">
     <span class='ocr_line' id='line_1_50' title="bbox 390 4391 1966 4465; baseline 0.001 -18"><span class='ocrx_word' id='word_1_384' title='bbox 390 4411 507 4465; x_wconf 87' lang='grc' dir='ltr'>γος,</span> <span class='ocrx_word' id='word_1_385' title='bbox 538 4394 658 4448; x_wconf 86' lang='lat'><strong>0666</strong></span> <span class='ocrx_word' id='word_1_386' title='bbox 696 4392 1064 4461; x_wconf 75' lang='grc' dir='ltr'>κατάγνωσις,</span> <span class='ocrx_word' id='word_1_387' title='bbox 1109 4391 1223 4444; x_wconf 86' lang='grc' dir='ltr'>ἀλλ’</span> <span class='ocrx_word' id='word_1_388' title='bbox 1254 4392 1287 4463; x_wconf 86' lang='grc' dir='ltr'><strong>ἠ</strong></span> <span class='ocrx_word' id='word_1_389' title='bbox 1321 4391 1679 4462; x_wconf 85' lang='grc' dir='ltr'>χαλεπωτάτη</span> <span class='ocrx_word' id='word_1_390' title='bbox 1709 4393 1966 4465; x_wconf 90' lang='grc' dir='ltr'>τιμωρία.</span> 
     </span>
    </p>
   </div>
   <div class='ocr_carea' id='block_1_51' title="bbox 393 4473 1969 4549">
    <p class='ocr_par' dir='ltr' id='par_1_51' title="bbox 393 4473 1969 4549">
     <span class='ocr_line' id='line_1_51' title="bbox 393 4473 1969 4549; baseline -0.001 -18"><span class='ocrx_word' id='word_1_391' title='bbox 393 4473 517 4533; x_wconf 75' lang='grc' dir='ltr'>Οίδε</span> <span class='ocrx_word' id='word_1_392' title='bbox 551 4479 645 4530; x_wconf 75' lang='grc' dir='ltr'>καὶ</span> <span class='ocrx_word' id='word_1_393' title='bbox 688 4478 717 4529; x_wconf 93' lang='lat'>6</span> <span class='ocrx_word' id='word_1_394' title='bbox 759 4473 1010 4545; x_wconf 86' lang='grc' dir='ltr'>Σολομῶν</span> <span class='ocrx_word' id='word_1_395' title='bbox 1067 4474 1477 4544; x_wconf 84' lang='grc' dir='ltr'>ἁμαρτημάτων</span> <span class='ocrx_word' id='word_1_396' title='bbox 1530 4475 1792 4546; x_wconf 84' lang='grc' dir='ltr'>διαφοράς</span> <span class='ocrx_word' id='word_1_397' title='bbox 1815 4494 1828 4506; x_wconf 96' lang='grc'>·</span> <span class='ocrx_word' id='word_1_398' title='bbox 1869 4476 1969 4549; x_wconf 82' lang='grc' dir='ltr'>τὴν</span> 
     </span>
    </p>
   </div>
   <div class='ocr_carea' id='block_1_52' title="bbox 391 4556 1969 4631">
    <p class='ocr_par' dir='ltr' id='par_1_52' title="bbox 391 4556 1969 4631">
     <span class='ocr_line' id='line_1_52' title="bbox 391 4556 1969 4631; baseline -0.003 -17"><span class='ocrx_word' id='word_1_399' title='bbox 391 4559 525 4629; x_wconf 88' lang='grc' dir='ltr'>γοῦν</span> <span class='ocrx_word' id='word_1_400' title='bbox 555 4559 761 4631; x_wconf 82' lang='grc' dir='ltr'>κλοπὴν</span> <span class='ocrx_word' id='word_1_401' title='bbox 787 4561 852 4628; x_wconf 84' lang='grc' dir='ltr'>τῇ</span> <span class='ocrx_word' id='word_1_402' title='bbox 886 4556 1100 4628; x_wconf 72' lang='grc' dir='ltr'>μοιχεία</span> <span class='ocrx_word' id='word_1_403' title='bbox 1130 4557 1452 4626; x_wconf 80' lang='grc' dir='ltr'>συγκρίνων,</span> <span class='ocrx_word' id='word_1_404' title='bbox 1487 4558 1684 4612; x_wconf 80' lang='grc' dir='ltr'>οὑτωσί</span> <span class='ocrx_word' id='word_1_405' title='bbox 1719 4559 1837 4625; x_wconf 82' lang='grc' dir='ltr'>πώς</span> <span class='ocrx_word' id='word_1_406' title='bbox 1866 4578 1969 4631; x_wconf 78' lang='grc' dir='ltr'>φη-</span> 
     </span>
    </p>
   </div>
   <div class='ocr_carea' id='block_1_53' title="bbox 394 4636 1969 4710">
    <p class='ocr_par' dir='ltr' id='par_1_53' title="bbox 394 4636 1969 4710">
     <span class='ocr_line' id='line_1_53' title="bbox 394 4636 1969 4710; baseline -0.008 -14"><span class='ocrx_word' id='word_1_407' title='bbox 394 4659 512 4697; x_wconf 89' lang='grc' dir='ltr'>σιν·</span> <span class='ocrx_word' id='word_1_408' title='bbox 540 4644 623 4696; x_wconf 85' lang='grc' dir='ltr'>Οὐ</span> <span class='ocrx_word' id='word_1_409' title='bbox 654 4638 1021 4710; x_wconf 81' lang='grc' dir='ltr'>θαυμαστὸν,</span> <span class='ocrx_word' id='word_1_410' title='bbox 1055 4637 1164 4693; x_wconf 78' lang='grc' dir='ltr'>ἐὰν</span> <span class='ocrx_word' id='word_1_411' title='bbox 1201 4636 1328 4703; x_wconf 79' lang='grc' dir='ltr'>ἁλῷ</span> <span class='ocrx_word' id='word_1_412' title='bbox 1373 4655 1462 4705; x_wconf 78' lang='grc' dir='ltr'>τις</span> <span class='ocrx_word' id='word_1_413' title='bbox 1495 4638 1794 4695; x_wconf 81' lang='grc' dir='ltr'>κλέπτων·</span> <span class='ocrx_word' id='word_1_414' title='bbox 1830 4643 1969 4697; x_wconf 79' lang='grc' dir='ltr'>κλέ-</span> 
     </span>
    </p>
   </div>
   <div class='ocr_carea' id='block_1_54' title="bbox 389 4720 1965 4796">
    <p class='ocr_par' dir='ltr' id='par_1_54' title="bbox 389 4720 1965 4796">
     <span class='ocr_line' id='line_1_54' title="bbox 389 4720 1965 4796; baseline 0.001 -17"><span class='ocrx_word' id='word_1_415' title='bbox 389 4741 528 4779; x_wconf 84' lang='grc' dir='ltr'>πτει</span> <span class='ocrx_word' id='word_1_416' title='bbox 560 4724 693 4796; x_wconf 59' lang='grc' dir='ltr'>γὰρ,</span> <span class='ocrx_word' id='word_1_417' title='bbox 730 4726 831 4777; x_wconf 76' lang='grc' dir='ltr'>ἵνα</span> <span class='ocrx_word' id='word_1_418' title='bbox 859 4721 1143 4792; x_wconf 75' lang='grc' dir='ltr'>ἐμπλήσῃ</span> <span class='ocrx_word' id='word_1_419' title='bbox 1173 4720 1383 4791; x_wconf 69' lang='grc' dir='ltr'>ψυχὴν</span> <span class='ocrx_word' id='word_1_420' title='bbox 1409 4721 1594 4776; x_wconf 82' lang='grc' dir='ltr'>αὐτοῦ</span> <span class='ocrx_word' id='word_1_421' title='bbox 1628 4723 1932 4780; x_wconf 80' lang='grc' dir='ltr'>πεινῶσαν</span> <span class='ocrx_word' id='word_1_422' title='bbox 1951 4744 1965 4757; x_wconf 93' lang='grc'>·</span> 
     </span>
    </p>
   </div>
   <div class='ocr_carea' id='block_1_55' title="bbox 392 4801 1971 4877">
    <p class='ocr_par' dir='ltr' id='par_1_55' title="bbox 392 4801 1971 4877">
     <span class='ocr_line' id='line_1_55' title="bbox 392 4801 1971 4877; baseline -0.001 -15"><span class='ocrx_word' id='word_1_423' title='bbox 392 4810 426 4866; x_wconf 78' lang='grc' dir='ltr'><em>ὀ</em></span> <span class='ocrx_word' id='word_1_424' title='bbox 452 4807 521 4861; x_wconf 82' lang='grc' dir='ltr'>δὲ</span> <span class='ocrx_word' id='word_1_425' title='bbox 542 4805 757 4877; x_wconf 82' lang='grc' dir='ltr'>μοιχός</span> <span class='ocrx_word' id='word_1_426' title='bbox 784 4806 859 4860; x_wconf 80' lang='grc' dir='ltr'>δι’</span> <span class='ocrx_word' id='word_1_427' title='bbox 884 4804 1125 4875; x_wconf 77' lang='grc' dir='ltr'>ἔνδειαν</span> <span class='ocrx_word' id='word_1_428' title='bbox 1152 4801 1384 4873; x_wconf 73' lang='grc' dir='ltr'>φρενῶν</span> <span class='ocrx_word' id='word_1_429' title='bbox 1410 4804 1711 4860; x_wconf 71' lang='grc' dir='ltr'>ἀπώλειαν</span> <span class='ocrx_word' id='word_1_430' title='bbox 1736 4806 1811 4875; x_wconf 83' lang='grc' dir='ltr'>τῇ</span> <span class='ocrx_word' id='word_1_431' title='bbox 1834 4808 1971 4861; x_wconf 80' lang='grc' dir='ltr'>ἐαυ-</span> 
     </span>
    </p>
   </div>
   <div class='ocr_carea' id='block_1_56' title="bbox 403 4885 1971 4959">
    <p class='ocr_par' dir='ltr' id='par_1_56' title="bbox 403 4885 1971 4959">
     <span class='ocr_line' id='line_1_56' title="bbox 403 4885 1971 4959; baseline -0.001 -15"><span class='ocrx_word' id='word_1_432' title='bbox 403 4891 503 4944; x_wconf 65' lang='grc' dir='ltr'>τοῦ</span> <span class='ocrx_word' id='word_1_433' title='bbox 545 4888 720 4959; x_wconf 67' lang='grc' dir='ltr'>ψυχῇ</span> <span class='ocrx_word' id='word_1_434' title='bbox 757 4886 1159 4956; x_wconf 80' lang='grc' dir='ltr'>περιποιεῖται.</span> <span class='ocrx_word' id='word_1_435' title='bbox 1197 4885 1525 4957; x_wconf 82' lang='grc' dir='ltr'>Ἀμάρτημα</span> <span class='ocrx_word' id='word_1_436' title='bbox 1555 4889 1650 4941; x_wconf 77' lang='grc' dir='ltr'>καὶ</span> <span class='ocrx_word' id='word_1_437' title='bbox 1687 4888 1847 4943; x_wconf 90' lang='grc' dir='ltr'>τοῦτο</span> <span class='ocrx_word' id='word_1_438' title='bbox 1874 4892 1971 4943; x_wconf 85' lang='grc' dir='ltr'>κά-</span> 
     </span>
    </p>
   </div>
   <div class='ocr_carea' id='block_1_57' title="bbox 392 4969 1972 5043">
    <p class='ocr_par' dir='ltr' id='par_1_57' title="bbox 392 4969 1972 5043">
     <span class='ocr_line' id='line_1_57' title="bbox 392 4969 1972 5043; baseline 0 -17"><span class='ocrx_word' id='word_1_439' title='bbox 392 4975 561 5038; x_wconf 83' lang='grc' dir='ltr'>κεῖνο,</span> <span class='ocrx_word' id='word_1_440' title='bbox 596 4973 776 5043; x_wconf 81' lang='grc' dir='ltr'>φησὶν,</span> <span class='ocrx_word' id='word_1_441' title='bbox 821 4970 957 5024; x_wconf 89' lang='grc' dir='ltr'>ἀλλά</span> <span class='ocrx_word' id='word_1_442' title='bbox 990 4970 1052 5022; x_wconf 89' lang='lat'>16</span> <span class='ocrx_word' id='word_1_443' title='bbox 1099 4970 1196 5039; x_wconf 83' lang='grc' dir='ltr'>μὲν</span> <span class='ocrx_word' id='word_1_444' title='bbox 1236 4969 1475 5033; x_wconf 74' lang='grc' dir='ltr'>ἔλαττον,</span> <span class='ocrx_word' id='word_1_445' title='bbox 1516 4969 1578 5023; x_wconf 83' lang='grc' dir='ltr'>τὸ</span> <span class='ocrx_word' id='word_1_446' title='bbox 1603 4970 1660 5023; x_wconf 90' lang='lat'>66</span> <span class='ocrx_word' id='word_1_447' title='bbox 1695 4973 1911 5041; x_wconf 74' lang='grc' dir='ltr'>μεῖξον·</span> <span class='ocrx_word' id='word_1_448' title='bbox 1942 4973 1972 5025; x_wconf 95' lang='lat'>6</span> 
     </span>
    </p>
   </div>
   <div class='ocr_carea' id='block_1_58' title="bbox 396 5048 1973 5127">
    <p class='ocr_par' dir='ltr' id='par_1_58' title="bbox 396 5048 1973 5127">
     <span class='ocr_line' id='line_1_58' title="bbox 396 5048 1973 5127; baseline 0.008 -31"><span class='ocrx_word' id='word_1_449' title='bbox 396 5058 496 5127; x_wconf 69' lang='grc' dir='ltr'>μὲν</span> <span class='ocrx_word' id='word_1_450' title='bbox 528 5056 637 5127; x_wconf 78' lang='grc' dir='ltr'>γὰρ</span> <span class='ocrx_word' id='word_1_451' title='bbox 671 5054 784 5126; x_wconf 76' lang='grc' dir='ltr'>ἔχει</span> <span class='ocrx_word' id='word_1_452' title='bbox 811 5053 837 5093; x_wconf 75' lang='grc' dir='ltr'><em>δ</em></span> <span class='ocrx_word' id='word_1_453' title='bbox 870 5052 968 5122; x_wconf 84' lang='grc' dir='ltr'>τὴν</span> <span class='ocrx_word' id='word_1_454' title='bbox 1003 5052 1109 5104; x_wconf 85' lang='lat'><strong>61:6</strong></span> <span class='ocrx_word' id='word_1_455' title='bbox 1137 5052 1235 5122; x_wconf 85' lang='grc' dir='ltr'>τῆς</span> <span class='ocrx_word' id='word_1_456' title='bbox 1269 5050 1459 5113; x_wconf 89' lang='grc' dir='ltr'>πενίας</span> <span class='ocrx_word' id='word_1_457' title='bbox 1495 5051 1783 5122; x_wconf 83' lang='grc' dir='ltr'>πρόφασιν,</span> <span class='ocrx_word' id='word_1_458' title='bbox 1817 5048 1973 5121; x_wconf 71' lang='grc' dir='ltr'>οὗτος</span> 
     </span>
    </p>
   </div>
   <div class='ocr_carea' id='block_1_59' title="bbox 390 5128 1969 5210">
    <p class='ocr_par' dir='ltr' id='par_1_59' title="bbox 390 5128 1969 5210">
     <span class='ocr_line' id='line_1_59' title="bbox 390 5128 1969 5210; baseline -0.001 -17"><span class='ocrx_word' id='word_1_459' title='bbox 390 5140 449 5193; x_wconf 84' lang='lat'>66</span> <span class='ocrx_word' id='word_1_460' title='bbox 481 5138 664 5208; x_wconf 81' lang='grc' dir='ltr'>πάσης</span> <span class='ocrx_word' id='word_1_461' title='bbox 688 5135 982 5205; x_wconf 77' lang='grc' dir='ltr'>ἀπολογίας</span> <span class='ocrx_word' id='word_1_462' title='bbox 1008 5134 1313 5205; x_wconf 75' lang='grc' dir='ltr'>ἐστέρηται.</span> <span class='ocrx_word' id='word_1_463' title='bbox 1350 5132 1509 5195; x_wconf 71' lang='grc' dir='ltr'>Ἀλλά</span> <span class='ocrx_word' id='word_1_464' title='bbox 1534 5135 1627 5188; x_wconf 74' lang='grc' dir='ltr'>καὶ</span> <span class='ocrx_word' id='word_1_465' title='bbox 1655 5128 1807 5201; x_wconf 77' lang='grc' dir='ltr'>οὗτος</span> <span class='ocrx_word' id='word_1_466' title='bbox 1836 5138 1969 5210; x_wconf 79' lang='grc' dir='ltr'>ἔχει,</span> 
     </span>
    </p>
   </div>
   <div class='ocr_carea' id='block_1_60' title="bbox 460 5316 1971 5390">
    <p class='ocr_par' dir='ltr' id='par_1_60' title="bbox 460 5316 1971 5390">
     <span class='ocr_line' id='line_1_60' title="bbox 460 5316 1971 5390; baseline 0.003 -20"><span class='ocrx_word' id='word_1_467' title='bbox 460 5324 489 5352; x_wconf 78' lang='grc'><strong>⁸</strong></span> <span class='ocrx_word' id='word_1_468' title='bbox 516 5322 630 5390; x_wconf 59' lang='lat' dir='ltr'>Qua]</span> <span class='ocrx_word' id='word_1_469' title='bbox 641 5334 866 5390; x_wconf 40' lang='grc' dir='ltr'>σοι’-ωδε.</span> <span class='ocrx_word' id='word_1_470' title='bbox 893 5321 1216 5390; x_wconf 35' lang='grc' dir='ltr'>εἰσελθὼν-είς.</span> <span class='ocrx_word' id='word_1_471' title='bbox 1242 5318 1297 5368; x_wconf 82' lang='lat' dir='ltr'>In</span> <span class='ocrx_word' id='word_1_472' title='bbox 1319 5316 1632 5390; x_wconf 59' lang='lat' dir='ltr'>iisdelpjnfra</span> <span class='ocrx_word' id='word_1_473' title='bbox 1782 5325 1971 5390; x_wconf 71' lang='grc' dir='ltr'>ῥαδίως,</span> 
     </span>
    </p>
   </div>
   <div class='ocr_carea' id='block_1_61' title="bbox 396 5381 1975 5447">
    <p class='ocr_par' dir='ltr' id='par_1_61' title="bbox 396 5381 1975 5447">
     <span class='ocr_line' id='line_1_61' title="bbox 396 5381 1975 5447; baseline 0.009 -25"><span class='ocrx_word' id='word_1_474' title='bbox 396 5388 456 5432; x_wconf 69' lang='grc' dir='ltr'>οι</span> <span class='ocrx_word' id='word_1_475' title='bbox 476 5381 583 5432; x_wconf 59' lang='lat' dir='ltr'>ml};</span> <span class='ocrx_word' id='word_1_476' title='bbox 604 5382 895 5447; x_wconf 72' lang='grc' dir='ltr'>ᾒᾶπολογίας</span> <span class='ocrx_word' id='word_1_477' title='bbox 918 5381 1232 5447; x_wconf 59' lang='grc' dir='ltr'>όθξιιηέ.ΗοΟ</span> <span class='ocrx_word' id='word_1_478' title='bbox 1255 5394 1400 5447; x_wconf 81' lang='lat' dir='ltr'>poer</span> <span class='ocrx_word' id='word_1_479' title='bbox 1424 5382 1646 5431; x_wconf 77' lang='lat' dir='ltr'><strong>ultimum</strong></span> <span class='ocrx_word' id='word_1_480' title='bbox 1665 5386 1694 5441; x_wconf 85' lang='grc' dir='ltr'><strong>ἢ</strong></span> <span class='ocrx_word' id='word_1_481' title='bbox 1720 5381 1975 5447; x_wconf 61' lang='grc' dir='ltr'>ἀπολογίας</span> 
     </span>
    </p>
   </div>
   <div class='ocr_carea' id='block_1_62' title="bbox 397 5444 1976 5506">
    <p class='ocr_par' dir='ltr' id='par_1_62' title="bbox 397 5444 1976 5506">
     <span class='ocr_line' id='line_1_62' title="bbox 397 5444 1976 5506; baseline 0.003 -14"><span class='ocrx_word' id='word_1_482' title='bbox 397 5458 494 5493; x_wconf 87' lang='lat' dir='ltr'>non</span> <span class='ocrx_word' id='word_1_483' title='bbox 529 5445 651 5506; x_wconf 70' lang='lat' dir='ltr'>leg“.</span> <span class='ocrx_word' id='word_1_484' title='bbox 687 5446 933 5494; x_wconf 70' lang='lat' dir='ltr'>Erasmus.</span> <span class='ocrx_word' id='word_1_485' title='bbox 982 5444 1134 5493; x_wconf 85' lang='lat' dir='ltr'>Paulo</span> <span class='ocrx_word' id='word_1_486' title='bbox 1174 5451 1289 5493; x_wconf 76' lang='lat' dir='ltr'>ante</span> <span class='ocrx_word' id='word_1_487' title='bbox 1311 5444 1462 5492; x_wconf 79' lang='lat' dir='ltr'>codex</span> <span class='ocrx_word' id='word_1_488' title='bbox 1485 5456 1562 5506; x_wconf 82' lang='lat' dir='ltr'>ap.</span> <span class='ocrx_word' id='word_1_489' title='bbox 1594 5446 1743 5497; x_wconf 76' lang='lat' dir='ltr'>Savil.</span> <span class='ocrx_word' id='word_1_490' title='bbox 1770 5444 1976 5496; x_wconf 76' lang='grc' dir='ltr'>δυσανά-</span> 
     </span>
    </p>
   </div>
   <div class='ocr_carea' id='block_1_63' title="bbox 394 5521 627 5561">
    <p class='ocr_par' dir='ltr' id='par_1_63' title="bbox 394 5521 627 5561">
     <span class='ocr_line' id='line_1_63' title="bbox 394 5521 627 5561; baseline 0 -7"><span class='ocrx_word' id='word_1_491' title='bbox 394 5521 627 5561; x_wconf 82' lang='grc' dir='ltr'>καμπτος.</span> 
     </span>
    </p>
   </div>
   <div class='ocr_carea' id='block_1_64' title="bbox 520 5565 1098 5627">
    <p class='ocr_par' dir='ltr' id='par_1_64' title="bbox 520 5565 1098 5627">
     <span class='ocr_line' id='line_1_64' title="bbox 520 5565 1098 5627; baseline -0.003 -12"><span class='ocrx_word' id='word_1_492' title='bbox 520 5567 618 5615; x_wconf 80' lang='lat' dir='ltr'>Alii</span> <span class='ocrx_word' id='word_1_493' title='bbox 643 5565 807 5623; x_wconf 77' lang='grc' dir='ltr'>αὐτοῦ,</span> <span class='ocrx_word' id='word_1_494' title='bbox 827 5566 929 5613; x_wconf 76' lang='grc' dir='ltr'>ἀλλ’</span> <span class='ocrx_word' id='word_1_495' title='bbox 955 5566 1002 5613; x_wconf 81' lang='grc' dir='ltr'>ἐν</span> <span class='ocrx_word' id='word_1_496' title='bbox 1021 5570 1098 5627; x_wconf 80' lang='grc' dir='ltr'>τῇ.</span> 
     </span>
    </p>
   </div>
   <div class='ocr_carea' id='block_1_65' title="bbox 458 5625 1973 5701">
    <p class='ocr_par' dir='ltr' id='par_1_65' title="bbox 458 5625 1973 5701">
     <span class='ocr_line' id='line_1_65' title="bbox 458 5625 1973 5701; baseline -0.001 -26"><span class='ocrx_word' id='word_1_497' title='bbox 458 5632 480 5660; x_wconf 72' lang='grc' dir='ltr'><strong>ο</strong></span> <span class='ocrx_word' id='word_1_498' title='bbox 520 5628 669 5701; x_wconf 63' lang='grc' dir='ltr'>μυιιι</span> <span class='ocrx_word' id='word_1_499' title='bbox 692 5627 996 5701; x_wconf 33' lang='grc' dir='ltr'>ωεειέἁνμὴ</span> <span class='ocrx_word' id='word_1_500' title='bbox 1018 5625 1241 5701; x_wconf 64' lang='grc' dir='ltr'>ἐναντίον,</span> <span class='ocrx_word' id='word_1_501' title='bbox 1266 5626 1418 5701; x_wconf 59' lang='grc' dir='ltr'>τηειρ.</span> <span class='ocrx_word' id='word_1_502' title='bbox 1444 5627 1734 5701; x_wconf 49' lang='grc' dir='ltr'>ξἐυῐςιροθι</span> <span class='ocrx_word' id='word_1_503' title='bbox 1771 5633 1973 5701; x_wconf 56' lang='grc' dir='ltr'>συμϐαι-</span> 
     </span>
    </p>
   </div>
   <div class='ocr_carea' id='block_1_66' title="bbox 393 5688 1973 5752">
    <p class='ocr_par' dir='ltr' id='par_1_66' title="bbox 393 5688 1973 5752">
     <span class='ocr_line' id='line_1_66' title="bbox 393 5688 1973 5752; baseline 0.004 -15"><span class='ocrx_word' id='word_1_504' title='bbox 393 5707 463 5738; x_wconf 85' lang='grc' dir='ltr'>νει</span> <span class='ocrx_word' id='word_1_505' title='bbox 482 5689 572 5752; x_wconf 83' lang='grc' dir='ltr'>γὰρ</span> <span class='ocrx_word' id='word_1_506' title='bbox 592 5689 681 5752; x_wconf 42' lang='grc' dir='ltr'>καὶ.</span> <span class='ocrx_word' id='word_1_507' title='bbox 694 5688 1135 5752; x_wconf 42' lang='grc' dir='ltr'>πεσεῖνκΕηεῳιιε</span> <span class='ocrx_word' id='word_1_508' title='bbox 1144 5689 1228 5749; x_wconf 87' lang='lat' dir='ltr'>qui</span> <span class='ocrx_word' id='word_1_509' title='bbox 1252 5694 1486 5752; x_wconf 60' lang='lat' dir='ltr'>venerat,</span> <span class='ocrx_word' id='word_1_510' title='bbox 1505 5688 1813 5752; x_wconf 58' lang='lat' dir='ltr'>subiiadigam</span> <span class='ocrx_word' id='word_1_511' title='bbox 1836 5688 1973 5743; x_wconf 66' lang='lat' dir='ltr'><strong><em>illum</em></strong></span> 
     </span>
    </p>
   </div>
   <div class='ocr_carea' id='block_1_67' title="bbox 395 5748 1972 5817">
    <p class='ocr_par' dir='ltr' id='par_1_67' title="bbox 395 5748 1972 5817">
     <span class='ocr_line' id='line_1_67' title="bbox 395 5748 1972 5817; baseline 0.003 -18"><span class='ocrx_word' id='word_1_512' title='bbox 395 5748 644 5817; x_wconf 65' lang='grc' dir='ltr'>(αδαιςὶιηι,</span> <span class='ocrx_word' id='word_1_513' title='bbox 668 5748 1007 5817; x_wconf 51' lang='grc' dir='ltr'>ιεεετεειιευό</span> <span class='ocrx_word' id='word_1_514' title='bbox 1024 5748 1411 5817; x_wconf 37' lang='lat'><strong>5101663119666</strong></span> <span class='ocrx_word' id='word_1_515' title='bbox 1422 5750 1527 5812; x_wconf 81' lang='grc' dir='ltr'>γάρ,</span> <span class='ocrx_word' id='word_1_516' title='bbox 1541 5750 1685 5817; x_wconf 68' lang='grc' dir='ltr'>ηιιιίε.</span> <span class='ocrx_word' id='word_1_517' title='bbox 1700 5750 1851 5803; x_wconf 84' lang='lat' dir='ltr'>Paulo</span> <span class='ocrx_word' id='word_1_518' title='bbox 1866 5763 1972 5817; x_wconf 74' lang='lat' dir='ltr'>post</span> 
     </span>
    </p>
   </div>
   <div class='ocr_carea' id='block_1_68' title="bbox 398 5808 1742 5874">
    <p class='ocr_par' dir='ltr' id='par_1_68' title="bbox 398 5808 1742 5874">
     <span class='ocr_line' id='line_1_68' title="bbox 398 5808 1742 5874; baseline 0.001 -15"><span class='ocrx_word' id='word_1_519' title='bbox 398 5808 542 5874; x_wconf 79' lang='lat' dir='ltr'>mu_ll_i</span> <span class='ocrx_word' id='word_1_520' title='bbox 562 5822 676 5859; x_wconf 76' lang='lat' dir='ltr'>mss.</span> <span class='ocrx_word' id='word_1_521' title='bbox 711 5808 789 5858; x_wconf 74' lang='grc' dir='ltr'>διὰ</span> <span class='ocrx_word' id='word_1_522' title='bbox 807 5810 967 5874; x_wconf 82' lang='grc' dir='ltr'>τέλους</span> <span class='ocrx_word' id='word_1_523' title='bbox 985 5810 1084 5874; x_wconf 73' lang='grc' dir='ltr'>τήν.</span> <span class='ocrx_word' id='word_1_524' title='bbox 1105 5808 1235 5874; x_wconf 59' lang='grc' dir='ltr'>ξαίνει</span> <span class='ocrx_word' id='word_1_525' title='bbox 1258 5808 1293 5859; x_wconf 68' lang='grc' dir='ltr'>ΐ.</span> <span class='ocrx_word' id='word_1_526' title='bbox 1320 5810 1355 5860; x_wconf 89' lang='grc' dir='ltr'>ι.</span> <span class='ocrx_word' id='word_1_527' title='bbox 1379 5808 1742 5874; x_wconf 79' lang='grc' dir='ltr'>ἁμαρτημάτων.</span> 
     </span>
    </p>
   </div>
   <div class='ocr_carea' id='block_1_69' title="bbox 465 5869 1287 5936">
    <p class='ocr_par' dir='ltr' id='par_1_69' title="bbox 465 5869 1287 5936">
     <span class='ocr_line' id='line_1_69' title="bbox 465 5869 1287 5936; baseline -0.001 -15"><span class='ocrx_word' id='word_1_528' title='bbox 465 5869 494 5910; x_wconf 76' lang='grc' dir='ltr'>«ι</span> <span class='ocrx_word' id='word_1_529' title='bbox 513 5872 730 5931; x_wconf 77' lang='lat' dir='ltr'>Quatuor</span> <span class='ocrx_word' id='word_1_530' title='bbox 749 5884 865 5923; x_wconf 84' lang='lat' dir='ltr'><strong>mss.</strong></span> <span class='ocrx_word' id='word_1_531' title='bbox 888 5871 976 5934; x_wconf 80' lang='grc' dir='ltr'>γὰρ</span> <span class='ocrx_word' id='word_1_532' title='bbox 997 5871 1125 5921; x_wconf 78' lang='grc' dir='ltr'>δοκεῖ</span> <span class='ocrx_word' id='word_1_533' title='bbox 1150 5871 1287 5936; x_wconf 81' lang='grc' dir='ltr'>ἔχειν.</span> 
     </span>
    </p>
   </div>
   <div class='ocr_carea' id='block_1_70' title="bbox 1357 288 2639 360">
    <p class='ocr_par' dir='ltr' id='par_1_70' title="bbox 1357 288 2639 360">
     <span class='ocr_line' id='line_1_70' title="bbox 1357 288 2639 360; baseline -0.002 -14"><span class='ocrx_word' id='word_1_534' title='bbox 1357 292 1421 347; x_wconf 79' lang='lat' dir='ltr'>IN</span> <span class='ocrx_word' id='word_1_535' title='bbox 1458 292 1686 360; x_wconf 80' lang='lat' dir='ltr'>ILLUD,</span> <span class='ocrx_word' id='word_1_536' title='bbox 1726 292 1861 349; x_wconf 78' lang='lat' dir='ltr'>VIDI</span> <span class='ocrx_word' id='word_1_537' title='bbox 1902 290 2241 357; x_wconf 73' lang='lat' dir='ltr'>DOMINUM,</span> <span class='ocrx_word' id='word_1_538' title='bbox 2278 289 2509 346; x_wconf 75' lang='lat' dir='ltr'>HOMIL.</span> <span class='ocrx_word' id='word_1_539' title='bbox 2550 288 2639 345; x_wconf 86' lang='grc'><strong>111.</strong></span> 
     </span>
    </p>
   </div>
   <div class='ocr_carea' id='block_1_71' title="bbox 3547 297 3648 354">
    <p class='ocr_par' dir='ltr' id='par_1_71' title="bbox 3547 297 3648 354">
     <span class='ocr_line' id='line_1_71' title="bbox 3547 297 3648 354; baseline 0.02 -2"><span class='ocrx_word' id='word_1_540' title='bbox 3547 297 3648 354; x_wconf 70' lang='grc'><strong>116</strong></span> 
     </span>
    </p>
   </div>
   <div class='ocr_carea' id='block_1_72' title="bbox 2079 401 3723 479">
    <p class='ocr_par' dir='ltr' id='par_1_72' title="bbox 2079 401 3723 479">
     <span class='ocr_line' id='line_1_72' title="bbox 2079 401 3723 479; baseline 0.004 -22"><span class='ocrx_word' id='word_1_541' title='bbox 2079 404 2231 474; x_wconf 77' lang='grc' dir='ltr'>φησὶ,</span> <span class='ocrx_word' id='word_1_542' title='bbox 2255 404 2355 476; x_wconf 83' lang='grc' dir='ltr'>τὴν</span> <span class='ocrx_word' id='word_1_543' title='bbox 2377 403 2484 457; x_wconf 88' lang='lat'><strong>61:6</strong></span> <span class='ocrx_word' id='word_1_544' title='bbox 2518 403 2621 474; x_wconf 78' lang='grc' dir='ltr'>τῆς</span> <span class='ocrx_word' id='word_1_545' title='bbox 2647 401 2880 473; x_wconf 82' lang='grc' dir='ltr'>φυσικῆς</span> <span class='ocrx_word' id='word_1_546' title='bbox 2908 402 3200 476; x_wconf 74' lang='grc' dir='ltr'>ἐπιθυμίας</span> <span class='ocrx_word' id='word_1_547' title='bbox 3228 405 3490 479; x_wconf 87' lang='grc' dir='ltr'>ἀνάγκην.</span> <span class='ocrx_word' id='word_1_548' title='bbox 3509 408 3651 463; x_wconf 79' lang='grc' dir='ltr'>Ἀλλ’</span> <span class='ocrx_word' id='word_1_549' title='bbox 3716 428 3723 433; x_wconf 90' lang='grc'>·</span> 
     </span>
    </p>
   </div>
   <div class='ocr_carea' id='block_1_73' title="bbox 2079 492 3650 569">
    <p class='ocr_par' dir='ltr' id='par_1_73' title="bbox 2079 492 3650 569">
     <span class='ocr_line' id='line_1_73' title="bbox 2079 492 3650 569; baseline 0.003 -20"><span class='ocrx_word' id='word_1_550' title='bbox 2079 496 2178 549; x_wconf 77' lang='grc' dir='ltr'>οὐκ</span> <span class='ocrx_word' id='word_1_551' title='bbox 2222 495 2445 565; x_wconf 81' lang='grc' dir='ltr'>ἀφίησιν</span> <span class='ocrx_word' id='word_1_552' title='bbox 2488 495 2522 565; x_wconf 89' lang='grc' dir='ltr'>ἡ</span> <span class='ocrx_word' id='word_1_553' title='bbox 2555 494 2891 567; x_wconf 86' lang='grc' dir='ltr'>κληρωθεῖσα</span> <span class='ocrx_word' id='word_1_554' title='bbox 2926 492 3074 568; x_wconf 78' lang='grc'><strong>[116]</strong></span> <span class='ocrx_word' id='word_1_555' title='bbox 3127 497 3291 551; x_wconf 84' lang='grc' dir='ltr'>αὐτοῦ</span> <span class='ocrx_word' id='word_1_556' title='bbox 3328 498 3498 569; x_wconf 84' lang='grc' dir='ltr'>γυνὴ,</span> <span class='ocrx_word' id='word_1_557' title='bbox 3533 498 3650 555; x_wconf 85' lang='grc' dir='ltr'>ἀλλ’</span> 
     </span>
    </p>
   </div>
   <div class='ocr_carea' id='block_1_74' title="bbox 2076 576 3652 650">
    <p class='ocr_par' dir='ltr' id='par_1_74' title="bbox 2076 576 3652 650">
     <span class='ocr_line' id='line_1_74' title="bbox 2076 576 3652 650; baseline 0.004 -21"><span class='ocrx_word' id='word_1_558' title='bbox 2076 577 2375 648; x_wconf 80' lang='grc' dir='ltr'>ἐφέστηκεν</span> <span class='ocrx_word' id='word_1_559' title='bbox 2405 577 2779 649; x_wconf 90' lang='grc' dir='ltr'>ἀποστεροῦσα</span> <span class='ocrx_word' id='word_1_560' title='bbox 2824 577 2926 647; x_wconf 80' lang='grc' dir='ltr'>τῆς</span> <span class='ocrx_word' id='word_1_561' title='bbox 2966 576 3293 650; x_wconf 89' lang='grc' dir='ltr'>συγγνώμης</span> <span class='ocrx_word' id='word_1_562' title='bbox 3336 581 3517 635; x_wconf 83' lang='grc' dir='ltr'>αύτόν.</span> <span class='ocrx_word' id='word_1_563' title='bbox 3552 584 3652 636; x_wconf 87' lang='grc' dir='ltr'>Διά</span> 
     </span>
    </p>
   </div>
   <div class='ocr_carea' id='block_1_75' title="bbox 2073 659 3651 734">
    <p class='ocr_par' dir='ltr' id='par_1_75' title="bbox 2073 659 3651 734">
     <span class='ocr_line' id='line_1_75' title="bbox 2073 659 3651 734; baseline 0.004 -21"><span class='ocrx_word' id='word_1_564' title='bbox 2073 662 2182 733; x_wconf 86' lang='grc' dir='ltr'>γάρ</span> <span class='ocrx_word' id='word_1_565' title='bbox 2216 659 2374 714; x_wconf 90' lang='grc' dir='ltr'>τοῦτο</span> <span class='ocrx_word' id='word_1_566' title='bbox 2402 660 2578 731; x_wconf 88' lang='grc' dir='ltr'>γάμος</span> <span class='ocrx_word' id='word_1_567' title='bbox 2606 662 2698 714; x_wconf 75' lang='grc' dir='ltr'>καὶ</span> <span class='ocrx_word' id='word_1_568' title='bbox 2724 660 3018 726; x_wconf 86' lang='grc' dir='ltr'>ἀπόλαυσις</span> <span class='ocrx_word' id='word_1_569' title='bbox 3054 662 3333 733; x_wconf 76' lang='grc' dir='ltr'>ἐνθεαμος,</span> <span class='ocrx_word' id='word_1_570' title='bbox 3365 663 3453 717; x_wconf 80' lang='grc' dir='ltr'>ἵνα</span> <span class='ocrx_word' id='word_1_571' title='bbox 3487 664 3651 734; x_wconf 74' lang='grc' dir='ltr'>μηδὲν</span> 
     </span>
    </p>
   </div>
   <div class='ocr_carea' id='block_1_76' title="bbox 2074 743 3651 819">
    <p class='ocr_par' dir='ltr' id='par_1_76' title="bbox 2074 743 3651 819">
     <span class='ocr_line' id='line_1_76' title="bbox 2074 743 3651 819; baseline 0.004 -24"><span class='ocrx_word' id='word_1_572' title='bbox 2074 744 2171 814; x_wconf 77' lang='grc' dir='ltr'>ἔχῃ</span> <span class='ocrx_word' id='word_1_573' title='bbox 2217 743 2421 797; x_wconf 89' lang='grc' dir='ltr'>τούτων</span> <span class='ocrx_word' id='word_1_574' title='bbox 2466 744 2644 810; x_wconf 88' lang='grc' dir='ltr'>λέγειν</span> <span class='ocrx_word' id='word_1_575' title='bbox 2689 746 2717 797; x_wconf 91' lang='lat'>6</span> <span class='ocrx_word' id='word_1_576' title='bbox 2761 745 2921 814; x_wconf 80' lang='grc' dir='ltr'>ἀνήρ.</span> <span class='ocrx_word' id='word_1_577' title='bbox 2953 743 3051 797; x_wconf 87' lang='grc' dir='ltr'>Διά</span> <span class='ocrx_word' id='word_1_578' title='bbox 3091 744 3246 799; x_wconf 88' lang='grc' dir='ltr'>τοῦτο</span> <span class='ocrx_word' id='word_1_579' title='bbox 3274 745 3422 816; x_wconf 83' lang='grc' dir='ltr'>αὐτῷ</span> <span class='ocrx_word' id='word_1_580' title='bbox 3462 745 3651 819; x_wconf 75' lang='grc' dir='ltr'>βοηθὸς</span> 
     </span>
    </p>
   </div>
   <div class='ocr_carea' id='block_1_77' title="bbox 2075 826 3648 901">
    <p class='ocr_par' dir='ltr' id='par_1_77' title="bbox 2075 826 3648 901">
     <span class='ocr_line' id='line_1_77' title="bbox 2075 826 3648 901; baseline 0.002 -22"><span class='ocrx_word' id='word_1_581' title='bbox 2075 827 2230 899; x_wconf 90' lang='grc' dir='ltr'>ἐδόθη</span> <span class='ocrx_word' id='word_1_582' title='bbox 2263 828 2296 898; x_wconf 91' lang='grc' dir='ltr'>ἡ</span> <span class='ocrx_word' id='word_1_583' title='bbox 2323 826 2480 898; x_wconf 83' lang='grc' dir='ltr'>γυνὴ,</span> <span class='ocrx_word' id='word_1_584' title='bbox 2507 828 2595 880; x_wconf 83' lang='grc' dir='ltr'>ἵνα</span> <span class='ocrx_word' id='word_1_585' title='bbox 2629 827 2957 897; x_wconf 88' lang='grc' dir='ltr'>μαινομένην</span> <span class='ocrx_word' id='word_1_586' title='bbox 2986 828 3318 901; x_wconf 84' lang='grc' dir='ltr'>καταστέλλῃ</span> <span class='ocrx_word' id='word_1_587' title='bbox 3343 830 3442 901; x_wconf 83' lang='grc' dir='ltr'>τὴν</span> <span class='ocrx_word' id='word_1_588' title='bbox 3466 830 3648 899; x_wconf 86' lang='grc' dir='ltr'>φύσιν,</span> 
     </span>
    </p>
   </div>
   <div class='ocr_carea' id='block_1_78' title="bbox 2074 909 3650 984">
    <p class='ocr_par' dir='ltr' id='par_1_78' title="bbox 2074 909 3650 984">
     <span class='ocr_line' id='line_1_78' title="bbox 2074 909 3650 984; baseline 0.003 -21"><span class='ocrx_word' id='word_1_589' title='bbox 2074 909 2161 964; x_wconf 84' lang='grc' dir='ltr'>ἴνα</span> <span class='ocrx_word' id='word_1_590' title='bbox 2193 910 2418 981; x_wconf 86' lang='grc' dir='ltr'>στορέσῃ</span> <span class='ocrx_word' id='word_1_591' title='bbox 2462 910 2561 980; x_wconf 80' lang='grc' dir='ltr'>τῆς</span> <span class='ocrx_word' id='word_1_592' title='bbox 2592 910 2885 981; x_wconf 87' lang='grc' dir='ltr'>ἐπιθυμίας</span> <span class='ocrx_word' id='word_1_593' title='bbox 2925 911 2996 964; x_wconf 78' lang='lat'>16</span> <span class='ocrx_word' id='word_1_594' title='bbox 3033 913 3273 982; x_wconf 87' lang='grc' dir='ltr'>κύματα.</span> <span class='ocrx_word' id='word_1_595' title='bbox 3300 913 3509 984; x_wconf 82' lang='grc' dir='ltr'>Ὥσπερ</span> <span class='ocrx_word' id='word_1_596' title='bbox 3558 910 3650 967; x_wconf 72' lang='grc' dir='ltr'>οὖν</span> 
     </span>
    </p>
   </div>
   <div class='ocr_carea' id='block_1_79' title="bbox 2073 991 3652 1064">
    <p class='ocr_par' dir='ltr' id='par_1_79' title="bbox 2073 991 3652 1064">
     <span class='ocr_line' id='line_1_79' title="bbox 2073 991 3652 1064; baseline 0.001 -17"><span class='ocrx_word' id='word_1_597' title='bbox 2073 993 2412 1064; x_wconf 85' lang='grc' dir='ltr'>κυϐερνήτης</span> <span class='ocrx_word' id='word_1_598' title='bbox 2443 994 2499 1045; x_wconf 89' lang='grc' dir='ltr'>ἐν</span> <span class='ocrx_word' id='word_1_599' title='bbox 2532 992 2712 1063; x_wconf 86' lang='grc' dir='ltr'>λιμένι</span> <span class='ocrx_word' id='word_1_600' title='bbox 2751 991 3009 1060; x_wconf 85' lang='grc' dir='ltr'>ναυάγιον</span> <span class='ocrx_word' id='word_1_601' title='bbox 3042 993 3405 1064; x_wconf 79' lang='grc' dir='ltr'>ἐργαζόμενος</span> <span class='ocrx_word' id='word_1_602' title='bbox 3442 995 3541 1048; x_wconf 79' lang='grc' dir='ltr'>οὐκ</span> <span class='ocrx_word' id='word_1_603' title='bbox 3586 997 3652 1048; x_wconf 83' lang='grc' dir='ltr'>ἂν</span> 
     </span>
    </p>
   </div>
   <div class='ocr_carea' id='block_1_80' title="bbox 2072 1074 3655 1147">
    <p class='ocr_par' dir='ltr' id='par_1_80' title="bbox 2072 1074 3655 1147">
     <span class='ocr_line' id='line_1_80' title="bbox 2072 1074 3655 1147; baseline 0.001 -20"><span class='ocrx_word' id='word_1_604' title='bbox 2072 1076 2223 1145; x_wconf 81' lang='grc' dir='ltr'>τύχοι</span> <span class='ocrx_word' id='word_1_605' title='bbox 2266 1074 2592 1145; x_wconf 87' lang='grc' dir='ltr'>συγγνώμης</span> <span class='ocrx_word' id='word_1_606' title='bbox 2621 1074 2765 1137; x_wconf 88' lang='grc' dir='ltr'>τινός</span> <span class='ocrx_word' id='word_1_607' title='bbox 2784 1091 2798 1105; x_wconf 94' lang='grc'>·</span> <span class='ocrx_word' id='word_1_608' title='bbox 2840 1074 2982 1127; x_wconf 78' lang='grc' dir='ltr'>οὕτω</span> <span class='ocrx_word' id='word_1_609' title='bbox 3011 1076 3105 1128; x_wconf 75' lang='grc' dir='ltr'>καὶ</span> <span class='ocrx_word' id='word_1_610' title='bbox 3143 1075 3171 1126; x_wconf 89' lang='grc' dir='ltr'><strong>ὁ</strong></span> <span class='ocrx_word' id='word_1_611' title='bbox 3200 1075 3483 1146; x_wconf 80' lang='grc' dir='ltr'>ἄνθρωπος</span> <span class='ocrx_word' id='word_1_612' title='bbox 3517 1076 3655 1147; x_wconf 82' lang='grc' dir='ltr'>μετά</span> 
     </span>
    </p>
   </div>
   <div class='ocr_carea' id='block_1_81' title="bbox 2070 1155 3653 1230">
    <p class='ocr_par' dir='ltr' id='par_1_81' title="bbox 2070 1155 3653 1230">
     <span class='ocr_line' id='line_1_81' title="bbox 2070 1155 3653 1230; baseline 0.001 -20"><span class='ocrx_word' id='word_1_613' title='bbox 2070 1157 2168 1228; x_wconf 77' lang='grc' dir='ltr'>τὴν</span> <span class='ocrx_word' id='word_1_614' title='bbox 2203 1158 2499 1226; x_wconf 83' lang='grc' dir='ltr'>ἀσφάλειαν</span> <span class='ocrx_word' id='word_1_615' title='bbox 2532 1157 2632 1228; x_wconf 85' lang='grc' dir='ltr'>τὴν</span> <span class='ocrx_word' id='word_1_616' title='bbox 2673 1156 2782 1210; x_wconf 81' lang='grc' dir='ltr'>ἀπὸ</span> <span class='ocrx_word' id='word_1_617' title='bbox 2812 1155 2904 1210; x_wconf 91' lang='grc' dir='ltr'>τοῦ</span> <span class='ocrx_word' id='word_1_618' title='bbox 2937 1156 3116 1226; x_wconf 89' lang='grc' dir='ltr'>γάμου</span> <span class='ocrx_word' id='word_1_619' title='bbox 3158 1159 3285 1221; x_wconf 84' lang='grc' dir='ltr'>τοὺς</span> <span class='ocrx_word' id='word_1_620' title='bbox 3326 1157 3511 1230; x_wconf 86' lang='grc' dir='ltr'>ἐτέρου</span> <span class='ocrx_word' id='word_1_621' title='bbox 3542 1159 3653 1212; x_wconf 86' lang='grc' dir='ltr'>διο-</span> 
     </span>
    </p>
   </div>
   <div class='ocr_carea' id='block_1_82' title="bbox 2074 1240 3653 1312">
    <p class='ocr_par' dir='ltr' id='par_1_82' title="bbox 2074 1240 3653 1312">
     <span class='ocr_line' id='line_1_82' title="bbox 2074 1240 3653 1312; baseline 0.001 -19"><span class='ocrx_word' id='word_1_622' title='bbox 2074 1240 2280 1312; x_wconf 88' lang='grc' dir='ltr'>ρύττων</span> <span class='ocrx_word' id='word_1_623' title='bbox 2331 1240 2570 1310; x_wconf 81' lang='grc' dir='ltr'>γάμους,</span> <span class='ocrx_word' id='word_1_624' title='bbox 2619 1240 2651 1309; x_wconf 82' lang='grc' dir='ltr'>ἢ</span> <span class='ocrx_word' id='word_1_625' title='bbox 2711 1242 2940 1308; x_wconf 89' lang='grc' dir='ltr'>γυναῖκα</span> <span class='ocrx_word' id='word_1_626' title='bbox 3002 1240 3289 1311; x_wconf 78' lang='grc' dir='ltr'>ἡντιναοῦν</span> <span class='ocrx_word' id='word_1_627' title='bbox 3340 1241 3653 1311; x_wconf 82' lang='grc' dir='ltr'>περιέργως</span> 
     </span>
    </p>
   </div>
   <div class='ocr_carea' id='block_1_83' title="bbox 2072 1321 3653 1395">
    <p class='ocr_par' dir='ltr' id='par_1_83' title="bbox 2072 1321 3653 1395">
     <span class='ocr_line' id='line_1_83' title="bbox 2072 1321 3653 1395; baseline 0.001 -20"><span class='ocrx_word' id='word_1_628' title='bbox 2072 1323 2233 1394; x_wconf 85' lang='grc' dir='ltr'>ὁρῶν,</span> <span class='ocrx_word' id='word_1_629' title='bbox 2263 1324 2362 1377; x_wconf 82' lang='grc' dir='ltr'>ούκ</span> <span class='ocrx_word' id='word_1_630' title='bbox 2390 1322 2454 1376; x_wconf 84' lang='grc' dir='ltr'>ἂν</span> <span class='ocrx_word' id='word_1_631' title='bbox 2483 1322 2633 1393; x_wconf 89' lang='grc' dir='ltr'>τύχοι</span> <span class='ocrx_word' id='word_1_632' title='bbox 2663 1321 2805 1386; x_wconf 85' lang='grc' dir='ltr'>τινὸς</span> <span class='ocrx_word' id='word_1_633' title='bbox 2835 1322 3146 1391; x_wconf 80' lang='grc' dir='ltr'>ἀπολογίας,</span> <span class='ocrx_word' id='word_1_634' title='bbox 3171 1324 3232 1376; x_wconf 90' lang='lat'>06</span> <span class='ocrx_word' id='word_1_635' title='bbox 3264 1323 3413 1394; x_wconf 88' lang='grc' dir='ltr'>παρά</span> <span class='ocrx_word' id='word_1_636' title='bbox 3443 1323 3653 1395; x_wconf 78' lang='grc' dir='ltr'>ἀνθρώ-</span> 
     </span>
    </p>
   </div>
   <div class='ocr_carea' id='block_1_84' title="bbox 2073 1404 3653 1477">
    <p class='ocr_par' dir='ltr' id='par_1_84' title="bbox 2073 1404 3653 1477">
     <span class='ocr_line' id='line_1_84' title="bbox 2073 1404 3653 1477; baseline 0.001 -19"><span class='ocrx_word' id='word_1_637' title='bbox 2073 1423 2215 1472; x_wconf 90' lang='grc' dir='ltr'>ποις,</span> <span class='ocrx_word' id='word_1_638' title='bbox 2249 1406 2308 1460; x_wconf 91' lang='lat'>06</span> <span class='ocrx_word' id='word_1_639' title='bbox 2342 1404 2490 1477; x_wconf 86' lang='grc' dir='ltr'>παρά</span> <span class='ocrx_word' id='word_1_640' title='bbox 2524 1404 2662 1475; x_wconf 82' lang='grc' dir='ltr'>Θεῷ,</span> <span class='ocrx_word' id='word_1_641' title='bbox 2693 1405 2797 1459; x_wconf 73' lang='grc' dir='ltr'>κᾶν</span> <span class='ocrx_word' id='word_1_642' title='bbox 2838 1404 3097 1475; x_wconf 84' lang='grc' dir='ltr'>μυριάκις</span> <span class='ocrx_word' id='word_1_643' title='bbox 3131 1404 3266 1477; x_wconf 87' lang='grc' dir='ltr'>λέγῃ</span> <span class='ocrx_word' id='word_1_644' title='bbox 3295 1406 3392 1476; x_wconf 84' lang='grc' dir='ltr'>τὴν</span> <span class='ocrx_word' id='word_1_645' title='bbox 3420 1405 3518 1477; x_wconf 83' lang='grc' dir='ltr'>τῆς</span> <span class='ocrx_word' id='word_1_646' title='bbox 3551 1405 3653 1475; x_wconf 86' lang='grc' dir='ltr'>φύ-</span> 
     </span>
    </p>
   </div>
   <div class='ocr_carea' id='block_1_85' title="bbox 2075 1486 3649 1560">
    <p class='ocr_par' dir='ltr' id='par_1_85' title="bbox 2075 1486 3649 1560">
     <span class='ocr_line' id='line_1_85' title="bbox 2075 1486 3649 1560; baseline -0.001 -19"><span class='ocrx_word' id='word_1_647' title='bbox 2075 1505 2211 1553; x_wconf 86' lang='grc' dir='ltr'>σεως</span> <span class='ocrx_word' id='word_1_648' title='bbox 2242 1490 2451 1560; x_wconf 80' lang='grc' dir='ltr'>ἡδονήν.</span> <span class='ocrx_word' id='word_1_649' title='bbox 2490 1487 2702 1542; x_wconf 82' lang='grc' dir='ltr'>Μᾶλλον</span> <span class='ocrx_word' id='word_1_650' title='bbox 2740 1487 2796 1541; x_wconf 88' lang='lat'>66</span> <span class='ocrx_word' id='word_1_651' title='bbox 2830 1488 2958 1541; x_wconf 88' lang='grc' dir='ltr'>ποία</span> <span class='ocrx_word' id='word_1_652' title='bbox 2990 1487 3188 1556; x_wconf 87' lang='grc' dir='ltr'>γένοιτ’</span> <span class='ocrx_word' id='word_1_653' title='bbox 3216 1486 3282 1540; x_wconf 87' lang='grc' dir='ltr'>ἂν</span> <span class='ocrx_word' id='word_1_654' title='bbox 3310 1487 3490 1559; x_wconf 86' lang='grc' dir='ltr'>ἡδονὴ,</span> <span class='ocrx_word' id='word_1_655' title='bbox 3515 1489 3649 1540; x_wconf 85' lang='grc' dir='ltr'>ὅπου</span> 
     </span>
    </p>
   </div>
   <div class='ocr_carea' id='block_1_86' title="bbox 2074 1571 3651 1643">
    <p class='ocr_par' dir='ltr' id='par_1_86' title="bbox 2074 1571 3651 1643">
     <span class='ocr_line' id='line_1_86' title="bbox 2074 1571 3651 1643; baseline 0 -18"><span class='ocrx_word' id='word_1_656' title='bbox 2074 1572 2238 1643; x_wconf 86' lang='grc' dir='ltr'>φόϐος</span> <span class='ocrx_word' id='word_1_657' title='bbox 2291 1573 2383 1625; x_wconf 74' lang='grc' dir='ltr'>καὶ</span> <span class='ocrx_word' id='word_1_658' title='bbox 2436 1572 2643 1641; x_wconf 88' lang='grc' dir='ltr'>ἀγωνία</span> <span class='ocrx_word' id='word_1_659' title='bbox 2677 1583 2701 1611; x_wconf 75' lang='grc' dir='ltr'>θ</span> <span class='ocrx_word' id='word_1_660' title='bbox 2749 1572 2845 1626; x_wconf 76' lang='grc' dir='ltr'>καὶ</span> <span class='ocrx_word' id='word_1_661' title='bbox 2896 1572 3139 1635; x_wconf 83' lang='grc' dir='ltr'>κίνδυνος</span> <span class='ocrx_word' id='word_1_662' title='bbox 3202 1573 3297 1625; x_wconf 70' lang='grc' dir='ltr'>καὶ</span> <span class='ocrx_word' id='word_1_663' title='bbox 3353 1571 3651 1643; x_wconf 83' lang='grc' dir='ltr'>προσδοκία</span> 
     </span>
    </p>
   </div>
   <div class='ocr_carea' id='block_1_87' title="bbox 2072 1654 3650 1726">
    <p class='ocr_par' dir='ltr' id='par_1_87' title="bbox 2072 1654 3650 1726">
     <span class='ocr_line' id='line_1_87' title="bbox 2072 1654 3650 1726; baseline -0.001 -17"><span class='ocrx_word' id='word_1_664' title='bbox 2072 1655 2338 1709; x_wconf 89' lang='grc' dir='ltr'>τοσούτων</span> <span class='ocrx_word' id='word_1_665' title='bbox 2373 1654 2579 1719; x_wconf 89' lang='grc' dir='ltr'>δεινῶν,</span> <span class='ocrx_word' id='word_1_666' title='bbox 2622 1655 2755 1708; x_wconf 83' lang='grc' dir='ltr'>ὅπου</span> <span class='ocrx_word' id='word_1_667' title='bbox 2803 1654 3130 1726; x_wconf 86' lang='grc' dir='ltr'>δικαστήρια</span> <span class='ocrx_word' id='word_1_668' title='bbox 3161 1655 3256 1708; x_wconf 80' lang='grc' dir='ltr'>καὶ</span> <span class='ocrx_word' id='word_1_669' title='bbox 3285 1654 3524 1718; x_wconf 79' lang='grc' dir='ltr'>εύθῦναι,</span> <span class='ocrx_word' id='word_1_670' title='bbox 3554 1656 3650 1708; x_wconf 74' lang='grc' dir='ltr'>καὶ</span> 
     </span>
    </p>
   </div>
   <div class='ocr_carea' id='block_1_88' title="bbox 2072 1737 3651 1810">
    <p class='ocr_par' dir='ltr' id='par_1_88' title="bbox 2072 1737 3651 1810">
     <span class='ocr_line' id='line_1_88' title="bbox 2072 1737 3651 1810; baseline 0 -19"><span class='ocrx_word' id='word_1_671' title='bbox 2072 1737 2323 1793; x_wconf 80' lang='grc' dir='ltr'>δικαστοῦ</span> <span class='ocrx_word' id='word_1_672' title='bbox 2352 1737 2541 1808; x_wconf 78' lang='grc' dir='ltr'>θυμὸς,</span> <span class='ocrx_word' id='word_1_673' title='bbox 2573 1738 2668 1791; x_wconf 72' lang='grc' dir='ltr'>καὶ</span> <span class='ocrx_word' id='word_1_674' title='bbox 2702 1737 2854 1806; x_wconf 89' lang='grc' dir='ltr'>ξίφος</span> <span class='ocrx_word' id='word_1_675' title='bbox 2883 1739 2977 1791; x_wconf 75' lang='grc' dir='ltr'>καὶ</span> <span class='ocrx_word' id='word_1_676' title='bbox 3014 1738 3223 1808; x_wconf 82' lang='grc' dir='ltr'>δήμιος,</span> <span class='ocrx_word' id='word_1_677' title='bbox 3256 1737 3350 1792; x_wconf 70' lang='grc' dir='ltr'>καὶ</span> <span class='ocrx_word' id='word_1_678' title='bbox 3379 1737 3651 1810; x_wconf 85' lang='grc' dir='ltr'>βάραθρον</span> 
     </span>
    </p>
   </div>
   <div class='ocr_carea' id='block_1_89' title="bbox 2074 1819 3650 1892">
    <p class='ocr_par' dir='ltr' id='par_1_89' title="bbox 2074 1819 3650 1892">
     <span class='ocr_line' id='line_1_89' title="bbox 2074 1819 3650 1892; baseline 0.001 -19"><span class='ocrx_word' id='word_1_679' title='bbox 2074 1821 2169 1874; x_wconf 76' lang='grc' dir='ltr'>καὶ</span> <span class='ocrx_word' id='word_1_680' title='bbox 2207 1821 2476 1892; x_wconf 84' lang='grc' dir='ltr'>ἀπαγωγὴ</span> <span class='ocrx_word' id='word_1_681' title='bbox 2511 1820 2562 1885; x_wconf 74' lang='lat' dir='ltr'>r;</span> <span class='ocrx_word' id='word_1_682' title='bbox 2597 1820 2781 1874; x_wconf 86' lang='grc' dir='ltr'>Πάντα</span> <span class='ocrx_word' id='word_1_683' title='bbox 2820 1820 3012 1892; x_wconf 82' lang='grc' dir='ltr'>τρέμει</span> <span class='ocrx_word' id='word_1_684' title='bbox 3044 1823 3137 1873; x_wconf 77' lang='grc' dir='ltr'>καὶ</span> <span class='ocrx_word' id='word_1_685' title='bbox 3163 1820 3396 1875; x_wconf 88' lang='grc' dir='ltr'>δέδοικεν</span> <span class='ocrx_word' id='word_1_686' title='bbox 3419 1823 3448 1874; x_wconf 92' lang='lat'>6</span> <span class='ocrx_word' id='word_1_687' title='bbox 3478 1819 3650 1875; x_wconf 89' lang='grc' dir='ltr'>τοιοῦ-</span> 
     </span>
    </p>
   </div>
   <div class='ocr_carea' id='block_1_90' title="bbox 2072 1902 3651 1975">
    <p class='ocr_par' dir='ltr' id='par_1_90' title="bbox 2072 1902 3651 1975">
     <span class='ocr_line' id='line_1_90' title="bbox 2072 1902 3651 1975; baseline 0.003 -20"><span class='ocrx_word' id='word_1_688' title='bbox 2072 1920 2183 1966; x_wconf 88' lang='grc' dir='ltr'>τος,</span> <span class='ocrx_word' id='word_1_689' title='bbox 2204 1904 2302 1968; x_wconf 80' lang='grc' dir='ltr'>τὰς</span> <span class='ocrx_word' id='word_1_690' title='bbox 2328 1905 2505 1967; x_wconf 75' lang='grc' dir='ltr'>σκιὰς,</span> <span class='ocrx_word' id='word_1_691' title='bbox 2536 1905 2663 1968; x_wconf 77' lang='grc' dir='ltr'>τοὺς</span> <span class='ocrx_word' id='word_1_692' title='bbox 2684 1903 2914 1975; x_wconf 89' lang='grc' dir='ltr'>τοίχους,</span> <span class='ocrx_word' id='word_1_693' title='bbox 2944 1906 3069 1967; x_wconf 68' lang='grc' dir='ltr'>τοὺς</span> <span class='ocrx_word' id='word_1_694' title='bbox 3102 1902 3281 1968; x_wconf 86' lang='grc' dir='ltr'>λίθους</span> <span class='ocrx_word' id='word_1_695' title='bbox 3308 1904 3528 1969; x_wconf 77' lang='grc' dir='ltr'>αὐτοὺς,</span> <span class='ocrx_word' id='word_1_696' title='bbox 3558 1920 3651 1959; x_wconf 84' lang='grc' dir='ltr'>κα-</span> 
     </span>
    </p>
   </div>
   <div class='ocr_carea' id='block_1_91' title="bbox 2076 1986 3650 2058">
    <p class='ocr_par' dir='ltr' id='par_1_91' title="bbox 2076 1986 3650 2058">
     <span class='ocr_line' id='line_1_91' title="bbox 2076 1986 3650 2058; baseline 0 -18"><span class='ocrx_word' id='word_1_697' title='bbox 2076 1986 2252 2057; x_wconf 89' lang='grc' dir='ltr'>θάπερ</span> <span class='ocrx_word' id='word_1_698' title='bbox 2291 1986 2473 2058; x_wconf 80' lang='grc' dir='ltr'>φωνὴν</span> <span class='ocrx_word' id='word_1_699' title='bbox 2506 1987 2795 2056; x_wconf 78' lang='grc' dir='ltr'>ἀφιέντας·</span> <span class='ocrx_word' id='word_1_700' title='bbox 2829 1986 3037 2050; x_wconf 85' lang='grc' dir='ltr'>πάντας</span> <span class='ocrx_word' id='word_1_701' title='bbox 3073 1987 3342 2058; x_wconf 72' lang='grc' dir='ltr'>ὑφορᾶται</span> <span class='ocrx_word' id='word_1_702' title='bbox 3383 1986 3476 2041; x_wconf 73' lang='grc' dir='ltr'>καὶ</span> <span class='ocrx_word' id='word_1_703' title='bbox 3518 1987 3650 2040; x_wconf 82' lang='lat'><strong>61:0-</strong></span> 
     </span>
    </p>
   </div>
   <div class='ocr_carea' id='block_1_92' title="bbox 2078 2068 3648 2138">
    <p class='ocr_par' dir='ltr' id='par_1_92' title="bbox 2078 2068 3648 2138">
     <span class='ocr_line' id='line_1_92' title="bbox 2078 2068 3648 2138; baseline -0.001 -16"><span class='ocrx_word' id='word_1_704' title='bbox 2078 2068 2284 2131; x_wconf 78' lang='grc' dir='ltr'>πτεύει,</span> <span class='ocrx_word' id='word_1_705' title='bbox 2328 2069 2454 2132; x_wconf 79' lang='grc' dir='ltr'>τοὺς</span> <span class='ocrx_word' id='word_1_706' title='bbox 2484 2069 2735 2132; x_wconf 80' lang='grc' dir='ltr'>οἰκέτας,</span> <span class='ocrx_word' id='word_1_707' title='bbox 2775 2069 2902 2133; x_wconf 74' lang='grc' dir='ltr'>τοὺς</span> <span class='ocrx_word' id='word_1_708' title='bbox 2948 2068 3225 2137; x_wconf 85' lang='grc' dir='ltr'>γείτονας,</span> <span class='ocrx_word' id='word_1_709' title='bbox 3266 2068 3392 2133; x_wconf 81' lang='grc' dir='ltr'>τοὺς</span> <span class='ocrx_word' id='word_1_710' title='bbox 3431 2068 3648 2138; x_wconf 87' lang='grc' dir='ltr'>φίλους,</span> 
     </span>
    </p>
   </div>
   <div class='ocr_carea' id='block_1_93' title="bbox 2076 2149 3654 2221">
    <p class='ocr_par' dir='ltr' id='par_1_93' title="bbox 2076 2149 3654 2221">
     <span class='ocr_line' id='line_1_93' title="bbox 2076 2149 3654 2221; baseline 0 -18"><span class='ocrx_word' id='word_1_711' title='bbox 2076 2152 2203 2215; x_wconf 82' lang='grc' dir='ltr'>τοὺς</span> <span class='ocrx_word' id='word_1_712' title='bbox 2235 2150 2484 2221; x_wconf 77' lang='grc' dir='ltr'>ἐχθροὺς,</span> <span class='ocrx_word' id='word_1_713' title='bbox 2514 2154 2641 2215; x_wconf 81' lang='grc' dir='ltr'>τοὺς</span> <span class='ocrx_word' id='word_1_714' title='bbox 2690 2151 2865 2205; x_wconf 85' lang='grc' dir='ltr'>πάντα</span> <span class='ocrx_word' id='word_1_715' title='bbox 2908 2150 3138 2214; x_wconf 76' lang='grc' dir='ltr'>εἰδότας,</span> <span class='ocrx_word' id='word_1_716' title='bbox 3169 2152 3292 2214; x_wconf 77' lang='grc' dir='ltr'>τοὺς</span> <span class='ocrx_word' id='word_1_717' title='bbox 3324 2149 3475 2204; x_wconf 85' lang='grc' dir='ltr'>ούδέν</span> <span class='ocrx_word' id='word_1_718' title='bbox 3520 2151 3654 2204; x_wconf 77' lang='grc' dir='ltr'>εἰδό-</span> 
     </span>
    </p>
   </div>
   <div class='ocr_carea' id='block_1_94' title="bbox 2076 2232 3652 2304">
    <p class='ocr_par' dir='ltr' id='par_1_94' title="bbox 2076 2232 3652 2304">
     <span class='ocr_line' id='line_1_94' title="bbox 2076 2232 3652 2304; baseline 0.001 -19"><span class='ocrx_word' id='word_1_719' title='bbox 2076 2249 2191 2296; x_wconf 91' lang='grc' dir='ltr'>τας.</span> <span class='ocrx_word' id='word_1_720' title='bbox 2219 2232 2427 2286; x_wconf 82' lang='grc' dir='ltr'>Μᾶλλον</span> <span class='ocrx_word' id='word_1_721' title='bbox 2451 2232 2531 2298; x_wconf 86' lang='grc' dir='ltr'>δέ,</span> <span class='ocrx_word' id='word_1_722' title='bbox 2554 2235 2601 2286; x_wconf 83' lang='grc' dir='ltr'>εί</span> <span class='ocrx_word' id='word_1_723' title='bbox 2631 2232 2829 2302; x_wconf 84' lang='grc' dir='ltr'>βούλει,</span> <span class='ocrx_word' id='word_1_724' title='bbox 2860 2234 2953 2286; x_wconf 77' lang='grc' dir='ltr'>καὶ</span> <span class='ocrx_word' id='word_1_725' title='bbox 2981 2232 3152 2286; x_wconf 81' lang='grc' dir='ltr'>ταῦτα</span> <span class='ocrx_word' id='word_1_726' title='bbox 3179 2233 3528 2304; x_wconf 87' lang='grc' dir='ltr'>ἀναιρείσθω,</span> <span class='ocrx_word' id='word_1_727' title='bbox 3557 2235 3652 2287; x_wconf 76' lang='grc' dir='ltr'>καὶ</span> 
     </span>
    </p>
   </div>
   <div class='ocr_carea' id='block_1_95' title="bbox 2077 2315 3652 2388">
    <p class='ocr_par' dir='ltr' id='par_1_95' title="bbox 2077 2315 3652 2388">
     <span class='ocr_line' id='line_1_95' title="bbox 2077 2315 3652 2388; baseline 0.001 -20"><span class='ocrx_word' id='word_1_728' title='bbox 2077 2315 2265 2386; x_wconf 80' lang='grc' dir='ltr'>μηδεὶς</span> <span class='ocrx_word' id='word_1_729' title='bbox 2293 2315 2424 2369; x_wconf 84' lang='grc' dir='ltr'>ίστω</span> <span class='ocrx_word' id='word_1_730' title='bbox 2449 2325 2474 2363; x_wconf 77' lang='lat'><strong>8</strong></span> <span class='ocrx_word' id='word_1_731' title='bbox 2506 2316 2575 2369; x_wconf 84' lang='lat'>16</span> <span class='ocrx_word' id='word_1_732' title='bbox 2601 2316 3009 2387; x_wconf 85' lang='grc' dir='ltr'>τετολμημένα,</span> <span class='ocrx_word' id='word_1_733' title='bbox 3046 2315 3160 2370; x_wconf 85' lang='grc' dir='ltr'>ἀλλ’</span> <span class='ocrx_word' id='word_1_734' title='bbox 3205 2316 3238 2388; x_wconf 78' lang='grc' dir='ltr'><strong>ἢ</strong></span> <span class='ocrx_word' id='word_1_735' title='bbox 3280 2317 3438 2388; x_wconf 89' lang='grc' dir='ltr'>μόνος</span> <span class='ocrx_word' id='word_1_736' title='bbox 3490 2316 3652 2381; x_wconf 81' lang='grc' dir='ltr'>αὐτὸς</span> 
     </span>
    </p>
   </div>
   <div class='ocr_carea' id='block_1_96' title="bbox 2076 2398 3652 2471">
    <p class='ocr_par' dir='ltr' id='par_1_96' title="bbox 2076 2398 3652 2471">
     <span class='ocr_line' id='line_1_96' title="bbox 2076 2398 3652 2471; baseline 0.002 -20"><span class='ocrx_word' id='word_1_737' title='bbox 2076 2398 2215 2470; x_wconf 90' lang='grc' dir='ltr'>μετά</span> <span class='ocrx_word' id='word_1_738' title='bbox 2249 2399 2347 2470; x_wconf 88' lang='grc' dir='ltr'>τῆς</span> <span class='ocrx_word' id='word_1_739' title='bbox 2384 2398 2746 2471; x_wconf 79' lang='grc' dir='ltr'>ὑϐριζομένης</span> <span class='ocrx_word' id='word_1_740' title='bbox 2789 2399 3074 2467; x_wconf 83' lang='grc' dir='ltr'>γυναικός·</span> <span class='ocrx_word' id='word_1_741' title='bbox 3106 2398 3221 2463; x_wconf 90' lang='grc' dir='ltr'>πῶς</span> <span class='ocrx_word' id='word_1_742' title='bbox 3250 2398 3388 2453; x_wconf 84' lang='grc' dir='ltr'>οίσει</span> <span class='ocrx_word' id='word_1_743' title='bbox 3418 2399 3508 2453; x_wconf 82' lang='grc' dir='ltr'>τὸν</span> <span class='ocrx_word' id='word_1_744' title='bbox 3539 2399 3652 2454; x_wconf 87' lang='lat'><strong>61:6</strong></span> 
     </span>
    </p>
   </div>
   <div class='ocr_carea' id='block_1_97' title="bbox 2072 2480 3651 2555">
    <p class='ocr_par' dir='ltr' id='par_1_97' title="bbox 2072 2480 3651 2555">
     <span class='ocr_line' id='line_1_97' title="bbox 2072 2480 3651 2555; baseline 0.001 -22"><span class='ocrx_word' id='word_1_745' title='bbox 2072 2483 2169 2554; x_wconf 81' lang='grc' dir='ltr'>τῆς</span> <span class='ocrx_word' id='word_1_746' title='bbox 2208 2482 2561 2552; x_wconf 86' lang='grc' dir='ltr'>συνειδήσεως</span> <span class='ocrx_word' id='word_1_747' title='bbox 2589 2480 2829 2552; x_wconf 76' lang='grc' dir='ltr'>ἔλεγχον,</span> <span class='ocrx_word' id='word_1_748' title='bbox 2863 2482 3057 2553; x_wconf 72' lang='grc' dir='ltr'>πικρὸν</span> <span class='ocrx_word' id='word_1_749' title='bbox 3101 2483 3375 2554; x_wconf 80' lang='grc' dir='ltr'>πανταχοῦ</span> <span class='ocrx_word' id='word_1_750' title='bbox 3423 2482 3651 2555; x_wconf 83' lang='grc' dir='ltr'>περιφέ-</span> 
     </span>
    </p>
   </div>
   <div class='ocr_carea' id='block_1_98' title="bbox 2074 2565 3651 2638">
    <p class='ocr_par' dir='ltr' id='par_1_98' title="bbox 2074 2565 3651 2638">
     <span class='ocr_line' id='line_1_98' title="bbox 2074 2565 3651 2638; baseline 0.001 -19"><span class='ocrx_word' id='word_1_751' title='bbox 2074 2583 2183 2638; x_wconf 89' lang='grc' dir='ltr'>ρων</span> <span class='ocrx_word' id='word_1_752' title='bbox 2206 2566 2535 2636; x_wconf 76' lang='grc' dir='ltr'>κατὴγορονς</span> <span class='ocrx_word' id='word_1_753' title='bbox 2563 2566 2775 2637; x_wconf 83' lang='grc' dir='ltr'>Ὠσπερ</span> <span class='ocrx_word' id='word_1_754' title='bbox 2810 2565 2919 2635; x_wconf 79' lang='grc' dir='ltr'>γάρ</span> <span class='ocrx_word' id='word_1_755' title='bbox 2944 2565 3135 2619; x_wconf 74' lang='grc' dir='ltr'>ἐαυτον</span> <span class='ocrx_word' id='word_1_756' title='bbox 3162 2567 3263 2619; x_wconf 82' lang='grc' dir='ltr'>οὐκ</span> <span class='ocrx_word' id='word_1_757' title='bbox 3292 2567 3358 2621; x_wconf 80' lang='grc' dir='ltr'>ἄν</span> <span class='ocrx_word' id='word_1_758' title='bbox 3398 2566 3530 2620; x_wconf 88' lang='grc' dir='ltr'>ποτέ</span> <span class='ocrx_word' id='word_1_759' title='bbox 3568 2583 3651 2631; x_wconf 92' lang='grc' dir='ltr'>τις</span> 
     </span>
    </p>
   </div>
   <div class='ocr_carea' id='block_1_99' title="bbox 2073 2648 3651 2721">
    <p class='ocr_par' dir='ltr' id='par_1_99' title="bbox 2073 2648 3651 2721">
     <span class='ocr_line' id='line_1_99' title="bbox 2073 2648 3651 2721; baseline 0.001 -19"><span class='ocrx_word' id='word_1_760' title='bbox 2073 2648 2254 2719; x_wconf 89' lang='grc' dir='ltr'>φύγοι,</span> <span class='ocrx_word' id='word_1_761' title='bbox 2281 2649 2420 2704; x_wconf 80' lang='grc' dir='ltr'>οὕτω</span> <span class='ocrx_word' id='word_1_762' title='bbox 2447 2650 2569 2703; x_wconf 85' lang='grc' dir='ltr'>ούδέ</span> <span class='ocrx_word' id='word_1_763' title='bbox 2592 2650 2690 2721; x_wconf 79' lang='grc' dir='ltr'>τὴν</span> <span class='ocrx_word' id='word_1_764' title='bbox 2718 2650 2827 2704; x_wconf 76' lang='grc' dir='ltr'>ἀπὸ</span> <span class='ocrx_word' id='word_1_765' title='bbox 2855 2649 2947 2703; x_wconf 89' lang='grc' dir='ltr'>τοῦ</span> <span class='ocrx_word' id='word_1_766' title='bbox 2982 2649 3267 2721; x_wconf 88' lang='grc' dir='ltr'>κριτηρίου</span> <span class='ocrx_word' id='word_1_767' title='bbox 3293 2649 3475 2719; x_wconf 72' lang='grc' dir='ltr'>ψῆφον</span> <span class='ocrx_word' id='word_1_768' title='bbox 3506 2649 3651 2703; x_wconf 86' lang='grc' dir='ltr'>ἐκεί-</span> 
     </span>
    </p>
   </div>
   <div class='ocr_carea' id='block_1_100' title="bbox 2072 2732 3648 2806">
    <p class='ocr_par' dir='ltr' id='par_1_100' title="bbox 2072 2732 3648 2806">
     <span class='ocr_line' id='line_1_100' title="bbox 2072 2732 3648 2806; baseline -0.001 -19"><span class='ocrx_word' id='word_1_769' title='bbox 2072 2751 2184 2787; x_wconf 91' lang='grc' dir='ltr'>νου.</span> <span class='ocrx_word' id='word_1_770' title='bbox 2212 2732 2381 2787; x_wconf 82' lang='grc' dir='ltr'>Τοῦτο</span> <span class='ocrx_word' id='word_1_771' title='bbox 2407 2734 2469 2787; x_wconf 83' lang='lat'>16</span> <span class='ocrx_word' id='word_1_772' title='bbox 2507 2734 2851 2805; x_wconf 86' lang='grc' dir='ltr'>δικαστήριον</span> <span class='ocrx_word' id='word_1_773' title='bbox 2879 2732 2940 2785; x_wconf 88' lang='lat'>06</span> <span class='ocrx_word' id='word_1_774' title='bbox 2972 2734 3220 2806; x_wconf 86' lang='grc' dir='ltr'>χρήμασι</span> <span class='ocrx_word' id='word_1_775' title='bbox 3257 2732 3648 2804; x_wconf 82' lang='grc' dir='ltr'>διαφθείρεται,</span> 
     </span>
    </p>
   </div>
   <div class='ocr_carea' id='block_1_101' title="bbox 2072 2815 3651 2888">
    <p class='ocr_par' dir='ltr' id='par_1_101' title="bbox 2072 2815 3651 2888">
     <span class='ocr_line' id='line_1_101' title="bbox 2072 2815 3651 2888; baseline 0 -18"><span class='ocrx_word' id='word_1_776' title='bbox 2072 2817 2133 2870; x_wconf 92' lang='lat'>06</span> <span class='ocrx_word' id='word_1_777' title='bbox 2183 2817 2491 2880; x_wconf 85' lang='grc' dir='ltr'>κολακείαις</span> <span class='ocrx_word' id='word_1_778' title='bbox 2532 2817 2802 2871; x_wconf 85' lang='grc' dir='ltr'>ἐνδίδωσι·</span> <span class='ocrx_word' id='word_1_779' title='bbox 2841 2816 2981 2870; x_wconf 88' lang='grc' dir='ltr'>θεῖον</span> <span class='ocrx_word' id='word_1_780' title='bbox 3027 2815 3138 2888; x_wconf 87' lang='grc' dir='ltr'>γάρ</span> <span class='ocrx_word' id='word_1_781' title='bbox 3187 2818 3338 2882; x_wconf 88' lang='grc' dir='ltr'>ἐστι,</span> <span class='ocrx_word' id='word_1_782' title='bbox 3369 2817 3462 2870; x_wconf 75' lang='grc' dir='ltr'>καὶ</span> <span class='ocrx_word' id='word_1_783' title='bbox 3499 2815 3651 2887; x_wconf 82' lang='grc' dir='ltr'>παρά</span> 
     </span>
    </p>
   </div>
   <div class='ocr_carea' id='block_1_102' title="bbox 2073 2900 3650 2973">
    <p class='ocr_par' dir='ltr' id='par_1_102' title="bbox 2073 2900 3650 2973">
     <span class='ocr_line' id='line_1_102' title="bbox 2073 2900 3650 2973; baseline 0.001 -19"><span class='ocrx_word' id='word_1_784' title='bbox 2073 2900 2207 2954; x_wconf 86' lang='grc' dir='ltr'>Θεοῦ</span> <span class='ocrx_word' id='word_1_785' title='bbox 2236 2904 2353 2964; x_wconf 85' lang='grc' dir='ltr'>ταῖς</span> <span class='ocrx_word' id='word_1_786' title='bbox 2394 2900 2687 2973; x_wconf 85' lang='grc' dir='ltr'>ἡμετέραις</span> <span class='ocrx_word' id='word_1_787' title='bbox 2728 2900 3069 2972; x_wconf 86' lang='grc' dir='ltr'>ἐνιδρυμένον</span> <span class='ocrx_word' id='word_1_788' title='bbox 3098 2900 3317 2971; x_wconf 77' lang='grc' dir='ltr'>ψυχαῖς.</span> <span class='ocrx_word' id='word_1_789' title='bbox 3341 2901 3547 2964; x_wconf 86' lang='grc' dir='ltr'>Ὄντως</span> <span class='ocrx_word' id='word_1_790' title='bbox 3585 2901 3650 2955; x_wconf 86' lang='grc'>’0</span> 
     </span>
    </p>
   </div>
   <div class='ocr_carea' id='block_1_103' title="bbox 2068 2981 3652 3053">
    <p class='ocr_par' dir='ltr' id='par_1_103' title="bbox 2068 2981 3652 3053">
     <span class='ocr_line' id='line_1_103' title="bbox 2068 2981 3652 3053; baseline 0 -16"><span class='ocrx_word' id='word_1_791' title='bbox 2068 2982 2279 3053; x_wconf 82' lang='grc' dir='ltr'>μοιχὸς</span> <span class='ocrx_word' id='word_1_792' title='bbox 2317 2983 2392 3037; x_wconf 81' lang='grc' dir='ltr'>δι’</span> <span class='ocrx_word' id='word_1_793' title='bbox 2431 2983 2670 3038; x_wconf 77' lang='grc' dir='ltr'>ἔνδειαν</span> <span class='ocrx_word' id='word_1_794' title='bbox 2701 2982 2937 3053; x_wconf 67' lang='grc' dir='ltr'>φρενῶν</span> <span class='ocrx_word' id='word_1_795' title='bbox 2973 2982 3280 3037; x_wconf 74' lang='grc' dir='ltr'>ἀπώλειαν</span> <span class='ocrx_word' id='word_1_796' title='bbox 3319 2981 3392 3051; x_wconf 76' lang='grc' dir='ltr'>τῇ</span> <span class='ocrx_word' id='word_1_797' title='bbox 3431 2981 3652 3037; x_wconf 83' lang='grc' dir='ltr'>ἑαυτοῦ</span> 
     </span>
    </p>
   </div>
   <div class='ocr_carea' id='block_1_104' title="bbox 2072 3064 3653 3136">
    <p class='ocr_par' dir='ltr' id='par_1_104' title="bbox 2072 3064 3653 3136">
     <span class='ocr_line' id='line_1_104' title="bbox 2072 3064 3653 3136; baseline 0 -16"><span class='ocrx_word' id='word_1_798' title='bbox 2072 3065 2243 3136; x_wconf 69' lang='grc' dir='ltr'>ψυχῇ</span> <span class='ocrx_word' id='word_1_799' title='bbox 2276 3066 2677 3136; x_wconf 81' lang='grc' dir='ltr'>περιποιεῖται.</span> <span class='ocrx_word' id='word_1_800' title='bbox 2706 3068 2779 3119; x_wconf 84' lang='lat' dir='ltr'>U6</span> <span class='ocrx_word' id='word_1_801' title='bbox 2818 3066 2921 3136; x_wconf 77' lang='grc' dir='ltr'>μὴν</span> <span class='ocrx_word' id='word_1_802' title='bbox 2956 3066 3077 3120; x_wconf 84' lang='grc' dir='ltr'>ούδέ</span> <span class='ocrx_word' id='word_1_803' title='bbox 3104 3068 3133 3119; x_wconf 90' lang='lat'>6</span> <span class='ocrx_word' id='word_1_804' title='bbox 3169 3064 3408 3136; x_wconf 84' lang='grc' dir='ltr'>κλέπτης</span> <span class='ocrx_word' id='word_1_805' title='bbox 3434 3066 3463 3105; x_wconf 64' lang='lat' dir='ltr'>il</span> <span class='ocrx_word' id='word_1_806' title='bbox 3494 3065 3653 3120; x_wconf 80' lang='grc' dir='ltr'>κολά-</span> 
     </span>
    </p>
   </div>
   <div class='ocr_carea' id='block_1_105' title="bbox 2076 3148 3649 3221">
    <p class='ocr_par' dir='ltr' id='par_1_105' title="bbox 2076 3148 3649 3221">
     <span class='ocr_line' id='line_1_105' title="bbox 2076 3148 3649 3221; baseline 0 -19"><span class='ocrx_word' id='word_1_807' title='bbox 2076 3166 2211 3214; x_wconf 85' lang='grc' dir='ltr'>σεως</span> <span class='ocrx_word' id='word_1_808' title='bbox 2239 3150 2626 3221; x_wconf 86' lang='grc' dir='ltr'>ἀπεστέρηται,</span> <span class='ocrx_word' id='word_1_809' title='bbox 2657 3148 2791 3203; x_wconf 88' lang='grc' dir='ltr'>ἀλλά</span> <span class='ocrx_word' id='word_1_810' title='bbox 2831 3148 3013 3203; x_wconf 87' lang='grc' dir='ltr'>δίδωσι</span> <span class='ocrx_word' id='word_1_811' title='bbox 3052 3148 3151 3220; x_wconf 83' lang='grc' dir='ltr'>μὲν</span> <span class='ocrx_word' id='word_1_812' title='bbox 3190 3149 3366 3219; x_wconf 89' lang='grc' dir='ltr'>δίκην,</span> <span class='ocrx_word' id='word_1_813' title='bbox 3389 3148 3649 3203; x_wconf 83' lang='grc' dir='ltr'>ἐλάττονα</span> 
     </span>
    </p>
   </div>
   <div class='ocr_carea' id='block_1_106' title="bbox 2072 3229 3652 3303">
    <p class='ocr_par' dir='ltr' id='par_1_106' title="bbox 2072 3229 3652 3303">
     <span class='ocr_line' id='line_1_106' title="bbox 2072 3229 3652 3303; baseline -0.001 -20"><span class='ocrx_word' id='word_1_814' title='bbox 2072 3230 2150 3287; x_wconf 87' lang='grc' dir='ltr'>δέ.</span> <span class='ocrx_word' id='word_1_815' title='bbox 2180 3232 2246 3284; x_wconf 77' lang='grc' dir='ltr'>ΛΞ</span> <span class='ocrx_word' id='word_1_816' title='bbox 2280 3233 2387 3303; x_wconf 87' lang='lat'>769</span> <span class='ocrx_word' id='word_1_817' title='bbox 2408 3231 2724 3303; x_wconf 89' lang='grc' dir='ltr'>συγκρίσεις</span> <span class='ocrx_word' id='word_1_818' title='bbox 2747 3232 2849 3285; x_wconf 89' lang='grc' dir='ltr'>ούκ</span> <span class='ocrx_word' id='word_1_819' title='bbox 2877 3232 2956 3292; x_wconf 87' lang='grc' dir='ltr'>είς</span> <span class='ocrx_word' id='word_1_820' title='bbox 2985 3231 3083 3301; x_wconf 82' lang='grc' dir='ltr'>τὴν</span> <span class='ocrx_word' id='word_1_821' title='bbox 3116 3231 3361 3284; x_wconf 90' lang='grc' dir='ltr'>ἐναντίαν</span> <span class='ocrx_word' id='word_1_822' title='bbox 3392 3229 3652 3298; x_wconf 80' lang='grc' dir='ltr'>ἐξωθοῦσι</span> 
     </span>
    </p>
   </div>
   <div class='ocr_carea' id='block_1_107' title="bbox 2072 3313 3653 3386">
    <p class='ocr_par' dir='ltr' id='par_1_107' title="bbox 2072 3313 3653 3386">
     <span class='ocr_line' id='line_1_107' title="bbox 2072 3313 3653 3386; baseline -0.001 -18"><span class='ocrx_word' id='word_1_823' title='bbox 2072 3315 2223 3380; x_wconf 80' lang='grc' dir='ltr'>τάξιν</span> <span class='ocrx_word' id='word_1_824' title='bbox 2256 3316 2325 3369; x_wconf 87' lang='lat'>16</span> <span class='ocrx_word' id='word_1_825' title='bbox 2354 3315 2774 3386; x_wconf 88' lang='grc' dir='ltr'>συγκρινόμενα,</span> <span class='ocrx_word' id='word_1_826' title='bbox 2802 3314 2915 3368; x_wconf 87' lang='grc' dir='ltr'>ἀλλ’</span> <span class='ocrx_word' id='word_1_827' title='bbox 2939 3314 3189 3384; x_wconf 86' lang='grc' dir='ltr'>ἀφιεῖσαι</span> <span class='ocrx_word' id='word_1_828' title='bbox 3227 3313 3404 3386; x_wconf 88' lang='grc' dir='ltr'>μένειν</span> <span class='ocrx_word' id='word_1_829' title='bbox 3431 3315 3524 3368; x_wconf 80' lang='grc' dir='ltr'>ἐπὶ</span> <span class='ocrx_word' id='word_1_830' title='bbox 3553 3314 3653 3383; x_wconf 77' lang='grc' dir='ltr'>τῆς</span> 
     </span>
    </p>
   </div>
   <div class='ocr_carea' id='block_1_108' title="bbox 2073 3396 3655 3470">
    <p class='ocr_par' dir='ltr' id='par_1_108' title="bbox 2073 3396 3655 3470">
     <span class='ocr_line' id='line_1_108' title="bbox 2073 3396 3655 3470; baseline 0 -19"><span class='ocrx_word' id='word_1_831' title='bbox 2073 3397 2278 3461; x_wconf 87' lang='grc' dir='ltr'>οίκείας</span> <span class='ocrx_word' id='word_1_832' title='bbox 2305 3396 2487 3469; x_wconf 91' lang='grc' dir='ltr'>χώρας</span> <span class='ocrx_word' id='word_1_833' title='bbox 2514 3397 2675 3459; x_wconf 82' lang='grc' dir='ltr'>αὐτὰ,</span> <span class='ocrx_word' id='word_1_834' title='bbox 2703 3397 2997 3452; x_wconf 85' lang='grc' dir='ltr'>ἐλάττωσιν</span> <span class='ocrx_word' id='word_1_835' title='bbox 3037 3398 3316 3468; x_wconf 75' lang='grc' dir='ltr'>εἰσάγουσι</span> <span class='ocrx_word' id='word_1_836' title='bbox 3358 3398 3451 3453; x_wconf 78' lang='grc' dir='ltr'>καὶ</span> <span class='ocrx_word' id='word_1_837' title='bbox 3488 3398 3655 3470; x_wconf 64' lang='grc' dir='ltr'>ὑπερε-</span> 
     </span>
    </p>
   </div>
   <div class='ocr_carea' id='block_1_109' title="bbox 2072 3478 3650 3553">
    <p class='ocr_par' dir='ltr' id='par_1_109' title="bbox 2072 3478 3650 3553">
     <span class='ocr_line' id='line_1_109' title="bbox 2072 3478 3650 3553; baseline 0.001 -21"><span class='ocrx_word' id='word_1_838' title='bbox 2072 3481 2223 3550; x_wconf 86' lang='grc' dir='ltr'>οχὴν.</span> <span class='ocrx_word' id='word_1_839' title='bbox 2255 3479 2407 3551; x_wconf 87' lang='grc' dir='ltr'>Τάχα</span> <span class='ocrx_word' id='word_1_840' title='bbox 2439 3482 2498 3534; x_wconf 93' lang='lat'>06</span> <span class='ocrx_word' id='word_1_841' title='bbox 2535 3482 2800 3553; x_wconf 85' lang='grc' dir='ltr'>συνὴκατε</span> <span class='ocrx_word' id='word_1_842' title='bbox 2823 3480 2885 3534; x_wconf 84' lang='lat'>16</span> <span class='ocrx_word' id='word_1_843' title='bbox 2930 3480 3119 3551; x_wconf 88' lang='grc' dir='ltr'>λεχθέν</span> <span class='ocrx_word' id='word_1_844' title='bbox 3139 3498 3153 3512; x_wconf 92' lang='grc'>·</span> <span class='ocrx_word' id='word_1_845' title='bbox 3202 3478 3395 3533; x_wconf 81' lang='grc' dir='ltr'>οὐκοῦν</span> <span class='ocrx_word' id='word_1_846' title='bbox 3438 3480 3650 3551; x_wconf 89' lang='grc' dir='ltr'>ἀνάγκη</span> 
     </span>
    </p>
   </div>
   <div class='ocr_carea' id='block_1_110' title="bbox 2073 3562 3646 3635">
    <p class='ocr_par' dir='ltr' id='par_1_110' title="bbox 2073 3562 3646 3635">
     <span class='ocr_line' id='line_1_110' title="bbox 2073 3562 3646 3635; baseline 0.001 -18"><span class='ocrx_word' id='word_1_847' title='bbox 2073 3564 2407 3635; x_wconf 81' lang='grc' dir='ltr'>σαφέστερον</span> <span class='ocrx_word' id='word_1_848' title='bbox 2435 3565 2627 3618; x_wconf 78' lang='grc' dir='ltr'>εἰπεῖν.</span> <span class='ocrx_word' id='word_1_849' title='bbox 2654 3564 2834 3619; x_wconf 82' lang='grc' dir='ltr'>Καλὸν</span> <span class='ocrx_word' id='word_1_850' title='bbox 2859 3565 2887 3617; x_wconf 96' lang='lat'>6</span> <span class='ocrx_word' id='word_1_851' title='bbox 2919 3565 3118 3634; x_wconf 85' lang='grc' dir='ltr'>γάμος,</span> <span class='ocrx_word' id='word_1_852' title='bbox 3146 3563 3283 3618; x_wconf 88' lang='grc' dir='ltr'>ἀλλά</span> <span class='ocrx_word' id='word_1_853' title='bbox 3320 3562 3585 3635; x_wconf 84' lang='grc' dir='ltr'>κρείττων</span> <span class='ocrx_word' id='word_1_854' title='bbox 3614 3567 3646 3634; x_wconf 79' lang='grc' dir='ltr'>ἡ</span> 
     </span>
    </p>
   </div>
   <div class='ocr_carea' id='block_1_111' title="bbox 2073 3644 3653 3720">
    <p class='ocr_par' dir='ltr' id='par_1_111' title="bbox 2073 3644 3653 3720">
     <span class='ocr_line' id='line_1_111' title="bbox 2073 3644 3653 3720; baseline 0.001 -20"><span class='ocrx_word' id='word_1_855' title='bbox 2073 3645 2339 3718; x_wconf 90' lang='grc' dir='ltr'>παρθενία</span> <span class='ocrx_word' id='word_1_856' title='bbox 2356 3663 2373 3680; x_wconf 95' lang='grc'>·</span> <span class='ocrx_word' id='word_1_857' title='bbox 2392 3646 2490 3702; x_wconf 85' lang='grc' dir='ltr'>οὐκ</span> <span class='ocrx_word' id='word_1_858' title='bbox 2509 3646 2695 3719; x_wconf 85' lang='grc' dir='ltr'>ἐπειδὴ</span> <span class='ocrx_word' id='word_1_859' title='bbox 2716 3647 2981 3720; x_wconf 88' lang='grc' dir='ltr'>κρείττων</span> <span class='ocrx_word' id='word_1_860' title='bbox 3005 3649 3039 3719; x_wconf 95' lang='grc' dir='ltr'>ἡ</span> <span class='ocrx_word' id='word_1_861' title='bbox 3068 3647 3357 3718; x_wconf 89' lang='grc' dir='ltr'>παρθενία,</span> <span class='ocrx_word' id='word_1_862' title='bbox 3378 3644 3469 3700; x_wconf 79' lang='grc' dir='ltr'>διὰ</span> <span class='ocrx_word' id='word_1_863' title='bbox 3493 3644 3653 3701; x_wconf 86' lang='grc' dir='ltr'>τοῦτο</span> 
     </span>
    </p>
   </div>
   <div class='ocr_carea' id='block_1_112' title="bbox 2072 3728 3652 3801">
    <p class='ocr_par' dir='ltr' id='par_1_112' title="bbox 2072 3728 3652 3801">
     <span class='ocr_line' id='line_1_112' title="bbox 2072 3728 3652 3801; baseline 0.001 -19"><span class='ocrx_word' id='word_1_864' title='bbox 2072 3729 2239 3783; x_wconf 82' lang='grc' dir='ltr'>κακὸν</span> <span class='ocrx_word' id='word_1_865' title='bbox 2273 3731 2302 3782; x_wconf 91' lang='lat'>6</span> <span class='ocrx_word' id='word_1_866' title='bbox 2328 3729 2504 3801; x_wconf 86' lang='grc' dir='ltr'>γάμος</span> <span class='ocrx_word' id='word_1_867' title='bbox 2522 3770 2538 3797; x_wconf 91' lang='grc'>,</span> <span class='ocrx_word' id='word_1_868' title='bbox 2583 3730 2700 3785; x_wconf 91' lang='grc' dir='ltr'>ἀλλ’</span> <span class='ocrx_word' id='word_1_869' title='bbox 2741 3730 2957 3784; x_wconf 72' lang='grc' dir='ltr'>ἔλαττον</span> <span class='ocrx_word' id='word_1_870' title='bbox 2988 3731 3087 3801; x_wconf 82' lang='grc' dir='ltr'>μὲν</span> <span class='ocrx_word' id='word_1_871' title='bbox 3130 3730 3359 3796; x_wconf 84' lang='grc' dir='ltr'>ἐκείνου,</span> <span class='ocrx_word' id='word_1_872' title='bbox 3398 3728 3561 3784; x_wconf 79' lang='grc' dir='ltr'>καλὸν</span> <span class='ocrx_word' id='word_1_873' title='bbox 3592 3729 3652 3783; x_wconf 72' lang='grc' dir='ltr'>δὲ</span> 
     </span>
    </p>
   </div>
   <div class='ocr_carea' id='block_1_113' title="bbox 2074 3810 3651 3886">
    <p class='ocr_par' dir='ltr' id='par_1_113' title="bbox 2074 3810 3651 3886">
     <span class='ocr_line' id='line_1_113' title="bbox 2074 3810 3651 3886; baseline 0.001 -22"><span class='ocrx_word' id='word_1_874' title='bbox 2074 3810 2169 3864; x_wconf 76' lang='grc' dir='ltr'>καὶ</span> <span class='ocrx_word' id='word_1_875' title='bbox 2213 3812 2363 3867; x_wconf 88' lang='lat'><strong>0.616.</strong></span> <span class='ocrx_word' id='word_1_876' title='bbox 2406 3811 2577 3876; x_wconf 62' lang='lat' dir='ltr'>061m~</span> <span class='ocrx_word' id='word_1_877' title='bbox 2600 3814 2696 3867; x_wconf 71' lang='grc' dir='ltr'>καὶ</span> <span class='ocrx_word' id='word_1_878' title='bbox 2740 3812 3004 3867; x_wconf 86' lang='grc' dir='ltr'>ἐνταῦθα·</span> <span class='ocrx_word' id='word_1_879' title='bbox 3038 3814 3208 3867; x_wconf 82' lang='grc' dir='ltr'>κακὸν</span> <span class='ocrx_word' id='word_1_880' title='bbox 3240 3814 3274 3885; x_wconf 88' lang='grc' dir='ltr'>ἡ</span> <span class='ocrx_word' id='word_1_881' title='bbox 3305 3813 3501 3886; x_wconf 83' lang='grc' dir='ltr'>κλοπὴ,</span> <span class='ocrx_word' id='word_1_882' title='bbox 3533 3811 3651 3867; x_wconf 84' lang='lat'><strong>611‘</strong></span> 
     </span>
    </p>
   </div>
   <div class='ocr_carea' id='block_1_114' title="bbox 2075 3891 3654 3967">
    <p class='ocr_par' dir='ltr' id='par_1_114' title="bbox 2075 3891 3654 3967">
     <span class='ocr_line' id='line_1_114' title="bbox 2075 3891 3654 3967; baseline 0.003 -22"><span class='ocrx_word' id='word_1_883' title='bbox 2075 3891 2293 3947; x_wconf 80' lang='grc' dir='ltr'>ἔλαττον</span> <span class='ocrx_word' id='word_1_884' title='bbox 2329 3896 2425 3965; x_wconf 89' lang='grc' dir='ltr'>μέν</span> <span class='ocrx_word' id='word_1_885' title='bbox 2457 3894 2686 3963; x_wconf 89' lang='grc' dir='ltr'>ἐκείνου,</span> <span class='ocrx_word' id='word_1_886' title='bbox 2719 3896 2885 3950; x_wconf 80' lang='grc' dir='ltr'>κακὸν</span> <span class='ocrx_word' id='word_1_887' title='bbox 2910 3897 2968 3950; x_wconf 88' lang='lat'>66</span> <span class='ocrx_word' id='word_1_888' title='bbox 2996 3896 3090 3950; x_wconf 81' lang='grc' dir='ltr'>καὶ</span> <span class='ocrx_word' id='word_1_889' title='bbox 3121 3895 3273 3951; x_wconf 81' lang='grc' dir='ltr'>αὐτό.</span> <span class='ocrx_word' id='word_1_890' title='bbox 3297 3893 3447 3959; x_wconf 79' lang='grc' dir='ltr'>Εἶδες</span> <span class='ocrx_word' id='word_1_891' title='bbox 3474 3897 3654 3967; x_wconf 88' lang='grc' dir='ltr'>ἀμαρ-</span> 
     </span>
    </p>
   </div>
   <div class='ocr_carea' id='block_1_115' title="bbox 2076 3974 3653 4050">
    <p class='ocr_par' dir='ltr' id='par_1_115' title="bbox 2076 3974 3653 4050">
     <span class='ocr_line' id='line_1_115' title="bbox 2076 3974 3653 4050; baseline 0.003 -21"><span class='ocrx_word' id='word_1_892' title='bbox 2076 3977 2333 4046; x_wconf 87' lang='grc' dir='ltr'>τημάτων</span> <span class='ocrx_word' id='word_1_893' title='bbox 2381 3978 2674 4050; x_wconf 86' lang='grc' dir='ltr'>διαφοράς;</span> <span class='ocrx_word' id='word_1_894' title='bbox 2702 3980 2928 4049; x_wconf 78' lang='grc' dir='ltr'>ἰδωμεν</span> <span class='ocrx_word' id='word_1_895' title='bbox 2966 3974 3059 4033; x_wconf 78' lang='grc' dir='ltr'>οὖν</span> <span class='ocrx_word' id='word_1_896' title='bbox 3096 3979 3254 4033; x_wconf 84' lang='grc' dir='ltr'>ποίαν</span> <span class='ocrx_word' id='word_1_897' title='bbox 3288 3974 3441 4042; x_wconf 77' lang='grc' dir='ltr'>οὗτος</span> <span class='ocrx_word' id='word_1_898' title='bbox 3474 3980 3653 4049; x_wconf 86' lang='grc' dir='ltr'>ἀμαρ-</span> 
     </span>
    </p>
   </div>
   <div class='ocr_carea' id='block_1_116' title="bbox 2077 4059 3655 4133">
    <p class='ocr_par' dir='ltr' id='par_1_116' title="bbox 2077 4059 3655 4133">
     <span class='ocr_line' id='line_1_116' title="bbox 2077 4059 3655 4133; baseline 0.002 -21"><span class='ocrx_word' id='word_1_899' title='bbox 2077 4059 2197 4112; x_wconf 86' lang='grc' dir='ltr'>τίαν</span> <span class='ocrx_word' id='word_1_900' title='bbox 2225 4059 2486 4132; x_wconf 79' lang='grc' dir='ltr'>ἥμαρτεν.</span> <span class='ocrx_word' id='word_1_901' title='bbox 2528 4061 2772 4131; x_wconf 70' lang='grc' dir='ltr'>Ὑψώθη,</span> <span class='ocrx_word' id='word_1_902' title='bbox 2802 4062 2985 4133; x_wconf 72' lang='grc' dir='ltr'>φησὶν,</span> <span class='ocrx_word' id='word_1_903' title='bbox 3012 4064 3050 4131; x_wconf 81' lang='grc' dir='ltr'><strong><em>ή</em></strong></span> <span class='ocrx_word' id='word_1_904' title='bbox 3078 4060 3292 4129; x_wconf 81' lang='grc' dir='ltr'>καρδία</span> <span class='ocrx_word' id='word_1_905' title='bbox 3317 4060 3523 4115; x_wconf 79' lang='grc' dir='ltr'>αὐτοῦ.</span> <span class='ocrx_word' id='word_1_906' title='bbox 3548 4063 3655 4115; x_wconf 88' lang='grc' dir='ltr'>Χα-</span> 
     </span>
    </p>
   </div>
   <div class='ocr_carea' id='block_1_117' title="bbox 2076 4139 3653 4215">
    <p class='ocr_par' dir='ltr' id='par_1_117' title="bbox 2076 4139 3653 4215">
     <span class='ocr_line' id='line_1_117' title="bbox 2076 4139 3653 4215; baseline 0.001 -21"><span class='ocrx_word' id='word_1_907' title='bbox 2076 4139 2239 4195; x_wconf 80' lang='grc' dir='ltr'>λεπὸν</span> <span class='ocrx_word' id='word_1_908' title='bbox 2258 4142 2318 4195; x_wconf 88' lang='lat'>16</span> <span class='ocrx_word' id='word_1_909' title='bbox 2344 4143 2566 4215; x_wconf 86' lang='grc' dir='ltr'>τραῦμα</span> <span class='ocrx_word' id='word_1_910' title='bbox 2584 4160 2596 4172; x_wconf 86' lang='grc'>·</span> <span class='ocrx_word' id='word_1_911' title='bbox 2621 4144 2847 4198; x_wconf 85' lang='grc' dir='ltr'>ἀπόνοια</span> <span class='ocrx_word' id='word_1_912' title='bbox 2871 4144 2979 4214; x_wconf 88' lang='grc' dir='ltr'>γάρ</span> <span class='ocrx_word' id='word_1_913' title='bbox 3000 4144 3168 4206; x_wconf 84' lang='grc' dir='ltr'>ἐστιν,</span> <span class='ocrx_word' id='word_1_914' title='bbox 3190 4142 3423 4196; x_wconf 87' lang='grc' dir='ltr'>ἀπόνοια</span> <span class='ocrx_word' id='word_1_915' title='bbox 3443 4144 3478 4213; x_wconf 90' lang='grc' dir='ltr'>ἡ</span> <span class='ocrx_word' id='word_1_916' title='bbox 3502 4143 3653 4214; x_wconf 82' lang='grc' dir='ltr'>πηγὴ</span> 
     </span>
    </p>
   </div>
   <div class='ocr_carea' id='block_1_118' title="bbox 2078 4225 3651 4297">
    <p class='ocr_par' dir='ltr' id='par_1_118' title="bbox 2078 4225 3651 4297">
     <span class='ocr_line' id='line_1_118' title="bbox 2078 4225 3651 4297; baseline 0 -18"><span class='ocrx_word' id='word_1_917' title='bbox 2078 4226 2295 4280; x_wconf 88' lang='grc' dir='ltr'>πάντων</span> <span class='ocrx_word' id='word_1_918' title='bbox 2337 4226 2447 4279; x_wconf 91' lang='grc' dir='ltr'>τῶν</span> <span class='ocrx_word' id='word_1_919' title='bbox 2493 4227 2698 4280; x_wconf 85' lang='grc' dir='ltr'>κακῶν.</span> <span class='ocrx_word' id='word_1_920' title='bbox 2741 4229 2851 4279; x_wconf 81' lang='grc' dir='ltr'>Καὶ</span> <span class='ocrx_word' id='word_1_921' title='bbox 2895 4226 2982 4280; x_wconf 85' lang='grc' dir='ltr'>ἴνα</span> <span class='ocrx_word' id='word_1_922' title='bbox 3020 4225 3300 4297; x_wconf 88' lang='grc' dir='ltr'>συντόμως</span> <span class='ocrx_word' id='word_1_923' title='bbox 3337 4225 3514 4297; x_wconf 87' lang='grc' dir='ltr'>μάθῃς</span> <span class='ocrx_word' id='word_1_924' title='bbox 3556 4225 3651 4279; x_wconf 87' lang='grc' dir='ltr'>τοῦ</span> 
     </span>
    </p>
   </div>
   <div class='ocr_carea' id='block_1_119' title="bbox 2077 4310 3651 4384">
    <p class='ocr_par' dir='ltr' id='par_1_119' title="bbox 2077 4310 3651 4384">
     <span class='ocr_line' id='line_1_119' title="bbox 2077 4310 3651 4384; baseline 0.002 -19"><span class='ocrx_word' id='word_1_925' title='bbox 2077 4312 2379 4383; x_wconf 81' lang='grc' dir='ltr'>νοσήματος</span> <span class='ocrx_word' id='word_1_926' title='bbox 2406 4311 2502 4383; x_wconf 83' lang='grc' dir='ltr'>τὴν</span> <span class='ocrx_word' id='word_1_927' title='bbox 2539 4312 2755 4378; x_wconf 87' lang='grc' dir='ltr'>κακίαν,</span> <span class='ocrx_word' id='word_1_928' title='bbox 2783 4314 2959 4366; x_wconf 76' lang='grc' dir='ltr'>ἐκεῖνο</span> <span class='ocrx_word' id='word_1_929' title='bbox 2999 4310 3249 4366; x_wconf 78' lang='grc' dir='ltr'>ἄκουσον.</span> <span class='ocrx_word' id='word_1_930' title='bbox 3278 4310 3359 4365; x_wconf 88' lang='lat' dir='ltr'><strong>T6</strong></span> <span class='ocrx_word' id='word_1_931' title='bbox 3389 4311 3487 4384; x_wconf 80' lang='grc' dir='ltr'>μὲν</span> <span class='ocrx_word' id='word_1_932' title='bbox 3517 4310 3651 4368; x_wconf 84' lang='grc' dir='ltr'>ἀλλα</span> 
     </span>
    </p>
   </div>
   <div class='ocr_carea' id='block_1_120' title="bbox 2078 4392 3649 4467">
    <p class='ocr_par' dir='ltr' id='par_1_120' title="bbox 2078 4392 3649 4467">
     <span class='ocr_line' id='line_1_120' title="bbox 2078 4392 3649 4467; baseline 0 -19"><span class='ocrx_word' id='word_1_933' title='bbox 2078 4396 2448 4467; x_wconf 85' lang='grc' dir='ltr'>ἁμαρτήματα</span> <span class='ocrx_word' id='word_1_934' title='bbox 2481 4395 2609 4466; x_wconf 74' lang='grc' dir='ltr'>περὶ</span> <span class='ocrx_word' id='word_1_935' title='bbox 2644 4395 2742 4466; x_wconf 83' lang='grc' dir='ltr'>τὴν</span> <span class='ocrx_word' id='word_1_936' title='bbox 2769 4392 3040 4466; x_wconf 80' lang='grc' dir='ltr'>ἡμετέραν</span> <span class='ocrx_word' id='word_1_937' title='bbox 3084 4394 3371 4465; x_wconf 86' lang='grc' dir='ltr'>στρέφεται</span> <span class='ocrx_word' id='word_1_938' title='bbox 3403 4393 3583 4465; x_wconf 84' lang='grc' dir='ltr'>φύσιν,</span> <span class='ocrx_word' id='word_1_939' title='bbox 3615 4396 3649 4467; x_wconf 85' lang='grc' dir='ltr'>ἡ</span> 
     </span>
    </p>
   </div>
   <div class='ocr_carea' id='block_1_121' title="bbox 2075 4476 3652 4549">
    <p class='ocr_par' dir='ltr' id='par_1_121' title="bbox 2075 4476 3652 4549">
     <span class='ocr_line' id='line_1_121' title="bbox 2075 4476 3652 4549; baseline 0.001 -16"><span class='ocrx_word' id='word_1_940' title='bbox 2075 4480 2135 4534; x_wconf 88' lang='lat'>66</span> <span class='ocrx_word' id='word_1_941' title='bbox 2180 4477 2523 4549; x_wconf 85' lang='grc' dir='ltr'>ὑπερηφανία</span> <span class='ocrx_word' id='word_1_942' title='bbox 2565 4478 2791 4547; x_wconf 87' lang='grc' dir='ltr'>δύναμιν</span> <span class='ocrx_word' id='word_1_943' title='bbox 2838 4476 3127 4549; x_wconf 84' lang='grc' dir='ltr'>ἀσώματον</span> <span class='ocrx_word' id='word_1_944' title='bbox 3178 4479 3509 4542; x_wconf 86' lang='grc' dir='ltr'>κατέσπασε,</span> <span class='ocrx_word' id='word_1_945' title='bbox 3554 4478 3652 4535; x_wconf 70' lang='grc' dir='ltr'>καὶ</span> 
     </span>
    </p>
   </div>
   <div class='ocr_carea' id='block_1_122' title="bbox 2076 4559 3648 4634">
    <p class='ocr_par' dir='ltr' id='par_1_122' title="bbox 2076 4559 3648 4634">
     <span class='ocr_line' id='line_1_122' title="bbox 2076 4559 3648 4634; baseline -0.001 -18"><span class='ocrx_word' id='word_1_946' title='bbox 2076 4562 2372 4617; x_wconf 88' lang='grc' dir='ltr'>κατέϐαλεν</span> <span class='ocrx_word' id='word_1_947' title='bbox 2398 4561 2621 4616; x_wconf 76' lang='grc' dir='ltr'>ἀνωθεν.</span> <span class='ocrx_word' id='word_1_948' title='bbox 2654 4561 2755 4615; x_wconf 87' lang='grc' dir='ltr'>Τὸν</span> <span class='ocrx_word' id='word_1_949' title='bbox 2783 4559 2890 4632; x_wconf 87' lang='lat'>769</span> <span class='ocrx_word' id='word_1_950' title='bbox 2922 4560 3187 4627; x_wconf 88' lang='grc' dir='ltr'>διάϐολον,</span> <span class='ocrx_word' id='word_1_951' title='bbox 3227 4561 3328 4615; x_wconf 86' lang='grc' dir='ltr'>οὐκ</span> <span class='ocrx_word' id='word_1_952' title='bbox 3355 4561 3486 4616; x_wconf 76' lang='grc' dir='ltr'>ὄντα</span> <span class='ocrx_word' id='word_1_953' title='bbox 3512 4562 3648 4634; x_wconf 82' lang='grc' dir='ltr'>πρό-</span> 
     </span>
    </p>
   </div>
   <div class='ocr_carea' id='block_1_123' title="bbox 2076 4644 3646 4722">
    <p class='ocr_par' dir='ltr' id='par_1_123' title="bbox 2076 4644 3646 4722">
     <span class='ocr_line' id='line_1_123' title="bbox 2076 4644 3646 4722; baseline 0 -19"><span class='ocrx_word' id='word_1_954' title='bbox 2076 4665 2232 4722; x_wconf 86' lang='grc' dir='ltr'>τερον</span> <span class='ocrx_word' id='word_1_955' title='bbox 2262 4648 2526 4711; x_wconf 89' lang='grc' dir='ltr'>διάϐολον,</span> <span class='ocrx_word' id='word_1_956' title='bbox 2554 4647 2713 4702; x_wconf 81' lang='grc' dir='ltr'>τοῦτο</span> <span class='ocrx_word' id='word_1_957' title='bbox 2745 4646 2895 4720; x_wconf 77' lang='grc'><strong>[117]</strong></span> <span class='ocrx_word' id='word_1_958' title='bbox 2936 4644 3073 4702; x_wconf 79' lang='grc' dir='ltr'>εἶναι</span> <span class='ocrx_word' id='word_1_959' title='bbox 3117 4646 3360 4702; x_wconf 86' lang='grc' dir='ltr'>διάϐολον</span> <span class='ocrx_word' id='word_1_960' title='bbox 3402 4646 3646 4717; x_wconf 85' lang='grc' dir='ltr'>ἐποίησε.</span> 
     </span>
    </p>
   </div>
   <div class='ocr_carea' id='block_1_124' title="bbox 2077 4728 3649 4804">
    <p class='ocr_par' dir='ltr' id='par_1_124' title="bbox 2077 4728 3649 4804">
     <span class='ocr_line' id='line_1_124' title="bbox 2077 4728 3649 4804; baseline -0.004 -16"><span class='ocrx_word' id='word_1_961' title='bbox 2077 4733 2190 4788; x_wconf 83' lang='grc' dir='ltr'>Κᾶν</span> <span class='ocrx_word' id='word_1_962' title='bbox 2213 4732 2311 4804; x_wconf 82' lang='grc' dir='ltr'>μὲν</span> <span class='ocrx_word' id='word_1_963' title='bbox 2326 4733 2416 4787; x_wconf 82' lang='grc' dir='ltr'>τὸν</span> <span class='ocrx_word' id='word_1_964' title='bbox 2443 4732 2666 4786; x_wconf 79' lang='grc' dir='ltr'>Ἡσαΐαν</span> <span class='ocrx_word' id='word_1_965' title='bbox 2688 4732 3095 4803; x_wconf 82' lang='grc' dir='ltr'>παραγάγωμεν</span> <span class='ocrx_word' id='word_1_966' title='bbox 3128 4731 3384 4801; x_wconf 86' lang='grc' dir='ltr'>μάρτυρα</span> <span class='ocrx_word' id='word_1_967' title='bbox 3425 4728 3649 4798; x_wconf 87' lang='grc' dir='ltr'>λέγοντα</span> 
     </span>
    </p>
   </div>
   <div class='ocr_carea' id='block_1_125' title="bbox 2077 4810 3651 4889">
    <p class='ocr_par' dir='ltr' id='par_1_125' title="bbox 2077 4810 3651 4889">
     <span class='ocr_line' id='line_1_125' title="bbox 2077 4810 3651 4889; baseline -0.004 -19"><span class='ocrx_word' id='word_1_968' title='bbox 2077 4814 2219 4870; x_wconf 76' lang='grc' dir='ltr'>οὕτω</span> <span class='ocrx_word' id='word_1_969' title='bbox 2242 4816 2369 4889; x_wconf 70' lang='grc' dir='ltr'>περὶ</span> <span class='ocrx_word' id='word_1_970' title='bbox 2394 4815 2579 4870; x_wconf 79' lang='grc' dir='ltr'>αὑτοῦ·</span> <span class='ocrx_word' id='word_1_971' title='bbox 2600 4818 2705 4880; x_wconf 73' lang='grc' dir='ltr'>Εἰς</span> <span class='ocrx_word' id='word_1_972' title='bbox 2723 4814 2830 4868; x_wconf 86' lang='grc' dir='ltr'>τὸν</span> <span class='ocrx_word' id='word_1_973' title='bbox 2852 4812 3112 4880; x_wconf 84' lang='grc' dir='ltr'>οὐρανόν</span> <span class='ocrx_word' id='word_1_974' title='bbox 3130 4810 3525 4880; x_wconf 78' lang='grc' dir='ltr'>ἀναϐήσομαι,</span> <span class='ocrx_word' id='word_1_975' title='bbox 3553 4811 3651 4865; x_wconf 71' lang='grc' dir='ltr'>καὶ</span> 
     </span>
    </p>
   </div>
   <div class='ocr_carea' id='block_1_126' title="bbox 2078 4891 3650 4968">
    <p class='ocr_par' dir='ltr' id='par_1_126' title="bbox 2078 4891 3650 4968">
     <span class='ocr_line' id='line_1_126' title="bbox 2078 4891 3650 4968; baseline -0.004 -16"><span class='ocrx_word' id='word_1_976' title='bbox 2078 4897 2292 4968; x_wconf 77' lang='grc' dir='ltr'>ἔσομαι</span> <span class='ocrx_word' id='word_1_977' title='bbox 2332 4897 2533 4964; x_wconf 82' lang='grc' dir='ltr'>ὅμοιος</span> <span class='ocrx_word' id='word_1_978' title='bbox 2559 4896 2639 4963; x_wconf 82' lang='grc' dir='ltr'>τῷ</span> <span class='ocrx_word' id='word_1_979' title='bbox 2671 4898 2959 4965; x_wconf 72' lang='grc' dir='ltr'>Ὑψίστῳ·</span> <span class='ocrx_word' id='word_1_980' title='bbox 2984 4895 3036 4948; x_wconf 81' lang='grc' dir='ltr'>οί</span> <span class='ocrx_word' id='word_1_981' title='bbox 3072 4891 3170 4958; x_wconf 80' lang='grc' dir='ltr'>τὰς</span> <span class='ocrx_word' id='word_1_982' title='bbox 3198 4892 3523 4964; x_wconf 83' lang='grc' dir='ltr'>ἀλληγορίας</span> <span class='ocrx_word' id='word_1_983' title='bbox 3552 4895 3650 4966; x_wconf 78' lang='grc' dir='ltr'>οὐχ</span> 
     </span>
    </p>
   </div>
   <div class='ocr_carea' id='block_1_127' title="bbox 2077 4977 3650 5053">
    <p class='ocr_par' dir='ltr' id='par_1_127' title="bbox 2077 4977 3650 5053">
     <span class='ocr_line' id='line_1_127' title="bbox 2077 4977 3650 5053; baseline -0.001 -19"><span class='ocrx_word' id='word_1_984' title='bbox 2077 4981 2252 5053; x_wconf 87' lang='grc' dir='ltr'>ἡδέως</span> <span class='ocrx_word' id='word_1_985' title='bbox 2314 4981 2623 5052; x_wconf 87' lang='grc' dir='ltr'>δεχόμενοι,</span> <span class='ocrx_word' id='word_1_986' title='bbox 2679 4978 3130 5051; x_wconf 74' lang='grc' dir='ltr'>παραγράφονται</span> <span class='ocrx_word' id='word_1_987' title='bbox 3182 4977 3280 5051; x_wconf 86' lang='grc' dir='ltr'>τὴν</span> <span class='ocrx_word' id='word_1_988' title='bbox 3348 4978 3650 5051; x_wconf 89' lang='grc' dir='ltr'>μαρτυρίαν</span> 
     </span>
    </p>
   </div>
   <div class='ocr_carea' id='block_1_128' title="bbox 2079 5061 3650 5135">
    <p class='ocr_par' dir='ltr' id='par_1_128' title="bbox 2079 5061 3650 5135">
     <span class='ocr_line' id='line_1_128' title="bbox 2079 5061 3650 5135; baseline 0.001 -20"><span class='ocrx_word' id='word_1_989' title='bbox 2079 5062 2266 5135; x_wconf 83' lang='grc' dir='ltr'>ἡμῶν·</span> <span class='ocrx_word' id='word_1_990' title='bbox 2305 5063 2370 5117; x_wconf 84' lang='grc' dir='ltr'>ἂν</span> <span class='ocrx_word' id='word_1_991' title='bbox 2400 5063 2458 5116; x_wconf 84' lang='lat'>66</span> <span class='ocrx_word' id='word_1_992' title='bbox 2502 5063 2593 5116; x_wconf 83' lang='lat' dir='ltr'><strong>16v</strong></span> <span class='ocrx_word' id='word_1_993' title='bbox 2631 5062 2841 5117; x_wconf 90' lang='grc' dir='ltr'>Παῦλον</span> <span class='ocrx_word' id='word_1_994' title='bbox 2881 5061 3263 5132; x_wconf 80' lang='grc' dir='ltr'>ἐπιστήσωμεν</span> <span class='ocrx_word' id='word_1_995' title='bbox 3292 5061 3441 5133; x_wconf 85' lang='grc' dir='ltr'>αὐτῷ</span> <span class='ocrx_word' id='word_1_996' title='bbox 3479 5063 3650 5132; x_wconf 82' lang='grc' dir='ltr'>κατή-</span> 
     </span>
    </p>
   </div>
   <div class='ocr_carea' id='block_1_129' title="bbox 2079 5141 3649 5216">
    <p class='ocr_par' dir='ltr' id='par_1_129' title="bbox 2079 5141 3649 5216">
     <span class='ocr_line' id='line_1_129' title="bbox 2079 5141 3649 5216; baseline 0 -18"><span class='ocrx_word' id='word_1_997' title='bbox 2079 5162 2261 5216; x_wconf 86' lang='grc' dir='ltr'>γορον,</span> <span class='ocrx_word' id='word_1_998' title='bbox 2300 5145 2473 5209; x_wconf 81' lang='grc' dir='ltr'>οὐδεὶς</span> <span class='ocrx_word' id='word_1_999' title='bbox 2498 5145 2678 5200; x_wconf 86' lang='grc' dir='ltr'>οὐκέτι</span> <span class='ocrx_word' id='word_1_1000' title='bbox 2707 5143 2889 5199; x_wconf 76' lang='grc' dir='ltr'>λοιπὸν</span> <span class='ocrx_word' id='word_1_1001' title='bbox 2914 5144 3145 5215; x_wconf 85' lang='grc' dir='ltr'>ἀντερεῖ.</span> <span class='ocrx_word' id='word_1_1002' title='bbox 3178 5145 3243 5198; x_wconf 85' lang='grc' dir='ltr'>Τί</span> <span class='ocrx_word' id='word_1_1003' title='bbox 3270 5141 3364 5199; x_wconf 78' lang='grc' dir='ltr'>οῦν</span> <span class='ocrx_word' id='word_1_1004' title='bbox 3384 5147 3413 5199; x_wconf 93' lang='lat'>6</span> <span class='ocrx_word' id='word_1_1005' title='bbox 3443 5145 3649 5207; x_wconf 87' lang='grc' dir='ltr'>Παῦλος</span> 
     </span>
    </p>
   </div>
   <div class='ocr_carea' id='block_1_130' title="bbox 2080 5228 3652 5302">
    <p class='ocr_par' dir='ltr' id='par_1_130' title="bbox 2080 5228 3652 5302">
     <span class='ocr_line' id='line_1_130' title="bbox 2080 5228 3652 5302; baseline -0.001 -19"><span class='ocrx_word' id='word_1_1006' title='bbox 2080 5229 2328 5300; x_wconf 84' lang='grc' dir='ltr'>Τιμοθέῳ</span> <span class='ocrx_word' id='word_1_1007' title='bbox 2373 5230 2636 5301; x_wconf 88' lang='grc' dir='ltr'>γράφων;</span> <span class='ocrx_word' id='word_1_1008' title='bbox 2680 5229 2804 5283; x_wconf 89' lang='grc' dir='ltr'>Ὄτι</span> <span class='ocrx_word' id='word_1_1009' title='bbox 2843 5228 2934 5281; x_wconf 82' lang='lat' dir='ltr'><strong>16v</strong></span> <span class='ocrx_word' id='word_1_1010' title='bbox 2984 5229 3107 5300; x_wconf 83' lang='grc' dir='ltr'>ἄρτι</span> <span class='ocrx_word' id='word_1_1011' title='bbox 3153 5228 3248 5284; x_wconf 89' lang='grc' dir='ltr'>τοῦ</span> <span class='ocrx_word' id='word_1_1012' title='bbox 3299 5228 3652 5302; x_wconf 79' lang='grc' dir='ltr'>κηρύγματος</span> 
     </span>
    </p>
   </div>
   <div class='ocr_carea' id='block_1_131' title="bbox 2082 5311 3651 5385">
    <p class='ocr_par' dir='ltr' id='par_1_131' title="bbox 2082 5311 3651 5385">
     <span class='ocr_line' id='line_1_131' title="bbox 2082 5311 3651 5385; baseline -0.003 -18"><span class='ocrx_word' id='word_1_1013' title='bbox 2082 5313 2358 5384; x_wconf 72' lang='grc' dir='ltr'>ἁψάμενον</span> <span class='ocrx_word' id='word_1_1014' title='bbox 2395 5314 2457 5367; x_wconf 87' lang='lat'>06</span> <span class='ocrx_word' id='word_1_1015' title='bbox 2487 5314 2565 5366; x_wconf 84' lang='grc' dir='ltr'>δεῖ</span> <span class='ocrx_word' id='word_1_1016' title='bbox 2598 5311 2733 5383; x_wconf 80' lang='grc' dir='ltr'>πρὸς</span> <span class='ocrx_word' id='word_1_1017' title='bbox 2766 5312 2827 5365; x_wconf 84' lang='lat'>16</span> <span class='ocrx_word' id='word_1_1018' title='bbox 2860 5312 3000 5383; x_wconf 82' lang='grc' dir='ltr'>μέγα</span> <span class='ocrx_word' id='word_1_1019' title='bbox 3031 5315 3131 5384; x_wconf 80' lang='grc' dir='ltr'>τῆς</span> <span class='ocrx_word' id='word_1_1020' title='bbox 3154 5314 3459 5385; x_wconf 83' lang='grc' dir='ltr'>ἐπισκοπῆς</span> <span class='ocrx_word' id='word_1_1021' title='bbox 3498 5312 3651 5381; x_wconf 79' lang='grc' dir='ltr'>ἄγειν</span> 
     </span>
    </p>
   </div>
   <div class='ocr_carea' id='block_1_132' title="bbox 2148 5566 2736 5629">
    <p class='ocr_par' dir='ltr' id='par_1_132' title="bbox 2148 5566 2736 5629">
     <span class='ocr_line' id='line_1_132' title="bbox 2148 5566 2736 5629; baseline 0 -14"><span class='ocrx_word' id='word_1_1022' title='bbox 2148 5579 2172 5629; x_wconf 68' lang='grc' dir='ltr'>ε</span> <span class='ocrx_word' id='word_1_1023' title='bbox 2196 5566 2414 5629; x_wconf 78' lang='lat' dir='ltr'>Quatuor</span> <span class='ocrx_word' id='word_1_1024' title='bbox 2449 5579 2565 5617; x_wconf 84' lang='lat' dir='ltr'>mss.</span> <span class='ocrx_word' id='word_1_1025' title='bbox 2589 5568 2736 5629; x_wconf 81' lang='grc' dir='ltr'>ἀγών.</span> 
     </span>
    </p>
   </div>
   <div class='ocr_carea' id='block_1_133' title="bbox 2151 5623 3650 5700">
    <p class='ocr_par' dir='ltr' id='par_1_133' title="bbox 2151 5623 3650 5700">
     <span class='ocr_line' id='line_1_133' title="bbox 2151 5623 3650 5700; baseline 0 0"><span class='ocrx_word' id='word_1_1026' title='bbox 2151 5625 2172 5664; x_wconf 81' lang='grc'><strong><em>¹</em></strong></span> <span class='ocrx_word' id='word_1_1027' title='bbox 2208 5623 2460 5700; x_wconf 50' lang='lat' dir='ltr'>Wars-mi</span> <span class='ocrx_word' id='word_1_1028' title='bbox 2477 5690 2489 5700; x_wconf 92' lang='lat'>.</span> <span class='ocrx_word' id='word_1_1029' title='bbox 2509 5623 2906 5700; x_wconf 62' lang='grc' dir='ltr'>ττθίιιὶςετιιίεείωρ</span> <span class='ocrx_word' id='word_1_1030' title='bbox 2952 5642 3041 5679; x_wconf 69' lang='lat' dir='ltr'>ns“</span> <span class='ocrx_word' id='word_1_1031' title='bbox 3081 5626 3210 5700; x_wconf 69' lang='grc' dir='ltr'>ει)υά</span> <span class='ocrx_word' id='word_1_1032' title='bbox 3256 5623 3650 5700; x_wconf 59' lang='grc' dir='ltr'>ειῑτῖξίξξιρειξειω</span> 
     </span>
    </p>
   </div>
   <div class='ocr_carea' id='block_1_134' title="bbox 2081 5683 3651 5754">
    <p class='ocr_par' dir='ltr' id='par_1_134' title="bbox 2081 5683 3651 5754">
     <span class='ocr_line' id='line_1_134' title="bbox 2081 5683 3651 5754; baseline -0.001 -18"><span class='ocrx_word' id='word_1_1033' title='bbox 2081 5695 2159 5737; x_wconf 74' lang='lat' dir='ltr'>est</span> <span class='ocrx_word' id='word_1_1034' title='bbox 2179 5683 2489 5754; x_wconf 33' lang='lat' dir='ltr'>qbduciioja&#39;d</span> <span class='ocrx_word' id='word_1_1035' title='bbox 2510 5683 2828 5754; x_wconf 61' lang='lat' dir='ltr'>supblicium;</span> <span class='ocrx_word' id='word_1_1036' title='bbox 2850 5690 3086 5754; x_wconf 66' lang='lat' dir='ltr'>Erasmus</span> <span class='ocrx_word' id='word_1_1037' title='bbox 3105 5683 3361 5754; x_wconf 78' lang='grc' dir='ltr'>ἀπαγωγήν</span> <span class='ocrx_word' id='word_1_1038' title='bbox 3386 5683 3651 5754; x_wconf 41' lang='grc' dir='ltr'>δίε-νοηθ-</span> 
     </span>
    </p>
   </div>
   <div class='ocr_carea' id='block_1_135' title="bbox 2082 5746 3585 5862">
    <p class='ocr_par' dir='ltr' id='par_1_135' title="bbox 2082 5746 3585 5862">
     <span class='ocr_line' id='line_1_135' title="bbox 2082 5746 3585 5812; baseline -0.003 -12"><span class='ocrx_word' id='word_1_1039' title='bbox 2082 5757 2155 5800; x_wconf 84' lang='lat' dir='ltr'>ral</span> <span class='ocrx_word' id='word_1_1040' title='bbox 2172 5746 2701 5812; x_wconf 46' lang='lat' dir='ltr'>dcportalionemfdum</span> <span class='ocrx_word' id='word_1_1041' title='bbox 2719 5746 3047 5802; x_wconf 37' lang='lat' dir='ltr'>vox’Gmcam</span> <span class='ocrx_word' id='word_1_1042' title='bbox 3068 5760 3167 5796; x_wconf 83' lang='lat' dir='ltr'>non</span> <span class='ocrx_word' id='word_1_1043' title='bbox 3196 5747 3315 5795; x_wconf 74' lang='lat' dir='ltr'><strong>satis</strong></span> <span class='ocrx_word' id='word_1_1044' title='bbox 3337 5746 3585 5808; x_wconf 68' lang='grc' dir='ltr'>ετριιωιι.</span> 
     </span>
     <span class='ocr_line' id='line_1_136' title="bbox 2142 5812 2807 5862; baseline 0.005 -5"><span class='ocrx_word' id='word_1_1045' title='bbox 2142 5813 2167 5857; x_wconf 74' lang='lat'><strong>8.</strong></span> <span class='ocrx_word' id='word_1_1046' title='bbox 2198 5812 2304 5861; x_wconf 88' lang='lat' dir='ltr'>Duo</span> <span class='ocrx_word' id='word_1_1047' title='bbox 2329 5826 2442 5862; x_wconf 74' lang='lat' dir='ltr'>mss.</span> <span class='ocrx_word' id='word_1_1048' title='bbox 2470 5814 2629 5862; x_wconf 76' lang='grc' dir='ltr'>μηδεὶς</span> <span class='ocrx_word' id='word_1_1049' title='bbox 2651 5813 2807 5861; x_wconf 72' lang='grc' dir='ltr'>ἰδέτω.</span> 
     </span>
    </p>
   </div>
   <div class='ocr_carea' id='block_1_136' title="bbox 2140 5829 3645 5934">
    <p class='ocr_par' dir='ltr' id='par_1_136' title="bbox 2140 5829 3645 5934">
     <span class='ocr_line' id='line_1_137' title="bbox 2142 5829 2807 5875; baseline 0.005 -18"><span class='ocrx_word' id='word_1_1050' title='bbox 2142 5829 2167 5857; x_wconf 76' lang='lat' dir='ltr'><strong>o.</strong></span> <span class='ocrx_word' id='word_1_1051' title='bbox 2199 5829 2304 5861; x_wconf 84' lang='lat' dir='ltr'>uno</span> <span class='ocrx_word' id='word_1_1052' title='bbox 2329 5829 2442 5862; x_wconf 75' lang='lat' dir='ltr'>mss.</span> <span class='ocrx_word' id='word_1_1053' title='bbox 2470 5829 2629 5875; x_wconf 83' lang='grc' dir='ltr'>μηοεις</span> <span class='ocrx_word' id='word_1_1054' title='bbox 2652 5829 2807 5861; x_wconf 86' lang='grc' dir='ltr'>ιοετω.</span> 
     </span>
     <span class='ocr_line' id='line_1_138' title="bbox 2140 5866 3645 5934; baseline -0.004 -10"><span class='ocrx_word' id='word_1_1055' title='bbox 2140 5873 2167 5911; x_wconf 68' lang='grc'>³⁸</span> <span class='ocrx_word' id='word_1_1056' title='bbox 2193 5879 2409 5934; x_wconf 73' lang='lat' dir='ltr'>Quatuor</span> <span class='ocrx_word' id='word_1_1057' title='bbox 2429 5888 2544 5924; x_wconf 80' lang='lat' dir='ltr'><strong>mss.</strong></span> <span class='ocrx_word' id='word_1_1058' title='bbox 2577 5877 2603 5921; x_wconf 82' lang='lat'>6</span> <span class='ocrx_word' id='word_1_1059' title='bbox 2625 5874 2854 5921; x_wconf 83' lang='grc' dir='ltr'>κλέπτων.</span> <span class='ocrx_word' id='word_1_1060' title='bbox 2883 5869 3005 5921; x_wconf 79' lang='lat' dir='ltr'>Infra</span> <span class='ocrx_word' id='word_1_1061' title='bbox 3024 5868 3173 5918; x_wconf 71' lang='lat' dir='ltr'>ﬁdem</span> <span class='ocrx_word' id='word_1_1062' title='bbox 3194 5868 3242 5916; x_wconf 83' lang='grc' dir='ltr'>αί</span> <span class='ocrx_word' id='word_1_1063' title='bbox 3263 5866 3439 5931; x_wconf 76' lang='grc' dir='ltr'>κρίσεις</span> <span class='ocrx_word' id='word_1_1064' title='bbox 3460 5868 3548 5919; x_wconf 75' lang='grc' dir='ltr'>οὐκ</span> <span class='ocrx_word' id='word_1_1065' title='bbox 3566 5869 3645 5927; x_wconf 74' lang='grc' dir='ltr'>εἲς.</span> 
     </span>
    </p>
   </div>
  </div>
