4092 6218
474 284 569 339 In

464 397 703 466 ἀξίωμα,
731 393 898 448 εἰπὼν
925 392 1091 446 οὑτω·
1126 392 1223 462 Μὴ
1259 394 1573 460 νεόφυτον,
1606 394 1705 446 ἵνα
1729 391 1814 461 μὴ
1851 410 2040 461 np“.

466 478 608 548 θεὶς,
640 482 727 545 εἰς
755 478 932 547 κρῖμα
955 477 1188 546 ἐμπέσῃ
1216 477 1312 529 καί
1349 476 1569 544 παγίδα
1596 477 1698 530 τοῦ
1726 477 2037 531 διαϐόλου·

471 565 559 617 ῖνα
586 561 658 633 μὴ
682 562 751 614 τά
772 561 911 614 αὑτά
935 560 1194 632 ἁμαρτὼν
1221 559 1434 630 ἐκείνῳ,
1457 559 1609 630 φησὶ,
1638 558 1704 612 τά
1732 560 1870 613 αὑτά
1895 559 2042 630 αὐτῷ

468 646 741 717 πείσηται.

538 794 598 849 δ’.
614 794 722 847 K61
738 792 836 847 οὑκ
858 791 1104 846 ἐντεῦθεν
1126 793 1182 846 δὲ
1198 793 1355 863 μόνον
1377 791 1713 863 δῆλόνέστιν,
1731 790 1864 846 ἁλλά
1885 791 2046 857 καὶέξ

467 870 543 930 ῶν
567 876 646 947 τῷ
678 876 877 947 πρώτῳ
904 877 1120 929 πάντων
1144 874 1446 945 ἀνθρώπων
1467 874 1743 946 γενομένῳ
1793 874 2046 928 συνεϐού-

467 960 657 1012 λευσεν
699 961 728 1011 6
759 959 990 1029 πονηρὸς
1035 957 1241 1028 δαίμων
1281 960 1503 1029 ἐκεῖνος.
1543 959 1751 1028 ’Ὠσπερ
1791 959 1899 1028 γὰρ
1936 959 2047 1020 τοῖς

469 1040 688 1108 ἀγαθοῖς
716 1040 855 1103 ἔθος,
890 1040 1061 1093 ταῦτα
1099 1043 1209 1103 τοῖς
1240 1047 1264 1075 α
1291 1023 1517 1111 πλησίον
1547 1043 1848 1112 παραινεῖν,
1879 1040 1945 1092 δι’
1974 1032 2047 1091 ὧν

469 1123 621 1178 αὑτοὶ
642 1124 926 1191 γεγόνασιν
959 1123 1150 1191 ἀγαθοί
1161 1143 1170 1153 ·
1204 1122 1346 1176 οῦτω
1378 1125 1471 1177 καὶ
1503 1126 1614 1186 τοῖς
1642 1126 1894 1194 πονηροῖς
1930 1123 2048 1187 ἔθος

468 1205 689 1258 τοιαῦτα
715 1205 1052 1275 εἰσηγεῖσθαι
1079 1208 1190 1268 τοῖς
1222 1206 1468 1273 πλησίον,
1494 1206 1560 1258 δι’
1596 1199 1670 1258 ὧν
1706 1206 1859 1258 αὐτοὶ
1890 1206 2048 1274 γεγό-

468 1304 591 1341 νασι
622 1287 833 1356 φαῦλοι.
874 1288 971 1338 Ἐν
1003 1287 1111 1358 γάρ
1144 1287 1237 1340 καὶ
1277 1288 1433 1340 τοῦτο
1476 1292 1576 1359 τῆς
1609 1289 1871 1360 πονηρίας
1912 1284 2049 1351 εἶδός

471 1370 607 1431 ἐστι,
632 1370 728 1423 καὶ
760 1369 1110 1439 παραμυθίαν
1136 1369 1391 1439 ἡγοῦνται
1418 1374 1515 1439 τῆς
1547 1372 1752 1434 οίκείας
1778 1371 2049 1433 κολάσεως

471 1453 568 1523 τὴν
596 1453 795 1522 ἐτέρων
823 1452 1114 1507 ἀπώλειαν.
1142 1453 1206 1505 Τί
1228 1449 1322 1507 οῦν
1350 1454 1379 1506 6
1399 1453 1642 1517 διάϐολος
1667 1454 2048 1507 συνεϐούλευσε

470 1534 550 1604 τῷ
588 1535 784 1604 ’Δδάμς
814 1535 1050 1599 Μείζονα
1092 1535 1192 1606 τῆς
1233 1537 1439 1600 οἰκείας
1486 1537 1698 1604 φύσεως
1744 1537 1925 1591 λαϐεῖν
1963 1536 2048 1589 ἔν-

472 1634 640 1678 νοιαν,
670 1618 762 1670 καὶ
797 1618 1031 1671 ἰσοθεταν
1060 1618 1276 1671 ἐλπίσαι
1297 1619 1348 1674 δ.
1380 1620 1443 1672 Εἰ
1476 1620 1581 1690 γὰρ
1614 1621 1714 1690 ἐμὲ
1746 1619 1837 1672 τοῦ
1880 1621 2049 1690 οὐρα-

473 1699 565 1752 νοῦ
590 1698 765 1762 τοῦτο,
802 1700 986 1769 φησὶν,
1022 1701 1264 1765 ἐξέϐαλε,
1294 1701 1471 1773 πολλῷ
1511 1702 1708 1771 μᾶλλον
1739 1702 1924 1755 τοῦτον
1954 1701 2048 1754 τοῦ

474 1782 802 1852 παραδείσου
849 1783 910 1836 16
948 1784 1079 1837 αὑτὸ
1118 1783 1275 1838 τοῦτο
1310 1784 1545 1838 ἐκϐαλεῖ.
1581 1786 1679 1838 Διά
1707 1786 1864 1839 τοῦτο
1897 1787 1989 1839 καὶ
2022 1789 2050 1839 6

474 1864 724 1935 Σολομῶν
767 1864 948 1933 ἔλεγεν
967 1877 989 1905 ο
1008 1883 1021 1896 ·
1071 1866 1133 1920 '0
1173 1866 1318 1932 Θεὸς
1350 1868 1753 1937 ὑπερηφάνοις
1784 1868 2049 1923 ἀντιτάσ-

474 1963 662 2004 σεται.
694 1950 808 2003 Οὑκ
845 1945 1020 2011 εἶπεν,
1059 1949 1141 2001 ὅτι
1181 1950 1209 2001 6
1248 1949 1379 2012 Θεὸς
1413 1952 1791 2022 ὑπερηφάνους
1834 1951 2048 2021 ἀφίησι,

473 2032 568 2086 καὶ
591 2031 1075 2102 ἐγκαταλιμπάνει,
1100 2032 1195 2086 1:61
1221 2036 1320 2104 τῆς
1343 2034 1548 2097 οἰκείας
1568 2034 1815 2105 βοηθείας
1834 2038 2046 2105 γυμνοῖ,

472 2114 609 2178 ἀλλ’,
645 2113 1065 2178 Ἀντιτάσσεται,
1090 2114 1271 2185 φησίν·
1299 2116 1397 2185 οὑχ
1414 2116 1494 2169 ὅτι
1523 2116 1878 2185 παρατάξεως
1904 2117 2052 2188 αὑτῷ

473 2197 569 2250 1:61
596 2197 775 2267 μάχης
804 2197 906 2250 ἔδει
940 2197 1073 2271 πρὸς
1110 2198 1199 2252 τὸν
1229 2199 1596 2270 ὑπερήφανον·
1625 2199 1676 2252 τί
1710 2199 1818 2270 769
1847 2200 2051 2270 ὑπερηο

474 2281 642 2350 φάνου
684 2282 880 2349 γένοιτ’
919 2280 985 2334 ἂν
1031 2281 1443 2351 ἀσθενέστερον;
1497 2284 1705 2349 Ὥσπερ
1747 2283 1855 2353 γάρ
1891 2285 1919 2336 6
1955 2284 2050 2346 τὰς

470 2363 621 2432 ὅψεις
647 2362 936 2428 ἀπολέσας,
970 2364 1139 2417 ἅπασι
1177 2363 1456 2433 πρόκειται
1485 2365 1621 2435 πρὸς
1652 2363 1711 2417 16
1735 2364 1920 2427 κακῶς
1950 2381 2051 2419 πα-

472 2445 605 2508 θεῖν,
662 2445 833 2509 οὑτως
886 2447 915 2499 6
955 2445 1316 2516 ὑπερήφανος,
1357 2446 1386 2498 6
1433 2444 1507 2516 μὴ
1534 2444 1690 2509 εἰδὼς
1726 2447 1816 2500 τὸν
1848 2446 2050 2517 Κύριον

475 2528 681 2601 (Ἀρχὴ
725 2528 852 2600 769,
902 2530 1084 2598 φησὶν,
1131 2529 1561 2596 ὑπερηφανίας,
1607 2528 1672 2582 τὸ
1711 2529 1797 2596 μὴ
1832 2528 2051 2583 εἰδέναι

469 2612 581 2665 τὸν
604 2612 867 2682 Κύριον),
901 2611 994 2665 1:61
1023 2608 1328 2680 ἀνθρώποις
1360 2609 1626 2674 εὑάλωτός
1651 2611 1784 2675 ἐστι,
1817 2610 1911 2663 τοῦ
1935 2629 2049 2681 φω-

469 2692 562 2756 τές
607 2691 855 2746 ἐκπεσὼν
897 2693 1124 2746 ἐκείνου.
1152 2689 1215 2743 Εἰ
1247 2690 1305 2743 δέ
1345 2692 1438 2745 1:61
1478 2693 1692 2763 ἰσχυρὸς
1717 2694 1821 2763 εἴη,
1849 2694 1948 2746 οὐκ
1984 2693 2048 2747 ἂν

472 2773 833 2844 παρατάξεως
878 2774 1063 2845 ἐδέησε
1104 2773 1182 2844 τῷ
1225 2772 1342 2844 Θεῷ
1383 2776 1520 2846 πρὸς
1564 2775 1745 2829 αὑτόν·
1782 2769 1827 2843 ᾧ
1865 2776 1973 2847 769
2014 2779 2046 2848 ή

474 2858 728 2932 βούλησις
766 2859 965 2929 ἦρκεσε
997 2857 1130 2929 πρὸς
1167 2857 1228 2910 16
1270 2858 1445 2910 πάντα
1478 2863 1837 2930 παραγαγεῖν,
1870 2859 2049 2931 πολλῴ

476 2941 674 3013 μᾶλλον
707 2942 801 2994 καὶ
837 2941 972 3013 1:96;
1006 2941 1105 3011 τὴν
1145 2939 1419 3010 ἀναίρεσιν
1460 2941 1637 2993 αὑτῶν
1677 2942 1852 3011 ἀρκεῖ.
1896 2942 2049 3005 Τίνος

470 3022 566 3080 οὖν
590 3026 794 3089 ἕνεκεν,
827 3025 1010 3094 φησὶν,
1038 3022 1444 3088 ἀντιτάσσεται;
1474 3024 1590 3076 Ἵνα
1613 3023 1675 3076 16
1702 3023 1928 3095 σφοδρὸν
1952 3025 2050 3094 τῆς

471 3110 764 3181 ἀπεχθείας
790 3108 1086 3178 ἐνδείξηται
1115 3107 1213 3176 τῆς
1235 3106 1370 3177 πρὸς
1396 3107 1487 3160 16v
1526 3107 1891 3179 ὑπερήφανον.
1928 3108 2049 3162 Ὅτι

475 3195 574 3266 μὲν
595 3190 688 3248 οὑν
715 3191 951 3265 χαλεπὸν
976 3190 1039 3244 16
1064 3191 1282 3263 τραῦμα
1317 3192 1377 3243 16
1401 3192 1501 3262 τῆς
1529 3191 1923 3262 ὑπερηφανίας,
1955 3192 2049 3244 καὶ

469 3278 536 3329 ἐκ
562 3275 772 3337 τούτου,
811 3274 903 3328 καὶ
932 3272 1224 3336 ἀλλαχόθεν
1259 3272 1433 3343 δῆλον.
1473 3273 1535 3325 Εἰ
1567 3272 1623 3324 δέ
1651 3272 1926 3342 βούλεσθε,
1956 3273 2049 3326 καὶ

468 3358 760 3429 ἀλλαχόθεν
796 3356 894 3424 τὴν
926 3356 1103 3408 αἰτίαν
1137 3353 1300 3407 αὑτοῦ
1342 3355 1620 3425 μάθωμεν,
1652 3354 1745 3423 ἀφ’
1783 3351 1852 3426 ἦς
1880 3357 1940 3409 16
1972 3356 2050 3409 ἐλ-

471 3458 566 3504 κος
591 3440 825 3508 ἐγένετο.
867 3439 976 3491 Καὶ
1001 3438 1109 3508 769
1138 3437 1256 3500 ἔθος
1278 3440 1342 3508 τῇ
1371 3438 1583 3509 Γραφῇ,
1626 3437 1842 3491 ἐπειδάν
1877 3439 2045 3510 μέλλῃ

469 3524 614 3587 τινὸς
648 3524 995 3593 κατηγορεῖν,
1030 3521 1104 3591 μὴ
1129 3521 1225 3590 τὴν
1249 3522 1521 3591 ἁμαρτίαν
1554 3520 1717 3573 αὑτοῦ
1743 3521 1920 3590 λέγειν
1953 3523 2048 3591 μό-

470 3623 579 3667 νον,
625 3605 772 3658 6116'
801 3606 895 3657 καὶ
933 3604 1108 3657 αἰτίαν
1141 3604 1237 3673 τῆς
1270 3603 1540 3681 ἁμαρτίας
1569 3601 1841 3657 διδάσκειν
1880 3606 2045 3676 ἡμᾶς·

471 3691 614 3743 ποιεῖ
638 3688 695 3740 δὲ
716 3687 891 3748 τοῦτο,
917 3687 1040 3749 τοὺς
1060 3687 1397 3753 ὑγιαίνοντας
1422 3684 1856 3756 άσφαλεστέρους
1886 3705 2048 3741 κατα-

472 3765 811 3832 σκευάζουσα
839 3770 972 3840 1:96;
992 3769 1053 3822 16
1082 3767 1155 3840 μὴ
1178 3770 1291 3831 τοῖς
1318 3769 1502 3830 αὑτοῖς
1525 3772 1859 3839 περιπεσεῖν.
1892 3769 2047 3823 Οὑτω

469 3855 565 3910 καὶ
610 3854 782 3925 161901
816 3852 951 3923 πρὸς
1002 3852 1126 3914 τοὺς
1164 3851 1469 3921 κάμνοντας
1507 3850 1783 3913 εἰσιόντες,
1814 3851 1907 3904 καὶ
1942 3852 2047 3923 πρὸ

469 3937 579 3991 τῶν
606 3936 924 4006 νοσημάτων
956 3932 1292 4004 άνιχνεύουσι
1320 3934 1417 3996 τὰς
1448 3932 1649 4002 πηγάς,
1674 3932 1812 3986 ὥστε
1841 3934 2046 3989 ἀνωθεν

469 4021 774 4075 ἀναστεῖλαι
812 4018 872 4072 16
904 4018 1088 4072 κακόν·
1122 4019 1151 4070 6
1175 4018 1303 4091 γάρ,
1342 4018 1441 4087 τῆς
1478 4017 1632 4087 ῥίζης
1661 4017 1944 4088 μενούσης,
1978 4018 2047 4072 τά

473 4104 828 4174 βλαστήματα
854 4100 1004 4172 [118]
1038 4099 1315 4171 ἐκτέμνων
1365 4100 1549 4169 μόνον,
1584 4099 1734 4152 οὐδὲν
1776 4100 1979 4170 ἕτερον,
2011 4102 2043 4172 ἢ

473 4187 842 4257 ματαιοπονεῖ.
868 4183 976 4238 Ποῦ
1004 4180 1151 4255 οὑνή
1180 4182 1368 4254 Γραφὴ
1407 4182 1500 4236 καὶ
1529 4181 1628 4252 τὴν
1657 4182 1930 4255 ἁμαρτίαν
1955 4185 2047 4237 καὶ

468 4270 566 4338 τὴν
612 4269 789 4323 αἰτίαν
822 4270 920 4338 τῆς
963 4267 1234 4339 ἁμαρτίας
1265 4262 1419 4331 εἶπες
1453 4267 1764 4337 Κατηγορεῖ
1796 4266 1902 4319 τῶν
1942 4267 2047 4337 πρὸ

467 4352 562 4405 τοῦ
608 4350 994 4420 κατακλυσμοῦ
1030 4349 1331 4419 γενομένων
1371 4349 1462 4401 ἐπὶ
1498 4351 1617 4412 ταῖς
1649 4349 1709 4401 οῦ
1742 4349 2049 4418 προσηκού-

471 4450 593 4496 σαις
622 4433 919 4501 ἐπιμιξίαις
942 4431 992 4470 ἀ·
1020 4433 1113 4483 1:61
1136 4430 1364 4483 ἄκουσον
1394 4428 1508 4493 πῶς
1530 4430 1707 4501 τίθησι
1728 4431 1825 4502 τὴν
1847 4432 2042 4486 αἰτίαν·

482 4517 703 4579 Ἰδόντες
732 4516 781 4568 οἱ
809 4515 911 4567 υἱοὶ
941 4514 1035 4567 τοῦ
1069 4513 1201 4566 Θεοῦ
1233 4513 1332 4575 16;
1358 4513 1662 4586 θυγατέρας
1695 4515 1802 4569 τῶν
1835 4515 2044 4583 ἀνθρὼ-

471 4617 607 4658 πων,
643 4599 725 4651 ὅτι
752 4597 913 4650 καλαί
942 4597 1096 4659 εἰσιν,
1124 4594 1311 4648 ἔλαϐον
1341 4596 1508 4656 αὑτὰς
1535 4598 1744 4660 ἑαυτοῖς
1767 4600 1846 4661 εἰς
1869 4602 2047 4666 γνναῖ⁶

469 4699 591 4746 κας.
621 4681 686 4734 Τί
722 4678 836 4745 οὖν,
871 4679 931 4732 16
964 4679 1156 4741 κάλλος
1185 4677 1285 4747 τῆς
1310 4678 1584 4748 ἁμαρτίας
1610 4680 1812 4744 αῖτιον;
1840 4681 1928 4751 Μὴ
1956 4682 2043 4750 γέ-

468 4782 630 4820 νοιτο·
654 4765 752 4836 τῆς
783 4763 889 4835 γάρ
916 4763 1050 4816 Θεοῦ
1080 4761 1269 4831 σοφίας
1292 4760 1454 4832 ἔργον
1480 4762 1615 4814 ἐστί·
1644 4761 1779 4815 Θεοῦ
1809 4763 1864 4815 δὲ
1888 4763 2045 4833 ἔργον

468 4849 568 4902 οὑκ
597 4847 663 4901 ἄν
686 4864 814 4901 ποτε
838 4846 1046 4914 γένοιτο
1077 4844 1339 4916 πονηρίας
1363 4844 1551 4898 αἴτιον.
1599 4844 1759 4897 Ἀλλὰ
1790 4846 1849 4898 16
1882 4847 2040 4915 16511;

470 4931 605 4984 Οὑδέ
656 4930 832 4983 τοῦτο·
878 4931 973 4983 καὶ
1030 4928 1138 4999 γὰρ
1187 4929 1281 4982 καὶ
1316 4926 1475 4981 τοῦτο
1505 4929 1603 4998 τῆς
1638 4928 1851 4998 φύσεως
1886 4929 2044 5002 ἔργον

472 5013 638 5066 ἐστίν.
681 5012 837 5065 ’Λλλά
862 5011 949 5077 τίς
981 5011 1054 5064 T6
1075 5009 1259 5075 κακῶς
1292 5010 1439 5064 ἰδεῖν·
1466 5010 1622 5065 τοῦτο
1650 5012 1757 5083 γὰρ
1787 5012 2043 5085 προαιρέ-

472 5112 610 5158 σεως
647 5095 1042 5167 διεφθαρμένης
1073 5106 1097 5135 ⁸
1132 5095 1269 5150 ἐστί.
1314 5094 1412 5148 Διά
1441 5093 1603 5148 τοῦτο
1636 5094 1728 5148 καί
1760 5113 1843 5160 τις
1882 5097 2043 5166 σοφὸς

470 5182 728 5250 παραινεῖ
764 5179 958 5247 λέγων,
995 5178 1086 5250 Μὴ
1111 5179 1493 5247 καταμάνθανε
1522 5178 1715 5242 κάλλος
1744 5179 2038 5252 ἀλλότριον.

471 5263 584 5316 Οὐκ
612 5257 752 5328 εἰπε,
770 5261 860 5333 Μὴ
884 5261 1018 5335 ἴδῃς·
1046 5262 1330 5332 συμϐαίνει
1358 5261 1465 5334 769
1494 5262 1625 5316 1:61f
1650 5264 1758 5317 ἀπὸ
1780 5263 1872 5317 τοῦ
1889 5266 2042 5317 αὑτο-

533 5489 560 5516 ⁸
582 5484 721 5564 ’ξθσς
736 5483 933 5564 τοιαῦτα
952 5484 1067 5546 τοῖς,
1091 5486 1161 5535 sic
1190 5484 1384 5547 quidam
1407 5500 1521 5537 mss.
1564 5487 1690 5538 Infra
1718 5490 1862 5540 iidem
1893 5507 2036 5549 πονηο

468 5547 571 5646 μαέ
588 5549 937 5666 ῧᾚῒέἲοξόξὲῖάς
965 5612 1292 5673 φαντασθῆναι.

534 5673 555 5700 ε
582 5670 798 5720 Oualuor
820 5683 917 5718 mss
958 5672 1039 5719 καὶ
1073 5673 1099 5720 6
1122 5673 1263 5720 Σιοὰγ
1286 5672 1335 5720 ἔλ

534 5673 555 5700 ε
582 5670 798 5726 Quatuor
820 5683 917 5718 mss
958 5670 1039 5719 καὶ
1073 5673 1099 5720 6
1122 5673 1267 5735 Σιρὰχ
1286 5672 1456 5744 ἔλεγεν..

530 5729 558 5769 «Ι
582 5729 720 5798 ﬁnus
737 5732 1090 5798 προμυκούσαις
1109 5734 1367 5798 ἐπιμυρίαις
1389 5734 1515 5798 (εις).

537 5804 563 5855 ε
582 5789 719 5855 ίίηιιε
733 5789 1113 5855 διὶάραμμένηςο

538 5847 557 5887 ί
587 5849 718 5901 [nus
741 5852 833 5901 ἀπὸ
866 5847 1179 5917 ταῖότομάτου.

1180 276 1237 333 S.
1280 276 1563 332 JOANNIS
1600 277 2074 334 CHRYSOSTOMI
2119 278 2434 336 ARCHIEP.
2476 278 3019 337 CONSTANTINOP.

3626 275 3725 329 ιιι

2148 393 2318 462 μάτου
2369 395 2524 449 τοῦτο
2567 395 2833 465 γενέσθαι·
2887 395 3041 458 ἀλλὰ,
3073 392 3163 464 Μὴ
3189 389 3589 462 καταμάνθανε,
3617 410 3723 464 φη-

2149 476 2220 540 11,
2258 477 2353 548 τὴν
2385 481 2447 531 ἐκ
2476 478 2703 549 μελέτης
2744 479 3090 547 κατανόησιν,
3124 476 3220 546 τὴν
3258 474 3545 543 περίεργον
3581 472 3724 542 ὄψιν,

2143 558 2240 631 τὴν
2272 560 2408 629 μετὰ
2438 560 2716 631 διατριϐῆς
2750 560 2991 630 πονηρὰν
3016 559 3268 626 θεωρίαν,
3305 558 3402 627 τὴν
3426 556 3533 609 ἀπδ
3550 554 3729 626 ψυχῆς

2140 642 2540 714 διεφθαρμένης
2573 646 2665 697 καὶ
2694 642 3063 712 ἐπιθυμούσης
3091 639 3348 710 ἀναιρῶν.
3376 639 3483 692 K61
3517 637 3590 703 τί,
3620 654 3726 707 φη-

2145 726 2247 788 σὶν,
2275 726 2339 779 ἐκ
2366 726 2553 780 τούτου
2588 725 2781 794 γένοιτ’
2816 726 2880 779 ἂν
2923 723 3148 795 βλάϐος
3192 724 3287 775 Ἐκ
3322 720 3536 783 τούτους
3568 722 3721 791 φησὶν

2145 807 2293 875 φιλία
2326 807 2401 872 ὡς
2442 809 2553 879 πῦρ
2586 808 2904 861 ἀνακαίεται
2944 809 2991 857 ⁸.
3041 805 3307 873 Καθάπερ
3350 803 3458 873 γάρ
3497 802 3558 854 16
3592 802 3724 873 πῦρ,

2144 892 2360 945 ἐπειδὰν
2391 894 2581 963 χόρτου
2605 892 2746 955 τινὸς
2770 892 2800 961 ἣ
2833 889 3083 959 καλάμης
3112 886 3454 956 ἐπιλάϐηται,
3481 887 3580 939 οὑκ
3603 887 3727 939 ἀνα·

2150 976 2299 1043 μένει
2327 977 2515 1046 χρόνον
2543 976 2684 1038 τινὰ,
2716 975 2829 1028 ἀλλ’
2859 972 2995 1043 ὁμοῦ
3031 989 3089 1025 τε
3114 972 3289 1042 ἥψατο
3319 969 3417 1039 τῆς
3450 968 3603 1038 ὕλης,
3634 970 3730 1023 καὶ

2146 1057 2399 1130 λαμπρὰν
2444 1059 2615 1129 ἀνῆψε
2656 1059 2684 1098 h
2718 1058 2815 1128 τὴν
2846 1056 3037 1125 φλόγα·
3085 1054 3227 1107 οὑτω
3260 1052 3442 1105 καὶτὸ
3484 1051 3595 1123 πῦρ
3627 1053 3727 1121 τῆς

2147 1140 2443 1210 ἐπιθυμίας
2474 1142 2573 1210 τῆς
2603 1142 2661 1193 ἐν
2696 1142 2848 1210 ημῖν,
2878 1137 3097 1192 ἐπειδὰν
3129 1136 3217 1190 διὰ
3253 1135 3352 1205 τῆς
3383 1134 3491 1188 τῶν
3524 1134 3727 1202 ὀφθαλ-

2151 1223 2265 1293 μῶν
2307 1224 2481 1294 ὅψεως
2536 1223 2771 1286 εὐειδοῦς
2814 1224 2908 1276 καὶ
2949 1220 3202 1292 λαμπροῦ
3240 1219 3468 1282 κάλλους
3500 1218 3724 1288 ἅψηται,

2147 1305 2347 1370 εὐθέως
2390 1306 2697 1377 ἐμπίπρησι
2726 1305 2824 1375 τὴν
2869 1304 3069 1375 ψυχήν.
3111 1303 3201 1373 Μὴ
3233 1301 3410 1355 τοίνυν
3443 1300 3539 1371 τὴν
3567 1300 3730 1369 πρόσ-

2147 1405 2337 1459 καιρον
2381 1387 2496 1459 ἴδῃς
2533 1389 2745 1458 ἡδονὴν,
2776 1388 2874 1459 τὴν
2905 1387 3013 1440 ἀπὸ
3050 1386 3150 1453 τῆς
3179 1385 3432 1456 θεωρίας,
3465 1382 3600 1437 ἀλλὰ
3629 1382 3728 1453 τὴν

2147 1470 2364 1540 διηνεκῆ
2396 1468 2668 1542 σκόπησον
2691 1469 2902 1538 ὀδύνην,
2932 1469 3030 1540 τὴν
3055 1469 3161 1521 ἀπὸ
3183 1469 3281 1539 τῆς
3311 1466 3624 1536 ἐπιθυμίας.
3663 1466 3726 1518 Ἦ

2152 1551 2253 1621 μὲν
2277 1552 2387 1623 γὰρ
2421 1551 2480 1604 16
2508 1551 2725 1623 τραῦμα
2754 1552 2966 1606 ἐνθεῖσα
3005 1550 3323 1622 ἀπεπήδησε
3362 1549 3639 1611 πολλάκις·
3665 1549 3728 1599 15

2148 1634 2204 1687 δὲ
2250 1634 2470 1706 τραῦμα
2508 1636 2608 1689 οὐκ
2639 1636 2915 1707 ἀποπηδᾷ,
2961 1634 3094 1688 ἀλλὰ
3146 1635 3295 1705 μένει
3336 1632 3594 1694 πολλάκις
3635 1631 3729 1685 καὶ

2149 1718 2429 1772 ἀπόλλυσι.
2480 1721 2589 1773 Καὶ
2633 1719 2884 1790 καθάπερ
2923 1718 3119 1788 ἔλαφος
3175 1716 3438 1787 δεξαμένη
3473 1714 3622 1785 βέλος
3668 1715 3726 1765 ἐν

2151 1803 2349 1873 καιρίῳ
2381 1801 2473 1855 τοῦ
2515 1801 2783 1872 σώματος,
2815 1802 2917 1856 κᾶν
2953 1802 3167 1873 ἐκφύγῃ
3206 1800 3314 1852 τῶν
3347 1797 3599 1870 θηρατῶν
3628 1797 3728 1860 τάς

2149 1887 2357 1954 χεῖρας,
2385 1885 2535 1937 οὐδὲν
2562 1883 2829 1955 κερδαίνει
2857 1884 3060 1938 λοιπόν·
3093 1882 3234 1935 οὕτω
3265 1882 3362 1935 1:61
3403 1880 3548 1952 ψυχὴ
3572 1880 3725 1947 δεξα-

2153 1968 2289 2036 μένη
2332 1966 2484 2036 βέλος
2524 1968 2820 2037 ἐπιθυμίας
2861 1966 2920 2031 ἐξ
2963 1966 3260 2020 ἀκολάστου
3301 1964 3395 2018 καὶ
3433 1963 3725 2032 περιέργου

2151 2048 2400 2120 θεωρίας,
2428 2049 2530 2103 κᾶν
2556 2050 2617 2102 16
2646 2050 2798 2119 βέλος
2828 2050 3026 2119 ἀφεῖσα
3060 2048 3288 2118 ἀπέλθῃ,
3315 2047 3454 2117 αὑτὴ
3483 2044 3726 2114 διαφθεί-

2150 2150 2303 2203 ρεται
2351 2134 2446 2186 καὶ
2474 2133 2786 2198 ἀπόλλυται,
2825 2132 3096 2201 πανταχοῦ
3138 2132 3229 2184 16v
3262 2130 3515 2197 πολέμιον
3544 2129 3726 2198 ὁρῶσα

2150 2217 2242 2268 1:61
2284 2217 2545 2287 ἑπόμενον
2584 2216 2801 2286 ἔχουσα.
2853 2216 2991 2269 Ἀλλ’
3018 2217 3153 2286 ὅπερ
3185 2215 3368 2283 ἔλεγον
3408 2214 3488 2282 (οὑ
3510 2213 3620 2284 769
3647 2213 3729 2267 δεῖ

2152 2299 2366 2369 μακράς
2390 2302 2688 2368 συγχωρεῖν
2708 2298 2803 2352 τοῦ
2826 2298 2982 2367 λόγου
3005 2297 3269 2351 ποιεῖσθαι
3292 2298 3391 2361 τὰς
3409 2296 3723 2368 ἐκτροπὰς),

2149 2379 2230 2432 ὅτι
2263 2380 2508 2451 ήΓραφὴ
2540 2381 2632 2433 καὶ
2657 2382 2724 2433 16
2753 2382 3123 2453 ἁμαρτήματα
3162 2381 3255 2434 1:61
3289 2381 3387 2443 16;
3424 2379 3607 2441 αἰτίας
3630 2379 3728 2432 αὑ-

2149 2462 2255 2516 τῶν
2294 2463 2471 2531 λέγειν
2511 2463 2718 2527 εἴωθεν,
2758 2465 2923 2518 ἄκουε
2956 2465 3084 2532 γοῦν
3117 2466 3212 2517 καὶ
3244 2463 3477 2518 ἐνταῦθα
3510 2462 3564 2515 τί
3593 2476 3726 2532 φησι

2148 2546 2277 2617 περὶ
2316 2546 2409 2599 τοῦ
2443 2545 2611 2610 Ὀζία.
2642 2547 2715 2599 Οὑ
2753 2547 2861 2618 769
2888 2549 2971 2601 ὅτι
3005 2546 3193 2618 ὑψώθη
3243 2549 3276 2618 ἡ
3310 2546 3506 2618 καρδία
3538 2544 3725 2612 αὑτοῦ,

2149 2628 2307 2682 τοῦτο
2340 2630 2496 2699 μόνον
2530 2630 2676 2698 ἡμᾶς
2721 2629 2980 2694 ἐδίδαξεν,
3017 2631 3151 2684 ἀλλά
3192 2631 3287 2683 1:61
3331 2630 3495 2683 πόθεν
3537 2628 3725 2699 ὑψώθη

2149 2711 2473 2780 προσέθηκε.
2512 2712 2682 2765 Πόθεν
2727 2707 2819 2764 οὖν
2852 2712 3074 2783 ὑψώθη;
3116 2714 3316 2767 Ἠνίκα
3349 2714 3592 2781 ἴσχυσε,
3627 2730 3724 2785 φη-

2151 2794 2254 2858 σὶν,
2284 2793 2493 2863 ὑψώθη
2526 2794 2562 2861 ἡ
2598 2794 2808 2863 καρδία
2838 2794 3045 2850 αὑτοῦ.
3078 2797 3190 2849 Οὑκ
3220 2797 3411 2867 ῆνεγκς
3437 2796 3534 2866 τῆς
3564 2796 3726 2849 δυνα-

2150 2879 2331 2941 στείας
2365 2878 2427 2931 16
2462 2877 2708 2948 μέγεθος,
2736 2878 2849 2932 ἀλλ’
2882 2879 3067 2950 ῶσπερ
3098 2879 3155 2946 ἐξ
3178 2879 3483 2949 ἀδηφαγίας
3513 2878 3610 2949 μὲν
3638 2879 3725 2946 γί-

2149 2978 2296 3014 νεται
2335 2960 2631 3032 φλεγμονὴ,
2677 2963 2741 3015 ἐκ
2773 2962 3074 3032 φλεγμονῆς
3110 2962 3166 3015 δὲ
3205 2961 3445 3015 τίκτεται
3472 2961 3725 3032 πυρετὸς,

2148 3040 2266 3097 εἶτα
2293 3045 2498 3097 ἐκεῖθεν
2531 3042 2756 3108 θάνατος
2781 3045 3057 3109 πολλάκις·
3085 3043 3225 3098 οὕτω
3247 3045 3339 3097 1:61
3366 3043 3598 3097 ἐνταῦθα
3619 3044 3728 3097 ἀπὸ

2146 3124 2248 3194 ’τῆς
2275 3124 2474 3197 πολλῆς
2508 3127 2521 3166 i
2562 3125 2670 3178 τῶν
2705 3127 3043 3197 πραγμάτων
3074 3124 3364 3198 περιϐολῆς
3388 3126 3613 3180 ἀπόνοια
3634 3126 3716 3195 γέ-

2147 3224 2320 3275 γονεν.
2357 3207 2534 3279 Ὅπερ
2558 3207 2663 3281 769
2701 3209 2793 3261 ἐπὶ
2820 3211 2927 3262 τῶν
2956 3209 3221 3279 σωμάτων
3248 3209 3545 3280 φλεγμονὴ,
3568 3208 3729 3263 τοῦτο

2148 3291 2241 3342 ἐπὶ
2273 3289 2380 3343 τῶν
2416 3290 2603 3361 ψυχῶν
2637 3292 2881 3345 ἀπόνοια.
2920 3288 3053 3345 Εἶτα
3089 3290 3148 3355 ἐξ
3181 3292 3435 3355 ἀπονοίας
3462 3290 3726 3362 ἐπιθυμία

2145 3371 2254 3425 τῶν
2277 3373 2337 3424 οὐ
2371 3374 2757 3445 προσηκόντων
2786 3372 2934 3444 αὑτῷ
2960 3374 3315 3445 πραγμάτων.

2218 3554 2278 3602 ε’.
2303 3547 2482 3602 Ταῦτα
2510 3549 2607 3619 οὑχ
2630 3549 2812 3614 ἁπλῶς
2847 3550 3177 3622 μηκύνομεν,
3200 3549 3313 3602 ἀλλ’
3344 3549 3432 3602 ἵνα
3456 3546 3725 3618 μηδέποτε

2150 3628 2423 3698 ζηλωτοὺς
2476 3626 2613 3684 εῖναι
2656 3633 2929 3702 νομίζητε,
2963 3633 3095 3703 μηδέ
3138 3631 3477 3703 μακαρίζητε
3506 3631 3635 3693 τοὺς
3666 3633 3726 3683 ἐν

2151 3710 2298 3785 [119]
2325 3714 2660 3778 δυναστείαις
2689 3715 2868 3779 ὄντας,
2897 3716 3095 3778 εἰδότες
3119 3717 3243 3769 ὅσον
3270 3715 3363 3769 τοῦ
3403 3714 3724 3787 πράγματος

2146 3796 2206 3848 τὸ
2237 3796 2546 3865 ἐπισφαλές·
2589 3798 2677 3851 ἵνα
2706 3797 2974 3868 μηδέποτε
3003 3800 3128 3862 τοὺς
3155 3800 3212 3851 ἐν
3246 3797 3404 3867 πενίᾳ
3434 3795 3726 3850 2611616:-

2147 3880 2330 3951 πωρίᾳ
2353 3880 2571 3943 ἀθλίους
2607 3880 2621 3931 i
2660 3881 2887 3951 ἡγῆσθε,
2922 3882 3121 3945 εἰδότες
3142 3882 3223 3935 ὅτι
3249 3880 3445 3933 πλείων
3476 3877 3724 3933 ἐντεῦθεν

2148 3965 2181 4033 η
2211 3962 2494 4032 ἀσφάλεια.
2524 3963 2602 4015 Δι’
2636 3962 2663 4015 ὃ
2693 3964 2784 4015 καὶ
2807 3965 2835 4016 6
2866 3965 3151 4035 Προφήτης
3178 3964 3308 4018 ἐϐόα
3336 3964 3528 4032 λέγων·
3566 3964 3727 4031 Ἄτας

2146 4045 2384 4114 θάνμοι,
2404 4044 2597 4111 Κύριε,
2629 4045 2716 4098 ὅτι
2746 4044 3149 4112 ἐταπείνωσάς
3167 4063 3260 4114 με.
3280 4048 3419 4117 Ὅρα
3449 4045 3578 4113 γοῦν
3600 4047 3724 4099 ὅσον

2147 4127 2209 4180 ἐκ
2257 4126 2350 4180 τοῦ
2392 4125 2558 4196 ὑψους
2594 4127 2783 4196 γέγονε
2831 4128 2889 4180 16
2939 4128 3125 4181 κακόν.
3168 4129 3391 4198 Ὑψώθη
3433 4130 3472 4197 ἠ
3512 4128 3725 4195 καρδία

2145 4210 2329 4263 αὑτοῦ
2375 4209 2485 4275 ἓως
2528 4210 2634 4264 τοῦ
2685 4209 3033 4279 διαφθεῖραι,
3083 4212 3234 4282 φησί.
3266 4211 3331 4263 Τί
3378 4213 3545 4275 ἐστιν,
3569 4212 3723 4275 Ἕως

2145 4294 2251 4348 τοῦ
2282 4292 2650 4362 διαφθεῷαη
2681 4294 2800 4346 Τῶν
2830 4295 3079 4366 πονηρῶν
3098 4295 3369 4366 λογισμῶν
3394 4296 3443 4347 οἰ
3478 4294 3576 4365 μὲν
3603 4293 3724 4347 οὐδὲ

2145 4376 2278 4439 ὅλως
2312 4376 2467 4445 ἡμῶν
2511 4376 2844 4430 ἐπιϐαίνουσι
2891 4380 2956 4447 τῇ
2994 4378 3139 4448 ψυχῇ
3164 4376 3211 4443 κ,
3254 4378 3319 4430 ἂν
3355 4378 3520 4447 πολλῇ
3565 4393 3723 4447 περιο

2148 4459 2441 4531 φράξωμεν
2498 4460 2723 4523 ἑαυτοὺς
2773 4460 3057 4531 ἀσφαλείᾳ·
3108 4463 3157 4515 οἰ
3203 4461 3260 4514 δὲ
3302 4461 3573 4515 τίκτονται
3626 4458 3722 4529 μὲν

2147 4543 2325 4607 ἔνδον,
2370 4543 2798 4613 ῥᾳθυμησάντων
2851 4544 2906 4596 δὲ
2949 4544 3137 4614 ἡμῶν,
3181 4544 3276 4598 καὶ
3314 4544 3721 4617 βλαστάνουσιν·

2146 4625 2211 4678 ἂν
2242 4625 2297 4678 δέ
2323 4625 2701 4696 προληφθῶσιν
2728 4623 2771 4690 1,
2800 4626 3188 4694 ἀποπνίγονται
3213 4627 3420 4695 ταχέως
3443 4626 3535 4677 1:61
3557 4640 3725 4677 1:616-

2146 4707 2465 4778 χώννυνται.
2493 4707 2672 4761 Ἀλλοι
2701 4710 2795 4762 καὶ
2823 4709 3114 4773 τίκτονται,
3146 4709 3239 4762 καὶ
3261 4708 3603 4774 αὑξάνονται,
3626 4706 3724 4760 καὶ

2146 4789 2281 4861 πρὸς
2320 4790 2419 4853 τὰς
2464 4790 2704 4860 πονηράς
2756 4790 3065 4844 ἐκϐαίνουσι
3113 4790 3358 4860 πράξεις,
3402 4792 3496 4844 1:61
3542 4791 3737 4843 πᾶσαν.

2142 4874 2300 4945 ἡμῶν
2336 4875 2433 4945 τῆς
2456 4875 2632 4945 ψυχῆς
2668 4874 2767 4945 τὴν
2804 4874 2990 4942 ὑγείαν
3027 4874 3448 4946 διαφθείρουσιν,
3503 4875 3630 4927 ὅταν
3663 4874 3723 4925 ἐν

2144 4957 2310 5027 πολλῇ
2361 4956 2646 5027 γενώμεθα
2697 4956 2952 5028 ῥᾳθυμίᾳ.
3007 4956 3176 5010 Τοῦτο
3247 4952 3341 5010 οῦν
3399 4973 3581 5028 φησιν,
3639 4956 3724 5009 ὅτι

2157 5039 2384 5109 Ὑψώθη
2418 5041 2457 5109 ἡ
2500 5039 2713 5106 καρδία
2755 5039 2959 5092 αὐτοῦ·
3010 5039 3105 5091 καὶ
3138 5039 3238 5091 οὐκ
3270 5038 3481 5109 ἔμεινεν
3508 5037 3656 5090 ἔνδον
3683 5040 3719 5107 ι,

2143 5124 2390 5188 ἀπόνοια,
2424 5125 2544 5178 οὑδέ
2570 5123 2927 5193 κατεσϐέσθη,
2957 5122 3070 5176 ἀλλ’
3100 5122 3414 5194 ἐξεπήδησε,
3453 5122 3547 5175 καὶ
3579 5120 3720 5193 1:96;

2205 5368 2230 5429 β
2254 5365 2391 5429 Alius
2414 5364 2507 5429 πῦρ
2519 5365 2793 5429 λάνάπτεται.

2200 5425 2231 5467 Ιι
2254 5426 2362 5476 Duo
2382 5424 2494 5474 mssI
2518 5427 2733 5489 λαμπρᾲν
2756 5425 2867 5489 ἧψε.
2893 5437 2952 5474 οι
2986 5428 3286 5489 repeljiinne
3309 5424 3395 5475 τοῦ
3433 5444 3490 5474 αν
3511 5426 3721 5489 detrun-

2139 5495 2241 5565 ςοῐίι
2265 5491 2416 5565 ρτὶηιρ
2441 5486 2727 5561 ppsle’rio‘ris
2747 5486 2880 5537 vo'cis
2899 5486 3101 5548 syllab’a.
3128 5487 3253 5537 Intra
3289 5501 3421 5537 unus
3431 5488 3601 5537 εὑθέων
3616 5488 3718 5536 τῶν

2138 5550 2670 5680 ὁρῗνῇῗλλξδῖπόὲἕέἵ
2699 5608 2852 5680 tribus
2882 5622 2999 5680 Ipss.
3084 5671 3097 5680 _
3251 5671 3263 5680 .
3439 5674 3449 5680 _
3506 5668 3518 5680 _

2205 5671 2220 5722 ἱ
2253 5672 2376 5721 Tres
2401 5671 2675 5736 [ποθ-πενίᾳ
2709 5672 2792 5736 καὶ
2832 5671 3127 5736 ταλαιπωρίᾳ
3158 5671 3456 5736 ἀθλίουςμεῑ
3478 5668 3549 5719 sic
3590 5668 3718 5730 ιεεξι

2137 5735 2380 5798 Ετειςιιιιιε.
2409 5730 2683 5798 Πόίμιὶ-νετο
2702 5733 2749 5780 ἐν
2770 5732 2906 5798 πενίᾳ
2936 5733 3017 5781 καὶ
3050 5730 3258 5798 εὐτελείᾳ
3290 5731 3486 5787 ἀθλίους.

2199 5794 2226 5856 ξ
2251 5793 2384 5856 Alius
2406 5793 2695 5840 ἐπιϐαίνουσι
2714 5799 2796 5851 τῆς
2810 5793 2975 5856 ψυχῆς.

2203 5852 2224 5896 ι
2253 5857 2289 5905 Α
2302 5853 2348 5902 ἱὶι
2376 5855 2750 5916 καταληφθῶσιν.
