4048 6208
270 312 372 369 H7

263 436 525 486 latorem.
552 438 711 481 nemo
730 426 1155 482 contradictores
1176 438 1275 483 est.
1301 429 1436 495 Quid
1461 429 1617 499 igitur
1637 429 1709 484 ait
1729 429 1867 484 Pau-

268 517 359 572 lus
373 517 658 571 Timotheo
681 518 961 572 scribens?
994 520 1095 585 Qui
1124 535 1292 589 nuper
1332 521 1758 590 prmdicationem
1789 531 1869 575 at-

265 613 409 683 tigit,
437 625 563 663 eum
597 626 700 664 non
727 622 977 679 oportere
997 611 1061 664 ad
1084 626 1347 675 summam
1379 612 1611 681 episcopi
1640 612 1868 683 dignita-

263 715 370 755 tem
403 702 584 767 evehi,
616 701 700 756 his
740 717 931 770 nempe
958 702 1166 757 verbis:
1196 703 1316 757 Non
1346 706 1676 775 neapltytum,
1724 722 1786 759 ne
1813 707 1865 759 in

254 792 556 861 superbiam
572 793 755 859 elatus,
780 794 831 846 in
845 794 1097 865 judicium
1114 795 1320 860 incidat,
1346 805 1393 849 el
1419 797 1470 850 iu
1498 795 1732 869 laqueum
1753 798 1867 850 diu-

262 888 366 939 boli
402 886 473 955 (ι.
512 885 643 940 Tim.
676 887 729 941 5.
754 886 842 956 6);
892 902 957 940 ne
1000 886 1212 956 eadem,
1254 888 1439 959 inquit,
1489 906 1713 961 peccans
1739 907 1861 946 cum

260 984 377 1049 illo,
409 983 596 1038 eadem
628 1000 750 1039 cum
782 985 875 1053 illo
901 986 1149 1054 patiatur.

335 1076 390 1131 ι.
421 1074 655 1132 Ah’enam
682 1076 1052 1147 improbitatem
1076 1075 1255 1132 solatio
1279 1091 1386 1130 esse
1413 1075 1864 1146 improbis.—Hoc

264 1185 397 1224 \cro
427 1184 531 1224 non
567 1169 691 1223 hinc
716 1170 890 1223 solum
918 1178 996 1224 est
1025 1169 1387 1239 perspicuum,
1410 1184 1591 1224 verum
1613 1169 1770 1224 etiam
1794 1183 1860 1223 ex

263 1266 331 1319 iis
348 1280 468 1334 quae
485 1264 746 1319 scelestus
765 1264 854 1318 ille
878 1264 1087 1319 dznntou
1113 1265 1283 1334 primo
1308 1264 1505 1319 homini
1535 1265 1724 1319 suasit.
1748 1263 1862 1318 Sic-

262 1364 325 1409 ιιι
365 1355 508 1410 cnim
549 1354 706 1409 bouis
750 1355 836 1409 hic
866 1370 980 1408 mos
1009 1365 1124 1419 est,
1178 1370 1275 1424 per
1314 1371 1432 1425 qua:
1463 1353 1559 1423 ipsi
1589 1355 1708 1409 facti
1738 1362 1863 1408 sunt

261 1447 391 1502 houi
411 1489 428 1513 ,
458 1447 526 1501 ad
553 1447 740 1503 eadem
764 1447 1042 1503 exhortari
1072 1447 1345 1518 proximos
1367 1464 1388 1500 :
1418 1449 1486 1501 ita
1513 1457 1566 1502 et
1592 1447 1745 1502 malis
1776 1447 1861 1501 hic

260 1551 346 1594 est
390 1555 509 1595 mos
531 1581 547 1604 ,
594 1556 691 1609 per
732 1555 852 1610 quae
882 1540 979 1610 ipsi
1007 1549 1130 1593 sunt
1162 1540 1423 1610 improbi,
1456 1540 1643 1594 eadem
1670 1539 1860 1594 vicinis

260 1633 542 1688 invehere.
571 1633 704 1688 Nam
736 1648 839 1687 una
870 1633 984 1688 hanc
1015 1642 1098 1687 est
1126 1633 1338 1687 illorum
1372 1632 1587 1686 malitiae
1616 1633 1821 1702 species
1842 1673 1855 1693 ,

260 1736 323 1779 ut
367 1725 597 1779 aliorum
650 1724 939 1793 perniciem
987 1725 1235 1778 solatium
1276 1724 1358 1779 sui
1402 1724 1645 1793 supplicii
1684 1723 1861 1779 existi-

258 1827 435 1873 ment.
481 1817 621 1884 Quid
666 1817 824 1887 igitur
850 1817 1095 1871 diabolus
1121 1817 1287 1872 suasit
1319 1816 1564 1871 Adamo?
1589 1816 1661 1872 Ut
1688 1816 1860 1871 conci-

262 1916 420 1977 peret
443 1898 822 1977 cogitatiodem
845 1923 938 1965 sua
967 1917 1153 1962 natum
1182 1907 1436 1976 majorem
1462 1948 1479 1975 ,
1506 1908 1710 1977 sibique
1736 1922 1858 1961 cum

265 2002 382 2056 Deo
411 2012 657 2071 speraret
685 2001 1039 2071 mqualitatem
1069 2000 1220 2073 (Gen.
1253 2003 1330 2071 5).
1362 2000 1416 2055 Si
1445 2002 1588 2055 enim
1608 2043 1620 2061 .
1656 2001 1857 2070 inquit,

260 2093 383 2148 lucc
410 2109 502 2148 res
526 2109 612 2148 me
633 2093 700 2147 de
719 2093 853 2147 ca‘lo
873 2093 1104 2161 expulit,
1130 2093 1297 2146 multo
1318 2092 1485 2162 magis
1506 2092 1691 2146 eadem
1719 2091 1861 2145 hunc

259 2184 447 2253 ejiciet
488 2199 520 2239 e
568 2184 834 2253 paradiso.
881 2186 1219 2253 Quapropter
1257 2195 1308 2239 et
1343 2183 1597 2239 Salomon
1635 2184 1769 2239 dixit
1800 2186 1813 2217 ‘
1844 2203 1857 2240 :

258 2279 406 2331 Dm
419 2276 645 2345 superbis
666 2276 850 2330 resistit
872 2274 1049 2346 (Prov.
1074 2278 1124 2330 5.
1148 2276 1232 2331 54.
1261 2274 1431 2329 1.Ρει.
1453 2277 1506 2331 5.
1535 2276 1587 2331 5.
1612 2284 1658 2328 et
1677 2274 1857 2328 Jacob.

258 2371 316 2423 4.
361 2368 437 2438 6).
468 2368 583 2423 Non
616 2368 749 2423 dixit
782 2386 795 2421 :
827 2370 966 2423 Deus
994 2367 1255 2438 superbos
1284 2368 1539 2434 dimittit,
1570 2377 1622 2421 et
1649 2368 1701 2421 in
1733 2383 1859 2436 pec-

258 2462 402 2515 catis
445 2462 677 2526 deserit,
724 2475 928 2530 suoque
969 2461 1134 2515 nudat
1179 2460 1570 2524 auxilio:sed,
1620 2458 1858 2525 Iiesistit,

260 2553 489 2621 inquit:
519 2568 624 2606 non
665 2551 805 2621 quod
848 2553 1103 2606 instructa
1144 2552 1258 2607 acie
1301 2562 1391 2606 aut
1437 2567 1609 2622 pugna
1649 2552 1758 2605 Deo
1794 2552 1863 2606 sit

257 2660 402 2711 opus
431 2643 691 2698 adversus
724 2644 1015 2711 superbum
1041 2660 1057 2707 ;
1100 2643 1224 2714 quid
1265 2644 1406 2698 enim
1434 2658 1552 2698 esse
1578 2644 1744 2713 possit
1769 2658 1861 2697 su-

260 2737 437 2803 perbo
467 2734 728 2788 inﬁrmius
751 2732 775 2786 ?
802 2733 933 2788 Nam
961 2736 1125 2805 utqui
1149 2733 1371 2807 orbatus
1392 2743 1475 2789 est
1501 2734 1670 2788 oculis
1691 2776 1706 2800 ,
1739 2748 1859 2787 orn-

261 2828 417 2881 nium
448 2828 722 2895 expositus
750 2835 832 2881 est
858 2826 1067 2896 injuria:
1088 2867 1102 2890 ,
1134 2826 1205 2881 ita
1234 2837 1289 2882 et
1315 2827 1611 2895 superbus,
1637 2824 1740 2895 qui'
1755 2840 1860 2880 non

262 2921 416 2974 videt
464 2919 746 2973 Dominum
796 2918 942 2992 (nam
994 2915 1209 2971 Initium
1257 2917 1534 2986 superbiae,
1586 2924 1642 2969 ιιι
1693 2916 1862 2986 inquit

262 3014 577 3083 Scriptura,
610 3021 682 3066 est
721 3028 822 3066 non
865 3027 1011 3067 nosse
1055 3009 1329 3065 Dominum
1367 3009 1555 3083 [Eccli.
1586 3011 1671 3066 10.
1702 3007 1858 3082 14]),

264 3108 432 3159 etiam
459 3105 528 3160 ab
553 3104 854 3159 hominibus
879 3102 1031 3159 facile
1056 3111 1367 3171 superatur.
1397 3110 1738 3171 posteaquam
1768 3116 1866 3154 ett-

263 3198 395 3251 cidit
420 3197 492 3251 ab
521 3197 610 3250 illa
643 3197 781 3251 lucc.
812 3194 963 3262 Quod
991 3195 1034 3249 si
1065 3197 1223 3248 etiam
1250 3192 1454 3247 validus
1476 3207 1537 3246 ac
1567 3200 1755 3262 potens
1779 3206 1865 3245 es-

261 3299 348 3343 set
381 3289 683 3359 superbus,
724 3286 855 3341 nihil
881 3301 1013 3356 opus
1040 3294 1183 3341 esset
1209 3285 1317 3339 Deo
1343 3284 1578 3337 exercitu
1606 3282 1863 3337 adversus

267 3384 417 3437 iilnm
471 3402 486 3439 :
537 3382 623 3436 cui
668 3380 811 3435 enim
854 3381 1100 3434 voluntas
1140 3377 1267 3431 satis
1312 3376 1409 3430 fuit
1434 3376 1497 3429 ad
1526 3373 1862 3444 producenda

267 3475 449 3528 omnia
466 3515 481 3535 ,
508 3472 678 3526 multo
700 3471 866 3542 magis
888 3469 1161 3524 sufﬁceret
1181 3469 1245 3522 ad
1268 3484 1328 3523 ea
1355 3467 1609 3522 tollenda.
1638 3467 1745 3521 Cur
1765 3466 1861 3537 igi-

271 3578 383 3630 tur,
421 3564 635 3634 inquies
658 3605 672 3627 ,
718 3563 960 3619 resistit?
986 3562 1138 3629 Quod
1164 3562 1452 3616 vehemens
1475 3560 1652 3614 odium
1684 3560 1862 3615 decla-

270 3668 350 3712 ret
377 3673 505 3727 erga
537 3656 845 3727 superbum.
874 3655 1055 3725 Itaque
1081 3654 1380 3724 superbiam
1408 3668 1527 3708 esse
1550 3653 1742 3707 vulnus
1768 3667 1865 3722 pe-

270 3750 605 3813 riculosum,
653 3757 762 3802 tum
804 3764 867 3802 ex
909 3746 991 3800 his
1028 3761 1148 3816 qua:
1182 3745 1452 3811 diximus,
1491 3754 1601 3798 tum
1642 3758 1707 3798 ex
1747 3743 1865 3799 aliis

272 3842 619 3911 perspicuum
640 3848 738 3893 est.
770 3838 921 3905 Quod
946 3838 989 3891 si
1013 3838 1171 3891 vultis
1191 3878 1205 3901 ,
1237 3837 1397 3890 etiam
1424 3850 1639 3889 causam
1667 3835 1855 3903 ipsam,

274 3934 413 3987 unde
443 3933 641 3986 vulnus
661 3932 762 3985 hoc
785 3930 1013 3996 accidit,
1040 3928 1251 3984 aliunde
1276 3929 1563 3983 discamus.
1588 3925 1863 3996 Siquidem

276 4026 364 4081 hic
408 4024 703 4094 Scriptum:
742 4038 860 4077 mos
904 4032 1021 4085 est,
1071 4022 1115 4076 si
1159 4020 1372 4091 quando
1419 4027 1571 4089 parat
1612 4033 1865 4073 accusare

276 4118 583 4187 quempiam
608 4156 624 4181 ,
674 4128 778 4168 non
825 4112 986 4168 modo
1028 4122 1302 4182 peccatum
1335 4110 1477 4164 illius
1505 4124 1755 4172 narrare,
1784 4123 1869 4161 ve-

280 4226 397 4265 rum
417 4213 581 4264 etiam
602 4207 797 4262 docere
818 4220 918 4261 nos
939 4220 1060 4276 quae
1083 4204 1237 4259 fuerit
1260 4202 1459 4273 peccati
1481 4216 1639 4257 causa
1666 4217 1681 4255 :
1707 4199 1755 4254 id
1780 4214 1867 4254 au-

279 4313 387 4356 tem
415 4300 543 4355 facit
567 4342 583 4366 ,
611 4307 670 4353 ιιι
696 4313 791 4354 eos
818 4298 907 4367 qui
929 4297 1043 4351 sani
1069 4306 1192 4350 sunt
1218 4294 1404 4350 reddat
1427 4293 1646 4347 tutiores
1667 4292 1869 4346 cautio-

280 4406 506 4461 rcsque,
536 4405 607 4444 ne
636 4390 689 4442 in
715 4387 900 4443 eadem
931 4386 1168 4442 incidant
1194 4386 1352 4439 mala.
1382 4383 1640 4440 Similiter
1665 4391 1720 4437 et
1751 4397 1867 4437 me-

281 4484 387 4537 dici
425 4482 493 4536 ad
532 4488 853 4550 aegrotantes
890 4478 1153 4548 ingressi,
1193 4476 1354 4531 etiam
1394 4484 1517 4528 ante
1544 4474 1759 4527 morbos
1786 4473 1865 4544 (α)

285 4577 455 4629 ῐυιιιεε
502 4572 816 4643 explorant,
862 4582 918 4625 ut
945 4570 1141 4641 przevia
1165 4584 1290 4623 cura
1316 4576 1597 4623 coerceant
1626 4569 1822 4622 malum
1852 4584 1865 4621 :

285 4666 481 4721 etenim
504 4665 594 4735 qui
620 4705 635 4728 ,
667 4672 916 4717 manente
945 4660 1124 4731 radice
1146 4699 1163 4719 .
1187 4674 1365 4714 ramos
1392 4667 1593 4713 tantum
1616 4666 1868 4723 exsecat,

288 4758 417 4812 nihil
454 4755 598 4811 aliud
638 4769 796 4825 quam
841 4753 1055 4808 inanem
1099 4751 1263 4805 sumit
1305 4765 1541 4819 operam.
1584 4748 1683 4804 Ubi
1712 4749 1871 4819 igitur

287 4850 554 4918 Scriptura
597 4858 653 4903 et
692 4855 965 4917 peccatum
1005 4853 1060 4901 et
1088 4842 1290 4914 peccati
1318 4856 1532 4897 causam
1561 4841 1870 4911 elotptitur?

292 4938 651 5010 Reprehendit
685 4953 777 4993 eos
814 4938 902 5007 qui
933 4944 1321 5006 praecesserunt
1345 4933 1598 4987 diluvium
1625 4974 1640 4999 ,
1670 4932 1739 4987 ob
1769 4931 1865 4986 illi-

294 5032 423 5086 citos
444 5043 765 5100 congressus
790 5045 803 5081 :
828 5036 989 5095 atque
1015 5024 1136 5079 audi
1165 5023 1434 5094 quomodo
1455 5037 1671 5078 causam
1694 5021 1869 5091 expri-

298 5133 401 5176 mat
422 5140 437 5176 :
459 5120 587 5177 Cum
610 5118 845 5174 vidissent
874 5117 970 5186 ﬁlii
990 5114 1086 5170 Dei
1108 5115 1243 5183 ﬁlias
1264 5113 1519 5167 hominum
1544 5128 1651 5166 esse
1679 5114 1872 5182 formo-

296 5233 405 5282 us,
442 5221 739 5283 acceperunt
781 5210 898 5264 illas
931 5208 1029 5263 sibi
1070 5208 1124 5261 in
1152 5222 1337 5261 uxores
1368 5203 1521 5277 (Gen.
1546 5204 1598 5259 6.
1628 5204 1711 5274 2).
1735 5201 1872 5271 Quid

359 5351 376 5382 ⁸
407 5356 612 5407 cum
649 5352 793 5402 Itss.,
828 5348 875 5393 et
910 5339 1045 5407 Sirae
1081 5337 1407 5407 dicit.__Atqui_
1430 5337 1539 5407 haec
1570 5338 1723 5407 verba
1759 5344 1874 5407 sunt

300 5399 550 5461 umbonis
570 5412 622 5458 in
644 5399 915 5456 Proverbiis
935 5439 950 5464 ,
986 5403 1099 5453 licet
1134 5399 1294 5464 simile
1328 5399 1570 5463 quidpiam
1594 5401 1642 5449 in
1665 5400 1872 5449 siracide

302 5477 436 5523 etiam
458 5471 649 5535 legatur
665 5504 688 5535 ,Α
712 5470 767 5535 ιθ
782 5502 797 5525 ,
819 5467 908 5535 14..
922 5463 1018 5515 Non
1053 5477 1163 5513 raro
1185 5463 1873 5535 Chrysostomus'galomonem

306 5521 423 5594 [vidit
447 5521 537 5596 pro
551 5521 761 5596 siracide
783 5521 797 5587 ξ
822 5528 911 5578 sed
936 5538 1168 5590 nusquam
1190 5521 1376 5574 adverti
1399 5523 1526 5585 apud
1551 5521 1686 5571 illum
1708 5524 1874 5583 Siraci-

303 5591 403 5643 item
426 5591 536 5657 poni
572 5607 660 5655 pro
680 5591 946 5640 Salomone.

356 5652 438 5726 ta)-
572 5652 676 5726 ᾖαὶῂ
705 5658 798 5718 πρὸ
835 5658 929 5726 vim
966 5656 1448 5726 vmpérotvl‘ﬂanc-
1476 5652 1853 5726 similitudinem

304 5720 432 5769 sum
448 5715 844 5780 Chrysostnmus,
876 5723 933 5765 nt
960 5715 1222 5780 signiticet,
1249 5720 1409 5780 Deum
1428 5718 1593 5780 justas
1613 5717 1859 5777 exemplis

308 5776 559 5831 nuuores'
577 5779 814 5838 reddere,
843 5790 907 5827 ne
937 5779 986 5827 iu
1009 5776 1201 5830 morbos
1221 5783 1370 5832 animi
1398 5776 1636 5829 incidant.

1205 315 1269 370 ΙΝ
1310 317 1535 383 lLLUD,
1582 318 1713 372 VlDl
1759 317 2087 391 DOMINUH,
2130 327 2364 387 H031"...
2405 334 2492 390 Ill.

3457 358 3557 415 118

1975 436 2176 507 igitur?
2222 460 2349 500 num
2396 447 2740 517 pulchritudo
2779 470 2940 512 causa
2982 469 3063 516 est
3093 426 3555 533 peccatifAbsit:

1969 538 2052 583 est
2097 534 2241 588 enim
2287 535 2481 594 divinze
2528 543 2805 614 sapientia:
2842 562 3012 619 opus;
3062 568 3197 623 opus
3240 567 3419 614 autem
3464 559 3558 618 Dei

1968 636 2256 693 numquam
2287 632 2453 697 possit
2478 648 2598 690 esse
2619 652 2778 692 causa
2802 645 3025 710 peccati.
3057 644 3163 701 Sed
3190 660 3441 719 aspectus
3460 653 3556 710 fuit

1969 726 2126 768 Causa
2177 722 2418 785 peccati?
2458 722 2534 779 Ne
2573 726 2625 780 id
2666 730 2881 796 quidem
2925 750 2940 787 :
2980 750 3101 791 nam
3145 745 3200 793 et
3228 738 3328 795 hoc
3353 753 3560 799 natura;

1968 816 2102 872 opus
2128 817 2227 862 est.
2256 808 2360 865 Sed
2381 814 2505 882 quid
2533 818 2743 874 tandem
2763 822 2787 874 ’ἒ
2805 822 2940 879 Male
2960 825 3142 884 videre
3164 846 3179 883 :
3205 846 3324 887 nam
3352 832 3455 891 hoc
3476 847 3559 891 est

1967 894 2273 993 depravata:
2296 904 2601 962 voluntatis.
2628 909 2752 966 Ideo
2789 916 3001 984 sapiens
3026 919 3241 987 quidam
3276 924 3556 993 admouet,

1966 986 2149 1088 dicens
2178 992 2312 1088 ἶ’Νιε
2354 998 2637 1088 consideres
2662 986 3090 1071 pulchritudinem
3117 1012 3335 1067 alienam
3367 986 3556 1088 (Eccli;

1966 1077 2018 1133 9.
2061 1081 2147 1177 8).
2182 1083 2296 1138 Non
2326 1087 2471 1177 dixit
2496 1130 2512 1151 ,
2553 1091 2630 1147 Ne
2657 1094 2877 1153 videas:
2907 1099 2955 1153 id
2986 1102 3127 1156 enim
3157 1077 3554 1177 nonnumquam

1965 1185 2091 1226 casu
2121 1175 2177 1227 ﬁt
2199 1216 2214 1241 ,
2244 1176 2337 1231 sed
2361 1218 2376 1242 ,
2409 1178 2492 1234 Ne
2514 1184 2800 1241 consideres
2821 1230 2834 1252 ,
2865 1189 3069 1259 inquit,
3103 1194 3233 1250 illud
3264 1175 3460 1255 tollens
3484 1216 3554 1257 ne

1964 1265 2140 1319 studio
2182 1267 2701 1340 animadvertamus,
2750 1293 2817 1332 ne
2854 1282 3066 1339 curiose
3109 1284 3454 1355 intueamur,
3486 1306 3554 1347 ne

1964 1358 2168 1412 vitiosae
2207 1364 2647 1431 contemplationi
2693 1367 3074 1439 immorcmur,
3115 1391 3235 1446 quae
3271 1378 3341 1433 ab
3375 1380 3556 1435 animo

1965 1458 2219 1517 corrupto
2246 1461 2299 1504 et
2327 1456 2724 1523 concupiscenti
2759 1462 3131 1527 proﬁciscitur.
3160 1465 3265 1521 Sed
3294 1468 3450 1537 quid,
3475 1470 3557 1524 in-

1962 1538 2109 1606 quiet
2136 1540 2350 1610 aliquis,
2377 1543 2503 1598 hinc
2523 1546 2700 1601 damni
2732 1550 2898 1617 possit
2922 1553 3093 1609 oriri?
3116 1555 3197 1609 Ea:
3216 1556 3329 1624 hoc,
3357 1559 3550 1630 inquit,

1962 1648 2106 1686 amor
2148 1635 2275 1687 velut
2299 1637 2430 1706 ignis
2454 1640 2698 1693 excitatur
2730 1640 2891 1712 (Ibid.
2922 1662 2967 1699 ιι.
2994 1646 3072 1717 9).
3101 1646 3170 1703 Ut
3199 1650 3343 1704 enim
3376 1652 3511 1721 ignis
3533 1691 3550 1719 ,

1963 1723 2052 1777 ubi
2098 1722 2297 1779 foenum
2341 1739 2431 1781 aut
2479 1730 2726 1798 stipulam
2755 1734 3073 1802 arripuerit,
3104 1739 3235 1793 nihil
3265 1750 3506 1795 moratur
3529 1781 3545 1807 ,

1962 1814 2055 1868 sed
2086 1817 2241 1870 simul
2271 1827 2326 1871 ut
2351 1820 2519 1890 attigit
2544 1824 2819 1877 materiam
2840 1865 2856 1887 ,
2888 1824 3116 1881 lucidam
3138 1830 3380 1884 accendit
3399 1816 3549 1885 nam.

1962 1922 2104 1961 niam
2134 1924 2148 1961 :
2183 1907 2364 1963 itidem
2390 1921 2443 1964 et
2473 1912 2607 1979 ignis
2635 1916 3079 1983 concupiscentia:
3104 1933 3225 1987 qua:
3250 1928 3334 1974 est
3363 1920 3416 1975 in
3447 1937 3547 1974 no-

1962 1997 2073 2062 bis,
2098 2000 2254 2052 simul
2280 2009 2440 2069 atque
2468 2018 2563 2069 per
2589 2004 2864 2059 oculorum
2896 2007 3141 2061 intuitum
3167 2010 3464 2078 elegantem
3486 2024 3550 2066 ac

1962 2099 2236 2144 venustam
2264 2092 2497 2161 attigerit
2525 2092 2749 2147 fortnam
2771 2135 2786 2160 ,
2821 2097 3064 2163 protinus
3092 2099 3266 2152 exurit
3289 2100 3547 2155 animum.

1964 2181 2193 2237 Proinde
2219 2199 2285 2236 ne
2314 2194 2522 2253 spectes
2549 2188 2924 2255 temporariam
2951 2189 3093 2242 illam
3115 2229 3132 2255 ,
3157 2206 3275 2259 qua:
3296 2206 3362 2245 ex
3386 2206 3543 2260 aspe-

1962 2285 2047 2328 ctu
2093 2276 2479 2346 proﬁciscitur,
2522 2280 2843 2348 voluptatem
2865 2321 2881 2345 ,
2929 2281 3024 2336 sed
3053 2292 3362 2351 perpetuum
3391 2283 3549 2339 dolo-

1964 2382 2075 2420 rem
2117 2368 2394 2422 cousidcra
2415 2411 2429 2433 ,
2475 2370 2563 2439 qui
2591 2373 2824 2425 nascitur
2850 2389 2914 2426 ex
2939 2375 3391 2443 concupiscentia.
3417 2376 3551 2434 Nam

1964 2459 2077 2520 illa,
2106 2456 2308 2513 inflicto
2333 2461 2583 2527 vulnere,
2631 2463 2943 2534 plerumque
2971 2467 3224 2521 celeriter
3248 2450 3424 2522 avolat
3447 2484 3463 2533 ;
3491 2478 3547 2523 at

1964 2551 2155 2604 vulnus
2176 2566 2279 2604 non
2309 2552 2485 2606 avolat
2509 2595 2520 2617 ,
2545 2554 2637 2607 sed
2662 2555 2972 2626 plerumque
2998 2567 3176 2612 manet
3196 2568 3251 2613 et
3271 2559 3542 2617 interﬁcit.

1966 2640 2033 2695 Et
2071 2642 2516 2711 quemadmodum
2555 2661 2711 2700 cerva
2738 2647 2949 2702 conﬁxa
2969 2650 3147 2717 jaculo
3176 2652 3228 2705 in
3259 2651 3399 2707 letali
3426 2667 3550 2707 cor-

1966 2733 2109 2802 poris
2138 2743 2309 2803 parte,
2338 2735 2546 2790 etiamsi
2577 2747 2888 2793 venatorum
2920 2739 3134 2810 eil‘ugiat
3162 2758 3382 2808 manus,
3416 2744 3549 2800 nihil

1966 2823 2088 2879 inde
2125 2823 2228 2880 [ενι
2265 2826 2399 2880 lucri
2429 2842 2442 2879 :
2471 2824 2549 2878 sic
2567 2836 2621 2881 et
2639 2826 3078 2899 anima,accepto
3103 2832 3549 2902 concupiscentia

1959 2914 2139 2985 jaculo
2173 2930 2204 2970 e
2238 2916 2438 2972 lascivo
2465 2917 2784 2990 curioseque
2806 2929 3022 2989 aspectu
3042 2962 3058 2989 ,
3089 2923 3297 2979 etiamsi
3328 2924 3551 2980 dimisso

1959 3003 2139 3074 jaculo
2166 3007 2501 3075 permittatur
2527 3009 2675 3066 abire
2698 3050 2714 3075 ,
2748 3021 2924 3066 tamen
2950 3010 3062 3079 ipsa
3093 3025 3188 3081 per
3217 3027 3277 3067 se
3304 3027 3553 3069 corrum-

1965 3098 2109 3168 pitur
2133 3115 2197 3154 ac
2218 3101 2390 3170 perit,
2412 3101 2605 3172 ubique
2623 3102 2810 3159 videns
2843 3103 3078 3167 hostem,
3101 3113 3154 3157 et
3181 3103 3547 3174 insequentem

1967 3190 2187 3247 habens.
2211 3193 2313 3248 Sed
2344 3195 2483 3263 quod
2523 3195 2703 3252 dicere
2726 3212 2991 3268 carpet-am
3022 3194 3214 3267 (neque
3236 3196 3381 3252 enim
3399 3212 3551 3253 com-

1966 3284 2284 3339 mittendum
2314 3296 2476 3340 estut
2518 3287 2571 3341 in
2594 3287 2694 3342 hoc
2720 3297 2826 3343 tam
2847 3290 3032 3359 longas
3057 3288 3320 3345 sermonis
3339 3287 3547 3357 digres-

1966 3376 2144 3430 siones
2188 3376 2502 3447 faciamus),
2547 3376 2819 3449 Scriptura
2862 3396 2985 3435 cum
3028 3386 3259 3450 peccatis
3295 3381 3459 3435 simul
3501 3385 3555 3431 et

1968 3476 2304 3535 peccatorum
2345 3483 2533 3523 causas
2573 3470 2711 3525 solet
2735 3485 3158 3527 commemorare
3187 3488 3202 3525 :
3230 3472 3353 3527 audi
3380 3482 3435 3527 et
3464 3466 3554 3526 hic

1966 3562 2092 3633 quid
2130 3562 2268 3617 dicat
2310 3561 2377 3617 de
2418 3562 2563 3618 Ozia.
2592 3562 2776 3633 Neque
2801 3565 2941 3619 enim
2971 3564 3073 3619 hoc
3100 3572 3302 3621 tantum
3329 3580 3426 3620 nos
3451 3563 3552 3620 do-

1966 3656 2110 3723 cuit,
2138 3656 2336 3711 elatum
2366 3654 2534 3712 fuisse
2560 3671 2654 3711 cor
2681 3657 2796 3727 ejus
2816 3699 2830 3723 ,
2861 3672 3044 3712 verum
3069 3657 3268 3713 addidit
3297 3656 3435 3713 unde
3456 3657 3557 3712 fuit

1968 3748 2186 3802 elatum.
2220 3746 2373 3803 Unde
2398 3762 2527 3817 ergo
2555 3748 2753 3802 elatum
2783 3747 2920 3802 fuit?
2945 3747 3071 3803 Cum
3098 3758 3273 3820 potens
3299 3758 3444 3812 esset,
3469 3749 3554 3804 in-

1967 3839 2115 3909 quit,
2143 3839 2328 3893 elatum
2353 3848 2425 3892 est
2451 3855 2538 3892 cor
2561 3841 2689 3911 ejus.
2713 3838 2826 3894 Non
2856 3841 2974 3894 tulit
3000 3841 3325 3910 principatus
3350 3839 3557 3910 magni-

1970 3932 2205 3986 tudinem
2231 3972 2245 3996 ,
2291 3930 2387 3986 sed
2426 3933 2563 3986 sicut
2587 3947 2654 3986 ex
2680 3931 2941 3987 edacitate
2966 3934 3201 3987 nascitur
3228 3935 3379 4002 ignea
3403 3930 3556 3986 iulia-

1971 4024 2044 4078 tio
2063 4065 2079 4091 ,
2110 4038 2175 4078 ex
2199 4021 2469 4078 inflatione
2493 4023 2721 4093 gignitur
2746 4024 2936 4091 febris,
2967 4023 3161 4078 deinde
3187 4039 3253 4078 ex
3283 4022 3414 4077 febri
3439 4022 3557 4090 ple-

1971 4128 2194 4184 rumque
2235 4128 2382 4167 mors
2429 4130 2442 4167 :
2492 4113 2671 4167 itidem
2717 4122 2771 4167 ει
2813 4113 2900 4166 hic
2926 4127 2992 4167 ex
3026 4128 3204 4167 rerum
3231 4110 3556 4165 abundantia

1972 4213 2092 4261 nata
2133 4213 2215 4260 est
2250 4203 2515 4273 superbia.
2544 4202 2674 4257 Nam
2704 4203 2841 4274 quod
2870 4203 2923 4257 in
2949 4202 3261 4271 corporibus
3287 4210 3370 4256 est
3399 4200 3554 4254 inﬂa-

1975 4299 2047 4352 tio
2066 4339 2080 4363 ,
2109 4296 2210 4351 hoc
2236 4297 2286 4351 in
2311 4296 2502 4350 animis
2521 4304 2603 4349 est
2628 4294 2896 4364 superbia.
2928 4292 3048 4349 Mox
3072 4307 3139 4348 ex
3166 4291 3414 4363 superbia
3437 4301 3557 4347 nata

1972 4401 2054 4446 est
2088 4391 2385 4460 appetentia
2412 4404 2588 4465 rerum
2616 4386 2715 4457 ipsi
2745 4402 2848 4441 non
2880 4387 3305 4457 congruentium.

2044 4483 2098 4537 5.
2140 4481 2267 4536 llaec
2294 4496 2397 4534 non
2426 4480 2542 4534 sine
2567 4494 2727 4533 causa
2755 4478 2843 4533 ditt
2868 4486 3187 4543 tractamus,
3215 4474 3308 4530 sed
3337 4489 3403 4529 ne
3440 4488 3557 4527 um-

1975 4590 2134 4645 quam
2173 4572 2488 4629 existimetis
2527 4586 2647 4626 esse
2691 4567 3058 4640 suspiciendos
3082 4608 3097 4633 ,
3149 4580 3322 4635 neque
3377 4563 3559 4620 felices

1974 4665 2163 4719 dicatis
2204 4678 2297 4718 eos
2342 4663 2433 4733 qui
2485 4661 2840 4731 principatum
2878 4666 3110 4729 gerunt,
3161 4670 3285 4710 cum
3372 4655 3561 4712 sciatis

1974 4772 2131 4826 quant
2161 4754 2366 4809 iubrico
2400 4753 2451 4806 in
2479 4760 2619 4805 statu
2658 4761 2975 4810 versentur;
3019 4761 3120 4802 nec
3149 4758 3399 4814 umquam
3442 4742 3560 4797 illos

1970 4846 2220 4915 judieetis
2246 4847 2493 4907 miseros,
2525 4843 2612 4913 qui
2642 4841 2693 4894 in
2725 4847 2961 4911 egestate
2984 4845 3040 4892 et
3069 4833 3452 4890 afﬂictionibus
3480 4832 3562 4886 vi-

1978 4947 2124 5001 vunt,
2156 4936 2388 4992 scientes
2421 4932 2556 4988 hanc
2581 4933 2746 4986 vitam
2771 4944 2892 4985 esse
2911 4928 3082 4984 multo
3111 4927 3376 4981 tutiorem.
3410 4924 3563 4983 Unde

1977 5038 2029 5082 et
2059 5025 2314 5097 propheta
2337 5024 2533 5079 clamat
2566 5021 2750 5077 dicens
2780 5019 3015 5074 :Bonum
3041 5028 3113 5072 est
3133 5017 3276 5083 mihi,
3310 5014 3562 5082 Domine,

1976 5121 2092 5189 quia
2123 5116 2401 5171 Ituntiliasti
2422 5131 2499 5168 me
2524 5112 2543 5183 (
2568 5111 2713 5166 Psal.
2743 5111 2864 5166 118.
2892 5110 2957 5165 71
2982 5112 3025 5180 ).
3052 5107 3184 5163 Vide
3210 5108 3370 5179 igitur
3390 5123 3560 5179 quan-

1980 5222 2087 5266 tum
2110 5224 2173 5264 ex
2197 5207 2481 5263 eminentia
2500 5214 2680 5259 uatum
2702 5203 2772 5257 sit
2792 5203 3008 5257 malum.
3030 5199 3238 5255 Elatum
3257 5209 3347 5265 est,
3372 5199 3562 5269 inquit,

1967 5316 2060 5353 cor
2084 5301 2191 5374 ejus
2212 5314 2370 5370 usque
2388 5297 2455 5350 ad
2482 5296 2855 5367 corruptionem
2873 5294 2948 5365 (2.
2981 5291 3155 5349 Paral.
3178 5290 3269 5346 26.
3294 5291 3405 5363 16).
3424 5287 3560 5356 Quid

1977 5403 2090 5461 est,
2120 5391 2287 5463 Usque
2325 5391 2394 5445 ad
2423 5389 2832 5459 corruptionem!
2852 5387 3031 5458 Usque
3054 5386 3119 5442 ad
3149 5400 3337 5457 pravas
3359 5382 3564 5451 cogita-

1979 5486 2149 5540 tiones
2176 5524 2191 5549 ,
2242 5498 2361 5554 quae
2388 5495 2608 5553 prorsus
2637 5495 2741 5535 non
2767 5478 3062 5535 ascendunt
3100 5478 3152 5531 in
3178 5475 3415 5530 animum
3456 5484 3558 5526 no-

1979 5588 2169 5638 strum,
2195 5574 2241 5629 si
2266 5588 2363 5629 nos
2392 5575 2536 5644 ipsos
2564 5572 2728 5627 nmlta
2758 5572 3005 5628 cautione
3041 5566 3512 5635 circumsepiamus
3542 5580 3559 5620 :

1979 5667 2071 5723 sed
2104 5668 2146 5722 si
2178 5666 2503 5737 negligenter
2529 5664 2793 5735 egerimus
2818 5705 2833 5729 ,
2866 5670 3153 5717 nascuntur
3180 5659 3232 5714 in
3260 5657 3411 5713 nobis
3436 5669 3559 5726 ger-

1984 5761 2288 5828 minantque
2318 5774 2331 5810 :
2361 5757 2442 5812 sin
2475 5763 2861 5827 praevertamur
2885 5794 2900 5820 ,
2933 5750 3174 5820 protinus
3204 5748 3559 5822 praefocautur
