4048 6208
620 329 722 384 II‘)

613 459 666 501 et
694 444 1010 499 obruuntur.
1038 438 1169 495 Alia:
1195 437 1483 508 gignuntur
1507 445 1600 498 ,.et
1625 443 1913 505 augentur,
1951 443 2108 503 atque
2134 431 2200 486 ad

623 547 816 607 pravas
841 532 1082 587 actiones
1104 529 1418 599 procedunt,
1443 540 1760 596 omnemque
1788 525 1982 580 mentis
2009 532 2204 579 nostrze

615 628 894 683 sanitatem
909 632 1280 693 corrumpunt,
1300 622 1342 676 si
1364 635 1552 691 magna
1571 621 1622 674 in
1645 619 1890 675 socordia
1907 633 2202 691 versemur.

617 719 726 772 IIoc
759 716 937 787 itaque
962 715 1126 779 dicit,
1158 712 1367 768 Elalum
1396 721 1468 766 est
1499 729 1586 766 cor
1615 712 1723 782 ejus
1743 753 1757 776 ,
1785 726 1957 783 neque
1981 725 2040 766 se
2065 711 2205 766 intus

614 808 874 864 continuit
899 806 1221 876 arrogantia,
1251 819 1425 875 neque
1451 805 1709 858 exstincta
1735 809 1817 857 est
1841 844 1853 867 ,
1881 801 1974 858 sed
1997 811 2054 858 ut
2077 817 2203 873 pro-

617 900 790 968 rupit,
823 899 888 952 ad
916 912 1050 966 opus
1079 911 1246 965 usque
1274 911 1494 967 pravum
1526 909 1806 966 progressa
1828 936 1843 963 ,
1873 903 2036 950 tctam
2065 894 2205 949 illius

614 992 865 1044 virtutem
901 989 1158 1058 corrupit.
1193 987 1475 1044 Beatitudo
1504 997 1586 1044 est
1615 988 1804 1058 igitur,
1831 988 2204 1059 cogitationem

615 1081 912 1151 improbam
940 1095 1160 1151 prorsus
1180 1095 1286 1135 non
1312 1079 1615 1145 admittere,
1640 1078 1781 1149 quod
1805 1088 1859 1134 et
1885 1094 1915 1134 a
1946 1079 2205 1149 propheta

619 1174 812 1231 dictum
838 1184 948 1238 est,
979 1173 1224 1237 Domine,
1253 1189 1354 1226 non
1384 1182 1456 1226 est
1493 1173 1683 1226 elatum
1706 1187 1792 1226 cor
1826 1188 1989 1225 meum
2012 1173 2030 1240 (
2054 1169 2202 1225 Psal.

620 1267 737 1322 I50.
771 1268 793 1321 I
819 1267 863 1338 ).
887 1265 1002 1320 Non
1029 1264 1181 1331 dixit,
1213 1263 1425 1318 Elatum
1451 1263 1666 1334 quidem
1697 1269 1800 1329 est,
1831 1262 1923 1317 sed
1953 1261 2083 1317 illud
2106 1275 2202 1317 co-

617 1358 760 1412 hibui
797 1372 1026 1412 :verum
1050 1397 1066 1422 ,
1113 1355 1231 1410 Non
1279 1362 1361 1410 est
1390 1356 1607 1410 omnino
1654 1355 1850 1410 elatum
1887 1372 1900 1409 :
1935 1354 2036 1409 hoc
2077 1361 2161 1409 est
2187 1394 2202 1419 ,

615 1449 822 1517 Jugiter
863 1448 1068 1504 servavi
1112 1448 1343 1502 animam
1385 1462 1563 1502 meam
1607 1447 1931 1502 inaccessam
1971 1447 2202 1502 malitiae.

616 1541 730 1594 IIoc
757 1541 914 1611 igitur
933 1546 1016 1594 est
1045 1538 1388 1595 beatitudinis
1417 1557 1430 1592 :
1461 1538 1586 1593 huic
1616 1539 1916 1609 proximum
1947 1537 2072 1592 illud
2101 1545 2201 1602 est,

623 1633 792 1686 malas
829 1631 1176 1702 cogitationes
1201 1630 1311 1700 jam
1338 1630 1608 1701 ingressas
1637 1630 1886 1686 celeriter
1911 1630 2202 1700 repellere,

620 1739 793 1794 neque
813 1724 1009 1790 sinere,
1037 1733 1094 1778 ut
1115 1724 1220 1778 illic
1244 1723 1443 1778 diutius
1472 1724 1842 1790 immorentur,
1867 1739 1935 1779 ne
1966 1724 2019 1778 in
2052 1724 2206 1779 nobis

620 1817 846 1885 pessime
871 1823 1199 1886 grassentur.
1243 1815 1396 1882 Quod
1427 1816 1472 1870 si
1497 1831 1562 1870 eo
1602 1831 1768 1886 usque
1806 1816 2065 1871 socordia:
2085 1831 2208 1886 pro-

619 1909 946 1962 cesserimus
967 1948 980 1972 ,
1009 1915 1093 1963 est
1123 1922 1219 1977 per
1247 1907 1339 1962 Dei
1369 1907 1661 1962 bonitatem
1684 1915 1739 1961 et
1766 1906 1920 1976 hujus
1947 1906 2208 1962 socordia:

617 2003 889 2065 solatium,
910 2000 1179 2070 multaque
1198 1999 1274 2072 ab~
1289 1999 1379 2055 illa
1403 2016 1610 2055 summa
1627 2009 1681 2055 et
1700 2000 1951 2056 ineffabili
1972 2001 2209 2057 bonitate

617 2094 809 2150 talibus
835 2093 1143 2148 vulneribus
1169 2101 1350 2164 parata
1380 2102 1504 2149 sunt
1534 2095 1789 2150 remedia.
1822 2094 1928 2150 Sed
1956 2111 2053 2166 age
2093 2112 2208 2151 ser-

616 2204 829 2242 monem
859 2186 998 2241 hunc
1026 2187 1249 2242 missum
1274 2187 1545 2252 faciamus,
1579 2203 1648 2243 ne
1679 2187 1823 2258 quod
1851 2188 1904 2242 in
1935 2187 2087 2242 initio
2114 2203 2206 2243 ve-

617 2281 884 2348 rebamur,
909 2297 1050 2337 nunc
1069 2283 1273 2338 accidat
1298 2283 1470 2350 nobis,
1495 2299 1779 2353 rerumque
1805 2283 1957 2338 turba
1979 2291 2207 2339 vestram

615 2376 806 2431 obruat
831 2378 1162 2432 memoriam.
1194 2377 1529 2447 Quapropter
1573 2391 1853 2431 necessum
1884 2385 1966 2432 est
2005 2386 2060 2432 ut
2091 2393 2209 2447 quae

615 2465 755 2520 dicta
776 2475 917 2533 sunt,
942 2469 1249 2522 summatim
1276 2469 1460 2537 paucis
1481 2478 1783 2537 repetamus
1808 2484 1820 2520 :
1845 2469 1924 2522 sic
1944 2477 1997 2523 et
2013 2479 2209 2524 matres

618 2559 792 2612 facere
819 2559 994 2614 solent
1017 2575 1136 2614 cum
1165 2562 1355 2628 poma,’
1376 2567 1468 2612 aut
1491 2557 1729 2622 bellaria,
1757 2568 1847 2613 aut
1869 2559 2012 2614 aliud
2033 2560 2210 2616 simile

621 2649 891 2720 quidpiam
923 2652 972 2704 in
1001 2651 1259 2720 puerilem
1290 2651 1580 2706 immittunt
1605 2651 1780 2706 sinum
1809 2670 1822 2706 :
1855 2667 1922 2708 ne
1951 2668 2047 2722 per
2075 2668 2209 2722 pue-

623 2755 806 2793 rorum
845 2741 1222 2810 negligentiam
1254 2742 1463 2797 excidat
1492 2742 1691 2813 aliquid
1725 2758 1910 2799 eorum
1941 2761 2060 2814 qum
2085 2745 2206 2800 data

615 2840 744 2887 sunt
768 2874 780 2895 ,
810 2842 1136 2888 contractam
1177 2835 1410 2906 undique
1451 2838 1735 2892 tuniculam
1762 2879 1776 2905 ,
1804 2839 2015 2909 cingulo
2041 2838 2208 2910 subji-

617 2926 783 2991 ciunt,
816 2941 920 2994 quo
941 2927 1047 2981 sint
1077 2928 1128 2982 in
1151 2937 1283 2981 tuto.
1315 2928 1456 2982 Idem
1487 2944 1584 2983 nos
1608 2927 1886 2997 faciamus,
1910 2931 2208 2986 orationem

620 3017 671 3071 in
706 3017 917 3088 longum
951 3028 1249 3088 porrectam
1281 3020 1685 3085 contrahamus,
1712 3023 2089 3091 memoriarque
2118 3037 2211 3076 cu-

619 3108 806 3164 stodia:
833 3109 1182 3178 deponamus.
1215 3110 1453 3166 Audistis
1493 3111 1760 3180 quomodo
1787 3112 1914 3166 nihil
1945 3113 2208 3183 agendum

620 3199 689 3253 sit
709 3199 774 3254 ad
793 3201 1226 3267 ostentationem,
1253 3211 1614 3272 quantumque
1634 3203 1702 3256 sit
1726 3204 1922 3257 malum
1943 3205 2208 3271 socordia,

621 3299 680 3345 ut
697 3291 855 3346 etiam
883 3291 933 3346 in
957 3291 1190 3362 perfecta
1214 3293 1319 3348 vita
1343 3303 1643 3349 versantem
1666 3293 1819 3350 facile
1839 3297 2207 3366 supplantarit.

625 3382 895 3440 Didicistis
917 3394 1112 3455 quanta
1144 3386 1298 3442 nobis
1327 3387 1548 3457 opussit
1574 3402 1723 3453 cura,
1751 3389 2086 3458 potissimum
2112 3392 2212 3446 sub

620 3475 742 3526 vitae
767 3474 950 3539 finem,
969 3482 1133 3543 utque
1144 3491 1245 3531 nec
1260 3479 1657 3549 desperandum
1675 3479 1802 3532 sitei
1819 3478 1908 3549 qui
1925 3495 2049 3535 cum
2081 3481 2212 3538 inci-

621 3563 790 3619 disset
837 3563 892 3618 in
925 3571 1142 3634 peccata
1183 3574 1416 3620 mutatus
1451 3575 1536 3621 est
1558 3607 1572 3631 ,
1605 3582 1777 3637 neque
1806 3578 2050 3639 oporteat
2087 3585 2211 3626 eum

621 3657 709 3726 qui
741 3658 793 3712 in
818 3659 1064 3714 socordia
1097 3659 1246 3725 vivit,
1269 3660 1334 3715 de
1355 3670 1502 3716 recte
1529 3660 1681 3737 factis
1711 3662 2001 3720 confidere.
2035 3665 2213 3720 Disse-

623 3751 826 3805 rnimus
865 3751 1017 3806 vobis
1060 3751 1129 3808 de
1172 3753 1473 3808 differentia
1509 3763 1850 3824 peccatorum
1877 3798 1892 3823 ,
1933 3772 2000 3812 ne
2045 3759 2212 3815 simus

627 3841 974 3898 vehementer
1023 3843 1214 3898 intenti
1258 3843 1325 3898 ad
1369 3845 1590 3900 eximias
1637 3861 1920 3916 corporum
1968 3848 2210 3904 formas:

621 3943 984 4004 quantumque
1004 3935 1128 3990 hinc
1155 3936 1358 3991 oriatur
1385 3937 1527 4003 mali,
1553 3938 2057 3996 demonstravimus.
2081 3942 2212 4010 Quae

605 4026 689 4082 'de
734 4028 982 4096 superbia
1024 4027 1177 4083 vobis
1215 4029 1448 4085 diximus
1487 4031 1808 4086 meministis
1833 4074 1848 4098 ,
1879 4048 2107 4104 quaeque
2145 4033 2212 4088 de

623 4118 800 4187 pravis
843 4119 1279 4188 cogitationibus.
1311 4121 1435 4176 Ilaec
1476 4132 1751 4178 servantes
1797 4123 2078 4179 redeamus
2112 4125 2210 4180 do-

625 4227 808 4277 mum;
856 4213 982 4282 quin
1013 4214 1188 4282 potius
1219 4215 1333 4268 hare
1361 4223 1636 4270 servantes
1675 4217 2000 4286 excipiamus
2040 4217 2214 4288 perfe-

621 4303 844 4358 ctiorem
887 4305 1068 4359 eximii
1097 4305 1334 4362 doctoris
1368 4307 1820 4364 exhortationem.
1870 4309 2000 4363 Nam
2031 4322 2210 4365 nostra

621 4392 857 4462 quidem,
878 4395 1281 4464 qualiacumque
1303 4405 1444 4460 sunt,
1473 4397 1668 4452 habent
1683 4399 1976 4468 juventutis
1997 4400 2210 4457 indicia:

625 4483 1025 4554 hnjusautetn,
1055 4487 1464 4557 qualiacumque
1513 4488 1755 4555 fuerint,
1801 4506 1933 4546 cana
1983 4492 2208 4562 quadam

623 4574 900 4645 prudentia
925 4585 1048 4630 sunt
1073 4587 1277 4632 ornata.
1304 4579 1379 4632 Ac
1405 4588 1584 4633 nostra
1614 4580 1828 4650 quidem
1870 4583 2062 4640 similia
2090 4594 2212 4637 sunt

625 4675 844 4721 torrenti
863 4708 879 4732 ,
910 4667 997 4736 qui
1025 4683 1146 4722 cum
1176 4669 1402 4740 strepitu
1432 4669 1635 4739 fertur;
1673 4671 1814 4727 illius
1841 4682 2014 4726 autem
2043 4675 2210 4727 oratio

623 4757 812 4814 similis
831 4769 912 4813 est
926 4758 1056 4814 fonti
1079 4775 1264 4831 magna
1289 4762 1669 4832 tranquillitate
1690 4763 1879 4819 ﬂuvios
1895 4764 2206 4831 effundenti,

623 4851 713 4921 qtti
745 4851 846 4906 olei
879 4853 1046 4924 magis
1075 4869 1231 4923 quam
1259 4871 1514 4925 aquarum
1537 4873 1749 4912 cursum
1777 4857 2030 4914 imitetur.
2055 4859 2213 4914 Exci-

626 4943 834 5012 piamus
860 4944 1016 5013 igitur
1041 4960 1103 5000 ea
1133 4946 1360 5013 fluenta,
1391 4956 1448 5002 ut
1489 4948 1617 5003 fiant
1645 4950 1697 5003 in
1727 4949 1878 5004 nobis
1914 4949 2030 5005 fons
2061 4967 2211 5022 aqure

625 5033 864 5088 salientis
889 5034 939 5088 in
965 5034 1124 5090 vitam
1149 5047 1399 5093 :cternam
1424 5038 1612 5111 (Joan.
1633 5041 1686 5094 4.
1713 5041 1815 5110 14)
1841 5058 1854 5094 :
1878 5057 2034 5111 quam
2059 5043 2212 5099 nobis

626 5124 872 5179 omnibus
899 5126 1169 5198 contingat
1198 5132 1407 5200 assequi
1431 5173 1444 5193 ,
1481 5133 1647 5200 gratia
1681 5140 1735 5186 et
1759 5130 2080 5201 benignitate
2109 5133 2212 5187 Do-

629 5217 756 5271 mini
790 5219 954 5272 nostri
980 5217 1106 5273 .Iesu
1148 5218 1341 5275 Christi
1384 5220 1457 5293 (α)
1481 5263 1496 5288 ,
1526 5238 1646 5276 cum
1696 5238 1802 5293 quo
1841 5224 2025 5290 Patri,
2053 5224 2210 5280 simul

625 5321 743 5361 cum
767 5318 952 5363 sancto
973 5318 1024 5364 et
1047 5311 1187 5366 bono
1207 5312 1405 5382 Spiritu
1435 5313 1622 5378 honor,
1647 5314 1811 5383 gloria
1833 5324 1886 5370 et
1908 5315 2210 5387 imperium,

627 5415 766 5456 nunc
790 5409 846 5456 et
872 5415 1103 5473 semper,
1129 5411 1183 5458 et
1209 5403 1262 5457 in
1293 5403 1485 5459 srecnla
1507 5404 1842 5460 saeculorum.
1875 5408 2065 5463 Amen.

689 5559 761 5620 (α)
796 5565 908 5623 Qute
942 5558 1164 5620 sequitur
1199 5557 1443 5608 conclusio
1465 5559 1537 5608 sic
1567 5559 1774 5623 habetur
1793 5562 1842 5609 in
1869 5573 1967 5623 uno
2001 5560 2174 5614 Codice
2195 5598 2210 5623 ,

623 5619 773 5694 autne
793 5619 1078 5694 uitalegerat
1101 5626 1336 5694 Erasmus.
1362 5628 1656 5694 Quamquam
1663 5621 1753 5694 lite
1769 5621 2132 5694 conclusiones,
2158 5619 2212 5675 ut

624 5679 720 5740 iam
750 5681 874 5752 alibi
911 5679 1140 5744 diximus,
1182 5681 1242 5731 ad
1280 5681 1586 5734 librariorum
1628 5681 1817 5733 libitum
1856 5695 1910 5735 ut
1952 5679 2210 5748 plurimum

625 5752 923 5794 concinnatae
945 5753 1074 5794 sunt.

1431 320 1488 375 5.
1529 320 1806 377 JOANNIS
1841 283 2308 374 CIIIH'SOSTOMI
2350 317 2664 374 ARCIIIEP.
2706 321 3242 380 CONSTANTINOP.
3798 332 3886 386 fat)

2313 431 2567 502 Ejusdem
2598 433 2648 488 in
2676 433 2876 489 dictum
2910 435 3035 492 illud
3065 436 3232 498 Isaiae.
3265 435 3477 492 Factum
3503 451 3575 492 est
3599 457 3766 508 anno,
3799 460 3894 506 quo

2389 539 2621 582 mortuus
2660 539 2732 583 est
2772 529 2924 585 Ozias
2961 547 3071 596 rex,
3117 532 3219 585 vidi
3261 531 3534 586 Dominum
3570 534 3889 595 sedentemin

2383 621 2513 676 solio
2542 621 2738 678 excelso
2775 633 2822 677 et
2850 623 2980 678 elato
3007 622 3177 698 (Isai.
3201 625 3254 680 6.
3281 625 3303 679 I
3334 624 3390 694 );
3435 633 3489 680 et
3517 624 3634 680 Iaus
3669 625 3896 682 civitatis

2385 716 2684 772 Antiochia:
2711 732 2726 783 ;
2773 725 2830 772 et
2857 717 3111 773 adversus
3141 733 3235 774 eos
3259 717 3348 790 qui
3379 717 3663 789 prohibent
3689 719 3896 790 nuptias

2384 809 2768 866 demonstratio
2792 808 2995 863 divina.

2894 921 3176 978 HOMILIA
3217 921 3305 978 IV.

2388 1037 2439 1090 I.
2497 1033 2855 1107 Frequentiam
2920 1036 3211 1090 auditorum
3287 1036 3382 1114 sigi
3449 1037 3669 1111 ipsisque
3723 1048 3900 1110 gratu-

2315 1126 2490 1193 latur;
2535 1127 2714 1181 Ronue
2779 1131 2985 1199 prwfert
3039 1145 3184 1184 suam
3244 1130 3511 1183 civitatem.
3542 1160 3614 1170 —
3669 1129 3902 1187 Praecla-

2314 1236 2432 1274 rum
2487 1219 2640 1274 nobis
2677 1219 2836 1274 hodie
2889 1219 3152 1276 theatrum
3205 1222 3387 1288 adest,
3440 1223 3751 1293 magnificus
3794 1225 3905 1278 ala-

2313 1313 2523 1383 crisque
2587 1321 2775 1366 caelus.
2830 1311 2967 1380 Quid
3027 1312 3235 1368 tandem
3293 1322 3375 1367 est
3437 1314 3489 1368 in
3549 1314 3749 1370 causa?
3801 1315 3903 1370 Sc-

2314 1403 2508 1457 mentis
2560 1401 2674 1458 heri
2723 1401 2874 1457 factm
2918 1400 3150 1468 fructus,
3195 1403 3351 1459 hodie
3391 1405 3582 1460 messis
3624 1414 3725 1462 est.
3775 1405 3903 1462 Heri

2314 1493 2687 1562 plantavimus,
2712 1492 2870 1548 hodie
2903 1493 3174 1548 metimus.
3201 1493 3316 1548 Non
3345 1495 3486 1549 enim
3516 1503 3710 1551 terram
3733 1496 3908 1551 inani-

2315 1597 2455 1637 mam
2478 1583 2724 1649 colimus,
2747 1591 2804 1637 ut
2836 1583 2987 1638 tarde
3015 1582 3314 1649 fructificet,
3341 1584 3434 1640 sed
3461 1585 3667 1643 animas
3697 1587 3907 1665 ratione

2316 1675 2585 1745 praeditas.
2618 1674 2733 1730 Non
2761 1682 2844 1750 est
2883 1684 3091 1741 natura,
3121 1691 3240 1746 quae
3269 1685 3566 1744 cunctatur,
3592 1676 3684 1732 sed
3710 1680 3905 1750 gratia,

2314 1784 2433 1838 quae
2459 1769 2744 1824 accelerat.
2778 1769 2943 1824 Recte
2983 1771 3312 1838 compositus
3351 1770 3506 1826 nobis
3530 1772 3778 1841 populus,
3808 1787 3908 1828 au-

2315 1859 2494 1914 diendi
2523 1860 2761 1914 studiosa
2794 1860 2942 1930 plebs
2972 1869 3076 1916 est.
3106 1861 3229 1916 Heri
3258 1862 3430 1916 vocati
3457 1872 3601 1928 sunt,
3621 1863 3783 1919 hodie
3809 1881 3907 1920 co-

2315 1962 2594 2008 ronantur.
2620 1954 3014 2010 Admonitionis
3047 1953 3314 2011 hesternae
3356 1955 3559 2011 fructus
3586 1956 3906 2013 hodiernum

2316 2053 2400 2099 est
2435 2045 2772 2116 obsequium.
2822 2046 2975 2102 Unde
3028 2061 3126 2101 nos
3170 2062 3384 2118 quoque
3426 2047 3652 2103 libenter
3699 2049 3908 2103 semina

2311 2135 2561 2206 jacimus,
2592 2139 2716 2208 quia
2762 2154 2954 2209 purum
3002 2139 3242 2196 videmus
3289 2155 3510 2207 arvum,
3540 2155 3646 2196 non
3696 2141 3912 2211 spinam

2316 2243 2435 2298 qua:
2463 2229 2721 2296 suffocat,
2756 2246 2930 2302 neque
2959 2231 3096 2286 viam
3143 2247 3264 2303 qua:
3310 2233 3566 2298 calcatur,
3610 2249 3786 2304 neque
3811 2249 3911 2304 pe-

2320 2329 2456 2375 tram
2485 2322 2748 2389 sterilem,
2781 2323 2876 2378 sed
2925 2323 3245 2393 profundum
3286 2340 3350 2381 ac
3397 2325 3644 2396 pinguem
3688 2341 3912 2397 agrum,

2316 2413 2406 2483 qui
2431 2413 2589 2468 simul
2615 2423 2670 2468 et
2693 2430 2875 2469 semen
2903 2415 3128 2485 recipit,
3159 2424 3215 2470 et
3241 2416 3442 2486 spicam
3482 2417 3636 2473 nobis
3663 2418 3912 2474 exhibet.

2317 2505 2445 2561 Haec
2469 2521 2682 2576 semper
2711 2505 2919 2576 loquor,
2953 2522 3053 2563 nec
3077 2507 3218 2579 loqui
3246 2508 3485 2564 desinam
3516 2526 3531 2564 :
3565 2511 3680 2565 hch
3708 2519 3917 2565 nostra;

2317 2598 2548 2653 civitatis
2595 2599 2712 2654 laus
2764 2608 2881 2664 est,
2912 2615 3017 2654 non
3070 2600 3214 2672 quod
3269 2610 3512 2658 senatum
3557 2603 3767 2669 habeat,
3801 2619 3916 2660 non

2317 2693 2456 2761 quod
2481 2693 2729 2748 consules
2758 2708 3046 2749 numerare
3078 2694 3364 2764 possimus,
3402 2710 3574 2766 neque
3611 2697 3754 2766 quod
3794 2707 3917 2752 sta-

2321 2792 2439 2837 tuas
2459 2782 2788 2852 complures,
2821 2799 2994 2854 neque
3020 2784 3161 2855 quod
3193 2786 3451 2840 mercium
3475 2786 3704 2857 copiam,
3731 2803 3918 2860 neque

2317 2872 2458 2942 quod
2485 2873 2646 2928 situm
2687 2872 2880 2928 habeat
2905 2875 3247 2929 commodum
3283 2893 3297 2928 :
3331 2876 3425 2930 sed
3471 2876 3614 2946 quod
3650 2879 3916 2948 pepulum

2319 2962 2512 3018 habeat
2535 2964 2784 3020 audiendi
2828 2965 3148 3032 studiosum,
3178 2966 3317 3036 quod
3346 2970 3542 3038 templa
3570 2969 3666 3024 Dei
3713 2971 3878 3041 plena
3902 3014 3916 3037 ,

2319 3054 2458 3123 quod
2488 3055 2742 3110 Ecclesia:
2762 3056 2968 3111 deliciae
2996 3058 3165 3127 magis
3193 3066 3443 3114 crescunt
3469 3060 3521 3114 in
3549 3060 3696 3129 dies,
3730 3065 3918 3134 quod-

2318 3160 2424 3216 que
2469 3162 2775 3202 sermonem
2823 3146 3017 3203 habeat
3056 3149 3404 3218 profluentem
3427 3193 3442 3218 ,
3473 3152 3918 3226 desideriumque

2322 3251 2611 3307 numquam
2639 3239 2944 3294 satianlem.
2992 3238 3264 3310 Siquidem
3287 3242 3472 3297 civitas
3510 3260 3615 3299 non
3645 3244 3713 3298 ab
3742 3247 3918 3300 aedifi-

2319 3328 2434 3391 ciis,
2461 3327 2556 3382 sed
2587 3328 2654 3383 ab
2680 3328 3102 3385 inhabitantibus
3125 3332 3440 3388 admiranda
3470 3335 3716 3392 redditur
3750 3315 3918 3396 ‘rﬁe

2320 3417 2451 3473 mihi
2479 3435 2668 3475 narres
2695 3420 3059 3476 Romanorum
3084 3423 3270 3479 urbem
3312 3426 3671 3496 magnitudine
3701 3431 3918 3500 spatio-

2320 3525 2434 3567 sazn
2465 3527 2615 3578 esse;
2643 3513 2737 3568 sed
2760 3515 2983 3569 ostende
3005 3516 3132 3570 mihi
3165 3516 3273 3572 illic
3298 3520 3552 3588 populum
3579 3536 3731 3592 aeque
3756 3525 3918 3594 cupi-

2320 3601 2444 3657 dum
2493 3603 2766 3660 audiendi.
2794 3605 2928 3660 Nam
2967 3605 3198 3662 Sodoma
3243 3617 3418 3664 turres
3459 3610 3754 3678 habebant,
3785 3630 3918 3670 cum

2319 3695 2589 3750 Abraham
2632 3697 2684 3750 in
2721 3697 2929 3768 tugurio
2976 3710 3319 3756 moraretur:
3349 3710 3585 3758 attamen
3633 3705 3918 3763 venientes

2318 3787 2493 3857 angeli
2522 3786 2754 3842 Sodoma
2786 3790 3155 3858 prmteribant,
3184 3800 3237 3846 et
3277 3791 3343 3846 ad
3382 3795 3646 3864 tugurium
3673 3797 3918 3854 diverte‘

2319 3879 2447 3934 bant
2470 3877 2620 3951 (Gen.
2648 3878 2757 3953 I8).
2784 3880 2901 3936 Non
2928 3882 3070 3937 enim
3099 3883 3292 3938 aedium
3321 3885 3662 3953 Splendorem
3689 3905 3918 3959 quaere-

2318 3969 2467 4038 bant,
2487 3971 2581 4026 sed
2603 3971 2795 4028 animae
2817 3973 3067 4030 virtutem
3097 3983 3148 4030 et
3171 3976 3622 4045 pulchritudinem
3651 3997 3918 4051 quaeren-

2321 4071 2398 4120 tes
2450 4065 2942 4159 circumibanhlta
2984 4082 3116 4124 sane
3161 4069 3295 4124 alias
3346 4070 3614 4128 desertum
3677 4073 3918 4131 habebat

2317 4155 2598 4225 Joannem,
2623 4155 3107 4216 civitas'lferodem
3137 4178 3151 4214 :
3181 4177 3352 4233 eoque
3379 4163 3650 4221 desertum
3675 4169 3918 4226 nobilius

2319 4260 2435 4303 erat
2458 4249 2692 4305 civitate.
2723 4251 2829 4304 Cur
2854 4251 2926 4305 ita
2957 4251 3210 4307 tandem?
3233 4253 3491 4321 Quoniam
3534 4272 3641 4312 non
3681 4258 3736 4312 in
3765 4269 3918 4315 stru-

2318 4343 2482 4396 cturis
2522 4342 2622 4397 sita
2649 4351 2732 4398 est
2762 4343 3060 4414 prophetia.
3087 4344 3211 4400 Haec
3235 4346 3375 4414 dico,
3405 4349 3686 4419 nequando
3715 4353 3918 4407 civita«

2321 4441 2427 4486 tem
2477 4433 2856 4502 prmdicemns,
2890 4451 3008 4505 qua:
3055 4438 3294 4492 moribus
3333 4440 3591 4496 dissoluta
3620 4453 3724 4498 est.
3770 4446 3918 4512 Qllit.

2319 4524 2448 4578 mihi
2477 4539 2664 4580 narras
2691 4528 2916 4582 aedificia
2938 4570 2952 4595 ,
2981 4529 3106 4598 quid
3140 4531 3462 4587 columnas?
3492 4534 3617 4589 Haec
3655 4551 3761 4591 una
3785 4553 3918 4593 cun‘

2319 4617 2569 4685 prmsenti
2623 4618 2728 4672 vita
2783 4617 3089 4673 diruuutur.
3149 4620 3442 4678 Ecclesiam
3503 4624 3827 4696 ihgrederc,
3867 4645 3917 4684 ω

2317 4707 2548 4762 civitatis
2573 4708 2754 4763 videas
2781 4709 3132 4766 nobilitatem.
3163 4712 3467 4782 Ingredere,
3501 4715 3739 4787 inquam,
3777 4721 3918 4778 vide

2317 4815 2578 4869 pauperes
2607 4817 2638 4856 a
2683 4802 2860 4857 medio
2885 4805 3059 4860 noctis
3089 4819 3256 4875 u3quc
3296 4807 3364 4861 ad
3416 4808 3592 4864 lucem
3640 4826 3918 4880 perseve«

2316 4904 2531 4960 rantes,
2560 4894 2682 4950 vide
2711 4911 2860 4951 saera
2890 4898 3163 4968 pervigilia
3198 4899 3342 4955 diem
3373 4916 3493 4956 cum
3540 4913 3697 4960 nocte
3739 4920 3918 4976 cnpu-

2319 4985 2480 5040 lantia
2529 5004 2544 5042 :
2585 4987 2708 5043 vide
2746 5003 2840 5044 eos
2895 5004 3069 5059 neque
3122 4991 3352 5047 interdiu
3395 5009 3567 5065 neque
3611 5005 3774 5052 noctu
3831 5005 3917 5054 ve

2317 5079 2489 5133 somni
2523 5079 2857 5150 tyrannidetn
2887 5096 2952 5135 ac
2979 5081 3286 5138 violentiam
3337 5096 3672 5152 metuentes,
3709 5091 3792 5144 vel
3837 5091 3918 5145 in-

2317 5173 2454 5242 opire
2477 5173 2848 5228 necessitatem
2876 5173 3241 5234 formidantes.
3269 5178 3453 5249 Magna
3481 5196 3666 5236 revera
3693 5182 3918 5250 civitas,

2228 5288 2237 5295 ·
2317 5282 2381 5322 ac
2408 5269 2566 5323 totius
2589 5267 2734 5324 orbis
2762 5272 3098 5342 metropolis.
3126 5271 3265 5340 Quot
3292 5275 3548 5346 episcopi,
3571 5285 3700 5344 quot
3730 5275 3917 5331 docto

2316 5377 2406 5418 res
2447 5361 2551 5417 huc
2595 5373 2897 5427 venerunt,
2927 5374 2982 5419 et
3023 5381 3050 5418 a
3096 5368 3295 5436 popqu
3324 5367 3467 5422 docti
3493 5367 3818 5431 discedunt,
3860 5385 3918 5424 at

2318 5452 2490 5524 legem
2542 5453 2684 5508 illam
2732 5455 2943 5511 insitam
2987 5457 3039 5510 in
3088 5472 3147 5512 se
3192 5461 3591 5530 transplantare
3619 5468 3816 5515 curant
3852 5462 3918 5494 "

2382 5567 2400 5633 ξ
2435 5565 2576 5633 savil.
2597 5568 2708 5633 ,usic
2727 5566 2996 5633 babet......
3033 5568 3120 5619 sed
3152 5568 3209 5633 ab
3243 5568 3618 5622 inhabitantibus
3655 5568 3916 5633 deﬁnitur

2382 5629 2403 5659 ³
2437 5630 2510 5696 sic
2530 5629 2693 5696 Savil.,
2717 5629 2880 5680 Morel.
2909 5639 2960 5696 et
2983 5632 3282 5696 Manuscriptt
3301 5669 3314 5689 ,
3341 5646 3436 5683 uno
3462 5642 3689 5696 excepto.
3712 5629 3794 5696 qui
3831 5634 3908 5682 ha

2319 5690 2426 5742 bet.
2453 5689 2531 5740 hic
2555 5692 2764 5752 discunt,
2791 5705 2892 5759 pro,
2918 5689 3422 5759 insetransplantare
3445 5689 3636 5759 curant,
3665 5703 3715 5746 et
3732 5689 3812 5746 'sic
3854 5697 3918 5750 Ie

2323 5762 2466 5814 gerat
2490 5759 2724 5809 Erasmus,
2750 5753 2832 5818 qui
2857 5756 3022 5815 vertit,
3047 5753 3123 5805 hic
3147 5753 3356 5807 discunt.
