  <div class='ocr_page' id='page_1' title='image "/cluster/home/n/w/nwhite01/storage/ocr_20150623/56/hvd.32044048208490/127.png"; bbox 0 0 4092 6218; ppageno 0'>
   <div class='ocr_carea' id='block_1_1' title="bbox 464 350 555 405">
    <p class='ocr_par' dir='ltr' id='par_1_1' title="bbox 464 350 555 405">
     <span class='ocr_line' id='line_1_1' title="bbox 464 350 555 405; baseline -0.033 -1"><span class='ocrx_word' id='word_1_1' title='bbox 464 350 555 405; x_wconf 71' lang='lat' dir='ltr'>I‘ZI</span> 
     </span>
    </p>
   </div>
   <div class='ocr_carea' id='block_1_2' title="bbox 462 455 2047 540">
    <p class='ocr_par' dir='ltr' id='par_1_2' title="bbox 462 455 2047 540">
     <span class='ocr_line' id='line_1_2' title="bbox 462 455 2047 540; baseline -0.008 -19"><span class='ocrx_word' id='word_1_2' title='bbox 462 468 777 540; x_wconf 82' lang='grc' dir='ltr'>τρέφεσθαι,</span> <span class='ocrx_word' id='word_1_3' title='bbox 810 470 928 523; x_wconf 83' lang='grc' dir='ltr'>οὐδὲ</span> <span class='ocrx_word' id='word_1_4' title='bbox 972 467 1032 522; x_wconf 78' lang='grc' dir='ltr'>τὸ</span> <span class='ocrx_word' id='word_1_5' title='bbox 1061 466 1254 526; x_wconf 79' lang='grc' dir='ltr'>πίνειν,</span> <span class='ocrx_word' id='word_1_6' title='bbox 1281 462 1400 518; x_wconf 81' lang='grc' dir='ltr'>οὐδὲ</span> <span class='ocrx_word' id='word_1_7' title='bbox 1440 461 1502 516; x_wconf 88' lang='grc' dir='ltr'>τδ</span> <span class='ocrx_word' id='word_1_8' title='bbox 1533 459 1812 532; x_wconf 88' lang='grc' dir='ltr'>νέμεσθαι,</span> <span class='ocrx_word' id='word_1_9' title='bbox 1841 458 1960 513; x_wconf 78' lang='grc' dir='ltr'>οὐδὲ</span> <span class='ocrx_word' id='word_1_10' title='bbox 1985 455 2047 510; x_wconf 73' lang='grc' dir='ltr'>τὸ</span> 
     </span>
    </p>
   </div>
   <div class='ocr_carea' id='block_1_3' title="bbox 465 545 2039 627">
    <p class='ocr_par' dir='ltr' id='par_1_3' title="bbox 465 545 2039 627">
     <span class='ocr_line' id='line_1_3' title="bbox 465 545 2039 627; baseline -0.01 -18"><span class='ocrx_word' id='word_1_11' title='bbox 465 559 582 626; x_wconf 77' lang='grc' dir='ltr'>ζῇν·</span> <span class='ocrx_word' id='word_1_12' title='bbox 616 554 788 609; x_wconf 79' lang='grc' dir='ltr'>ταῦτα</span> <span class='ocrx_word' id='word_1_13' title='bbox 827 556 935 627; x_wconf 78' lang='grc' dir='ltr'>γὰρ</span> <span class='ocrx_word' id='word_1_14' title='bbox 981 557 1112 626; x_wconf 80' lang='grc' dir='ltr'>ἡμῖν</span> <span class='ocrx_word' id='word_1_15' title='bbox 1156 553 1371 607; x_wconf 74' lang='grc' dir='ltr'>ἅπαντα</span> <span class='ocrx_word' id='word_1_16' title='bbox 1413 548 1567 604; x_wconf 88' lang='grc' dir='ltr'>κοινά</span> <span class='ocrx_word' id='word_1_17' title='bbox 1596 549 1729 619; x_wconf 83' lang='grc' dir='ltr'>πρὸς</span> <span class='ocrx_word' id='word_1_18' title='bbox 1753 546 1823 601; x_wconf 82' lang='grc' dir='ltr'>τά</span> <span class='ocrx_word' id='word_1_19' title='bbox 1852 545 2039 611; x_wconf 80' lang='grc' dir='ltr'>ἄλογα·</span> 
     </span>
    </p>
   </div>
   <div class='ocr_carea' id='block_1_4' title="bbox 461 631 2032 715">
    <p class='ocr_par' dir='ltr' id='par_1_4' title="bbox 461 631 2032 715">
     <span class='ocr_line' id='line_1_4' title="bbox 461 631 2032 715; baseline -0.009 -19"><span class='ocrx_word' id='word_1_20' title='bbox 461 643 599 696; x_wconf 83' lang='grc' dir='ltr'>ἀλλὰ</span> <span class='ocrx_word' id='word_1_21' title='bbox 623 643 674 694; x_wconf 89' lang='grc' dir='ltr'>τί</span> <span class='ocrx_word' id='word_1_22' title='bbox 699 643 980 715; x_wconf 80' lang='grc' dir='ltr'>διέστηκεν</span> <span class='ocrx_word' id='word_1_23' title='bbox 1001 656 1026 683; x_wconf 77' lang='grc' dir='ltr'>ιι</span> <span class='ocrx_word' id='word_1_24' title='bbox 1052 640 1147 695; x_wconf 85' lang='grc' dir='ltr'>ἆνθ</span> <span class='ocrx_word' id='word_1_25' title='bbox 1155 655 1333 712; x_wconf 86' lang='grc' dir='ltr'>ρωπος</span> <span class='ocrx_word' id='word_1_26' title='bbox 1357 637 1463 689; x_wconf 85' lang='grc' dir='ltr'>τῶν</span> <span class='ocrx_word' id='word_1_27' title='bbox 1485 635 1723 703; x_wconf 86' lang='grc' dir='ltr'>ἀλόγων;</span> <span class='ocrx_word' id='word_1_28' title='bbox 1754 631 1844 704; x_wconf 81' lang='grc' dir='ltr'>Τῷ</span> <span class='ocrx_word' id='word_1_29' title='bbox 1870 631 2032 700; x_wconf 80' lang='grc' dir='ltr'>λόγῳ·</span> 
     </span>
    </p>
   </div>
   <div class='ocr_carea' id='block_1_5' title="bbox 463 721 2040 801">
    <p class='ocr_par' dir='ltr' id='par_1_5' title="bbox 463 721 2040 801">
     <span class='ocr_line' id='line_1_5' title="bbox 463 721 2040 801; baseline -0.009 -16"><span class='ocrx_word' id='word_1_30' title='bbox 463 732 549 785; x_wconf 74' lang='grc' dir='ltr'>διὰ</span> <span class='ocrx_word' id='word_1_31' title='bbox 579 730 738 784; x_wconf 81' lang='grc' dir='ltr'>τοῦτο</span> <span class='ocrx_word' id='word_1_32' title='bbox 759 733 853 785; x_wconf 74' lang='grc' dir='ltr'>καὶ</span> <span class='ocrx_word' id='word_1_33' title='bbox 874 730 1086 801; x_wconf 82' lang='grc' dir='ltr'>λογικὸν</span> <span class='ocrx_word' id='word_1_34' title='bbox 1114 729 1250 794; x_wconf 84' lang='grc' dir='ltr'>ζῶόν</span> <span class='ocrx_word' id='word_1_35' title='bbox 1277 729 1423 781; x_wconf 73' lang='grc' dir='ltr'>ἐστιν</span> <span class='ocrx_word' id='word_1_36' title='bbox 1449 726 1477 778; x_wconf 84' lang='lat'>6</span> <span class='ocrx_word' id='word_1_37' title='bbox 1497 724 1801 794; x_wconf 78' lang='grc' dir='ltr'>ἄνθρωπος.</span> <span class='ocrx_word' id='word_1_38' title='bbox 1829 721 2040 789; x_wconf 82' lang='grc' dir='ltr'>Ὥσπερ</span> 
     </span>
    </p>
   </div>
   <div class='ocr_carea' id='block_1_6' title="bbox 465 807 2036 890">
    <p class='ocr_par' dir='ltr' id='par_1_6' title="bbox 465 807 2036 890">
     <span class='ocr_line' id='line_1_6' title="bbox 465 807 2036 890; baseline -0.004 -20"><span class='ocrx_word' id='word_1_39' title='bbox 465 819 572 890; x_wconf 75' lang='grc' dir='ltr'>γάρ</span> <span class='ocrx_word' id='word_1_40' title='bbox 599 818 855 889; x_wconf 88' lang='grc' dir='ltr'>τρέφεται</span> <span class='ocrx_word' id='word_1_41' title='bbox 877 819 946 871; x_wconf 83' lang='grc' dir='ltr'>τά</span> <span class='ocrx_word' id='word_1_42' title='bbox 974 815 1222 888; x_wconf 89' lang='grc' dir='ltr'>σώματα,</span> <span class='ocrx_word' id='word_1_43' title='bbox 1251 811 1394 868; x_wconf 81' lang='grc' dir='ltr'>οὑτω</span> <span class='ocrx_word' id='word_1_44' title='bbox 1418 812 1675 884; x_wconf 82' lang='grc' dir='ltr'>τρέφεται</span> <span class='ocrx_word' id='word_1_45' title='bbox 1701 809 1797 863; x_wconf 99' lang='lat' dir='ltr'>ml</span> <span class='ocrx_word' id='word_1_46' title='bbox 1821 807 2036 880; x_wconf 77' lang='grc' dir='ltr'>ήψυχή’</span> 
     </span>
    </p>
   </div>
   <div class='ocr_carea' id='block_1_7' title="bbox 464 890 2040 979">
    <p class='ocr_par' dir='ltr' id='par_1_7' title="bbox 464 890 2040 979">
     <span class='ocr_line' id='line_1_7' title="bbox 464 890 2040 979; baseline -0.008 -20"><span class='ocrx_word' id='word_1_47' title='bbox 464 908 604 959; x_wconf 83' lang='grc' dir='ltr'>ἀλλὰ</span> <span class='ocrx_word' id='word_1_48' title='bbox 643 907 705 960; x_wconf 79' lang='grc' dir='ltr'>τὸ</span> <span class='ocrx_word' id='word_1_49' title='bbox 743 907 841 976; x_wconf 86' lang='grc' dir='ltr'>μὲν</span> <span class='ocrx_word' id='word_1_50' title='bbox 883 905 1041 976; x_wconf 83' lang='grc' dir='ltr'>σῶμα</span> <span class='ocrx_word' id='word_1_51' title='bbox 1083 903 1254 979; x_wconf 75' lang='grc' dir='ltr'>ἄρτῳ,</span> <span class='ocrx_word' id='word_1_52' title='bbox 1289 905 1323 974; x_wconf 85' lang='grc' dir='ltr'><strong>ἡ</strong></span> <span class='ocrx_word' id='word_1_53' title='bbox 1358 902 1414 956; x_wconf 78' lang='grc' dir='ltr'>δὲ</span> <span class='ocrx_word' id='word_1_54' title='bbox 1445 900 1590 972; x_wconf 65' lang='grc' dir='ltr'>ψυχή</span> <span class='ocrx_word' id='word_1_55' title='bbox 1629 899 1792 969; x_wconf 88' lang='grc' dir='ltr'>λόγῳ.</span> <span class='ocrx_word' id='word_1_56' title='bbox 1825 897 1920 949; x_wconf 78' lang='grc' dir='ltr'>Ἂν</span> <span class='ocrx_word' id='word_1_57' title='bbox 1948 890 2040 948; x_wconf 82' lang='grc' dir='ltr'>οὖν</span> 
     </span>
    </p>
   </div>
   <div class='ocr_carea' id='block_1_8' title="bbox 468 984 2041 1067">
    <p class='ocr_par' dir='ltr' id='par_1_8' title="bbox 468 984 2041 1067">
     <span class='ocr_line' id='line_1_8' title="bbox 468 984 2041 1067; baseline -0.006 -22"><span class='ocrx_word' id='word_1_58' title='bbox 468 995 581 1067; x_wconf 71' lang='grc' dir='ltr'>ἴδῃς</span> <span class='ocrx_word' id='word_1_59' title='bbox 611 994 894 1065; x_wconf 82' lang='grc' dir='ltr'>ἄνθρωπον</span> <span class='ocrx_word' id='word_1_60' title='bbox 927 993 1076 1047; x_wconf 84' lang='grc' dir='ltr'>λίθον</span> <span class='ocrx_word' id='word_1_61' title='bbox 1106 993 1371 1053; x_wconf 75' lang='grc' dir='ltr'>ἐσθίοντα,</span> <span class='ocrx_word' id='word_1_62' title='bbox 1401 987 1510 1062; x_wconf 86' lang='grc' dir='ltr'>ἆρα</span> <span class='ocrx_word' id='word_1_63' title='bbox 1537 989 1602 1042; x_wconf 86' lang='grc' dir='ltr'>ἂν</span> <span class='ocrx_word' id='word_1_64' title='bbox 1627 987 1801 1050; x_wconf 75' lang='grc' dir='ltr'>εἴποις</span> <span class='ocrx_word' id='word_1_65' title='bbox 1829 984 2041 1055; x_wconf 82' lang='grc' dir='ltr'>ἀνθρω-</span> 
     </span>
    </p>
   </div>
   <div class='ocr_carea' id='block_1_9' title="bbox 466 1071 2041 1150">
    <p class='ocr_par' dir='ltr' id='par_1_9' title="bbox 466 1071 2041 1150">
     <span class='ocr_line' id='line_1_9' title="bbox 466 1071 2041 1150; baseline -0.006 -16"><span class='ocrx_word' id='word_1_66' title='bbox 466 1100 565 1135; x_wconf 84' lang='grc' dir='ltr'>πυν</span> <span class='ocrx_word' id='word_1_67' title='bbox 594 1078 767 1146; x_wconf 77' lang='grc' dir='ltr'>εἷναις</span> <span class='ocrx_word' id='word_1_68' title='bbox 798 1081 983 1145; x_wconf 79' lang='grc' dir='ltr'>Οὑτως</span> <span class='ocrx_word' id='word_1_69' title='bbox 1017 1081 1085 1136; x_wconf 79' lang='grc' dir='ltr'>ἂν</span> <span class='ocrx_word' id='word_1_70' title='bbox 1115 1081 1231 1150; x_wconf 79' lang='grc' dir='ltr'>ίδῃς</span> <span class='ocrx_word' id='word_1_71' title='bbox 1264 1079 1338 1149; x_wconf 79' lang='grc' dir='ltr'>μὴ</span> <span class='ocrx_word' id='word_1_72' title='bbox 1366 1077 1510 1147; x_wconf 85' lang='grc' dir='ltr'>λόγῳ</span> <span class='ocrx_word' id='word_1_73' title='bbox 1538 1076 1890 1147; x_wconf 71' lang='grc' dir='ltr'>τρεφόμενον,</span> <span class='ocrx_word' id='word_1_74' title='bbox 1925 1071 2041 1126; x_wconf 87' lang='grc' dir='ltr'>ἀλλ’</span> 
     </span>
    </p>
   </div>
   <div class='ocr_carea' id='block_1_10' title="bbox 465 1158 2040 1241">
    <p class='ocr_par' dir='ltr' id='par_1_10' title="bbox 465 1158 2040 1241">
     <span class='ocr_line' id='line_1_10' title="bbox 465 1158 2040 1241; baseline -0.008 -17"><span class='ocrx_word' id='word_1_75' title='bbox 465 1170 656 1241; x_wconf 79' lang='grc' dir='ltr'>ἀλογία</span> <span class='ocrx_word' id='word_1_76' title='bbox 686 1170 734 1232; x_wconf 72' lang='grc' dir='ltr'>δ,</span> <span class='ocrx_word' id='word_1_77' title='bbox 785 1172 950 1241; x_wconf 77' lang='grc' dir='ltr'>ἐρεῖς,</span> <span class='ocrx_word' id='word_1_78' title='bbox 971 1162 1139 1231; x_wconf 77' lang='grc' dir='ltr'>Οὗτος</span> <span class='ocrx_word' id='word_1_79' title='bbox 1179 1167 1273 1220; x_wconf 72' lang='grc' dir='ltr'>καὶ</span> <span class='ocrx_word' id='word_1_80' title='bbox 1310 1165 1369 1216; x_wconf 87' lang='grc' dir='ltr'>τὸ</span> <span class='ocrx_word' id='word_1_81' title='bbox 1405 1160 1543 1217; x_wconf 80' lang='grc' dir='ltr'>εἶναι</span> <span class='ocrx_word' id='word_1_82' title='bbox 1576 1161 1859 1232; x_wconf 79' lang='grc' dir='ltr'>ἄνθρωπος</span> <span class='ocrx_word' id='word_1_83' title='bbox 1888 1158 2040 1231; x_wconf 67' lang='grc' dir='ltr'>μΞΞ]</span> 
     </span>
    </p>
   </div>
   <div class='ocr_carea' id='block_1_11' title="bbox 466 1247 2040 1325">
    <p class='ocr_par' dir='ltr' id='par_1_11' title="bbox 466 1247 2040 1325">
     <span class='ocr_line' id='line_1_11' title="bbox 466 1247 2040 1325; baseline -0.007 -17"><span class='ocrx_word' id='word_1_84' title='bbox 466 1256 765 1308; x_wconf 87' lang='grc' dir='ltr'>ἀπώλεσεν·</span> <span class='ocrx_word' id='word_1_85' title='bbox 809 1258 842 1325; x_wconf 89' lang='grc' dir='ltr'>ή</span> <span class='ocrx_word' id='word_1_86' title='bbox 891 1255 994 1324; x_wconf 84' lang='grc' dir='ltr'>γὰρ</span> <span class='ocrx_word' id='word_1_87' title='bbox 1033 1252 1307 1323; x_wconf 72' lang='grc' dir='ltr'>ἀνατροφή</span> <span class='ocrx_word' id='word_1_88' title='bbox 1345 1251 1582 1304; x_wconf 89' lang='grc' dir='ltr'>δείκνυσι</span> <span class='ocrx_word' id='word_1_89' title='bbox 1620 1247 1713 1301; x_wconf 81' lang='grc' dir='ltr'>τοῦ</span> <span class='ocrx_word' id='word_1_90' title='bbox 1755 1247 2040 1317; x_wconf 82' lang='grc' dir='ltr'>ἀνθρώπου</span> 
     </span>
    </p>
   </div>
   <div class='ocr_carea' id='block_1_12' title="bbox 465 1339 2042 1416">
    <p class='ocr_par' dir='ltr' id='par_1_12' title="bbox 465 1339 2042 1416">
     <span class='ocr_line' id='line_1_12' title="bbox 465 1339 2042 1416; baseline -0.006 -20"><span class='ocrx_word' id='word_1_91' title='bbox 465 1346 562 1416; x_wconf 84' lang='grc' dir='ltr'>τὴν</span> <span class='ocrx_word' id='word_1_92' title='bbox 589 1345 886 1412; x_wconf 84' lang='grc' dir='ltr'>εὐγένειαν.</span> <span class='ocrx_word' id='word_1_93' title='bbox 928 1342 1144 1413; x_wconf 82' lang='grc' dir='ltr'>Ἐπειδὴ</span> <span class='ocrx_word' id='word_1_94' title='bbox 1174 1342 1352 1396; x_wconf 83' lang='grc' dir='ltr'>τοίνυν</span> <span class='ocrx_word' id='word_1_95' title='bbox 1391 1340 1453 1392; x_wconf 85' lang='grc' dir='ltr'>τὸ</span> <span class='ocrx_word' id='word_1_96' title='bbox 1499 1339 1722 1408; x_wconf 89' lang='grc' dir='ltr'>θέατρον</span> <span class='ocrx_word' id='word_1_97' title='bbox 1766 1339 1897 1408; x_wconf 79' lang='grc' dir='ltr'>ἡμῖν</span> <span class='ocrx_word' id='word_1_98' title='bbox 1940 1352 2042 1387; x_wconf 84' lang='grc' dir='ltr'>πε-</span> 
     </span>
    </p>
   </div>
   <div class='ocr_carea' id='block_1_13' title="bbox 468 1424 2045 1503">
    <p class='ocr_par' dir='ltr' id='par_1_13' title="bbox 468 1424 2045 1503">
     <span class='ocr_line' id='line_1_13' title="bbox 468 1424 2045 1503; baseline -0.005 -19"><span class='ocrx_word' id='word_1_99' title='bbox 468 1434 772 1503; x_wconf 80' lang='grc' dir='ltr'>πλήρωται,</span> <span class='ocrx_word' id='word_1_100' title='bbox 800 1433 893 1485; x_wconf 71' lang='grc' dir='ltr'>καὶ</span> <span class='ocrx_word' id='word_1_101' title='bbox 931 1431 1091 1485; x_wconf 82' lang='grc' dir='ltr'>πάλιν</span> <span class='ocrx_word' id='word_1_102' title='bbox 1131 1432 1164 1501; x_wconf 81' lang='grc' dir='ltr'><strong>ἠ</strong></span> <span class='ocrx_word' id='word_1_103' title='bbox 1199 1429 1501 1499; x_wconf 88' lang='grc' dir='ltr'>θάλασσαή</span> <span class='ocrx_word' id='word_1_104' title='bbox 1532 1424 1925 1499; x_wconf 85' lang='grc' dir='ltr'>κυμαινομένη,</span> <span class='ocrx_word' id='word_1_105' title='bbox 1949 1425 2045 1477; x_wconf 81' lang='grc' dir='ltr'>καὶ</span> 
     </span>
    </p>
   </div>
   <div class='ocr_carea' id='block_1_14' title="bbox 467 1510 2044 1590">
    <p class='ocr_par' dir='ltr' id='par_1_14' title="bbox 467 1510 2044 1590">
     <span class='ocr_line' id='line_1_14' title="bbox 467 1510 2044 1590; baseline -0.01 -13"><span class='ocrx_word' id='word_1_106' title='bbox 467 1519 705 1590; x_wconf 78' lang='grc' dir='ltr'>γαλήνης</span> <span class='ocrx_word' id='word_1_107' title='bbox 730 1519 992 1589; x_wconf 83' lang='grc' dir='ltr'>γέμουσα,</span> <span class='ocrx_word' id='word_1_108' title='bbox 1028 1519 1124 1571; x_wconf 71' lang='grc' dir='ltr'>καὶ</span> <span class='ocrx_word' id='word_1_109' title='bbox 1156 1517 1315 1571; x_wconf 87' lang='grc' dir='ltr'>πάλιν</span> <span class='ocrx_word' id='word_1_110' title='bbox 1341 1516 1402 1569; x_wconf 83' lang='grc' dir='ltr'>τὸ</span> <span class='ocrx_word' id='word_1_111' title='bbox 1430 1515 1662 1583; x_wconf 89' lang='grc' dir='ltr'>πέλαγος</span> <span class='ocrx_word' id='word_1_112' title='bbox 1695 1512 1756 1567; x_wconf 79' lang='grc' dir='ltr'>τὸ</span> <span class='ocrx_word' id='word_1_113' title='bbox 1784 1510 2044 1582; x_wconf 80' lang='grc' dir='ltr'>χειμαζό-</span> 
     </span>
    </p>
   </div>
   <div class='ocr_carea' id='block_1_15' title="bbox 472 1591 2041 1677">
    <p class='ocr_par' dir='ltr' id='par_1_15' title="bbox 472 1591 2041 1677">
     <span class='ocr_line' id='line_1_15' title="bbox 472 1591 2041 1677; baseline -0.004 -20"><span class='ocrx_word' id='word_1_114' title='bbox 472 1623 650 1677; x_wconf 83' lang='grc' dir='ltr'>μενον,</span> <span class='ocrx_word' id='word_1_115' title='bbox 684 1606 777 1658; x_wconf 77' lang='grc' dir='ltr'>καὶ</span> <span class='ocrx_word' id='word_1_116' title='bbox 819 1591 1073 1675; x_wconf 62' lang='grc' dir='ltr'>έστηκόςί</span> <span class='ocrx_word' id='word_1_117' title='bbox 1103 1604 1234 1675; x_wconf 84' lang='grc' dir='ltr'>φέρε</span> <span class='ocrx_word' id='word_1_118' title='bbox 1279 1603 1345 1675; x_wconf 81' lang='grc' dir='ltr'>δὴ</span> <span class='ocrx_word' id='word_1_119' title='bbox 1385 1602 1445 1655; x_wconf 85' lang='grc' dir='ltr'>τὸ</span> <span class='ocrx_word' id='word_1_120' title='bbox 1487 1602 1668 1655; x_wconf 90' lang='grc' dir='ltr'>πλοῖον</span> <span class='ocrx_word' id='word_1_121' title='bbox 1707 1599 2041 1669; x_wconf 81' lang='grc' dir='ltr'>ἑλκύσωμεν,</span> 
     </span>
    </p>
   </div>
   <div class='ocr_carea' id='block_1_16' title="bbox 469 1684 2045 1764">
    <p class='ocr_par' dir='ltr' id='par_1_16' title="bbox 469 1684 2045 1764">
     <span class='ocr_line' id='line_1_16' title="bbox 469 1684 2045 1764; baseline -0.006 -16"><span class='ocrx_word' id='word_1_122' title='bbox 469 1697 589 1750; x_wconf 70' lang='grc' dir='ltr'>ἀντὶ</span> <span class='ocrx_word' id='word_1_123' title='bbox 608 1694 700 1747; x_wconf 80' lang='grc' dir='ltr'>τοῦ</span> <span class='ocrx_word' id='word_1_124' title='bbox 730 1693 897 1746; x_wconf 82' lang='grc' dir='ltr'>ἱστίου</span> <span class='ocrx_word' id='word_1_125' title='bbox 928 1692 1025 1764; x_wconf 85' lang='grc' dir='ltr'>τὴν</span> <span class='ocrx_word' id='word_1_126' title='bbox 1060 1691 1303 1761; x_wconf 85' lang='grc' dir='ltr'>γλῶτταν</span> <span class='ocrx_word' id='word_1_127' title='bbox 1330 1690 1790 1753; x_wconf 82' lang='grc' dir='ltr'>ἀναπετάσαντες,</span> <span class='ocrx_word' id='word_1_128' title='bbox 1811 1687 1931 1742; x_wconf 72' lang='grc' dir='ltr'>ἀντὶ</span> <span class='ocrx_word' id='word_1_129' title='bbox 1950 1684 2045 1739; x_wconf 81' lang='grc' dir='ltr'>τοῦ</span> 
     </span>
    </p>
   </div>
   <div class='ocr_carea' id='block_1_17' title="bbox 472 1775 2047 1853">
    <p class='ocr_par' dir='ltr' id='par_1_17' title="bbox 472 1775 2047 1853">
     <span class='ocr_line' id='line_1_17' title="bbox 472 1775 2047 1853; baseline -0.006 -17"><span class='ocrx_word' id='word_1_130' title='bbox 472 1782 707 1853; x_wconf 75' lang='grc' dir='ltr'>ζεφύρου</span> <span class='ocrx_word' id='word_1_131' title='bbox 744 1780 837 1835; x_wconf 76' lang='grc' dir='ltr'>τού</span> <span class='ocrx_word' id='word_1_132' title='bbox 890 1780 1202 1851; x_wconf 86' lang='grc' dir='ltr'>Πνεύματος</span> <span class='ocrx_word' id='word_1_133' title='bbox 1238 1779 1336 1851; x_wconf 85' lang='grc' dir='ltr'>τὴν</span> <span class='ocrx_word' id='word_1_134' title='bbox 1364 1779 1523 1850; x_wconf 86' lang='grc' dir='ltr'>χάριν</span> <span class='ocrx_word' id='word_1_135' title='bbox 1552 1776 1899 1840; x_wconf 82' lang='grc' dir='ltr'>καλέσαντες,</span> <span class='ocrx_word' id='word_1_136' title='bbox 1927 1775 2047 1829; x_wconf 75' lang='grc' dir='ltr'>ἀντὶ</span> 
     </span>
    </p>
   </div>
   <div class='ocr_carea' id='block_1_18' title="bbox 470 1863 2049 1939">
    <p class='ocr_par' dir='ltr' id='par_1_18' title="bbox 470 1863 2049 1939">
     <span class='ocr_line' id='line_1_18' title="bbox 470 1863 2049 1939; baseline -0.004 -18"><span class='ocrx_word' id='word_1_137' title='bbox 470 1868 564 1923; x_wconf 79' lang='grc' dir='ltr'>τοῦ</span> <span class='ocrx_word' id='word_1_138' title='bbox 593 1868 815 1939; x_wconf 74' lang='grc' dir='ltr'>αὐχένος</span> <span class='ocrx_word' id='word_1_139' title='bbox 862 1867 957 1922; x_wconf 73' lang='grc' dir='ltr'>καὶ</span> <span class='ocrx_word' id='word_1_140' title='bbox 1000 1867 1260 1937; x_wconf 81' lang='grc' dir='ltr'>πηδαλίου</span> <span class='ocrx_word' id='word_1_141' title='bbox 1299 1866 1377 1937; x_wconf 85' lang='grc' dir='ltr'>τῷ</span> <span class='ocrx_word' id='word_1_142' title='bbox 1404 1863 1619 1937; x_wconf 84' lang='grc' dir='ltr'>σταυρῴ</span> <span class='ocrx_word' id='word_1_143' title='bbox 1653 1863 1924 1935; x_wconf 87' lang='grc' dir='ltr'>χρώμενοι</span> <span class='ocrx_word' id='word_1_144' title='bbox 1955 1879 2049 1914; x_wconf 87' lang='grc' dir='ltr'>κυ-</span> 
     </span>
    </p>
   </div>
   <div class='ocr_carea' id='block_1_19' title="bbox 473 1947 2046 2027">
    <p class='ocr_par' dir='ltr' id='par_1_19' title="bbox 473 1947 2046 2027">
     <span class='ocr_line' id='line_1_19' title="bbox 473 1947 2046 2027; baseline -0.004 -21"><span class='ocrx_word' id='word_1_145' title='bbox 473 1955 728 2027; x_wconf 77' lang='grc' dir='ltr'>ϐερνήτῃ.</span> <span class='ocrx_word' id='word_1_146' title='bbox 767 1954 829 2006; x_wconf 85' lang='grc' dir='ltr'><strong>Ἦ</strong></span> <span class='ocrx_word' id='word_1_147' title='bbox 869 1947 1111 2007; x_wconf 77' lang='grc' dir='ltr'>θάλασσα</span> <span class='ocrx_word' id='word_1_148' title='bbox 1147 1954 1246 2023; x_wconf 88' lang='grc' dir='ltr'>μὲν</span> <span class='ocrx_word' id='word_1_149' title='bbox 1286 1954 1393 2023; x_wconf 68' lang='grc' dir='ltr'>γὰρ</span> <span class='ocrx_word' id='word_1_150' title='bbox 1434 1952 1548 2023; x_wconf 78' lang='grc' dir='ltr'>ἔχει</span> <span class='ocrx_word' id='word_1_151' title='bbox 1599 1952 1817 2022; x_wconf 84' lang='grc' dir='ltr'>ἁλμυρὰ</span> <span class='ocrx_word' id='word_1_152' title='bbox 1858 1948 2046 2011; x_wconf 78' lang='grc' dir='ltr'>ὕδατα,</span> 
     </span>
    </p>
   </div>
   <div class='ocr_carea' id='block_1_20' title="bbox 472 2033 2050 2111">
    <p class='ocr_par' dir='ltr' id='par_1_20' title="bbox 472 2033 2050 2111">
     <span class='ocr_line' id='line_1_20' title="bbox 472 2033 2050 2111; baseline -0.005 -16"><span class='ocrx_word' id='word_1_153' title='bbox 472 2041 706 2096; x_wconf 76' lang='grc' dir='ltr'>ἐνταῦθα</span> <span class='ocrx_word' id='word_1_154' title='bbox 748 2040 805 2093; x_wconf 81' lang='grc' dir='ltr'>δὲ</span> <span class='ocrx_word' id='word_1_155' title='bbox 834 2038 978 2111; x_wconf 80' lang='grc' dir='ltr'>ὕδωρ</span> <span class='ocrx_word' id='word_1_156' title='bbox 1010 2039 1136 2103; x_wconf 83' lang='grc' dir='ltr'>ζῶν.</span> <span class='ocrx_word' id='word_1_157' title='bbox 1188 2041 1335 2092; x_wconf 86' lang='grc' dir='ltr'>Ἐκεῖ</span> <span class='ocrx_word' id='word_1_158' title='bbox 1360 2039 1530 2108; x_wconf 80' lang='grc' dir='ltr'>ἄλογα</span> <span class='ocrx_word' id='word_1_159' title='bbox 1559 2038 1695 2103; x_wconf 85' lang='grc' dir='ltr'>ζῶα,</span> <span class='ocrx_word' id='word_1_160' title='bbox 1726 2034 1958 2090; x_wconf 79' lang='grc' dir='ltr'>ἐνταῦθα</span> <span class='ocrx_word' id='word_1_161' title='bbox 1994 2033 2050 2087; x_wconf 82' lang='grc' dir='ltr'>δὲ</span> 
     </span>
    </p>
   </div>
   <div class='ocr_carea' id='block_1_21' title="bbox 470 2125 2051 2202">
    <p class='ocr_par' dir='ltr' id='par_1_21' title="bbox 470 2125 2051 2202">
     <span class='ocr_line' id='line_1_21' title="bbox 470 2125 2051 2202; baseline -0.006 -17"><span class='ocrx_word' id='word_1_162' title='bbox 470 2132 640 2202; x_wconf 73' lang='grc' dir='ltr'>ψυχαὶ</span> <span class='ocrx_word' id='word_1_163' title='bbox 680 2130 917 2199; x_wconf 89' lang='grc' dir='ltr'>λογικαί·</span> <span class='ocrx_word' id='word_1_164' title='bbox 950 2131 1067 2183; x_wconf 75' lang='grc' dir='ltr'>ἐκεῖ</span> <span class='ocrx_word' id='word_1_165' title='bbox 1111 2131 1160 2183; x_wconf 85' lang='grc' dir='ltr'>οἱ</span> <span class='ocrx_word' id='word_1_166' title='bbox 1201 2128 1455 2192; x_wconf 80' lang='grc' dir='ltr'>πλέοντες</span> <span class='ocrx_word' id='word_1_167' title='bbox 1497 2128 1604 2182; x_wconf 86' lang='grc' dir='ltr'>ἀπὸ</span> <span class='ocrx_word' id='word_1_168' title='bbox 1651 2125 1924 2197; x_wconf 81' lang='grc' dir='ltr'>Θαλάσσης</span> <span class='ocrx_word' id='word_1_169' title='bbox 1970 2125 2051 2189; x_wconf 89' lang='grc' dir='ltr'>είς</span> 
     </span>
    </p>
   </div>
   <div class='ocr_carea' id='block_1_22' title="bbox 473 2212 2051 2289">
    <p class='ocr_par' dir='ltr' id='par_1_22' title="bbox 473 2212 2051 2289">
     <span class='ocr_line' id='line_1_22' title="bbox 473 2212 2051 2289; baseline -0.006 -16"><span class='ocrx_word' id='word_1_170' title='bbox 473 2219 599 2289; x_wconf 83' lang='grc' dir='ltr'>γῆν,</span> <span class='ocrx_word' id='word_1_171' title='bbox 626 2217 859 2272; x_wconf 80' lang='grc' dir='ltr'>ἐνταῦθα</span> <span class='ocrx_word' id='word_1_172' title='bbox 885 2216 942 2270; x_wconf 81' lang='grc' dir='ltr'>δὲ</span> <span class='ocrx_word' id='word_1_173' title='bbox 976 2217 1024 2270; x_wconf 86' lang='grc' dir='ltr'>οί</span> <span class='ocrx_word' id='word_1_174' title='bbox 1067 2215 1317 2280; x_wconf 84' lang='grc' dir='ltr'>πλέοντες</span> <span class='ocrx_word' id='word_1_175' title='bbox 1344 2215 1452 2269; x_wconf 88' lang='grc' dir='ltr'>ἀπὸ</span> <span class='ocrx_word' id='word_1_176' title='bbox 1475 2215 1580 2285; x_wconf 80' lang='grc' dir='ltr'>γῆς</span> <span class='ocrx_word' id='word_1_177' title='bbox 1604 2216 1683 2278; x_wconf 87' lang='grc' dir='ltr'>είς</span> <span class='ocrx_word' id='word_1_178' title='bbox 1711 2212 1937 2286; x_wconf 82' lang='grc' dir='ltr'>οὐρανὸν</span> <span class='ocrx_word' id='word_1_179' title='bbox 1959 2214 2051 2283; x_wconf 84' lang='lat'>69-</span> 
     </span>
    </p>
   </div>
   <div class='ocr_carea' id='block_1_23' title="bbox 477 2300 2049 2378">
    <p class='ocr_par' dir='ltr' id='par_1_23' title="bbox 477 2300 2049 2378">
     <span class='ocr_line' id='line_1_23' title="bbox 477 2300 2049 2378; baseline -0.003 -20"><span class='ocrx_word' id='word_1_180' title='bbox 477 2306 743 2378; x_wconf 76' lang='grc' dir='ltr'>μίζονται·</span> <span class='ocrx_word' id='word_1_181' title='bbox 775 2306 892 2358; x_wconf 70' lang='grc' dir='ltr'>ἐκεῖ</span> <span class='ocrx_word' id='word_1_182' title='bbox 922 2304 1100 2369; x_wconf 88' lang='grc' dir='ltr'>πλοῖα,</span> <span class='ocrx_word' id='word_1_183' title='bbox 1135 2303 1365 2358; x_wconf 74' lang='grc' dir='ltr'>ἐνταῦθα</span> <span class='ocrx_word' id='word_1_184' title='bbox 1392 2303 1450 2357; x_wconf 83' lang='grc' dir='ltr'>δὲ</span> <span class='ocrx_word' id='word_1_185' title='bbox 1479 2302 1626 2369; x_wconf 85' lang='grc' dir='ltr'>λόγοι</span> <span class='ocrx_word' id='word_1_186' title='bbox 1669 2300 2049 2372; x_wconf 88' lang='grc' dir='ltr'>πνευματικοί·</span> 
     </span>
    </p>
   </div>
   <div class='ocr_carea' id='block_1_24' title="bbox 477 2387 2054 2462">
    <p class='ocr_par' dir='ltr' id='par_1_24' title="bbox 477 2387 2054 2462">
     <span class='ocr_line' id='line_1_24' title="bbox 477 2387 2054 2462; baseline -0.004 -16"><span class='ocrx_word' id='word_1_187' title='bbox 477 2396 592 2447; x_wconf 77' lang='grc' dir='ltr'>ἐκεῖ</span> <span class='ocrx_word' id='word_1_188' title='bbox 629 2391 838 2455; x_wconf 85' lang='grc' dir='ltr'>σανίδες</span> <span class='ocrx_word' id='word_1_189' title='bbox 871 2392 928 2444; x_wconf 83' lang='grc' dir='ltr'>ἐν</span> <span class='ocrx_word' id='word_1_190' title='bbox 957 2390 1033 2461; x_wconf 79' lang='grc' dir='ltr'>τῷ</span> <span class='ocrx_word' id='word_1_191' title='bbox 1064 2390 1252 2462; x_wconf 82' lang='grc' dir='ltr'>πλοίῳ,</span> <span class='ocrx_word' id='word_1_192' title='bbox 1278 2388 1513 2444; x_wconf 77' lang='grc' dir='ltr'>ἐνταῦθα</span> <span class='ocrx_word' id='word_1_193' title='bbox 1544 2388 1601 2442; x_wconf 79' lang='grc' dir='ltr'>δὲ</span> <span class='ocrx_word' id='word_1_194' title='bbox 1629 2387 1802 2456; x_wconf 89' lang='grc' dir='ltr'>λόγων</span> <span class='ocrx_word' id='word_1_195' title='bbox 1828 2403 2054 2458; x_wconf 88' lang='grc' dir='ltr'>συγκρο-</span> 
     </span>
    </p>
   </div>
   <div class='ocr_carea' id='block_1_25' title="bbox 476 2476 2053 2553">
    <p class='ocr_par' dir='ltr' id='par_1_25' title="bbox 476 2476 2053 2553">
     <span class='ocr_line' id='line_1_25' title="bbox 476 2476 2053 2553; baseline -0.003 -18"><span class='ocrx_word' id='word_1_196' title='bbox 476 2485 541 2553; x_wconf 64' lang='lat' dir='ltr'>cf;</span> <span class='ocrx_word' id='word_1_197' title='bbox 551 2498 714 2553; x_wconf 82' lang='grc' dir='ltr'>ματα·</span> <span class='ocrx_word' id='word_1_198' title='bbox 733 2483 851 2536; x_wconf 78' lang='grc' dir='ltr'>ἐκεῖ</span> <span class='ocrx_word' id='word_1_199' title='bbox 875 2481 1063 2545; x_wconf 72' lang='grc' dir='ltr'>ἱστίον,</span> <span class='ocrx_word' id='word_1_200' title='bbox 1090 2479 1325 2535; x_wconf 73' lang='grc' dir='ltr'>ἐνταῦθα</span> <span class='ocrx_word' id='word_1_201' title='bbox 1351 2478 1408 2533; x_wconf 82' lang='grc' dir='ltr'>δὲ</span> <span class='ocrx_word' id='word_1_202' title='bbox 1433 2478 1668 2548; x_wconf 84' lang='grc' dir='ltr'>γλῶττα·</span> <span class='ocrx_word' id='word_1_203' title='bbox 1688 2479 1802 2530; x_wconf 74' lang='grc' dir='ltr'>ἐκεῖ</span> <span class='ocrx_word' id='word_1_204' title='bbox 1820 2476 2053 2549; x_wconf 78' lang='grc' dir='ltr'>ζεφύρου</span> 
     </span>
    </p>
   </div>
   <div class='ocr_carea' id='block_1_26' title="bbox 478 2563 2055 2641">
    <p class='ocr_par' dir='ltr' id='par_1_26' title="bbox 478 2563 2055 2641">
     <span class='ocr_line' id='line_1_26' title="bbox 478 2563 2055 2641; baseline -0.004 -16"><span class='ocrx_word' id='word_1_205' title='bbox 478 2571 642 2641; x_wconf 78' lang='grc' dir='ltr'>αὖρα,</span> <span class='ocrx_word' id='word_1_206' title='bbox 673 2568 906 2624; x_wconf 81' lang='grc' dir='ltr'>ἐνταῦθα</span> <span class='ocrx_word' id='word_1_207' title='bbox 944 2568 1261 2639; x_wconf 88' lang='grc' dir='ltr'>Πνεύματος</span> <span class='ocrx_word' id='word_1_208' title='bbox 1296 2566 1575 2638; x_wconf 76' lang='grc' dir='ltr'>ἐπιδημία·</span> <span class='ocrx_word' id='word_1_209' title='bbox 1618 2566 1737 2618; x_wconf 77' lang='grc' dir='ltr'>ἐκεῖ</span> <span class='ocrx_word' id='word_1_210' title='bbox 1770 2563 2055 2636; x_wconf 79' lang='grc' dir='ltr'>ἄνθρωπος</span> 
     </span>
    </p>
   </div>
   <div class='ocr_carea' id='block_1_27' title="bbox 478 2651 2056 2728">
    <p class='ocr_par' dir='ltr' id='par_1_27' title="bbox 478 2651 2056 2728">
     <span class='ocr_line' id='line_1_27' title="bbox 478 2651 2056 2728; baseline -0.004 -17"><span class='ocrx_word' id='word_1_211' title='bbox 478 2659 839 2728; x_wconf 89' lang='grc' dir='ltr'>κυϐερνήτης,</span> <span class='ocrx_word' id='word_1_212' title='bbox 866 2654 1099 2709; x_wconf 73' lang='grc' dir='ltr'>ἐνταῦθα</span> <span class='ocrx_word' id='word_1_213' title='bbox 1139 2655 1197 2708; x_wconf 84' lang='grc' dir='ltr'>δὲ</span> <span class='ocrx_word' id='word_1_214' title='bbox 1237 2654 1578 2726; x_wconf 85' lang='grc' dir='ltr'>κυϐερνήτης</span> <span class='ocrx_word' id='word_1_215' title='bbox 1618 2654 1647 2706; x_wconf 91' lang='lat'>6</span> <span class='ocrx_word' id='word_1_216' title='bbox 1680 2652 1931 2724; x_wconf 88' lang='grc' dir='ltr'>Χριστός.</span> <span class='ocrx_word' id='word_1_217' title='bbox 1958 2651 2056 2705; x_wconf 83' lang='grc' dir='ltr'>Διά</span> 
     </span>
    </p>
   </div>
   <div class='ocr_carea' id='block_1_28' title="bbox 478 2739 2055 2815">
    <p class='ocr_par' dir='ltr' id='par_1_28' title="bbox 478 2739 2055 2815">
     <span class='ocr_line' id='line_1_28' title="bbox 478 2739 2055 2815; baseline -0.004 -17"><span class='ocrx_word' id='word_1_218' title='bbox 478 2746 543 2815; x_wconf 69' lang='grc' dir='ltr'>δὴ</span> <span class='ocrx_word' id='word_1_219' title='bbox 580 2744 737 2797; x_wconf 78' lang='grc' dir='ltr'>τοῦτο</span> <span class='ocrx_word' id='word_1_220' title='bbox 777 2743 837 2796; x_wconf 81' lang='grc' dir='ltr'>τὸ</span> <span class='ocrx_word' id='word_1_221' title='bbox 882 2742 1061 2796; x_wconf 78' lang='grc' dir='ltr'>πλοῖον</span> <span class='ocrx_word' id='word_1_222' title='bbox 1102 2740 1441 2813; x_wconf 77' lang='grc' dir='ltr'>χειμάζεται,</span> <span class='ocrx_word' id='word_1_223' title='bbox 1476 2741 1588 2794; x_wconf 82' lang='grc' dir='ltr'>ἀλλ’</span> <span class='ocrx_word' id='word_1_224' title='bbox 1624 2739 1950 2813; x_wconf 89' lang='grc' dir='ltr'>ὑποϐρύχιον</span> <span class='ocrx_word' id='word_1_225' title='bbox 1993 2739 2055 2792; x_wconf 88' lang='grc' dir='ltr'>οὑ</span> 
     </span>
    </p>
   </div>
   <div class='ocr_carea' id='block_1_29' title="bbox 479 2824 2056 2902">
    <p class='ocr_par' dir='ltr' id='par_1_29' title="bbox 479 2824 2056 2902">
     <span class='ocr_line' id='line_1_29' title="bbox 479 2824 2056 2902; baseline -0.002 -20"><span class='ocrx_word' id='word_1_226' title='bbox 479 2833 707 2902; x_wconf 75' lang='grc' dir='ltr'>γίνεται.</span> <span class='ocrx_word' id='word_1_227' title='bbox 753 2829 1009 2883; x_wconf 83' lang='grc' dir='ltr'>Ἦδύνατο</span> <span class='ocrx_word' id='word_1_228' title='bbox 1042 2830 1141 2900; x_wconf 81' lang='grc' dir='ltr'>μὲν</span> <span class='ocrx_word' id='word_1_229' title='bbox 1168 2829 1277 2900; x_wconf 86' lang='grc' dir='ltr'>γὰρ</span> <span class='ocrx_word' id='word_1_230' title='bbox 1303 2828 1396 2882; x_wconf 75' lang='grc' dir='ltr'>καὶ</span> <span class='ocrx_word' id='word_1_231' title='bbox 1423 2828 1480 2882; x_wconf 81' lang='grc' dir='ltr'>ὲν</span> <span class='ocrx_word' id='word_1_232' title='bbox 1498 2827 1709 2900; x_wconf 82' lang='grc' dir='ltr'>γαλήνῃ</span> <span class='ocrx_word' id='word_1_233' title='bbox 1738 2825 1908 2887; x_wconf 88' lang='grc' dir='ltr'>πλεῖν,</span> <span class='ocrx_word' id='word_1_234' title='bbox 1941 2824 2056 2879; x_wconf 87' lang='grc' dir='ltr'>ἀλλ’</span> 
     </span>
    </p>
   </div>
   <div class='ocr_carea' id='block_1_30' title="bbox 479 2912 2057 2990">
    <p class='ocr_par' dir='ltr' id='par_1_30' title="bbox 479 2912 2057 2990">
     <span class='ocr_line' id='line_1_30' title="bbox 479 2912 2057 2990; baseline -0.004 -17"><span class='ocrx_word' id='word_1_235' title='bbox 479 2921 579 2973; x_wconf 90' lang='grc' dir='ltr'>οὐκ</span> <span class='ocrx_word' id='word_1_236' title='bbox 612 2919 823 2990; x_wconf 84' lang='grc' dir='ltr'>ἀφῆκεν</span> <span class='ocrx_word' id='word_1_237' title='bbox 844 2921 873 2972; x_wconf 97' lang='lat'>6</span> <span class='ocrx_word' id='word_1_238' title='bbox 905 2917 1261 2989; x_wconf 82' lang='grc' dir='ltr'>κυϐερνήτης,</span> <span class='ocrx_word' id='word_1_239' title='bbox 1292 2918 1379 2970; x_wconf 79' lang='grc' dir='ltr'>ἵνα</span> <span class='ocrx_word' id='word_1_240' title='bbox 1405 2916 1500 2969; x_wconf 90' lang='lat' dir='ltr'>ml</span> <span class='ocrx_word' id='word_1_241' title='bbox 1523 2915 1632 2970; x_wconf 86' lang='grc' dir='ltr'>τῶν</span> <span class='ocrx_word' id='word_1_242' title='bbox 1666 2915 1935 2969; x_wconf 79' lang='grc' dir='ltr'>πλεόντων</span> <span class='ocrx_word' id='word_1_243' title='bbox 1959 2912 2057 2985; x_wconf 87' lang='grc' dir='ltr'>τὴν</span> 
     </span>
    </p>
   </div>
   <div class='ocr_carea' id='block_1_31' title="bbox 481 3000 2058 3080">
    <p class='ocr_par' dir='ltr' id='par_1_31' title="bbox 481 3000 2058 3080">
     <span class='ocr_line' id='line_1_31' title="bbox 481 3000 2058 3080; baseline -0.005 -18"><span class='ocrx_word' id='word_1_244' title='bbox 481 3006 755 3079; x_wconf 83' lang='grc' dir='ltr'>ὑπομονήν</span> <span class='ocrx_word' id='word_1_245' title='bbox 817 3005 950 3080; x_wconf 77' lang='grc' dir='ltr'>ἴδῃς,</span> <span class='ocrx_word' id='word_1_246' title='bbox 998 3006 1092 3058; x_wconf 87' lang='lat' dir='ltr'>ml</span> <span class='ocrx_word' id='word_1_247' title='bbox 1141 3005 1235 3057; x_wconf 85' lang='grc' dir='ltr'>τού</span> <span class='ocrx_word' id='word_1_248' title='bbox 1291 3001 1662 3074; x_wconf 70' lang='grc' dir='ltr'>κυϐερνῶντος</span> <span class='ocrx_word' id='word_1_249' title='bbox 1704 3001 1800 3072; x_wconf 81' lang='grc' dir='ltr'>τήν</span> <span class='ocrx_word' id='word_1_250' title='bbox 1846 3000 2058 3054; x_wconf 80' lang='grc' dir='ltr'>σύνεσιν</span> 
     </span>
    </p>
   </div>
   <div class='ocr_carea' id='block_1_32' title="bbox 480 3092 1150 3169">
    <p class='ocr_par' dir='ltr' id='par_1_32' title="bbox 480 3092 1150 3169">
     <span class='ocr_line' id='line_1_32' title="bbox 480 3092 1150 3169; baseline -0.004 -20"><span class='ocrx_word' id='word_1_251' title='bbox 480 3094 723 3169; x_wconf 79' lang='grc' dir='ltr'>ἀκριϐῶς</span> <span class='ocrx_word' id='word_1_252' title='bbox 753 3092 1078 3166; x_wconf 79' lang='grc' dir='ltr'>καταμάθῃς</span> <span class='ocrx_word' id='word_1_253' title='bbox 1100 3101 1150 3146; x_wconf 76' lang='grc' dir='ltr'>ε.</span> 
     </span>
    </p>
   </div>
   <div class='ocr_carea' id='block_1_33' title="bbox 554 3173 2060 3251">
    <p class='ocr_par' dir='ltr' id='par_1_33' title="bbox 554 3173 2060 3251">
     <span class='ocr_line' id='line_1_33' title="bbox 554 3173 2060 3251; baseline -0.005 -17"><span class='ocrx_word' id='word_1_254' title='bbox 554 3183 622 3251; x_wconf 81' lang='grc' dir='ltr'>β’.</span> <span class='ocrx_word' id='word_1_255' title='bbox 641 3180 1010 3234; x_wconf 81' lang='grc' dir='ltr'>’Δκουέτωσαν</span> <span class='ocrx_word' id='word_1_256' title='bbox 1032 3177 1311 3250; x_wconf 84' lang='grc' dir='ltr'>Ἕλληνες,</span> <span class='ocrx_word' id='word_1_257' title='bbox 1338 3176 1681 3232; x_wconf 84' lang='grc' dir='ltr'>ἀκουέτωσαν</span> <span class='ocrx_word' id='word_1_258' title='bbox 1712 3176 1952 3230; x_wconf 87' lang='grc' dir='ltr'>Ἰουδαῖοι</span> <span class='ocrx_word' id='word_1_259' title='bbox 1990 3173 2060 3228; x_wconf 87' lang='grc' dir='ltr'>τά</span> 
     </span>
    </p>
   </div>
   <div class='ocr_carea' id='block_1_34' title="bbox 481 3263 2061 3341">
    <p class='ocr_par' dir='ltr' id='par_1_34' title="bbox 481 3263 2061 3341">
     <span class='ocr_line' id='line_1_34' title="bbox 481 3263 2061 3341; baseline -0.005 -18"><span class='ocrx_word' id='word_1_260' title='bbox 481 3267 882 3341; x_wconf 82' lang='grc' dir='ltr'>κατορθώματα</span> <span class='ocrx_word' id='word_1_261' title='bbox 918 3265 1093 3339; x_wconf 72' lang='grc' dir='ltr'>ήμιῖιν,</span> <span class='ocrx_word' id='word_1_262' title='bbox 1136 3265 1231 3320; x_wconf 88' lang='lat' dir='ltr'>ml</span> <span class='ocrx_word' id='word_1_263' title='bbox 1257 3265 1354 3337; x_wconf 82' lang='grc' dir='ltr'>τὴν</span> <span class='ocrx_word' id='word_1_264' title='bbox 1375 3264 1667 3339; x_wconf 76' lang='grc' dir='ltr'>προεδρίαν</span> <span class='ocrx_word' id='word_1_265' title='bbox 1691 3264 1790 3336; x_wconf 82' lang='grc' dir='ltr'>τῆς</span> <span class='ocrx_word' id='word_1_266' title='bbox 1832 3263 2061 3335; x_wconf 82' lang='grc' dir='ltr'>Ἐκκλη-</span> 
     </span>
    </p>
   </div>
   <div class='ocr_carea' id='block_1_35' title="bbox 484 3351 2060 3424">
    <p class='ocr_par' dir='ltr' id='par_1_35' title="bbox 484 3351 2060 3424">
     <span class='ocr_line' id='line_1_35' title="bbox 484 3351 2060 3424; baseline -0.005 -13"><span class='ocrx_word' id='word_1_267' title='bbox 484 3356 627 3420; x_wconf 85' lang='grc' dir='ltr'>σίας.</span> <span class='ocrx_word' id='word_1_268' title='bbox 663 3354 801 3409; x_wconf 80' lang='grc' dir='ltr'>Ὑπὸ</span> <span class='ocrx_word' id='word_1_269' title='bbox 819 3354 1001 3409; x_wconf 82' lang='grc' dir='ltr'>πόσων</span> <span class='ocrx_word' id='word_1_270' title='bbox 1028 3353 1340 3424; x_wconf 77' lang='grc' dir='ltr'>ἐπολεμήθη</span> <span class='ocrx_word' id='word_1_271' title='bbox 1365 3354 1399 3423; x_wconf 90' lang='grc' dir='ltr'>ή</span> <span class='ocrx_word' id='word_1_272' title='bbox 1431 3351 1741 3422; x_wconf 89' lang='grc' dir='ltr'>Ἐκκλησία,</span> <span class='ocrx_word' id='word_1_273' title='bbox 1766 3351 1880 3406; x_wconf 88' lang='grc' dir='ltr'>ἀλλ’</span> <span class='ocrx_word' id='word_1_274' title='bbox 1908 3351 2060 3404; x_wconf 87' lang='grc' dir='ltr'>οὐδέ-</span> 
     </span>
    </p>
   </div>
   <div class='ocr_carea' id='block_1_36' title="bbox 483 3433 2059 3514">
    <p class='ocr_par' dir='ltr' id='par_1_36' title="bbox 483 3433 2059 3514">
     <span class='ocr_line' id='line_1_36' title="bbox 483 3433 2059 3514; baseline -0.005 -16"><span class='ocrx_word' id='word_1_275' title='bbox 483 3461 614 3498; x_wconf 91' lang='grc' dir='ltr'>ποτε</span> <span class='ocrx_word' id='word_1_276' title='bbox 671 3442 937 3514; x_wconf 82' lang='grc' dir='ltr'>ἐνικήθη;</span> <span class='ocrx_word' id='word_1_277' title='bbox 984 3440 1140 3496; x_wconf 88' lang='grc' dir='ltr'>πόσοι</span> <span class='ocrx_word' id='word_1_278' title='bbox 1186 3439 1471 3511; x_wconf 87' lang='grc' dir='ltr'>τύραννοι;</span> <span class='ocrx_word' id='word_1_279' title='bbox 1520 3438 1675 3492; x_wconf 86' lang='grc' dir='ltr'>πόσοι</span> <span class='ocrx_word' id='word_1_280' title='bbox 1725 3433 2059 3510; x_wconf 70' lang='grc' dir='ltr'>στρατηγοίς</span> 
     </span>
    </p>
   </div>
   <div class='ocr_carea' id='block_1_37' title="bbox 485 3523 2060 3601">
    <p class='ocr_par' dir='ltr' id='par_1_37' title="bbox 485 3523 2060 3601">
     <span class='ocr_line' id='line_1_37' title="bbox 485 3523 2060 3601; baseline -0.004 -18"><span class='ocrx_word' id='word_1_281' title='bbox 485 3529 641 3585; x_wconf 89' lang='grc' dir='ltr'>πόσοι</span> <span class='ocrx_word' id='word_1_282' title='bbox 668 3528 909 3601; x_wconf 72' lang='grc' dir='ltr'>βασιλεῖς</span> <span class='ocrx_word' id='word_1_283' title='bbox 931 3527 991 3595; x_wconf 76' lang='lat' dir='ltr'>d;</span> <span class='ocrx_word' id='word_1_284' title='bbox 1026 3527 1352 3596; x_wconf 77' lang='grc' dir='ltr'>Αὔγουστος,</span> <span class='ocrx_word' id='word_1_285' title='bbox 1379 3525 1648 3597; x_wconf 85' lang='grc' dir='ltr'>Τιϐέριος,</span> <span class='ocrx_word' id='word_1_286' title='bbox 1670 3526 1851 3589; x_wconf 84' lang='grc' dir='ltr'>Γάϊος,</span> <span class='ocrx_word' id='word_1_287' title='bbox 1875 3523 2060 3578; x_wconf 83' lang='grc' dir='ltr'>Κλαύ-</span> 
     </span>
    </p>
   </div>
   <div class='ocr_carea' id='block_1_38' title="bbox 482 3614 2060 3690">
    <p class='ocr_par' dir='ltr' id='par_1_38' title="bbox 482 3614 2060 3690">
     <span class='ocr_line' id='line_1_38' title="bbox 482 3614 2060 3690; baseline -0.006 -15"><span class='ocrx_word' id='word_1_288' title='bbox 482 3621 614 3684; x_wconf 90' lang='grc' dir='ltr'>διος,</span> <span class='ocrx_word' id='word_1_289' title='bbox 653 3620 868 3690; x_wconf 80' lang='grc' dir='ltr'>Νέρων,</span> <span class='ocrx_word' id='word_1_290' title='bbox 900 3617 1175 3688; x_wconf 79' lang='grc' dir='ltr'>ἄνθρωποι</span> <span class='ocrx_word' id='word_1_291' title='bbox 1205 3615 1383 3685; x_wconf 90' lang='grc' dir='ltr'>λόγοις</span> <span class='ocrx_word' id='word_1_292' title='bbox 1416 3614 1789 3686; x_wconf 80' lang='grc' dir='ltr'>τετιμημένοι,</span> <span class='ocrx_word' id='word_1_293' title='bbox 1824 3614 2060 3679; x_wconf 69' lang='grc' dir='ltr'>δυνατοὶ,</span> 
     </span>
    </p>
   </div>
   <div class='ocr_carea' id='block_1_39' title="bbox 484 3696 2063 3777">
    <p class='ocr_par' dir='ltr' id='par_1_39' title="bbox 484 3696 2063 3777">
     <span class='ocr_line' id='line_1_39' title="bbox 484 3696 2063 3777; baseline -0.005 -16"><span class='ocrx_word' id='word_1_294' title='bbox 484 3706 722 3761; x_wconf 74' lang='grc' dir='ltr'>τοσαῦτα</span> <span class='ocrx_word' id='word_1_295' title='bbox 757 3705 1100 3777; x_wconf 80' lang='grc' dir='ltr'>ἐπολέμησαν</span> <span class='ocrx_word' id='word_1_296' title='bbox 1122 3704 1310 3775; x_wconf 80' lang='grc' dir='ltr'>ἀκμήν</span> <span class='ocrx_word' id='word_1_297' title='bbox 1335 3696 1654 3766; x_wconf 73' lang='grc' dir='ltr'>νεάζουσαν,</span> <span class='ocrx_word' id='word_1_298' title='bbox 1694 3700 1808 3757; x_wconf 79' lang='grc' dir='ltr'>ἀλλ’</span> <span class='ocrx_word' id='word_1_299' title='bbox 1844 3701 1945 3756; x_wconf 88' lang='grc' dir='ltr'>οὐκ</span> <span class='ocrx_word' id='word_1_300' title='bbox 1974 3700 2063 3767; x_wconf 77' lang='grc' dir='ltr'>ἐξ·</span> 
     </span>
    </p>
   </div>
   <div class='ocr_carea' id='block_1_40' title="bbox 486 3790 2066 3869">
    <p class='ocr_par' dir='ltr' id='par_1_40' title="bbox 486 3790 2066 3869">
     <span class='ocr_line' id='line_1_40' title="bbox 486 3790 2066 3869; baseline -0.004 -19"><span class='ocrx_word' id='word_1_301' title='bbox 486 3796 812 3869; x_wconf 72' lang='grc' dir='ltr'>ερρίζωσανο</span> <span class='ocrx_word' id='word_1_302' title='bbox 846 3794 958 3847; x_wconf 80' lang='grc' dir='ltr'>ἀλλ’</span> <span class='ocrx_word' id='word_1_303' title='bbox 985 3794 1034 3846; x_wconf 88' lang='grc' dir='ltr'>οἱ</span> <span class='ocrx_word' id='word_1_304' title='bbox 1066 3792 1165 3864; x_wconf 81' lang='grc' dir='ltr'>μὲν</span> <span class='ocrx_word' id='word_1_305' title='bbox 1194 3791 1603 3863; x_wconf 78' lang='grc' dir='ltr'>πολεμήσαντες</span> <span class='ocrx_word' id='word_1_306' title='bbox 1630 3790 1942 3859; x_wconf 82' lang='grc' dir='ltr'>σεσίγηνται</span> <span class='ocrx_word' id='word_1_307' title='bbox 1970 3790 2066 3843; x_wconf 88' lang='lat' dir='ltr'>ml</span> 
     </span>
    </p>
   </div>
   <div class='ocr_carea' id='block_1_41' title="bbox 372 3875 2065 3956">
    <p class='ocr_par' dir='ltr' id='par_1_41' title="bbox 372 3875 2065 3956">
     <span class='ocr_line' id='line_1_41' title="bbox 372 3875 2065 3956; baseline -0.007 -15"><span class='ocrx_word' id='word_1_308' title='bbox 372 3932 381 3941; x_wconf 88' lang='lat'>.</span> <span class='ocrx_word' id='word_1_309' title='bbox 486 3883 624 3956; x_wconf 75' lang='grc' dir='ltr'>λήθη</span> <span class='ocrx_word' id='word_1_310' title='bbox 668 3881 1079 3953; x_wconf 80' lang='grc' dir='ltr'>παραδέδονται,</span> <span class='ocrx_word' id='word_1_311' title='bbox 1123 3881 1156 3950; x_wconf 85' lang='grc' dir='ltr'>ή</span> <span class='ocrx_word' id='word_1_312' title='bbox 1199 3879 1257 3932; x_wconf 82' lang='grc' dir='ltr'>δὲ</span> <span class='ocrx_word' id='word_1_313' title='bbox 1295 3876 1664 3949; x_wconf 82' lang='grc' dir='ltr'>πολεμηθείσα</span> <span class='ocrx_word' id='word_1_314' title='bbox 1704 3875 1796 3930; x_wconf 81' lang='grc' dir='ltr'>τὸν</span> <span class='ocrx_word' id='word_1_315' title='bbox 1833 3877 2065 3949; x_wconf 87' lang='grc' dir='ltr'>οὐρανὸν</span> 
     </span>
    </p>
   </div>
   <div class='ocr_carea' id='block_1_42' title="bbox 486 3963 2066 4043">
    <p class='ocr_par' dir='ltr' id='par_1_42' title="bbox 486 3963 2066 4043">
     <span class='ocr_line' id='line_1_42' title="bbox 486 3963 2066 4043; baseline -0.006 -17"><span class='ocrx_word' id='word_1_316' title='bbox 486 3970 795 4043; x_wconf 85' lang='grc' dir='ltr'>ὑπεραίρει.</span> <span class='ocrx_word' id='word_1_317' title='bbox 828 3970 920 4041; x_wconf 87' lang='grc' dir='ltr'>Μὴ</span> <span class='ocrx_word' id='word_1_318' title='bbox 944 3970 1054 4041; x_wconf 86' lang='grc' dir='ltr'>γάρ</span> <span class='ocrx_word' id='word_1_319' title='bbox 1078 3985 1168 4040; x_wconf 89' lang='grc' dir='ltr'>μοι</span> <span class='ocrx_word' id='word_1_320' title='bbox 1196 3967 1354 4022; x_wconf 82' lang='grc' dir='ltr'>τοῦτο</span> <span class='ocrx_word' id='word_1_321' title='bbox 1381 3966 1516 4038; x_wconf 74' lang='grc' dir='ltr'>ἴδῃς,</span> <span class='ocrx_word' id='word_1_322' title='bbox 1544 3967 1625 4020; x_wconf 84' lang='grc' dir='ltr'>ὅτι</span> <span class='ocrx_word' id='word_1_323' title='bbox 1650 3967 1710 4020; x_wconf 84' lang='grc' dir='ltr'>ὲν</span> <span class='ocrx_word' id='word_1_324' title='bbox 1737 3968 1809 4037; x_wconf 77' lang='grc' dir='ltr'>γῇ</span> <span class='ocrx_word' id='word_1_325' title='bbox 1835 3963 2066 4035; x_wconf 77' lang='grc' dir='ltr'>ἕστηκεν</span> 
     </span>
    </p>
   </div>
   <div class='ocr_carea' id='block_1_43' title="bbox 484 4047 2066 4130">
    <p class='ocr_par' dir='ltr' id='par_1_43' title="bbox 484 4047 2066 4130">
     <span class='ocr_line' id='line_1_43' title="bbox 484 4047 2066 4130; baseline -0.006 -14"><span class='ocrx_word' id='word_1_326' title='bbox 484 4047 519 4130; x_wconf 80' lang='grc' dir='ltr'><strong>ἡ</strong></span> <span class='ocrx_word' id='word_1_327' title='bbox 564 4059 878 4130; x_wconf 81' lang='grc' dir='ltr'>Ἐκκλησία,</span> <span class='ocrx_word' id='word_1_328' title='bbox 912 4057 1027 4113; x_wconf 81' lang='grc' dir='ltr'>ἀλλ’</span> <span class='ocrx_word' id='word_1_329' title='bbox 1055 4059 1137 4111; x_wconf 88' lang='grc' dir='ltr'>ὃτι</span> <span class='ocrx_word' id='word_1_330' title='bbox 1167 4057 1225 4110; x_wconf 82' lang='grc' dir='ltr'>έν</span> <span class='ocrx_word' id='word_1_331' title='bbox 1254 4053 1468 4127; x_wconf 86' lang='grc' dir='ltr'>οὐρανῷ</span> <span class='ocrx_word' id='word_1_332' title='bbox 1505 4053 1862 4108; x_wconf 88' lang='grc' dir='ltr'>πολιτεύεται.</span> <span class='ocrx_word' id='word_1_333' title='bbox 1896 4052 2066 4107; x_wconf 84' lang='grc' dir='ltr'>Πόθεν</span> 
     </span>
    </p>
   </div>
   <div class='ocr_carea' id='block_1_44' title="bbox 485 4138 2063 4219">
    <p class='ocr_par' dir='ltr' id='par_1_44' title="bbox 485 4138 2063 4219">
     <span class='ocr_line' id='line_1_44' title="bbox 485 4138 2063 4219; baseline -0.004 -17"><span class='ocrx_word' id='word_1_334' title='bbox 485 4149 645 4203; x_wconf 80' lang='grc' dir='ltr'>τοῦτο</span> <span class='ocrx_word' id='word_1_335' title='bbox 683 4148 843 4219; x_wconf 76' lang='grc' dir='ltr'>δῆλον</span> <span class='ocrx_word' id='word_1_336' title='bbox 867 4162 882 4213; x_wconf 90' lang='grc'><strong>;</strong></span> <span class='ocrx_word' id='word_1_337' title='bbox 919 4145 1169 4200; x_wconf 84' lang='grc' dir='ltr'>Δείκνυσι</span> <span class='ocrx_word' id='word_1_338' title='bbox 1197 4143 1306 4199; x_wconf 86' lang='grc' dir='ltr'>τῶν</span> <span class='ocrx_word' id='word_1_339' title='bbox 1334 4142 1674 4214; x_wconf 86' lang='grc' dir='ltr'>πραγμάτων</span> <span class='ocrx_word' id='word_1_340' title='bbox 1703 4143 1737 4212; x_wconf 86' lang='grc' dir='ltr'>ή</span> <span class='ocrx_word' id='word_1_341' title='bbox 1769 4138 2063 4205; x_wconf 81' lang='grc' dir='ltr'>ἀπόδειξις.</span> 
     </span>
    </p>
   </div>
   <div class='ocr_carea' id='block_1_45' title="bbox 498 4226 2064 4308">
    <p class='ocr_par' dir='ltr' id='par_1_45' title="bbox 498 4226 2064 4308">
     <span class='ocr_line' id='line_1_45' title="bbox 498 4226 2064 4308; baseline -0.008 -17"><span class='ocrx_word' id='word_1_342' title='bbox 498 4236 946 4308; x_wconf 85' lang='grc' dir='ltr'>Ἐπολεμήθησαν</span> <span class='ocrx_word' id='word_1_343' title='bbox 991 4234 1184 4288; x_wconf 74' lang='grc' dir='ltr'>ῑνδεκα</span> <span class='ocrx_word' id='word_1_344' title='bbox 1241 4231 1499 4303; x_wconf 75' lang='grc' dir='ltr'>μαθηταὶ,</span> <span class='ocrx_word' id='word_1_345' title='bbox 1547 4231 1639 4284; x_wconf 75' lang='grc' dir='ltr'>καὶ</span> <span class='ocrx_word' id='word_1_346' title='bbox 1682 4231 1717 4301; x_wconf 85' lang='grc' dir='ltr'>ή</span> <span class='ocrx_word' id='word_1_347' title='bbox 1772 4226 2064 4298; x_wconf 84' lang='grc' dir='ltr'>οἰκουμένη</span> 
     </span>
    </p>
   </div>
   <div class='ocr_carea' id='block_1_46' title="bbox 487 4315 2068 4395">
    <p class='ocr_par' dir='ltr' id='par_1_46' title="bbox 487 4315 2068 4395">
     <span class='ocr_line' id='line_1_46' title="bbox 487 4315 2068 4395; baseline -0.007 -17"><span class='ocrx_word' id='word_1_348' title='bbox 487 4325 759 4395; x_wconf 72' lang='grc' dir='ltr'>ἐπολέμει·</span> <span class='ocrx_word' id='word_1_349' title='bbox 790 4324 838 4377; x_wconf 86' lang='grc' dir='ltr'>οί</span> <span class='ocrx_word' id='word_1_350' title='bbox 871 4323 925 4375; x_wconf 78' lang='grc' dir='ltr'>δὲ</span> <span class='ocrx_word' id='word_1_351' title='bbox 955 4320 1355 4392; x_wconf 73' lang='grc' dir='ltr'>πολεμηθέντες</span> <span class='ocrx_word' id='word_1_352' title='bbox 1395 4318 1670 4389; x_wconf 78' lang='grc' dir='ltr'>ἐνίκησαν,</span> <span class='ocrx_word' id='word_1_353' title='bbox 1711 4317 1805 4369; x_wconf 88' lang='lat' dir='ltr'>ml</span> <span class='ocrx_word' id='word_1_354' title='bbox 1837 4316 1889 4368; x_wconf 79' lang='grc' dir='ltr'>οἱ</span> <span class='ocrx_word' id='word_1_355' title='bbox 1912 4315 2068 4368; x_wconf 86' lang='grc' dir='ltr'>πολε-</span> 
     </span>
    </p>
   </div>
   <div class='ocr_carea' id='block_1_47' title="bbox 493 4404 2069 4482">
    <p class='ocr_par' dir='ltr' id='par_1_47' title="bbox 493 4404 2069 4482">
     <span class='ocr_line' id='line_1_47' title="bbox 493 4404 2069 4482; baseline -0.006 -18"><span class='ocrx_word' id='word_1_356' title='bbox 493 4412 765 4482; x_wconf 86' lang='grc' dir='ltr'>μήσαντες</span> <span class='ocrx_word' id='word_1_357' title='bbox 796 4408 1160 4480; x_wconf 78' lang='grc' dir='ltr'>ἀνῃρέθησαν·</span> <span class='ocrx_word' id='word_1_358' title='bbox 1191 4405 1261 4460; x_wconf 75' lang='grc' dir='ltr'>τὰ</span> <span class='ocrx_word' id='word_1_359' title='bbox 1291 4406 1542 4476; x_wconf 86' lang='grc' dir='ltr'>πρόϐατα</span> <span class='ocrx_word' id='word_1_360' title='bbox 1568 4405 1677 4458; x_wconf 86' lang='grc' dir='ltr'>τῶν</span> <span class='ocrx_word' id='word_1_361' title='bbox 1699 4404 1879 4458; x_wconf 85' lang='grc' dir='ltr'>λύκων</span> <span class='ocrx_word' id='word_1_362' title='bbox 1912 4419 2069 4474; x_wconf 84' lang='grc' dir='ltr'>περι-</span> 
     </span>
    </p>
   </div>
   <div class='ocr_carea' id='block_1_48' title="bbox 490 4487 2070 4567">
    <p class='ocr_par' dir='ltr' id='par_1_48' title="bbox 490 4487 2070 4567">
     <span class='ocr_line' id='line_1_48' title="bbox 490 4487 2070 4567; baseline -0.006 -16"><span class='ocrx_word' id='word_1_363' title='bbox 490 4499 755 4567; x_wconf 83' lang='grc' dir='ltr'>εγένοντο,</span> <span class='ocrx_word' id='word_1_364' title='bbox 789 4491 941 4557; x_wconf 69' lang='grc' dir='ltr'>Εἶδες</span> <span class='ocrx_word' id='word_1_365' title='bbox 966 4493 1197 4561; x_wconf 85' lang='grc' dir='ltr'>ποιμένα</span> <span class='ocrx_word' id='word_1_366' title='bbox 1222 4493 1290 4545; x_wconf 75' lang='grc' dir='ltr'>τά</span> <span class='ocrx_word' id='word_1_367' title='bbox 1321 4492 1568 4563; x_wconf 84' lang='grc' dir='ltr'>πρόϐατα</span> <span class='ocrx_word' id='word_1_368' title='bbox 1594 4494 1650 4544; x_wconf 79' lang='grc' dir='ltr'>έν</span> <span class='ocrx_word' id='word_1_369' title='bbox 1675 4491 1826 4562; x_wconf 80' lang='grc' dir='ltr'>μέσῳ</span> <span class='ocrx_word' id='word_1_370' title='bbox 1850 4490 1958 4542; x_wconf 88' lang='grc' dir='ltr'>τῶν</span> <span class='ocrx_word' id='word_1_371' title='bbox 1982 4487 2070 4542; x_wconf 87' lang='grc' dir='ltr'>λύ-</span> 
     </span>
    </p>
   </div>
   <div class='ocr_carea' id='block_1_49' title="bbox 492 4579 2067 4652">
    <p class='ocr_par' dir='ltr' id='par_1_49' title="bbox 492 4579 2067 4652">
     <span class='ocr_line' id='line_1_49' title="bbox 492 4579 2067 4652; baseline -0.006 -11"><span class='ocrx_word' id='word_1_372' title='bbox 492 4605 602 4641; x_wconf 86' lang='grc' dir='ltr'>κων</span> <span class='ocrx_word' id='word_1_373' title='bbox 632 4583 1046 4646; x_wconf 82' lang='grc' dir='ltr'>ἀποστέλλοντα,</span> <span class='ocrx_word' id='word_1_374' title='bbox 1084 4582 1172 4635; x_wconf 83' lang='grc' dir='ltr'>ῖνα</span> <span class='ocrx_word' id='word_1_375' title='bbox 1204 4580 1334 4652; x_wconf 75' lang='grc' dir='ltr'>μηδὲ</span> <span class='ocrx_word' id='word_1_376' title='bbox 1367 4582 1432 4652; x_wconf 78' lang='grc' dir='ltr'>τῇ</span> <span class='ocrx_word' id='word_1_377' title='bbox 1477 4582 1620 4651; x_wconf 80' lang='grc' dir='ltr'>φυγῇ</span> <span class='ocrx_word' id='word_1_378' title='bbox 1653 4581 1752 4651; x_wconf 78' lang='grc' dir='ltr'>τήν</span> <span class='ocrx_word' id='word_1_379' title='bbox 1793 4579 2067 4650; x_wconf 84' lang='grc' dir='ltr'>σωτηρίαν</span> 
     </span>
    </p>
   </div>
   <div class='ocr_carea' id='block_1_50' title="bbox 491 4665 2067 4747">
    <p class='ocr_par' dir='ltr' id='par_1_50' title="bbox 491 4665 2067 4747">
     <span class='ocr_line' id='line_1_50' title="bbox 491 4665 2067 4747; baseline -0.007 -19"><span class='ocrx_word' id='word_1_380' title='bbox 491 4676 850 4747; x_wconf 87' lang='grc' dir='ltr'>πορίσωνται;</span> <span class='ocrx_word' id='word_1_381' title='bbox 894 4671 1051 4733; x_wconf 83' lang='grc' dir='ltr'>1Ῑοῖος</span> <span class='ocrx_word' id='word_1_382' title='bbox 1077 4668 1280 4740; x_wconf 86' lang='grc' dir='ltr'>ποιμὴν</span> <span class='ocrx_word' id='word_1_383' title='bbox 1311 4667 1466 4721; x_wconf 85' lang='grc' dir='ltr'>τούτο</span> <span class='ocrx_word' id='word_1_384' title='bbox 1501 4666 1828 4737; x_wconf 86' lang='grc' dir='ltr'>ὲργάζεται;</span> <span class='ocrx_word' id='word_1_385' title='bbox 1873 4665 2010 4718; x_wconf 80' lang='grc' dir='ltr'>Ἀλλ’</span> <span class='ocrx_word' id='word_1_386' title='bbox 2039 4666 2067 4718; x_wconf 92' lang='lat'>6</span> 
     </span>
    </p>
   </div>
   <div class='ocr_carea' id='block_1_51' title="bbox 492 4753 2070 4833">
    <p class='ocr_par' dir='ltr' id='par_1_51' title="bbox 492 4753 2070 4833">
     <span class='ocr_line' id='line_1_51' title="bbox 492 4753 2070 4833; baseline -0.005 -16"><span class='ocrx_word' id='word_1_387' title='bbox 492 4761 722 4833; x_wconf 82' lang='grc' dir='ltr'>Χριστός</span> <span class='ocrx_word' id='word_1_388' title='bbox 761 4758 919 4814; x_wconf 80' lang='grc' dir='ltr'>τοῦτο</span> <span class='ocrx_word' id='word_1_389' title='bbox 960 4757 1230 4829; x_wconf 72' lang='grc' dir='ltr'>εποίησεν,</span> <span class='ocrx_word' id='word_1_390' title='bbox 1278 4756 1365 4809; x_wconf 84' lang='grc' dir='ltr'>ἵνα</span> <span class='ocrx_word' id='word_1_391' title='bbox 1403 4771 1483 4807; x_wconf 90' lang='grc' dir='ltr'>σοι</span> <span class='ocrx_word' id='word_1_392' title='bbox 1518 4753 1687 4824; x_wconf 80' lang='grc' dir='ltr'>δείξῃ,</span> <span class='ocrx_word' id='word_1_393' title='bbox 1721 4754 1802 4807; x_wconf 85' lang='grc' dir='ltr'>ὅτι</span> <span class='ocrx_word' id='word_1_394' title='bbox 1837 4754 1898 4807; x_wconf 88' lang='grc' dir='ltr'>οὐ</span> <span class='ocrx_word' id='word_1_395' title='bbox 1930 4753 2070 4810; x_wconf 87' lang='grc' dir='ltr'>κατὰ</span> 
     </span>
    </p>
   </div>
   <div class='ocr_carea' id='block_1_52' title="bbox 490 4842 2070 4919">
    <p class='ocr_par' dir='ltr' id='par_1_52' title="bbox 490 4842 2070 4919">
     <span class='ocr_line' id='line_1_52' title="bbox 490 4842 2070 4919; baseline -0.005 -14"><span class='ocrx_word' id='word_1_396' title='bbox 490 4850 810 4905; x_wconf 71' lang='grc' dir='ltr'>ἀκολουθίαν</span> <span class='ocrx_word' id='word_1_397' title='bbox 854 4849 962 4903; x_wconf 87' lang='grc' dir='ltr'>τῶν</span> <span class='ocrx_word' id='word_1_398' title='bbox 1013 4845 1374 4919; x_wconf 84' lang='grc' dir='ltr'>πραγμάτων,</span> <span class='ocrx_word' id='word_1_399' title='bbox 1422 4843 1536 4897; x_wconf 83' lang='grc' dir='ltr'>ἀλλ’</span> <span class='ocrx_word' id='word_1_400' title='bbox 1583 4842 1723 4914; x_wconf 82' lang='grc' dir='ltr'>ὑπὲρ</span> <span class='ocrx_word' id='word_1_401' title='bbox 1764 4842 1925 4911; x_wconf 85' lang='grc' dir='ltr'>φύσιν</span> <span class='ocrx_word' id='word_1_402' title='bbox 1976 4846 2070 4898; x_wconf 88' lang='lat' dir='ltr'>ml</span> 
     </span>
    </p>
   </div>
   <div class='ocr_carea' id='block_1_53' title="bbox 490 4930 2073 5007">
    <p class='ocr_par' dir='ltr' id='par_1_53' title="bbox 490 4930 2073 5007">
     <span class='ocr_line' id='line_1_53' title="bbox 490 4930 2073 5007; baseline -0.005 -14"><span class='ocrx_word' id='word_1_403' title='bbox 490 4939 809 4993; x_wconf 70' lang='grc' dir='ltr'>ἀκολουθίαν</span> <span class='ocrx_word' id='word_1_404' title='bbox 828 4937 895 4992; x_wconf 80' lang='grc' dir='ltr'>τὰ</span> <span class='ocrx_word' id='word_1_405' title='bbox 920 4933 1322 5007; x_wconf 78' lang='grc' dir='ltr'>κατορθώματα</span> <span class='ocrx_word' id='word_1_406' title='bbox 1348 4932 1577 5001; x_wconf 86' lang='grc' dir='ltr'>γίνεται.</span> <span class='ocrx_word' id='word_1_407' title='bbox 1621 4931 1685 4984; x_wconf 84' lang='grc' dir='ltr'><strong>Ἦ</strong></span> <span class='ocrx_word' id='word_1_408' title='bbox 1710 4930 1817 5003; x_wconf 79' lang='grc' dir='ltr'>γὰρ</span> <span class='ocrx_word' id='word_1_409' title='bbox 1853 4932 2073 5005; x_wconf 89' lang='grc' dir='ltr'>Ἐκκλη-</span> 
     </span>
    </p>
   </div>
   <div class='ocr_carea' id='block_1_54' title="bbox 487 5018 2071 5097">
    <p class='ocr_par' dir='ltr' id='par_1_54' title="bbox 487 5018 2071 5097">
     <span class='ocr_line' id='line_1_54' title="bbox 487 5018 2071 5097; baseline -0.003 -17"><span class='ocrx_word' id='word_1_410' title='bbox 487 5028 584 5081; x_wconf 75' lang='grc' dir='ltr'>σία</span> <span class='ocrx_word' id='word_1_411' title='bbox 630 5025 859 5097; x_wconf 78' lang='grc' dir='ltr'>οὐρανοῦ</span> <span class='ocrx_word' id='word_1_412' title='bbox 895 5024 1096 5095; x_wconf 81' lang='grc' dir='ltr'>μᾶλλον</span> <span class='ocrx_word' id='word_1_413' title='bbox 1123 5021 1435 5094; x_wconf 72' lang='grc' dir='ltr'>ἐρρίζωται.</span> <span class='ocrx_word' id='word_1_414' title='bbox 1482 5019 1621 5074; x_wconf 80' lang='grc' dir='ltr'>Ἀλλ’</span> <span class='ocrx_word' id='word_1_415' title='bbox 1656 5018 1785 5084; x_wconf 74' lang='grc' dir='ltr'>ἴσως</span> <span class='ocrx_word' id='word_1_416' title='bbox 1810 5020 2071 5077; x_wconf 87' lang='grc' dir='ltr'>ἁπόνοιάν</span> 
     </span>
    </p>
   </div>
   <div class='ocr_carea' id='block_1_55' title="bbox 497 5109 2071 5187">
    <p class='ocr_par' dir='ltr' id='par_1_55' title="bbox 497 5109 2071 5187">
     <span class='ocr_line' id='line_1_55' title="bbox 497 5109 2071 5187; baseline -0.002 -18"><span class='ocrx_word' id='word_1_417' title='bbox 497 5134 597 5187; x_wconf 89' lang='grc' dir='ltr'>μου</span> <span class='ocrx_word' id='word_1_418' title='bbox 650 5112 1047 5183; x_wconf 85' lang='grc' dir='ltr'>καταγινώσκει</span> <span class='ocrx_word' id='word_1_419' title='bbox 1102 5115 1131 5166; x_wconf 92' lang='lat'>6</span> <span class='ocrx_word' id='word_1_420' title='bbox 1163 5111 1384 5184; x_wconf 85' lang='grc' dir='ltr'>Ἕλλην·</span> <span class='ocrx_word' id='word_1_421' title='bbox 1438 5109 1552 5164; x_wconf 85' lang='grc' dir='ltr'>ἀλλ’</span> <span class='ocrx_word' id='word_1_422' title='bbox 1611 5110 1927 5183; x_wconf 85' lang='grc' dir='ltr'>ἀναμενέτω</span> <span class='ocrx_word' id='word_1_423' title='bbox 1961 5111 2071 5167; x_wconf 86' lang='grc' dir='ltr'>τῶν</span> 
     </span>
    </p>
   </div>
   <div class='ocr_carea' id='block_1_56' title="bbox 492 5198 2072 5275">
    <p class='ocr_par' dir='ltr' id='par_1_56' title="bbox 492 5198 2072 5275">
     <span class='ocr_line' id='line_1_56' title="bbox 492 5198 2072 5275; baseline -0.003 -17"><span class='ocrx_word' id='word_1_424' title='bbox 492 5204 834 5275; x_wconf 85' lang='grc' dir='ltr'>πραγμάτων</span> <span class='ocrx_word' id='word_1_425' title='bbox 871 5201 970 5273; x_wconf 83' lang='grc' dir='ltr'>τὴν</span> <span class='ocrx_word' id='word_1_426' title='bbox 1000 5199 1293 5266; x_wconf 84' lang='grc' dir='ltr'>ἀπόδειξιν,</span> <span class='ocrx_word' id='word_1_427' title='bbox 1333 5201 1427 5253; x_wconf 72' lang='lat' dir='ltr'>ml</span> <span class='ocrx_word' id='word_1_428' title='bbox 1459 5198 1773 5271; x_wconf 80' lang='grc' dir='ltr'>μανθανέτω</span> <span class='ocrx_word' id='word_1_429' title='bbox 1804 5199 1905 5271; x_wconf 79' lang='grc' dir='ltr'>τῆς</span> <span class='ocrx_word' id='word_1_430' title='bbox 1940 5200 2072 5271; x_wconf 86' lang='grc' dir='ltr'>ἀλη-</span> 
     </span>
    </p>
   </div>
   <div class='ocr_carea' id='block_1_57' title="bbox 547 5369 2071 5457">
    <p class='ocr_par' dir='ltr' id='par_1_57' title="bbox 547 5369 2071 5457">
     <span class='ocr_line' id='line_1_57' title="bbox 547 5369 2071 5457; baseline -0.003 -34"><span class='ocrx_word' id='word_1_431' title='bbox 547 5374 812 5457; x_wconf 57' lang='grc' dir='ltr'>ξιρυίάειη</span> <span class='ocrx_word' id='word_1_432' title='bbox 830 5388 943 5457; x_wconf 56' lang='grc' dir='ltr'>ωδε.</span> <span class='ocrx_word' id='word_1_433' title='bbox 965 5374 1054 5421; x_wconf 82' lang='grc' dir='ltr'>τίνι</span> <span class='ocrx_word' id='word_1_434' title='bbox 1076 5373 1339 5432; x_wconf 81' lang='grc' dir='ltr'>διέστηκεν,</span> <span class='ocrx_word' id='word_1_435' title='bbox 1364 5384 1461 5420; x_wconf 84' lang='lat' dir='ltr'>non</span> <span class='ocrx_word' id='word_1_436' title='bbox 1485 5371 1633 5421; x_wconf 74' lang='lat' dir='ltr'><strong><em>male.</em></strong></span> <span class='ocrx_word' id='word_1_437' title='bbox 1666 5371 1721 5421; x_wconf 84' lang='lat' dir='ltr'><strong>1n</strong></span> <span class='ocrx_word' id='word_1_438' title='bbox 1745 5369 1919 5420; x_wconf 78' lang='lat' dir='ltr'><strong>iisdem</strong></span> <span class='ocrx_word' id='word_1_439' title='bbox 1944 5370 2071 5419; x_wconf 77' lang='grc' dir='ltr'>ἐστὶν</span> 
     </span>
    </p>
   </div>
   <div class='ocr_carea' id='block_1_58' title="bbox 491 5437 2069 5569">
    <p class='ocr_par' dir='ltr' id='par_1_58' title="bbox 491 5437 2069 5569">
     <span class='ocr_line' id='line_1_58' title="bbox 491 5437 1521 5501; baseline -0.005 -13"><span class='ocrx_word' id='word_1_440' title='bbox 491 5442 518 5488; x_wconf 83' lang='lat'>6</span> <span class='ocrx_word' id='word_1_441' title='bbox 535 5437 945 5501; x_wconf 57' lang='grc' dir='ltr'>ἀνέτρωποςόρρει.</span> <span class='ocrx_word' id='word_1_442' title='bbox 1504 5486 1521 5495; x_wconf 62' lang='grc'>,</span> 
     </span>
     <span class='ocr_line' id='line_1_59' title="bbox 493 5494 2069 5569; baseline 0.003 -24"><span class='ocrx_word' id='word_1_443' title='bbox 493 5565 503 5569; x_wconf 84' lang='lat'><em>_</em></span> <span class='ocrx_word' id='word_1_444' title='bbox 554 5502 577 5537; x_wconf 68' lang='grc' dir='ltr'>δ</span> <span class='ocrx_word' id='word_1_445' title='bbox 606 5499 741 5546; x_wconf 85' lang='lat' dir='ltr'>Unus</span> <span class='ocrx_word' id='word_1_446' title='bbox 761 5496 886 5569; x_wconf 65' lang='lat' dir='ltr'>apud</span> <span class='ocrx_word' id='word_1_447' title='bbox 910 5498 1144 5569; x_wconf 62' lang='lat' dir='ltr'><strong>Saviiiun}</strong></span> <span class='ocrx_word' id='word_1_448' title='bbox 1164 5496 1286 5569; x_wconf 61' lang='grc' dir='ltr'>ἄλλα</span> <span class='ocrx_word' id='word_1_449' title='bbox 1311 5496 1510 5569; x_wconf 55' lang='grc' dir='ltr'>ψιχίαές,</span> <span class='ocrx_word' id='word_1_450' title='bbox 1532 5494 1616 5569; x_wconf 67' lang='lat' dir='ltr'>§_e_d</span> <span class='ocrx_word' id='word_1_451' title='bbox 1633 5494 1792 5569; x_wconf 47' lang='lat' dir='ltr'><strong>micis:</strong></span> <span class='ocrx_word' id='word_1_452' title='bbox 1815 5498 1924 5569; x_wconf 60' lang='lat' dir='ltr'>hjox</span> <span class='ocrx_word' id='word_1_453' title='bbox 1947 5513 2069 5569; x_wconf 63' lang='lat' dir='ltr'><strong>qua;-</strong></span> 
     </span>
    </p>
   </div>
   <div class='ocr_carea' id='block_1_59' title="bbox 492 5557 2058 5630">
    <p class='ocr_par' dir='ltr' id='par_1_59' title="bbox 492 5557 2058 5630">
     <span class='ocr_line' id='line_1_60' title="bbox 492 5557 2058 5630; baseline 0.001 -23"><span class='ocrx_word' id='word_1_454' title='bbox 492 5565 741 5629; x_wconf 44' lang='lat' dir='ltr'>luogmss.</span> <span class='ocrx_word' id='word_1_455' title='bbox 770 5557 1067 5630; x_wconf 54' lang='grc' dir='ltr'>αναστροφή,</span> <span class='ocrx_word' id='word_1_456' title='bbox 1090 5564 1143 5630; x_wconf 64' lang='grc' dir='ltr'>ει</span> <span class='ocrx_word' id='word_1_457' title='bbox 1176 5560 1248 5607; x_wconf 87' lang='lat' dir='ltr'>sic</span> <span class='ocrx_word' id='word_1_458' title='bbox 1277 5557 1403 5622; x_wconf 67' lang='lat' dir='ltr'><strong>legit</strong></span> <span class='ocrx_word' id='word_1_459' title='bbox 1436 5557 1678 5620; x_wconf 81' lang='lat' dir='ltr'>Savilius,</span> <span class='ocrx_word' id='word_1_460' title='bbox 1705 5560 1795 5608; x_wconf 85' lang='lat' dir='ltr'>sed</span> <span class='ocrx_word' id='word_1_461' title='bbox 1820 5557 2058 5625; x_wconf 72' lang='grc' dir='ltr'>ἀνατροφή</span> 
     </span>
    </p>
   </div>
   <div class='ocr_carea' id='block_1_60' title="bbox 491 5622 2083 5751">
    <p class='ocr_par' dir='ltr' id='par_1_60' title="bbox 491 5622 2083 5751">
     <span class='ocr_line' id='line_1_61' title="bbox 491 5622 2083 5751; baseline 0.013 -40"><span class='ocrx_word' id='word_1_462' title='bbox 491 5622 1305 5751; x_wconf 26' lang='grc' dir='ltr'>ῐηῗιβῗιἓιῗὲἓιτὲῗεῗιῖίῗξύξδῗιονὴν</span> <span class='ocrx_word' id='word_1_463' title='bbox 1328 5681 1431 5743; x_wconf 71' lang='grc' dir='ltr'>ιδῃ.</span> <span class='ocrx_word' id='word_1_464' title='bbox 1451 5680 1533 5728; x_wconf 83' lang='grc' dir='ltr'>καὶ</span> <span class='ocrx_word' id='word_1_465' title='bbox 1556 5678 1642 5728; x_wconf 77' lang='grc' dir='ltr'>τοῦ</span> <span class='ocrx_word' id='word_1_466' title='bbox 1672 5680 1959 5743; x_wconf 81' lang='grc' dir='ltr'>κυϐερνήτου</span> <span class='ocrx_word' id='word_1_467' title='bbox 1978 5680 2083 5742; x_wconf 55' lang='grc' dir='ltr'>τὴν⁸</span> 
     </span>
    </p>
   </div>
   <div class='ocr_carea' id='block_1_61' title="bbox 491 5744 1217 5804">
    <p class='ocr_par' dir='ltr' id='par_1_61' title="bbox 491 5744 1217 5804">
     <span class='ocr_line' id='line_1_62' title="bbox 491 5744 1217 5804; baseline 0.007 -18"><span class='ocrx_word' id='word_1_468' title='bbox 491 5744 679 5804; x_wconf 59' lang='grc' dir='ltr'>οὑέεσιν</span> <span class='ocrx_word' id='word_1_469' title='bbox 712 5744 919 5804; x_wconf 78' lang='grc' dir='ltr'>ἀκριϐῶς</span> <span class='ocrx_word' id='word_1_470' title='bbox 949 5746 1217 5804; x_wconf 56' lang='grc' dir='ltr'>καταμάθῃ.</span> 
     </span>
    </p>
   </div>
   <div class='ocr_carea' id='block_1_62' title="bbox 552 5801 2065 5867">
    <p class='ocr_par' dir='ltr' id='par_1_62' title="bbox 552 5801 2065 5867">
     <span class='ocr_line' id='line_1_63' title="bbox 552 5801 2065 5867; baseline 0.002 -19"><span class='ocrx_word' id='word_1_471' title='bbox 552 5801 579 5840; x_wconf 69' lang='grc' dir='ltr'>ιι</span> <span class='ocrx_word' id='word_1_472' title='bbox 612 5804 760 5850; x_wconf 76' lang='grc' dir='ltr'>ΙΙοσοι</span> <span class='ocrx_word' id='word_1_473' title='bbox 781 5801 1015 5867; x_wconf 72' lang='grc' dir='ltr'>τύραννοι,</span> <span class='ocrx_word' id='word_1_474' title='bbox 1040 5801 1184 5867; x_wconf 68' lang='grc' dir='ltr'>πόσοι</span> <span class='ocrx_word' id='word_1_475' title='bbox 1209 5804 1481 5866; x_wconf 80' lang='grc' dir='ltr'>στρατηγοὶ,</span> <span class='ocrx_word' id='word_1_476' title='bbox 1512 5802 1655 5851; x_wconf 80' lang='grc' dir='ltr'>πόσοι</span> <span class='ocrx_word' id='word_1_477' title='bbox 1690 5806 1825 5867; x_wconf 81' lang='grc' dir='ltr'>βασ.,</span> <span class='ocrx_word' id='word_1_478' title='bbox 1852 5805 1922 5867; x_wconf 72' lang='lat' dir='ltr'><strong>ila</strong></span> <span class='ocrx_word' id='word_1_479' title='bbox 1942 5803 2065 5867; x_wconf 58' lang='grc' dir='ltr'>ηιξ-</span> 
     </span>
    </p>
   </div>
   <div class='ocr_carea' id='block_1_63' title="bbox 489 5862 2056 5932">
    <p class='ocr_par' dir='ltr' id='par_1_63' title="bbox 489 5862 2056 5932">
     <span class='ocr_line' id='line_1_64' title="bbox 489 5862 2056 5932; baseline 0.005 -27"><span class='ocrx_word' id='word_1_480' title='bbox 489 5862 597 5932; x_wconf 55' lang='lat' dir='ltr'>«him</span> <span class='ocrx_word' id='word_1_481' title='bbox 621 5877 719 5911; x_wconf 80' lang='lat' dir='ltr'>mss</span> <span class='ocrx_word' id='word_1_482' title='bbox 762 5872 816 5912; x_wconf 74' lang='lat' dir='ltr'><strong>et</strong></span> <span class='ocrx_word' id='word_1_483' title='bbox 837 5862 909 5932; x_wconf 63' lang='lat' dir='ltr'>su;</span> <span class='ocrx_word' id='word_1_484' title='bbox 937 5867 1056 5932; x_wconf 64' lang='grc' dir='ltr'>ιβειι</span> <span class='ocrx_word' id='word_1_485' title='bbox 1080 5864 1193 5913; x_wconf 74' lang='lat' dir='ltr'>Sav.</span> <span class='ocrx_word' id='word_1_486' title='bbox 1219 5862 1437 5925; x_wconf 52' lang='lat' dir='ltr'>ilc&#39;mqu&#39;e</span> <span class='ocrx_word' id='word_1_487' title='bbox 1463 5862 1707 5915; x_wconf 50' lang='lat' dir='ltr'>Erasmus.</span> <span class='ocrx_word' id='word_1_488' title='bbox 1729 5866 1777 5912; x_wconf 81' lang='grc' dir='ltr'>ιη</span> <span class='ocrx_word' id='word_1_489' title='bbox 1802 5866 1905 5913; x_wconf 69' lang='lat' dir='ltr'>edit</span> <span class='ocrx_word' id='word_1_490' title='bbox 1938 5865 2056 5913; x_wconf 77' lang='lat' dir='ltr'>Mur.</span> 
     </span>
    </p>
   </div>
   <div class='ocr_carea' id='block_1_64' title="bbox 489 5927 1102 5989">
    <p class='ocr_par' dir='ltr' id='par_1_64' title="bbox 489 5927 1102 5989">
     <span class='ocr_line' id='line_1_65' title="bbox 489 5927 1102 5989; baseline 0.003 -18"><span class='ocrx_word' id='word_1_491' title='bbox 489 5927 632 5972; x_wconf 75' lang='grc' dir='ltr'>πόσοι</span> <span class='ocrx_word' id='word_1_492' title='bbox 657 5928 910 5989; x_wconf 80' lang='grc' dir='ltr'>στρατηγοί</span> <span class='ocrx_word' id='word_1_493' title='bbox 940 5927 1102 5976; x_wconf 73' lang='lat' dir='ltr'>deest.</span> 
     </span>
    </p>
   </div>
   <div class='ocr_carea' id='block_1_65' title="bbox 1173 336 2055 402">
    <p class='ocr_par' dir='ltr' id='par_1_65' title="bbox 1173 338 2047 402">
     <span class='ocr_line' id='line_1_66' title="bbox 1173 338 2047 402; baseline -0.011 0"><span class='ocrx_word' id='word_1_494' title='bbox 1173 347 1230 401; x_wconf 68' lang='grc' dir='ltr'>ει.</span> <span class='ocrx_word' id='word_1_495' title='bbox 1268 344 1551 402; x_wconf 71' lang='grc' dir='ltr'>ΙΟΑΧΝΙΒ</span> <span class='ocrx_word' id='word_1_496' title='bbox 1588 338 2047 399; x_wconf 77' lang='lat' dir='ltr'>CIIRYSOSTOM</span> 
     </span>
    </p>
   </div>
   <div class='ocr_carea' id='block_1_66' title="bbox 2161 336 3017 402">
    <p class='ocr_par' dir='ltr' id='par_1_66' title="bbox 2161 337 3017 398">
     <span class='ocr_line' id='line_1_67' title="bbox 2161 337 3017 398; baseline 0.002 -5"><span class='ocrx_word' id='word_1_497' title='bbox 2161 337 2431 395; x_wconf 78' lang='lat' dir='ltr'>RCIIIEP.</span> <span class='ocrx_word' id='word_1_498' title='bbox 2471 339 3017 398; x_wconf 71' lang='lat' dir='ltr'>CONSTANTINOP.</span> 
     </span>
    </p>
   </div>
   <div class='ocr_carea' id='block_1_67' title="bbox 2151 451 3727 528">
    <p class='ocr_par' dir='ltr' id='par_1_67' title="bbox 2151 451 3727 528">
     <span class='ocr_line' id='line_1_68' title="bbox 2151 451 3727 528; baseline -0.003 -19"><span class='ocrx_word' id='word_1_499' title='bbox 2151 456 2301 519; x_wconf 84' lang='grc' dir='ltr'>θείας</span> <span class='ocrx_word' id='word_1_500' title='bbox 2337 455 2434 527; x_wconf 78' lang='grc' dir='ltr'>τὴν</span> <span class='ocrx_word' id='word_1_501' title='bbox 2468 457 2640 528; x_wconf 84' lang='grc' dir='ltr'>ίσχύν,</span> <span class='ocrx_word' id='word_1_502' title='bbox 2675 455 2793 520; x_wconf 89' lang='grc' dir='ltr'>πῶς</span> <span class='ocrx_word' id='word_1_503' title='bbox 2814 454 3173 526; x_wconf 79' lang='grc' dir='ltr'>εὐκολώτερον</span> <span class='ocrx_word' id='word_1_504' title='bbox 3202 453 3294 506; x_wconf 78' lang='grc' dir='ltr'>τὸν</span> <span class='ocrx_word' id='word_1_505' title='bbox 3319 452 3469 523; x_wconf 79' lang='grc' dir='ltr'>ἣλιον</span> <span class='ocrx_word' id='word_1_506' title='bbox 3495 451 3727 523; x_wconf 63' lang='grc' dir='ltr'>σϐεσθῆη</span> 
     </span>
    </p>
   </div>
   <div class='ocr_carea' id='block_1_68' title="bbox 2150 540 3725 616">
    <p class='ocr_par' dir='ltr' id='par_1_68' title="bbox 2150 540 3725 616">
     <span class='ocr_line' id='line_1_69' title="bbox 2150 540 3725 616; baseline -0.001 -18"><span class='ocrx_word' id='word_1_507' title='bbox 2150 562 2258 608; x_wconf 84' lang='grc' dir='ltr'>ναι,</span> <span class='ocrx_word' id='word_1_508' title='bbox 2287 545 2319 616; x_wconf 80' lang='grc' dir='ltr'>ἢ</span> <span class='ocrx_word' id='word_1_509' title='bbox 2349 546 2448 616; x_wconf 76' lang='grc' dir='ltr'>τὴν</span> <span class='ocrx_word' id='word_1_510' title='bbox 2484 545 2805 616; x_wconf 83' lang='grc' dir='ltr'>Ἐκκλησίαν</span> <span class='ocrx_word' id='word_1_511' title='bbox 2846 544 3226 615; x_wconf 86' lang='grc' dir='ltr'>ἀφανισθῆναι.</span> <span class='ocrx_word' id='word_1_512' title='bbox 3263 542 3358 605; x_wconf 84' lang='grc' dir='ltr'>Τίς</span> <span class='ocrx_word' id='word_1_513' title='bbox 3390 540 3586 606; x_wconf 81' lang='grc' dir='ltr'>ταῦτα,</span> <span class='ocrx_word' id='word_1_514' title='bbox 3618 548 3725 612; x_wconf 80' lang='grc' dir='ltr'>φη-</span> 
     </span>
    </p>
   </div>
   <div class='ocr_carea' id='block_1_69' title="bbox 2148 636 3726 710">
    <p class='ocr_par' dir='ltr' id='par_1_69' title="bbox 2148 636 3726 710">
     <span class='ocr_line' id='line_1_70' title="bbox 2148 636 3726 710; baseline -0.002 -18"><span class='ocrx_word' id='word_1_515' title='bbox 2148 638 2251 702; x_wconf 85' lang='grc' dir='ltr'>σίν,</span> <span class='ocrx_word' id='word_1_516' title='bbox 2275 641 2303 692; x_wconf 95' lang='lat'>6</span> <span class='ocrx_word' id='word_1_517' title='bbox 2337 639 2655 710; x_wconf 86' lang='grc' dir='ltr'>κηρύττων;</span> <span class='ocrx_word' id='word_1_518' title='bbox 2704 640 2763 692; x_wconf 91' lang='lat'>&#39;0</span> <span class='ocrx_word' id='word_1_519' title='bbox 2793 638 3128 710; x_wconf 86' lang='grc' dir='ltr'>θεμελιώσας</span> <span class='ocrx_word' id='word_1_520' title='bbox 3159 639 3348 708; x_wconf 89' lang='grc' dir='ltr'>αὐτήν·</span> <span class='ocrx_word' id='word_1_521' title='bbox 3387 637 3445 690; x_wconf 69' lang='lat'>&quot;0</span> <span class='ocrx_word' id='word_1_522' title='bbox 3470 636 3726 703; x_wconf 79' lang='grc' dir='ltr'>οὐρανὸς</span> 
     </span>
    </p>
   </div>
   <div class='ocr_carea' id='block_1_70' title="bbox 2147 722 3726 798">
    <p class='ocr_par' dir='ltr' id='par_1_70' title="bbox 2147 722 3726 798">
     <span class='ocr_line' id='line_1_71' title="bbox 2147 722 3726 798; baseline -0.002 -16"><span class='ocrx_word' id='word_1_523' title='bbox 2147 728 2241 782; x_wconf 75' lang='grc' dir='ltr'>καί</span> <span class='ocrx_word' id='word_1_524' title='bbox 2277 728 2316 797; x_wconf 80' lang='grc' dir='ltr'><strong><em>ἠ</em></strong></span> <span class='ocrx_word' id='word_1_525' title='bbox 2350 728 2425 798; x_wconf 73' lang='grc' dir='ltr'>γῆ</span> <span class='ocrx_word' id='word_1_526' title='bbox 2466 730 2961 798; x_wconf 75' lang='grc' dir='ltr'>παρελεύσονται,</span> <span class='ocrx_word' id='word_1_527' title='bbox 3003 732 3058 784; x_wconf 80' lang='grc' dir='ltr'>οἱ</span> <span class='ocrx_word' id='word_1_528' title='bbox 3085 729 3154 782; x_wconf 80' lang='grc' dir='ltr'>δὲ</span> <span class='ocrx_word' id='word_1_529' title='bbox 3190 728 3357 796; x_wconf 73' lang='grc' dir='ltr'>λόγοι</span> <span class='ocrx_word' id='word_1_530' title='bbox 3394 744 3511 796; x_wconf 81' lang='grc' dir='ltr'>μου</span> <span class='ocrx_word' id='word_1_531' title='bbox 3540 727 3613 780; x_wconf 83' lang='grc' dir='ltr'>οὐ</span> <span class='ocrx_word' id='word_1_532' title='bbox 3637 722 3726 794; x_wconf 74' lang='grc' dir='ltr'>μὴ</span> 
     </span>
    </p>
   </div>
   <div class='ocr_carea' id='block_1_71' title="bbox 2148 812 3726 888">
    <p class='ocr_par' dir='ltr' id='par_1_71' title="bbox 2148 812 3726 888">
     <span class='ocr_line' id='line_1_72' title="bbox 2148 812 3726 888; baseline -0.003 -19"><span class='ocrx_word' id='word_1_533' title='bbox 2148 815 2507 885; x_wconf 73' lang='grc' dir='ltr'>παρέλθωσι.</span> <span class='ocrx_word' id='word_1_534' title='bbox 2548 817 2733 872; x_wconf 78' lang='grc' dir='ltr'>Ταῦτα</span> <span class='ocrx_word' id='word_1_535' title='bbox 2775 818 2836 871; x_wconf 88' lang='grc' dir='ltr'>οὐ</span> <span class='ocrx_word' id='word_1_536' title='bbox 2874 817 3031 888; x_wconf 87' lang='grc' dir='ltr'>μόνον</span> <span class='ocrx_word' id='word_1_537' title='bbox 3068 812 3240 879; x_wconf 81' lang='grc' dir='ltr'>εἶπεν,</span> <span class='ocrx_word' id='word_1_538' title='bbox 3270 813 3405 868; x_wconf 83' lang='grc' dir='ltr'>ἀλλά</span> <span class='ocrx_word' id='word_1_539' title='bbox 3439 813 3534 868; x_wconf 81' lang='grc' dir='ltr'>καὶ</span> <span class='ocrx_word' id='word_1_540' title='bbox 3561 812 3726 881; x_wconf 77' lang='grc' dir='ltr'>ἐπλή-</span> 
     </span>
    </p>
   </div>
   <div class='ocr_carea' id='block_1_72' title="bbox 2149 899 3727 975">
    <p class='ocr_par' dir='ltr' id='par_1_72' title="bbox 2149 899 3727 975">
     <span class='ocr_line' id='line_1_73' title="bbox 2149 899 3727 975; baseline -0.002 -19"><span class='ocrx_word' id='word_1_541' title='bbox 2149 919 2312 973; x_wconf 89' lang='grc' dir='ltr'>ρωσε·</span> <span class='ocrx_word' id='word_1_542' title='bbox 2354 902 2440 956; x_wconf 90' lang='grc' dir='ltr'>διά</span> <span class='ocrx_word' id='word_1_543' title='bbox 2487 903 2539 957; x_wconf 91' lang='grc' dir='ltr'>τί</span> <span class='ocrx_word' id='word_1_544' title='bbox 2576 904 2685 975; x_wconf 75' lang='grc' dir='ltr'>γὰρ</span> <span class='ocrx_word' id='word_1_545' title='bbox 2733 903 2930 974; x_wconf 79' lang='grc' dir='ltr'>μᾶλλον</span> <span class='ocrx_word' id='word_1_546' title='bbox 2976 902 3204 974; x_wconf 76' lang='grc' dir='ltr'>οὐρανοῦ</span> <span class='ocrx_word' id='word_1_547' title='bbox 3245 902 3465 972; x_wconf 76' lang='grc' dir='ltr'>μείζονα</span> <span class='ocrx_word' id='word_1_548' title='bbox 3502 899 3671 971; x_wconf 81' lang='grc' dir='ltr'>αὐτὴν</span> <span class='ocrx_word' id='word_1_549' title='bbox 3700 909 3727 940; x_wconf 77' lang='grc' dir='ltr'><strong><em>ο</em></strong></span> 
     </span>
    </p>
   </div>
   <div class='ocr_carea' id='block_1_73' title="bbox 2144 987 3722 1063">
    <p class='ocr_par' dir='ltr' id='par_1_73' title="bbox 2144 987 3722 1063">
     <span class='ocr_line' id='line_1_74' title="bbox 2144 987 3722 1063; baseline -0.001 -20"><span class='ocrx_word' id='word_1_550' title='bbox 2144 991 2506 1061; x_wconf 74' lang='grc' dir='ltr'>έθεμελίωσες</span> <span class='ocrx_word' id='word_1_551' title='bbox 2548 992 2863 1063; x_wconf 86' lang='grc' dir='ltr'>Τιμιωτέρα</span> <span class='ocrx_word' id='word_1_552' title='bbox 2910 991 3018 1062; x_wconf 84' lang='grc' dir='ltr'>γὰρ</span> <span class='ocrx_word' id='word_1_553' title='bbox 3053 989 3284 1062; x_wconf 81' lang='grc' dir='ltr'>οὐρανοῦ</span> <span class='ocrx_word' id='word_1_554' title='bbox 3328 991 3362 1060; x_wconf 88' lang='grc' dir='ltr'>ή</span> <span class='ocrx_word' id='word_1_555' title='bbox 3410 987 3722 1058; x_wconf 86' lang='grc' dir='ltr'>Ἐκκλησία.</span> 
     </span>
    </p>
   </div>
   <div class='ocr_carea' id='block_1_74' title="bbox 2147 1064 3728 1150">
    <p class='ocr_par' dir='ltr' id='par_1_74' title="bbox 2147 1064 3728 1150">
     <span class='ocr_line' id='line_1_75' title="bbox 2147 1064 3728 1150; baseline -0.003 -19"><span class='ocrx_word' id='word_1_556' title='bbox 2147 1079 2243 1132; x_wconf 80' lang='grc' dir='ltr'>Διά</span> <span class='ocrx_word' id='word_1_557' title='bbox 2272 1079 2323 1131; x_wconf 90' lang='grc' dir='ltr'>τί</span> <span class='ocrx_word' id='word_1_558' title='bbox 2352 1079 2614 1150; x_wconf 88' lang='grc' dir='ltr'>οὐρανός;</span> <span class='ocrx_word' id='word_1_559' title='bbox 2651 1078 2749 1132; x_wconf 87' lang='grc' dir='ltr'>Διὰ</span> <span class='ocrx_word' id='word_1_560' title='bbox 2776 1079 2874 1150; x_wconf 84' lang='grc' dir='ltr'>τὴν</span> <span class='ocrx_word' id='word_1_561' title='bbox 2915 1064 3264 1149; x_wconf 87' lang='grc' dir='ltr'>Ἐκκλησίαν,</span> <span class='ocrx_word' id='word_1_562' title='bbox 3294 1078 3395 1146; x_wconf 89' lang='grc' dir='ltr'>οὐχ</span> <span class='ocrx_word' id='word_1_563' title='bbox 3425 1077 3458 1146; x_wconf 91' lang='grc' dir='ltr'>ή</span> <span class='ocrx_word' id='word_1_564' title='bbox 3495 1073 3728 1143; x_wconf 81' lang='grc' dir='ltr'>Ἐκκλη-</span> 
     </span>
    </p>
   </div>
   <div class='ocr_carea' id='block_1_75' title="bbox 2150 1162 3725 1237">
    <p class='ocr_par' dir='ltr' id='par_1_75' title="bbox 2150 1162 3725 1237">
     <span class='ocr_line' id='line_1_76' title="bbox 2150 1162 3725 1237; baseline -0.004 -19"><span class='ocrx_word' id='word_1_565' title='bbox 2150 1165 2238 1219; x_wconf 91' lang='grc' dir='ltr'>σία</span> <span class='ocrx_word' id='word_1_566' title='bbox 2261 1166 2349 1220; x_wconf 83' lang='grc' dir='ltr'>διὰ</span> <span class='ocrx_word' id='word_1_567' title='bbox 2373 1166 2465 1219; x_wconf 74' lang='grc' dir='ltr'>τὸν</span> <span class='ocrx_word' id='word_1_568' title='bbox 2495 1167 2740 1237; x_wconf 86' lang='grc' dir='ltr'>οὐρανόν.</span> <span class='ocrx_word' id='word_1_569' title='bbox 2779 1167 2836 1219; x_wconf 87' lang='grc'>’0</span> <span class='ocrx_word' id='word_1_570' title='bbox 2863 1165 3090 1237; x_wconf 82' lang='grc' dir='ltr'>οὐρανὸς</span> <span class='ocrx_word' id='word_1_571' title='bbox 3113 1165 3168 1218; x_wconf 87' lang='grc' dir='ltr'>δὲ</span> <span class='ocrx_word' id='word_1_572' title='bbox 3195 1164 3283 1218; x_wconf 80' lang='grc' dir='ltr'>διὰ</span> <span class='ocrx_word' id='word_1_573' title='bbox 3304 1162 3392 1216; x_wconf 82' lang='grc' dir='ltr'>τὸν</span> <span class='ocrx_word' id='word_1_574' title='bbox 3421 1162 3725 1234; x_wconf 78' lang='grc' dir='ltr'>ἄνθρωπον,</span> 
     </span>
    </p>
   </div>
   <div class='ocr_carea' id='block_1_76' title="bbox 2150 1248 3731 1327">
    <p class='ocr_par' dir='ltr' id='par_1_76' title="bbox 2150 1248 3731 1327">
     <span class='ocr_line' id='line_1_77' title="bbox 2150 1248 3731 1327; baseline -0.003 -20"><span class='ocrx_word' id='word_1_575' title='bbox 2150 1254 2302 1327; x_wconf 63' lang='grc'>[125]</span> <span class='ocrx_word' id='word_1_576' title='bbox 2330 1256 2429 1310; x_wconf 88' lang='grc' dir='ltr'>οὐκ</span> <span class='ocrx_word' id='word_1_577' title='bbox 2469 1255 2755 1327; x_wconf 82' lang='grc' dir='ltr'>ἄνθρωπος</span> <span class='ocrx_word' id='word_1_578' title='bbox 2797 1255 2883 1309; x_wconf 75' lang='grc' dir='ltr'>διὰ</span> <span class='ocrx_word' id='word_1_579' title='bbox 2912 1254 3002 1309; x_wconf 84' lang='grc' dir='ltr'>τὸν</span> <span class='ocrx_word' id='word_1_580' title='bbox 3025 1254 3273 1326; x_wconf 86' lang='grc' dir='ltr'>οὐρανόν.</span> <span class='ocrx_word' id='word_1_581' title='bbox 3300 1253 3412 1306; x_wconf 72' lang='grc' dir='ltr'>Καὶ</span> <span class='ocrx_word' id='word_1_582' title='bbox 3442 1252 3503 1316; x_wconf 78' lang='grc' dir='ltr'>ἐξ</span> <span class='ocrx_word' id='word_1_583' title='bbox 3529 1248 3603 1304; x_wconf 79' lang='grc' dir='ltr'>ὢν</span> <span class='ocrx_word' id='word_1_584' title='bbox 3631 1252 3731 1304; x_wconf 78' lang='grc' dir='ltr'>αὑ-</span> 
     </span>
    </p>
   </div>
   <div class='ocr_carea' id='block_1_77' title="bbox 2147 1337 3732 1414">
    <p class='ocr_par' dir='ltr' id='par_1_77' title="bbox 2147 1337 3732 1414">
     <span class='ocr_line' id='line_1_78' title="bbox 2147 1337 3732 1414; baseline -0.003 -19"><span class='ocrx_word' id='word_1_585' title='bbox 2147 1342 2238 1406; x_wconf 83' lang='grc' dir='ltr'>τὸς</span> <span class='ocrx_word' id='word_1_586' title='bbox 2264 1343 2484 1414; x_wconf 79' lang='grc' dir='ltr'>ἐποίησε</span> <span class='ocrx_word' id='word_1_587' title='bbox 2505 1343 2682 1414; x_wconf 86' lang='grc' dir='ltr'>δῆλον.</span> <span class='ocrx_word' id='word_1_588' title='bbox 2705 1343 2969 1414; x_wconf 81' lang='grc' dir='ltr'>Οὐράνιον</span> <span class='ocrx_word' id='word_1_589' title='bbox 2989 1341 3097 1412; x_wconf 83' lang='grc' dir='ltr'>γάρ</span> <span class='ocrx_word' id='word_1_590' title='bbox 3123 1340 3143 1380; x_wconf 69' lang='grc' dir='ltr'>ί</span> <span class='ocrx_word' id='word_1_591' title='bbox 3171 1341 3328 1411; x_wconf 88' lang='grc' dir='ltr'>σῶμα</span> <span class='ocrx_word' id='word_1_592' title='bbox 3352 1340 3452 1393; x_wconf 88' lang='grc' dir='ltr'>οὐκ</span> <span class='ocrx_word' id='word_1_593' title='bbox 3472 1337 3732 1393; x_wconf 84' lang='grc' dir='ltr'>ἀνέλαϐεν</span> 
     </span>
    </p>
   </div>
   <div class='ocr_carea' id='block_1_78' title="bbox 2148 1426 3732 1501">
    <p class='ocr_par' dir='ltr' id='par_1_78' title="bbox 2148 1426 3732 1501">
     <span class='ocr_line' id='line_1_79' title="bbox 2148 1426 3732 1501; baseline -0.003 -17"><span class='ocrx_word' id='word_1_594' title='bbox 2148 1432 2177 1484; x_wconf 92' lang='lat'>6</span> <span class='ocrx_word' id='word_1_595' title='bbox 2204 1430 2456 1498; x_wconf 88' lang='grc' dir='ltr'>Χριστός.</span> <span class='ocrx_word' id='word_1_596' title='bbox 2501 1430 2645 1484; x_wconf 86' lang='grc' dir='ltr'>Ἀλλ’</span> <span class='ocrx_word' id='word_1_597' title='bbox 2674 1430 2759 1484; x_wconf 81' lang='grc' dir='ltr'>ἵνα</span> <span class='ocrx_word' id='word_1_598' title='bbox 2787 1431 2862 1501; x_wconf 80' lang='grc' dir='ltr'>μὴ</span> <span class='ocrx_word' id='word_1_599' title='bbox 2891 1430 3220 1501; x_wconf 86' lang='grc' dir='ltr'>μηκύνοντες</span> <span class='ocrx_word' id='word_1_600' title='bbox 3244 1428 3335 1481; x_wconf 82' lang='grc' dir='ltr'>τὸν</span> <span class='ocrx_word' id='word_1_601' title='bbox 3359 1427 3536 1495; x_wconf 89' lang='grc' dir='ltr'>λόγον.</span> <span class='ocrx_word' id='word_1_602' title='bbox 3566 1426 3732 1480; x_wconf 87' lang='grc' dir='ltr'>πάλιν</span> 
     </span>
    </p>
   </div>
   <div class='ocr_carea' id='block_1_79' title="bbox 2150 1514 3733 1590">
    <p class='ocr_par' dir='ltr' id='par_1_79' title="bbox 2150 1514 3733 1590">
     <span class='ocr_line' id='line_1_80' title="bbox 2150 1514 3733 1590; baseline -0.003 -21"><span class='ocrx_word' id='word_1_603' title='bbox 2150 1516 2419 1588; x_wconf 85' lang='grc' dir='ltr'>χρεῶσται</span> <span class='ocrx_word' id='word_1_604' title='bbox 2451 1516 2892 1589; x_wconf 78' lang='grc' dir='ltr'>άναχωρήσωμεν</span> <span class='ocrx_word' id='word_1_605' title='bbox 2937 1518 3176 1590; x_wconf 81' lang='grc' dir='ltr'>σήμερον</span> <span class='ocrx_word' id='word_1_606' title='bbox 3220 1516 3354 1586; x_wconf 81' lang='grc' dir='ltr'>(ἴστε</span> <span class='ocrx_word' id='word_1_607' title='bbox 3387 1514 3495 1585; x_wconf 83' lang='grc' dir='ltr'>γὰρ</span> <span class='ocrx_word' id='word_1_608' title='bbox 3523 1514 3733 1583; x_wconf 79' lang='grc' dir='ltr'>ὅσαπερ</span> 
     </span>
    </p>
   </div>
   <div class='ocr_carea' id='block_1_80' title="bbox 2151 1599 3732 1675">
    <p class='ocr_par' dir='ltr' id='par_1_80' title="bbox 2151 1599 3732 1675">
     <span class='ocr_line' id='line_1_81' title="bbox 2151 1599 3732 1675; baseline -0.002 -20"><span class='ocrx_word' id='word_1_609' title='bbox 2151 1601 2277 1673; x_wconf 85' lang='grc' dir='ltr'>χθὲς</span> <span class='ocrx_word' id='word_1_610' title='bbox 2304 1602 2696 1675; x_wconf 81' lang='grc' dir='ltr'>ὑπεσχόμεθα),</span> <span class='ocrx_word' id='word_1_611' title='bbox 2720 1604 3044 1658; x_wconf 80' lang='grc' dir='ltr'>καταϐαλεῖν</span> <span class='ocrx_word' id='word_1_612' title='bbox 3077 1603 3471 1674; x_wconf 78' lang='grc' dir='ltr'>ἑτοιμάσωμεν.</span> <span class='ocrx_word' id='word_1_613' title='bbox 3501 1600 3601 1654; x_wconf 89' lang='grc' dir='ltr'>Διά</span> <span class='ocrx_word' id='word_1_614' title='bbox 3621 1599 3732 1670; x_wconf 73' lang='grc' dir='ltr'>γὰρ</span> 
     </span>
    </p>
   </div>
   <div class='ocr_carea' id='block_1_81' title="bbox 2150 1683 3734 1762">
    <p class='ocr_par' dir='ltr' id='par_1_81' title="bbox 2150 1683 3734 1762">
     <span class='ocr_line' id='line_1_82' title="bbox 2150 1683 3734 1762; baseline -0.001 -20"><span class='ocrx_word' id='word_1_615' title='bbox 2150 1690 2276 1753; x_wconf 85' lang='grc' dir='ltr'>τούς</span> <span class='ocrx_word' id='word_1_616' title='bbox 2308 1690 2732 1759; x_wconf 86' lang='grc' dir='ltr'>ἀπολειφθέντας</span> <span class='ocrx_word' id='word_1_617' title='bbox 2771 1690 3133 1762; x_wconf 84' lang='grc' dir='ltr'>ἁνεϐαλόμην.</span> <span class='ocrx_word' id='word_1_618' title='bbox 3179 1690 3332 1742; x_wconf 75' lang='grc' dir='ltr'>Ἐπεὶ</span> <span class='ocrx_word' id='word_1_619' title='bbox 3369 1683 3461 1741; x_wconf 82' lang='grc' dir='ltr'>οὖν</span> <span class='ocrx_word' id='word_1_620' title='bbox 3501 1688 3552 1740; x_wconf 75' lang='lat' dir='ltr'><strong>oi</strong></span> <span class='ocrx_word' id='word_1_621' title='bbox 3597 1688 3734 1741; x_wconf 85' lang='grc' dir='ltr'>ἀπο-</span> 
     </span>
    </p>
   </div>
   <div class='ocr_carea' id='block_1_82' title="bbox 2153 1776 3735 1850">
    <p class='ocr_par' dir='ltr' id='par_1_82' title="bbox 2153 1776 3735 1850">
     <span class='ocr_line' id='line_1_83' title="bbox 2153 1776 3735 1850; baseline -0.002 -20"><span class='ocrx_word' id='word_1_622' title='bbox 2153 1777 2460 1847; x_wconf 80' lang='grc' dir='ltr'>λειφθέντες</span> <span class='ocrx_word' id='word_1_623' title='bbox 2496 1778 2563 1833; x_wconf 81' lang='grc' dir='ltr'>τὰ</span> <span class='ocrx_word' id='word_1_624' title='bbox 2603 1779 2813 1834; x_wconf 80' lang='grc' dir='ltr'>ἑαυτῶν</span> <span class='ocrx_word' id='word_1_625' title='bbox 2843 1779 3190 1850; x_wconf 76' lang='grc' dir='ltr'>ἐπλήρωσαν,</span> <span class='ocrx_word' id='word_1_626' title='bbox 3234 1778 3329 1830; x_wconf 89' lang='lat' dir='ltr'>ml</span> <span class='ocrx_word' id='word_1_627' title='bbox 3361 1778 3428 1848; x_wconf 80' lang='grc' dir='ltr'>τῇ</span> <span class='ocrx_word' id='word_1_628' title='bbox 3460 1776 3735 1846; x_wconf 66' lang='grc' dir='ltr'>παρουσίᾳ.</span> 
     </span>
    </p>
   </div>
   <div class='ocr_carea' id='block_1_83' title="bbox 2153 1863 3735 1938">
    <p class='ocr_par' dir='ltr' id='par_1_83' title="bbox 2153 1863 3735 1938">
     <span class='ocr_line' id='line_1_84' title="bbox 2153 1863 3735 1938; baseline -0.001 -20"><span class='ocrx_word' id='word_1_629' title='bbox 2153 1868 2286 1937; x_wconf 82' lang='grc' dir='ltr'>ἡμῖν</span> <span class='ocrx_word' id='word_1_630' title='bbox 2315 1869 2383 1937; x_wconf 83' lang='grc' dir='ltr'>τῇ</span> <span class='ocrx_word' id='word_1_631' title='bbox 2418 1866 2628 1922; x_wconf 78' lang='grc' dir='ltr'>ἑαυτῶν</span> <span class='ocrx_word' id='word_1_632' title='bbox 2658 1869 2683 1908; x_wconf 74' lang='grc'><strong>8</strong></span> <span class='ocrx_word' id='word_1_633' title='bbox 2710 1867 3035 1938; x_wconf 74' lang='grc' dir='ltr'>ἐχαρίσαντο</span> <span class='ocrx_word' id='word_1_634' title='bbox 3060 1864 3342 1937; x_wconf 89' lang='grc' dir='ltr'>τράπεζαν</span> <span class='ocrx_word' id='word_1_635' title='bbox 3372 1863 3735 1936; x_wconf 82' lang='grc' dir='ltr'>πεπληρωμέ-</span> 
     </span>
    </p>
   </div>
   <div class='ocr_carea' id='block_1_84' title="bbox 2156 1951 3734 2028">
    <p class='ocr_par' dir='ltr' id='par_1_84' title="bbox 2156 1951 3734 2028">
     <span class='ocr_line' id='line_1_85' title="bbox 2156 1951 3734 2028; baseline 0.005 -19"><span class='ocrx_word' id='word_1_636' title='bbox 2156 1973 2254 2026; x_wconf 89' lang='grc' dir='ltr'>νην</span> <span class='ocrx_word' id='word_1_637' title='bbox 2292 1956 2400 2011; x_wconf 86' lang='grc' dir='ltr'>τῶν</span> <span class='ocrx_word' id='word_1_638' title='bbox 2428 1956 2818 2028; x_wconf 83' lang='grc' dir='ltr'>ἀναλωμάτων,</span> <span class='ocrx_word' id='word_1_639' title='bbox 2848 1956 2980 2027; x_wconf 86' lang='grc' dir='ltr'>φέρε</span> <span class='ocrx_word' id='word_1_640' title='bbox 3018 1955 3105 2027; x_wconf 81' lang='grc' dir='ltr'>δή,</span> <span class='ocrx_word' id='word_1_641' title='bbox 3133 1954 3201 2009; x_wconf 86' lang='grc' dir='ltr'>τὰ</span> <span class='ocrx_word' id='word_1_642' title='bbox 3229 1954 3336 2025; x_wconf 70' lang='grc' dir='ltr'>ὄψα</span> <span class='ocrx_word' id='word_1_643' title='bbox 3376 1951 3734 2024; x_wconf 69' lang='grc' dir='ltr'>παραθῶμενι</span> 
     </span>
    </p>
   </div>
   <div class='ocr_carea' id='block_1_85' title="bbox 2157 2038 3737 2114">
    <p class='ocr_par' dir='ltr' id='par_1_85' title="bbox 2157 2038 3737 2114">
     <span class='ocr_line' id='line_1_86' title="bbox 2157 2038 3737 2114; baseline -0.005 -17"><span class='ocrx_word' id='word_1_644' title='bbox 2157 2043 2263 2113; x_wconf 74' lang='grc' dir='ltr'>ὄψα</span> <span class='ocrx_word' id='word_1_645' title='bbox 2290 2044 2388 2114; x_wconf 88' lang='grc' dir='ltr'>οὐχ</span> <span class='ocrx_word' id='word_1_646' title='bbox 2408 2043 2570 2097; x_wconf 69' lang='grc' dir='ltr'>ἕωλα·</span> <span class='ocrx_word' id='word_1_647' title='bbox 2605 2046 2655 2098; x_wconf 88' lang='grc' dir='ltr'>εί</span> <span class='ocrx_word' id='word_1_648' title='bbox 2681 2043 2789 2113; x_wconf 86' lang='grc' dir='ltr'>γὰρ</span> <span class='ocrx_word' id='word_1_649' title='bbox 2818 2042 2913 2097; x_wconf 80' lang='grc' dir='ltr'>καὶ</span> <span class='ocrx_word' id='word_1_650' title='bbox 2943 2041 3167 2113; x_wconf 84' lang='grc' dir='ltr'>χθεσινὰ</span> <span class='ocrx_word' id='word_1_651' title='bbox 3192 2038 3281 2113; x_wconf 75' lang='grc' dir='ltr'>ἦν,</span> <span class='ocrx_word' id='word_1_652' title='bbox 3322 2040 3437 2094; x_wconf 79' lang='grc' dir='ltr'>ἀλλ’</span> <span class='ocrx_word' id='word_1_653' title='bbox 3470 2040 3530 2093; x_wconf 88' lang='grc' dir='ltr'>οὑ</span> <span class='ocrx_word' id='word_1_654' title='bbox 3557 2039 3737 2108; x_wconf 82' lang='grc' dir='ltr'>γίνον-</span> 
     </span>
    </p>
   </div>
   <div class='ocr_carea' id='block_1_86' title="bbox 2159 2124 3736 2201">
    <p class='ocr_par' dir='ltr' id='par_1_86' title="bbox 2159 2124 3736 2201">
     <span class='ocr_line' id='line_1_87' title="bbox 2159 2124 3736 2201; baseline -0.003 -18"><span class='ocrx_word' id='word_1_655' title='bbox 2159 2148 2248 2184; x_wconf 87' lang='grc' dir='ltr'>ται</span> <span class='ocrx_word' id='word_1_656' title='bbox 2286 2130 2446 2186; x_wconf 71' lang='grc' dir='ltr'>ἕωλα.</span> <span class='ocrx_word' id='word_1_657' title='bbox 2483 2131 2549 2184; x_wconf 88' lang='grc' dir='ltr'>Τί</span> <span class='ocrx_word' id='word_1_658' title='bbox 2584 2131 2819 2201; x_wconf 87' lang='grc' dir='ltr'>δήποτε;</span> <span class='ocrx_word' id='word_1_659' title='bbox 2859 2130 2973 2184; x_wconf 86' lang='grc' dir='ltr'>Οὐκ</span> <span class='ocrx_word' id='word_1_660' title='bbox 3006 2129 3120 2182; x_wconf 77' lang='grc' dir='ltr'>ἔστι</span> <span class='ocrx_word' id='word_1_661' title='bbox 3150 2129 3304 2200; x_wconf 84' lang='grc' dir='ltr'>κρέα,</span> <span class='ocrx_word' id='word_1_662' title='bbox 3332 2128 3420 2181; x_wconf 79' lang='grc' dir='ltr'>ἵνα</span> <span class='ocrx_word' id='word_1_663' title='bbox 3443 2124 3736 2196; x_wconf 77' lang='grc' dir='ltr'>διαφθαρῇ,</span> 
     </span>
    </p>
   </div>
   <div class='ocr_carea' id='block_1_87' title="bbox 2158 2211 3740 2289">
    <p class='ocr_par' dir='ltr' id='par_1_87' title="bbox 2158 2211 3740 2289">
     <span class='ocr_line' id='line_1_88' title="bbox 2158 2211 3740 2289; baseline -0.003 -21"><span class='ocrx_word' id='word_1_664' title='bbox 2158 2216 2294 2270; x_wconf 84' lang='grc' dir='ltr'>ἀλλά</span> <span class='ocrx_word' id='word_1_665' title='bbox 2321 2219 2567 2289; x_wconf 85' lang='grc' dir='ltr'>νοήματα</span> <span class='ocrx_word' id='word_1_666' title='bbox 2598 2217 2859 2289; x_wconf 84' lang='grc' dir='ltr'>διηνεκῶς</span> <span class='ocrx_word' id='word_1_667' title='bbox 2895 2215 3177 2270; x_wconf 82' lang='grc' dir='ltr'>ἀνθοῦντα.</span> <span class='ocrx_word' id='word_1_668' title='bbox 3212 2215 3294 2268; x_wconf 79' lang='grc' dir='ltr'>Τὰ</span> <span class='ocrx_word' id='word_1_669' title='bbox 3332 2214 3431 2286; x_wconf 84' lang='grc' dir='ltr'>μὲν</span> <span class='ocrx_word' id='word_1_670' title='bbox 3458 2213 3566 2284; x_wconf 81' lang='grc' dir='ltr'>γάρ</span> <span class='ocrx_word' id='word_1_671' title='bbox 3601 2211 3740 2283; x_wconf 86' lang='grc' dir='ltr'>κρέα</span> 
     </span>
    </p>
   </div>
   <div class='ocr_carea' id='block_1_88' title="bbox 2160 2302 3736 2376">
    <p class='ocr_par' dir='ltr' id='par_1_88' title="bbox 2160 2302 3736 2376">
     <span class='ocr_line' id='line_1_89' title="bbox 2160 2302 3736 2376; baseline -0.003 -19"><span class='ocrx_word' id='word_1_672' title='bbox 2160 2304 2457 2376; x_wconf 81' lang='grc' dir='ltr'>φθείρεται·</span> <span class='ocrx_word' id='word_1_673' title='bbox 2499 2305 2656 2375; x_wconf 88' lang='grc' dir='ltr'>σῶμα</span> <span class='ocrx_word' id='word_1_674' title='bbox 2702 2306 2809 2375; x_wconf 88' lang='grc' dir='ltr'>γάρ</span> <span class='ocrx_word' id='word_1_675' title='bbox 2838 2307 2973 2358; x_wconf 86' lang='grc' dir='ltr'>ὲστι·</span> <span class='ocrx_word' id='word_1_676' title='bbox 3012 2305 3085 2358; x_wconf 83' lang='grc' dir='ltr'>τά</span> <span class='ocrx_word' id='word_1_677' title='bbox 3112 2305 3169 2358; x_wconf 79' lang='grc' dir='ltr'>δὲ</span> <span class='ocrx_word' id='word_1_678' title='bbox 3200 2305 3444 2376; x_wconf 87' lang='grc' dir='ltr'>νοήματα</span> <span class='ocrx_word' id='word_1_679' title='bbox 3485 2302 3736 2373; x_wconf 86' lang='grc' dir='ltr'>μένοντα,</span> 
     </span>
    </p>
   </div>
   <div class='ocr_carea' id='block_1_89' title="bbox 2159 2389 3738 2466">
    <p class='ocr_par' dir='ltr' id='par_1_89' title="bbox 2159 2389 3738 2466">
     <span class='ocr_line' id='line_1_90' title="bbox 2159 2389 3738 2466; baseline -0.002 -20"><span class='ocrx_word' id='word_1_680' title='bbox 2159 2394 2497 2465; x_wconf 89' lang='grc' dir='ltr'>εὐωδέστερα</span> <span class='ocrx_word' id='word_1_681' title='bbox 2536 2394 2909 2450; x_wconf 89' lang='grc' dir='ltr'>καθίστανται.</span> <span class='ocrx_word' id='word_1_682' title='bbox 2945 2394 3011 2447; x_wconf 90' lang='grc' dir='ltr'>Τί</span> <span class='ocrx_word' id='word_1_683' title='bbox 3053 2389 3145 2448; x_wconf 77' lang='grc' dir='ltr'>οὖν</span> <span class='ocrx_word' id='word_1_684' title='bbox 3182 2389 3270 2466; x_wconf 80' lang='grc' dir='ltr'>ἦν,</span> <span class='ocrx_word' id='word_1_685' title='bbox 3299 2394 3335 2448; x_wconf 73' lang='grc' dir='ltr'><strong>ἃ</strong></span> <span class='ocrx_word' id='word_1_686' title='bbox 3362 2393 3487 2465; x_wconf 75' lang='grc' dir='ltr'>χθὲς</span> <span class='ocrx_word' id='word_1_687' title='bbox 3510 2392 3738 2463; x_wconf 75' lang='grc' dir='ltr'>εἰρήκα-</span> 
     </span>
    </p>
   </div>
   <div class='ocr_carea' id='block_1_90' title="bbox 2164 2477 3741 2554">
    <p class='ocr_par' dir='ltr' id='par_1_90' title="bbox 2164 2477 3741 2554">
     <span class='ocr_line' id='line_1_91' title="bbox 2164 2477 3741 2554; baseline -0.001 -21"><span class='ocrx_word' id='word_1_688' title='bbox 2164 2497 2291 2552; x_wconf 89' lang='grc' dir='ltr'>μεν;</span> <span class='ocrx_word' id='word_1_689' title='bbox 2333 2481 2443 2535; x_wconf 78' lang='grc' dir='ltr'>Καὶ</span> <span class='ocrx_word' id='word_1_690' title='bbox 2473 2482 2582 2554; x_wconf 83' lang='grc' dir='ltr'>γὰρ</span> <span class='ocrx_word' id='word_1_691' title='bbox 2623 2483 2718 2536; x_wconf 72' lang='grc' dir='ltr'>καὶ</span> <span class='ocrx_word' id='word_1_692' title='bbox 2750 2484 2911 2553; x_wconf 83' lang='grc' dir='ltr'>ήμεῖς</span> <span class='ocrx_word' id='word_1_693' title='bbox 2946 2482 3071 2553; x_wconf 85' lang='grc' dir='ltr'>χθὲς</span> <span class='ocrx_word' id='word_1_694' title='bbox 3110 2480 3495 2551; x_wconf 79' lang='grc' dir='ltr'>ἀπελαύσαμεν</span> <span class='ocrx_word' id='word_1_695' title='bbox 3532 2477 3741 2550; x_wconf 85' lang='grc' dir='ltr'>τραπέ-</span> 
     </span>
    </p>
   </div>
   <div class='ocr_carea' id='block_1_91' title="bbox 2162 2565 3739 2641">
    <p class='ocr_par' dir='ltr' id='par_1_91' title="bbox 2162 2565 3739 2641">
     <span class='ocr_line' id='line_1_92' title="bbox 2162 2565 3739 2641; baseline -0.001 -20"><span class='ocrx_word' id='word_1_696' title='bbox 2162 2567 2280 2638; x_wconf 70' lang='grc' dir='ltr'>ζης,</span> <span class='ocrx_word' id='word_1_697' title='bbox 2304 2568 2396 2622; x_wconf 88' lang='lat' dir='ltr'>ml</span> <span class='ocrx_word' id='word_1_698' title='bbox 2418 2570 2466 2622; x_wconf 87' lang='grc' dir='ltr'>οί</span> <span class='ocrx_word' id='word_1_699' title='bbox 2491 2569 2907 2638; x_wconf 83' lang='grc' dir='ltr'>ἀπολειφθέντες</span> <span class='ocrx_word' id='word_1_700' title='bbox 2926 2571 3024 2625; x_wconf 90' lang='grc' dir='ltr'>οὑκ</span> <span class='ocrx_word' id='word_1_701' title='bbox 3052 2568 3455 2641; x_wconf 77' lang='grc' dir='ltr'>ἐζημιώθησαν.</span> <span class='ocrx_word' id='word_1_702' title='bbox 3479 2567 3588 2621; x_wconf 81' lang='grc' dir='ltr'>Καὶ</span> <span class='ocrx_word' id='word_1_703' title='bbox 3610 2565 3739 2636; x_wconf 77' lang='grc' dir='ltr'>ἐγέ-</span> 
     </span>
    </p>
   </div>
   <div class='ocr_carea' id='block_1_92' title="bbox 2159 2654 3739 2722">
    <p class='ocr_par' dir='ltr' id='par_1_92' title="bbox 2159 2654 3739 2722">
     <span class='ocr_line' id='line_1_93' title="bbox 2159 2654 3739 2722; baseline -0.003 -11"><span class='ocrx_word' id='word_1_704' title='bbox 2159 2672 2297 2711; x_wconf 84' lang='grc' dir='ltr'>νετο</span> <span class='ocrx_word' id='word_1_705' title='bbox 2321 2657 2426 2712; x_wconf 86' lang='grc' dir='ltr'>τοῦ</span> <span class='ocrx_word' id='word_1_706' title='bbox 2448 2657 2742 2721; x_wconf 76' lang='grc' dir='ltr'>ἐνιαυτοῦ,</span> <span class='ocrx_word' id='word_1_707' title='bbox 2760 2654 2830 2714; x_wconf 86' lang='grc' dir='ltr'>οὗ</span> <span class='ocrx_word' id='word_1_708' title='bbox 2852 2657 3149 2712; x_wconf 80' lang='grc' dir='ltr'>ἀπέθανεν</span> <span class='ocrx_word' id='word_1_709' title='bbox 3170 2656 3349 2722; x_wconf 77' lang='grc' dir='ltr'>Ὀζῖας</span> <span class='ocrx_word' id='word_1_710' title='bbox 3369 2658 3401 2709; x_wconf 83' lang='grc' dir='ltr'>ό</span> <span class='ocrx_word' id='word_1_711' title='bbox 3416 2654 3739 2720; x_wconf 73' lang='grc' dir='ltr'>βασιλεὺς,</span> 
     </span>
    </p>
   </div>
   <div class='ocr_carea' id='block_1_93' title="bbox 2161 2739 3741 2815">
    <p class='ocr_par' dir='ltr' id='par_1_93' title="bbox 2161 2739 3741 2815">
     <span class='ocr_line' id='line_1_94' title="bbox 2161 2739 3741 2815; baseline -0.002 -17"><span class='ocrx_word' id='word_1_712' title='bbox 2161 2739 2326 2798; x_wconf 79' lang='grc' dir='ltr'>εἶδον</span> <span class='ocrx_word' id='word_1_713' title='bbox 2355 2744 2465 2799; x_wconf 76' lang='grc' dir='ltr'>τὸν</span> <span class='ocrx_word' id='word_1_714' title='bbox 2496 2746 2713 2815; x_wconf 78' lang='grc' dir='ltr'>Κύριον</span> <span class='ocrx_word' id='word_1_715' title='bbox 2749 2745 3088 2815; x_wconf 66' lang='grc' dir='ltr'>καθήμενον</span> <span class='ocrx_word' id='word_1_716' title='bbox 3122 2744 3221 2799; x_wconf 80' lang='grc' dir='ltr'>ἐπὶ</span> <span class='ocrx_word' id='word_1_717' title='bbox 3248 2745 3462 2812; x_wconf 83' lang='grc' dir='ltr'>θρόνου</span> <span class='ocrx_word' id='word_1_718' title='bbox 3496 2741 3741 2811; x_wconf 66' lang='grc' dir='ltr'>ὑψηλοῦ</span> 
     </span>
    </p>
   </div>
   <div class='ocr_carea' id='block_1_94' title="bbox 2164 2829 3743 2903">
    <p class='ocr_par' dir='ltr' id='par_1_94' title="bbox 2164 2829 3743 2903">
     <span class='ocr_line' id='line_1_95' title="bbox 2164 2829 3743 2903; baseline -0.003 -18"><span class='ocrx_word' id='word_1_719' title='bbox 2164 2831 2261 2887; x_wconf 80' lang='grc' dir='ltr'>καί</span> <span class='ocrx_word' id='word_1_720' title='bbox 2295 2831 2655 2901; x_wconf 81' lang='grc' dir='ltr'>ἐπηρμένου.</span> <span class='ocrx_word' id='word_1_721' title='bbox 2701 2832 2797 2897; x_wconf 90' lang='grc' dir='ltr'>Τίς</span> <span class='ocrx_word' id='word_1_722' title='bbox 2825 2832 2997 2887; x_wconf 83' lang='grc' dir='ltr'>ταῦτά</span> <span class='ocrx_word' id='word_1_723' title='bbox 3030 2847 3228 2903; x_wconf 85' lang='grc' dir='ltr'>φησιν;</span> <span class='ocrx_word' id='word_1_724' title='bbox 3276 2831 3524 2894; x_wconf 83' lang='grc' dir='ltr'>Ἡσαΐας,</span> <span class='ocrx_word' id='word_1_725' title='bbox 3552 2830 3581 2883; x_wconf 93' lang='lat'>6</span> <span class='ocrx_word' id='word_1_726' title='bbox 3611 2829 3743 2882; x_wconf 75' lang='grc' dir='ltr'>θεωο</span> 
     </span>
    </p>
   </div>
   <div class='ocr_carea' id='block_1_95' title="bbox 2169 2916 3743 2991">
    <p class='ocr_par' dir='ltr' id='par_1_95' title="bbox 2169 2916 3743 2991">
     <span class='ocr_line' id='line_1_96' title="bbox 2169 2916 3743 2991; baseline -0.002 -20"><span class='ocrx_word' id='word_1_727' title='bbox 2169 2918 2258 2990; x_wconf 82' lang='grc' dir='ltr'>ρὸς</span> <span class='ocrx_word' id='word_1_728' title='bbox 2283 2917 2392 2972; x_wconf 90' lang='grc' dir='ltr'>τῶν</span> <span class='ocrx_word' id='word_1_729' title='bbox 2422 2919 2720 2990; x_wconf 72' lang='grc' dir='ltr'>Σεραφεὶμ,</span> <span class='ocrx_word' id='word_1_730' title='bbox 2754 2919 2783 2971; x_wconf 93' lang='lat'>6</span> <span class='ocrx_word' id='word_1_731' title='bbox 2812 2919 2976 2991; x_wconf 88' lang='grc' dir='ltr'>γάμῳ</span> <span class='ocrx_word' id='word_1_732' title='bbox 3008 2918 3295 2990; x_wconf 84' lang='grc' dir='ltr'>ὁμιλήσας,</span> <span class='ocrx_word' id='word_1_733' title='bbox 3334 2917 3427 2970; x_wconf 88' lang='lat' dir='ltr'>ml</span> <span class='ocrx_word' id='word_1_734' title='bbox 3458 2916 3557 2988; x_wconf 83' lang='grc' dir='ltr'>τὴν</span> <span class='ocrx_word' id='word_1_735' title='bbox 3584 2916 3743 2987; x_wconf 88' lang='grc' dir='ltr'>χάριν</span> 
     </span>
    </p>
   </div>
   <div class='ocr_carea' id='block_1_96' title="bbox 2168 3002 3743 3080">
    <p class='ocr_par' dir='ltr' id='par_1_96' title="bbox 2168 3002 3743 3080">
     <span class='ocr_line' id='line_1_97' title="bbox 2168 3002 3743 3080; baseline -0.003 -20"><span class='ocrx_word' id='word_1_736' title='bbox 2168 3008 2243 3079; x_wconf 82' lang='grc' dir='ltr'>μή</span> <span class='ocrx_word' id='word_1_737' title='bbox 2295 3007 2513 3072; x_wconf 88' lang='grc' dir='ltr'>σϐέσας.</span> <span class='ocrx_word' id='word_1_738' title='bbox 2564 3009 2675 3062; x_wconf 77' lang='grc' dir='ltr'>Καὶ</span> <span class='ocrx_word' id='word_1_739' title='bbox 2726 3008 3139 3080; x_wconf 90' lang='grc' dir='ltr'>προσεσχήκατε</span> <span class='ocrx_word' id='word_1_740' title='bbox 3190 3006 3267 3078; x_wconf 85' lang='grc' dir='ltr'>τῷ</span> <span class='ocrx_word' id='word_1_741' title='bbox 3314 3005 3594 3077; x_wconf 76' lang='grc' dir='ltr'>προφήτῃ,</span> <span class='ocrx_word' id='word_1_742' title='bbox 3647 3002 3743 3057; x_wconf 82' lang='grc' dir='ltr'>καὶ</span> 
     </span>
    </p>
   </div>
   <div class='ocr_carea' id='block_1_97' title="bbox 2164 3092 3743 3168">
    <p class='ocr_par' dir='ltr' id='par_1_97' title="bbox 2164 3092 3743 3168">
     <span class='ocr_line' id='line_1_98' title="bbox 2164 3092 3743 3168; baseline -0.003 -19"><span class='ocrx_word' id='word_1_743' title='bbox 2164 3094 2433 3166; x_wconf 87' lang='grc' dir='ltr'>ήκούσατε</span> <span class='ocrx_word' id='word_1_744' title='bbox 2472 3094 2565 3149; x_wconf 80' lang='grc' dir='ltr'>τοῦ</span> <span class='ocrx_word' id='word_1_745' title='bbox 2601 3097 2880 3167; x_wconf 82' lang='grc' dir='ltr'>προφήτου</span> <span class='ocrx_word' id='word_1_746' title='bbox 2927 3097 3182 3168; x_wconf 85' lang='grc' dir='ltr'>σήμερον·</span> <span class='ocrx_word' id='word_1_747' title='bbox 3219 3094 3482 3159; x_wconf 72' lang='grc' dir='ltr'>Ἔξελθε,</span> <span class='ocrx_word' id='word_1_748' title='bbox 3514 3092 3596 3146; x_wconf 86' lang='grc' dir='ltr'>σὺ</span> <span class='ocrx_word' id='word_1_749' title='bbox 3643 3092 3743 3146; x_wconf 75' lang='grc' dir='ltr'>καὶ</span> 
     </span>
    </p>
   </div>
   <div class='ocr_carea' id='block_1_98' title="bbox 2179 3181 3746 3253">
    <p class='ocr_par' dir='ltr' id='par_1_98' title="bbox 2179 3181 3746 3253">
     <span class='ocr_line' id='line_1_99' title="bbox 2179 3181 3746 3253; baseline -0.003 -14"><span class='ocrx_word' id='word_1_750' title='bbox 2179 3184 2411 3239; x_wconf 83' lang='grc' dir='ltr'>Ἰασοὺϐ</span> <span class='ocrx_word' id='word_1_751' title='bbox 2436 3187 2469 3239; x_wconf 82' lang='grc' dir='ltr'><em>ὁ</em></span> <span class='ocrx_word' id='word_1_752' title='bbox 2496 3185 2625 3251; x_wconf 77' lang='grc' dir='ltr'>υἱός</span> <span class='ocrx_word' id='word_1_753' title='bbox 2649 3199 2784 3239; x_wconf 86' lang='grc' dir='ltr'>σου.</span> <span class='ocrx_word' id='word_1_754' title='bbox 2820 3185 3136 3252; x_wconf 81' lang='grc' dir='ltr'>Ἀναγκαῖον</span> <span class='ocrx_word' id='word_1_755' title='bbox 3158 3181 3253 3237; x_wconf 88' lang='lat' dir='ltr'>ml</span> <span class='ocrx_word' id='word_1_756' title='bbox 3279 3182 3452 3237; x_wconf 84' lang='grc' dir='ltr'>ταῦτα</span> <span class='ocrx_word' id='word_1_757' title='bbox 3476 3181 3552 3253; x_wconf 77' lang='grc' dir='ltr'>μὴ</span> <span class='ocrx_word' id='word_1_758' title='bbox 3574 3198 3746 3252; x_wconf 67' lang='grc' dir='ltr'>παραυ</span> 
     </span>
    </p>
   </div>
   <div class='ocr_carea' id='block_1_99' title="bbox 2166 3264 3747 3345">
    <p class='ocr_par' dir='ltr' id='par_1_99' title="bbox 2166 3264 3747 3345">
     <span class='ocr_line' id='line_1_100' title="bbox 2166 3264 3747 3345; baseline -0.001 -20"><span class='ocrx_word' id='word_1_759' title='bbox 2166 3271 2411 3345; x_wconf 79' lang='grc' dir='ltr'>δραμεῖν.</span> <span class='ocrx_word' id='word_1_760' title='bbox 2460 3271 2705 3338; x_wconf 85' lang='grc' dir='ltr'>Ἔξελθε,</span> <span class='ocrx_word' id='word_1_761' title='bbox 2752 3272 2818 3326; x_wconf 87' lang='grc' dir='ltr'>σύ</span> <span class='ocrx_word' id='word_1_762' title='bbox 2863 3271 2956 3325; x_wconf 88' lang='lat' dir='ltr'>ml</span> <span class='ocrx_word' id='word_1_763' title='bbox 3011 3271 3041 3323; x_wconf 90' lang='lat'>6</span> <span class='ocrx_word' id='word_1_764' title='bbox 3082 3271 3197 3335; x_wconf 89' lang='grc' dir='ltr'>υίός</span> <span class='ocrx_word' id='word_1_765' title='bbox 3232 3288 3346 3324; x_wconf 86' lang='grc' dir='ltr'>σου.</span> <span class='ocrx_word' id='word_1_766' title='bbox 3383 3269 3511 3323; x_wconf 75' lang='grc' dir='ltr'>Υίδν</span> <span class='ocrx_word' id='word_1_767' title='bbox 3544 3264 3690 3340; x_wconf 78' lang='grc' dir='ltr'>εἶχεν</span> <span class='ocrx_word' id='word_1_768' title='bbox 3713 3270 3747 3323; x_wconf 80' lang='lat'>6</span> 
     </span>
    </p>
   </div>
   <div class='ocr_carea' id='block_1_100' title="bbox 2170 3357 3744 3431">
    <p class='ocr_par' dir='ltr' id='par_1_100' title="bbox 2170 3357 3744 3431">
     <span class='ocr_line' id='line_1_101' title="bbox 2170 3357 3744 3431; baseline -0.003 -17"><span class='ocrx_word' id='word_1_769' title='bbox 2170 3360 2485 3431; x_wconf 86' lang='grc' dir='ltr'>προφήτης;</span> <span class='ocrx_word' id='word_1_770' title='bbox 2514 3357 2719 3413; x_wconf 82' lang='grc' dir='ltr'>Οὐκοῦν</span> <span class='ocrx_word' id='word_1_771' title='bbox 2754 3360 2805 3412; x_wconf 83' lang='grc' dir='ltr'>εί</span> <span class='ocrx_word' id='word_1_772' title='bbox 2839 3359 2973 3423; x_wconf 82' lang='grc' dir='ltr'>υἱὸν,</span> <span class='ocrx_word' id='word_1_773' title='bbox 3009 3359 3103 3412; x_wconf 90' lang='lat' dir='ltr'>ml</span> <span class='ocrx_word' id='word_1_774' title='bbox 3132 3359 3385 3427; x_wconf 87' lang='grc' dir='ltr'>γυναῖκα,</span> <span class='ocrx_word' id='word_1_775' title='bbox 3422 3357 3510 3411; x_wconf 80' lang='grc' dir='ltr'>ἵνα</span> <span class='ocrx_word' id='word_1_776' title='bbox 3543 3357 3744 3428; x_wconf 81' lang='grc' dir='ltr'>μάθῃς,</span> 
     </span>
    </p>
   </div>
   <div class='ocr_carea' id='block_1_101' title="bbox 2167 3444 3743 3517">
    <p class='ocr_par' dir='ltr' id='par_1_101' title="bbox 2167 3444 3743 3517">
     <span class='ocr_line' id='line_1_102' title="bbox 2167 3444 3743 3517; baseline -0.001 -19"><span class='ocrx_word' id='word_1_777' title='bbox 2167 3446 2249 3500; x_wconf 84' lang='grc' dir='ltr'>ὃτι</span> <span class='ocrx_word' id='word_1_778' title='bbox 2274 3447 2335 3500; x_wconf 85' lang='grc' dir='ltr'>οὑ</span> <span class='ocrx_word' id='word_1_779' title='bbox 2361 3446 2561 3515; x_wconf 86' lang='grc' dir='ltr'>φαῦλον</span> <span class='ocrx_word' id='word_1_780' title='bbox 2589 3447 2617 3498; x_wconf 94' lang='lat'>6</span> <span class='ocrx_word' id='word_1_781' title='bbox 2641 3445 2817 3516; x_wconf 87' lang='grc' dir='ltr'>γάμος</span> <span class='ocrx_word' id='word_1_782' title='bbox 2836 3447 2885 3508; x_wconf 70' lang='grc' dir='ltr'>δ,</span> <span class='ocrx_word' id='word_1_783' title='bbox 2913 3444 3050 3500; x_wconf 87' lang='grc' dir='ltr'>ἀλλά</span> <span class='ocrx_word' id='word_1_784' title='bbox 3076 3445 3242 3499; x_wconf 81' lang='grc' dir='ltr'>κακὸν</span> <span class='ocrx_word' id='word_1_785' title='bbox 3266 3448 3300 3516; x_wconf 83' lang='grc' dir='ltr'>ή</span> <span class='ocrx_word' id='word_1_786' title='bbox 3329 3445 3573 3517; x_wconf 88' lang='grc' dir='ltr'>πορνεία.</span> <span class='ocrx_word' id='word_1_787' title='bbox 3605 3445 3743 3498; x_wconf 77' lang='grc' dir='ltr'>Ἀλλ’</span> 
     </span>
    </p>
   </div>
   <div class='ocr_carea' id='block_1_102' title="bbox 2168 3531 3746 3603">
    <p class='ocr_par' dir='ltr' id='par_1_102' title="bbox 2168 3531 3746 3603">
     <span class='ocr_line' id='line_1_103' title="bbox 2168 3531 3746 3603; baseline -0.001 -17"><span class='ocrx_word' id='word_1_788' title='bbox 2168 3532 2355 3603; x_wconf 80' lang='grc' dir='ltr'>ἐπειδὴ</span> <span class='ocrx_word' id='word_1_789' title='bbox 2377 3532 2588 3595; x_wconf 84' lang='grc' dir='ltr'>πολλοῖς</span> <span class='ocrx_word' id='word_1_790' title='bbox 2618 3549 2729 3586; x_wconf 90' lang='grc' dir='ltr'>τισι</span> <span class='ocrx_word' id='word_1_791' title='bbox 2761 3532 3142 3603; x_wconf 86' lang='grc' dir='ltr'>διαλεγόμεθα,</span> <span class='ocrx_word' id='word_1_792' title='bbox 3179 3534 3273 3586; x_wconf 74' lang='grc' dir='ltr'>καὶ</span> <span class='ocrx_word' id='word_1_793' title='bbox 3296 3532 3550 3602; x_wconf 87' lang='grc' dir='ltr'>λέγομεν,</span> <span class='ocrx_word' id='word_1_794' title='bbox 3570 3531 3669 3586; x_wconf 78' lang='grc' dir='ltr'>Διά</span> <span class='ocrx_word' id='word_1_795' title='bbox 3691 3531 3746 3585; x_wconf 86' lang='grc' dir='ltr'>τί</span> 
     </span>
    </p>
   </div>
   <div class='ocr_carea' id='block_1_103' title="bbox 2173 3618 3745 3691">
    <p class='ocr_par' dir='ltr' id='par_1_103' title="bbox 2173 3618 3745 3691">
     <span class='ocr_line' id='line_1_104' title="bbox 2173 3618 3745 3691; baseline -0.001 -19"><span class='ocrx_word' id='word_1_796' title='bbox 2173 3620 2248 3691; x_wconf 82' lang='grc' dir='ltr'>μὴ</span> <span class='ocrx_word' id='word_1_797' title='bbox 2283 3619 2457 3691; x_wconf 83' lang='grc' dir='ltr'>ὀρθῶς</span> <span class='ocrx_word' id='word_1_798' title='bbox 2490 3619 2612 3691; x_wconf 78' lang='grc' dir='ltr'>ζῇς,</span> <span class='ocrx_word' id='word_1_799' title='bbox 2647 3619 2735 3673; x_wconf 81' lang='grc' dir='ltr'>διὰ</span> <span class='ocrx_word' id='word_1_800' title='bbox 2765 3620 2819 3674; x_wconf 94' lang='grc' dir='ltr'>τί</span> <span class='ocrx_word' id='word_1_801' title='bbox 2847 3618 2921 3691; x_wconf 83' lang='grc' dir='ltr'>μή</span> <span class='ocrx_word' id='word_1_802' title='bbox 2956 3620 3066 3689; x_wconf 85' lang='grc' dir='ltr'>βίον</span> <span class='ocrx_word' id='word_1_803' title='bbox 3107 3618 3305 3691; x_wconf 84' lang='grc' dir='ltr'>ἀκριϐῆ</span> <span class='ocrx_word' id='word_1_804' title='bbox 3340 3618 3745 3684; x_wconf 75' lang='grc' dir='ltr'>ὲπιδείκνυσαις</span> 
     </span>
    </p>
   </div>
   <div class='ocr_carea' id='block_1_104' title="bbox 2170 3706 3744 3779">
    <p class='ocr_par' dir='ltr' id='par_1_104' title="bbox 2170 3706 3744 3779">
     <span class='ocr_line' id='line_1_105' title="bbox 2170 3706 3744 3779; baseline -0.001 -17"><span class='ocrx_word' id='word_1_805' title='bbox 2170 3707 2292 3774; x_wconf 84' lang='grc' dir='ltr'>Πῶς</span> <span class='ocrx_word' id='word_1_806' title='bbox 2329 3706 2583 3779; x_wconf 80' lang='grc' dir='ltr'>δύναμαι,</span> <span class='ocrx_word' id='word_1_807' title='bbox 2624 3708 2807 3777; x_wconf 76' lang='grc' dir='ltr'>φησὶν,</span> <span class='ocrx_word' id='word_1_808' title='bbox 2847 3708 2942 3762; x_wconf 74' lang='grc' dir='ltr'>ἐὰν</span> <span class='ocrx_word' id='word_1_809' title='bbox 2983 3707 3056 3778; x_wconf 81' lang='grc' dir='ltr'>μὴ</span> <span class='ocrx_word' id='word_1_810' title='bbox 3104 3707 3460 3778; x_wconf 80' lang='grc' dir='ltr'>ἀποτάξωμαι</span> <span class='ocrx_word' id='word_1_811' title='bbox 3500 3708 3744 3776; x_wconf 69' lang='grc' dir='ltr'>γυναικὶ,</span> 
     </span>
    </p>
   </div>
   <div class='ocr_carea' id='block_1_105' title="bbox 2129 3794 3747 3867">
    <p class='ocr_par' dir='ltr' id='par_1_105' title="bbox 2129 3794 3747 3867">
     <span class='ocr_line' id='line_1_106' title="bbox 2129 3794 3747 3867; baseline 0.002 -20"><span class='ocrx_word' id='word_1_812' title='bbox 2129 3810 2135 3817; x_wconf 74' lang='grc'><em>’</em></span> <span class='ocrx_word' id='word_1_813' title='bbox 2171 3796 2266 3850; x_wconf 79' lang='grc' dir='ltr'>ὲάν</span> <span class='ocrx_word' id='word_1_814' title='bbox 2316 3794 2390 3866; x_wconf 85' lang='grc' dir='ltr'>μὴ</span> <span class='ocrx_word' id='word_1_815' title='bbox 2439 3795 2796 3865; x_wconf 82' lang='grc' dir='ltr'>ἀποτάξωμαι</span> <span class='ocrx_word' id='word_1_816' title='bbox 2841 3795 3092 3858; x_wconf 87' lang='grc' dir='ltr'>παιδίοις,</span> <span class='ocrx_word' id='word_1_817' title='bbox 3139 3795 3234 3848; x_wconf 69' lang='grc' dir='ltr'>ἐὰν</span> <span class='ocrx_word' id='word_1_818' title='bbox 3274 3795 3349 3867; x_wconf 85' lang='grc' dir='ltr'>μὴ</span> <span class='ocrx_word' id='word_1_819' title='bbox 3386 3795 3747 3866; x_wconf 79' lang='grc' dir='ltr'>ἀποτάξωμαι</span> 
     </span>
    </p>
   </div>
   <div class='ocr_carea' id='block_1_106' title="bbox 2171 3880 3748 3954">
    <p class='ocr_par' dir='ltr' id='par_1_106' title="bbox 2171 3880 3748 3954">
     <span class='ocr_line' id='line_1_107' title="bbox 2171 3880 3748 3954; baseline 0.002 -20"><span class='ocrx_word' id='word_1_820' title='bbox 2171 3883 2490 3954; x_wconf 80' lang='grc' dir='ltr'>πράγμασις</span> <span class='ocrx_word' id='word_1_821' title='bbox 2518 3880 2619 3935; x_wconf 86' lang='grc' dir='ltr'>Διά</span> <span class='ocrx_word' id='word_1_822' title='bbox 2653 3882 2704 3934; x_wconf 90' lang='grc' dir='ltr'>τί</span> <span class='ocrx_word' id='word_1_823' title='bbox 2724 3898 2745 3948; x_wconf 65' lang='grc' dir='ltr'>;σ</span> <span class='ocrx_word' id='word_1_824' title='bbox 2773 3881 2847 3953; x_wconf 77' lang='grc' dir='ltr'>μή</span> <span class='ocrx_word' id='word_1_825' title='bbox 2876 3881 3102 3954; x_wconf 87' lang='grc' dir='ltr'>κώλυμα</span> <span class='ocrx_word' id='word_1_826' title='bbox 3126 3885 3155 3935; x_wconf 92' lang='lat'>6</span> <span class='ocrx_word' id='word_1_827' title='bbox 3191 3882 3405 3952; x_wconf 84' lang='grc' dir='ltr'>γάμος;</span> <span class='ocrx_word' id='word_1_828' title='bbox 3433 3882 3634 3950; x_wconf 85' lang='grc' dir='ltr'>Βοηθός</span> <span class='ocrx_word' id='word_1_829' title='bbox 3663 3900 3748 3938; x_wconf 89' lang='grc' dir='ltr'>σοι</span> 
     </span>
    </p>
   </div>
   <div class='ocr_carea' id='block_1_107' title="bbox 2170 3969 3749 4042">
    <p class='ocr_par' dir='ltr' id='par_1_107' title="bbox 2170 3969 3749 4042">
     <span class='ocr_line' id='line_1_108' title="bbox 2170 3969 3749 4042; baseline 0.001 -18"><span class='ocrx_word' id='word_1_830' title='bbox 2170 3970 2373 4024; x_wconf 85' lang='grc' dir='ltr'>δέδοται</span> <span class='ocrx_word' id='word_1_831' title='bbox 2391 3973 2424 4041; x_wconf 84' lang='grc' dir='ltr'>ή</span> <span class='ocrx_word' id='word_1_832' title='bbox 2448 3969 2606 4041; x_wconf 86' lang='grc' dir='ltr'>γυνὴ,</span> <span class='ocrx_word' id='word_1_833' title='bbox 2630 3969 2704 4042; x_wconf 80' lang='grc' dir='ltr'>μή</span> <span class='ocrx_word' id='word_1_834' title='bbox 2734 3970 3033 4033; x_wconf 71' lang='grc' dir='ltr'>ἐπίϐουλος.</span> <span class='ocrx_word' id='word_1_835' title='bbox 3053 3970 3110 4023; x_wconf 84' lang='grc'>’0</span> <span class='ocrx_word' id='word_1_836' title='bbox 3132 3971 3415 4041; x_wconf 82' lang='grc' dir='ltr'>προφήτης</span> <span class='ocrx_word' id='word_1_837' title='bbox 3432 3970 3491 4023; x_wconf 92' lang='grc' dir='ltr'>οὐ</span> <span class='ocrx_word' id='word_1_838' title='bbox 3512 3973 3749 4039; x_wconf 85' lang='grc' dir='ltr'>γυναῖκα</span> 
     </span>
    </p>
   </div>
   <div class='ocr_carea' id='block_1_108' title="bbox 2172 4053 3745 4129">
    <p class='ocr_par' dir='ltr' id='par_1_108' title="bbox 2172 4053 3745 4129">
     <span class='ocr_line' id='line_1_109' title="bbox 2172 4053 3745 4129; baseline 0.001 -19"><span class='ocrx_word' id='word_1_839' title='bbox 2172 4053 2313 4128; x_wconf 73' lang='grc' dir='ltr'>εἶχες</span> <span class='ocrx_word' id='word_1_840' title='bbox 2349 4056 2454 4110; x_wconf 74' lang='grc' dir='ltr'>Καὶ</span> <span class='ocrx_word' id='word_1_841' title='bbox 2476 4060 2578 4111; x_wconf 83' lang='grc' dir='ltr'>οὐκ</span> <span class='ocrx_word' id='word_1_842' title='bbox 2615 4058 2829 4126; x_wconf 77' lang='grc' dir='ltr'>ἐγένετο</span> <span class='ocrx_word' id='word_1_843' title='bbox 2858 4055 3085 4128; x_wconf 86' lang='grc' dir='ltr'>κώλυμα</span> <span class='ocrx_word' id='word_1_844' title='bbox 3116 4057 3212 4111; x_wconf 77' lang='grc' dir='ltr'>τοῦ</span> <span class='ocrx_word' id='word_1_845' title='bbox 3251 4056 3563 4129; x_wconf 89' lang='grc' dir='ltr'>Πνεύματος</span> <span class='ocrx_word' id='word_1_846' title='bbox 3590 4060 3620 4112; x_wconf 91' lang='lat'>6</span> <span class='ocrx_word' id='word_1_847' title='bbox 3646 4061 3745 4128; x_wconf 67' lang='lat'><strong>7&amp;-</strong></span> 
     </span>
    </p>
   </div>
   <div class='ocr_carea' id='block_1_109' title="bbox 2176 4144 3749 4219">
    <p class='ocr_par' dir='ltr' id='par_1_109' title="bbox 2176 4144 3749 4219">
     <span class='ocr_line' id='line_1_110' title="bbox 2176 4144 3749 4219; baseline 0.006 -25"><span class='ocrx_word' id='word_1_848' title='bbox 2176 4163 2274 4217; x_wconf 84' lang='grc' dir='ltr'>μος</span> <span class='ocrx_word' id='word_1_849' title='bbox 2301 4147 2319 4186; x_wconf 79' lang='grc' dir='ltr'>ί</span> <span class='ocrx_word' id='word_1_850' title='bbox 2343 4162 2358 4177; x_wconf 78' lang='grc' dir='ltr'><strong><em>ο</em></strong></span> <span class='ocrx_word' id='word_1_851' title='bbox 2391 4145 2529 4200; x_wconf 86' lang='grc' dir='ltr'>ἀλλὰ</span> <span class='ocrx_word' id='word_1_852' title='bbox 2560 4144 2654 4198; x_wconf 89' lang='lat' dir='ltr'>ml</span> <span class='ocrx_word' id='word_1_853' title='bbox 2698 4144 2890 4215; x_wconf 83' lang='grc' dir='ltr'>ὡμίλει</span> <span class='ocrx_word' id='word_1_854' title='bbox 2938 4147 3005 4216; x_wconf 82' lang='grc' dir='ltr'>τῇ</span> <span class='ocrx_word' id='word_1_855' title='bbox 3040 4146 3280 4214; x_wconf 79' lang='grc' dir='ltr'>γυναικὶ,</span> <span class='ocrx_word' id='word_1_856' title='bbox 3329 4146 3423 4200; x_wconf 89' lang='lat' dir='ltr'>ml</span> <span class='ocrx_word' id='word_1_857' title='bbox 3462 4147 3749 4219; x_wconf 82' lang='grc' dir='ltr'>προφήτης</span> 
     </span>
    </p>
   </div>
   <div class='ocr_carea' id='block_1_110' title="bbox 2170 4231 3748 4308">
    <p class='ocr_par' dir='ltr' id='par_1_110' title="bbox 2170 4231 3748 4308">
     <span class='ocr_line' id='line_1_111' title="bbox 2170 4231 3748 4308; baseline 0.003 -23"><span class='ocrx_word' id='word_1_858' title='bbox 2170 4231 2258 4305; x_wconf 83' lang='grc' dir='ltr'>ἦν.</span> <span class='ocrx_word' id='word_1_859' title='bbox 2299 4234 2356 4288; x_wconf 89' lang='lat'><strong>&#39;0</strong></span> <span class='ocrx_word' id='word_1_860' title='bbox 2388 4234 2625 4303; x_wconf 79' lang='grc' dir='ltr'>Μωῦσῆς</span> <span class='ocrx_word' id='word_1_861' title='bbox 2652 4233 2712 4286; x_wconf 86' lang='grc' dir='ltr'>οὐ</span> <span class='ocrx_word' id='word_1_862' title='bbox 2751 4235 2985 4301; x_wconf 84' lang='grc' dir='ltr'>γυναῖκα</span> <span class='ocrx_word' id='word_1_863' title='bbox 3010 4233 3168 4305; x_wconf 72' lang='grc' dir='ltr'>ἔσχες</span> <span class='ocrx_word' id='word_1_864' title='bbox 3202 4235 3313 4288; x_wconf 80' lang='lat' dir='ltr'><strong><em>Kal</em></strong></span> <span class='ocrx_word' id='word_1_865' title='bbox 3339 4234 3544 4306; x_wconf 86' lang='grc' dir='ltr'>πέτρας</span> <span class='ocrx_word' id='word_1_866' title='bbox 3580 4234 3748 4308; x_wconf 60' lang='lat'><strong>£9917-</strong></span> 
     </span>
    </p>
   </div>
   <div class='ocr_carea' id='block_1_111' title="bbox 2173 4320 3751 4393">
    <p class='ocr_par' dir='ltr' id='par_1_111' title="bbox 2173 4320 3751 4393">
     <span class='ocr_line' id='line_1_112' title="bbox 2173 4320 3751 4393; baseline 0.003 -20"><span class='ocrx_word' id='word_1_867' title='bbox 2173 4321 2253 4388; x_wconf 81' lang='grc' dir='ltr'>ξε,</span> <span class='ocrx_word' id='word_1_868' title='bbox 2309 4322 2402 4376; x_wconf 84' lang='lat' dir='ltr'>ml</span> <span class='ocrx_word' id='word_1_869' title='bbox 2457 4321 2594 4391; x_wconf 82' lang='grc' dir='ltr'>ἀέρα</span> <span class='ocrx_word' id='word_1_870' title='bbox 2642 4320 2922 4390; x_wconf 85' lang='grc' dir='ltr'>μετέϐαλε,</span> <span class='ocrx_word' id='word_1_871' title='bbox 2975 4322 3070 4375; x_wconf 88' lang='lat' dir='ltr'>ml</span> <span class='ocrx_word' id='word_1_872' title='bbox 3130 4321 3248 4393; x_wconf 83' lang='grc' dir='ltr'>Θεῷ</span> <span class='ocrx_word' id='word_1_873' title='bbox 3297 4321 3585 4392; x_wconf 88' lang='grc' dir='ltr'>διελέγετο,</span> <span class='ocrx_word' id='word_1_874' title='bbox 3653 4324 3751 4378; x_wconf 81' lang='grc' dir='ltr'>καὶ</span> 
     </span>
    </p>
   </div>
   <div class='ocr_carea' id='block_1_112' title="bbox 2173 4406 3752 4481">
    <p class='ocr_par' dir='ltr' id='par_1_112' title="bbox 2173 4406 3752 4481">
     <span class='ocr_line' id='line_1_113' title="bbox 2173 4406 3752 4481; baseline 0.003 -19"><span class='ocrx_word' id='word_1_875' title='bbox 2173 4408 2430 4480; x_wconf 87' lang='grc' dir='ltr'>θεήλατον</span> <span class='ocrx_word' id='word_1_876' title='bbox 2448 4407 2618 4479; x_wconf 85' lang='grc' dir='ltr'>ὀργήν</span> <span class='ocrx_word' id='word_1_877' title='bbox 2645 4406 2970 4463; x_wconf 88' lang='grc' dir='ltr'>ἀνέστειλεν.</span> <span class='ocrx_word' id='word_1_878' title='bbox 3008 4408 3067 4461; x_wconf 91' lang='lat'><strong>&#39;0</strong></span> <span class='ocrx_word' id='word_1_879' title='bbox 3101 4408 3351 4481; x_wconf 83' lang='grc' dir='ltr'>Ἀϐραὰμ</span> <span class='ocrx_word' id='word_1_880' title='bbox 3370 4409 3490 4480; x_wconf 57' lang='grc' dir='ltr'>οὐχλ⁵</span> <span class='ocrx_word' id='word_1_881' title='bbox 3513 4412 3752 4479; x_wconf 83' lang='grc' dir='ltr'>γυναῖκα</span> 
     </span>
    </p>
   </div>
   <div class='ocr_carea' id='block_1_113' title="bbox 2172 4494 3749 4569">
    <p class='ocr_par' dir='ltr' id='par_1_113' title="bbox 2172 4494 3749 4569">
     <span class='ocr_line' id='line_1_114' title="bbox 2172 4494 3749 4569; baseline 0.001 -19"><span class='ocrx_word' id='word_1_882' title='bbox 2172 4496 2331 4568; x_wconf 61' lang='lat' dir='ltr'>taxa;</span> <span class='ocrx_word' id='word_1_883' title='bbox 2361 4496 2470 4551; x_wconf 80' lang='lat' dir='ltr'><strong><em>Kal</em></strong></span> <span class='ocrx_word' id='word_1_884' title='bbox 2492 4495 2673 4567; x_wconf 83' lang='grc' dir='ltr'>πατὴρ</span> <span class='ocrx_word' id='word_1_885' title='bbox 2698 4494 2912 4565; x_wconf 77' lang='grc' dir='ltr'>ἐγένετο</span> <span class='ocrx_word' id='word_1_886' title='bbox 2936 4496 3124 4559; x_wconf 77' lang='grc' dir='ltr'>ἐθνῶν,</span> <span class='ocrx_word' id='word_1_887' title='bbox 3154 4498 3248 4551; x_wconf 88' lang='lat' dir='ltr'>ml</span> <span class='ocrx_word' id='word_1_888' title='bbox 3268 4497 3366 4569; x_wconf 84' lang='grc' dir='ltr'>τῆς</span> <span class='ocrx_word' id='word_1_889' title='bbox 3398 4496 3749 4569; x_wconf 79' lang='grc' dir='ltr'>Ἐκκλησίας·</span> 
     </span>
    </p>
   </div>
   <div class='ocr_carea' id='block_1_114' title="bbox 2173 4578 3751 4658">
    <p class='ocr_par' dir='ltr' id='par_1_114' title="bbox 2173 4578 3751 4658">
     <span class='ocr_line' id='line_1_115' title="bbox 2173 4578 3751 4658; baseline 0.002 -22"><span class='ocrx_word' id='word_1_890' title='bbox 2173 4584 2263 4637; x_wconf 84' lang='grc' dir='ltr'>τὸν</span> <span class='ocrx_word' id='word_1_891' title='bbox 2287 4583 2394 4656; x_wconf 83' lang='grc' dir='ltr'>γάρ</span> <span class='ocrx_word' id='word_1_892' title='bbox 2435 4582 2618 4635; x_wconf 76' lang='grc' dir='ltr'>Ἰσαὰκ</span> <span class='ocrx_word' id='word_1_893' title='bbox 2645 4583 2757 4636; x_wconf 70' lang='grc' dir='ltr'>υἱδν</span> <span class='ocrx_word' id='word_1_894' title='bbox 2778 4578 2912 4653; x_wconf 78' lang='grc' dir='ltr'>εἶχε,</span> <span class='ocrx_word' id='word_1_895' title='bbox 2940 4584 3033 4637; x_wconf 85' lang='lat' dir='ltr'>ml</span> <span class='ocrx_word' id='word_1_896' title='bbox 3061 4583 3220 4648; x_wconf 83' lang='grc' dir='ltr'>αὐτὸς</span> <span class='ocrx_word' id='word_1_897' title='bbox 3241 4585 3455 4654; x_wconf 77' lang='grc' dir='ltr'>ἐγένετο</span> <span class='ocrx_word' id='word_1_898' title='bbox 3475 4586 3751 4658; x_wconf 81' lang='grc' dir='ltr'>κατορθω-</span> 
     </span>
    </p>
   </div>
   <div class='ocr_carea' id='block_1_115' title="bbox 2177 4670 3752 4745">
    <p class='ocr_par' dir='ltr' id='par_1_115' title="bbox 2177 4670 3752 4745">
     <span class='ocr_line' id='line_1_116' title="bbox 2177 4670 3752 4745; baseline 0.002 -20"><span class='ocrx_word' id='word_1_899' title='bbox 2177 4672 2361 4741; x_wconf 87' lang='grc' dir='ltr'>μάτων</span> <span class='ocrx_word' id='word_1_900' title='bbox 2387 4670 2663 4734; x_wconf 88' lang='grc' dir='ltr'>ὑπόθεσις.</span> <span class='ocrx_word' id='word_1_901' title='bbox 2700 4670 2813 4724; x_wconf 88' lang='grc' dir='ltr'>οὐκ</span> <span class='ocrx_word' id='word_1_902' title='bbox 2856 4672 3121 4742; x_wconf 89' lang='grc' dir='ltr'>ἀνήνεγκε</span> <span class='ocrx_word' id='word_1_903' title='bbox 3145 4671 3206 4725; x_wconf 85' lang='grc' dir='ltr'>τὸ</span> <span class='ocrx_word' id='word_1_904' title='bbox 3236 4672 3468 4738; x_wconf 84' lang='grc' dir='ltr'>παιδίον,</span> <span class='ocrx_word' id='word_1_905' title='bbox 3496 4672 3587 4728; x_wconf 85' lang='grc' dir='ltr'>τὸν</span> <span class='ocrx_word' id='word_1_906' title='bbox 3615 4692 3752 4745; x_wconf 78' lang='grc' dir='ltr'>καρ-</span> 
     </span>
    </p>
   </div>
   <div class='ocr_carea' id='block_1_116' title="bbox 2176 4758 3750 4833">
    <p class='ocr_par' dir='ltr' id='par_1_116' title="bbox 2176 4758 3750 4833">
     <span class='ocr_line' id='line_1_117' title="bbox 2176 4758 3750 4833; baseline 0.002 -21"><span class='ocrx_word' id='word_1_907' title='bbox 2176 4761 2274 4812; x_wconf 61' lang='grc' dir='ltr'>πδν</span> <span class='ocrx_word' id='word_1_908' title='bbox 2299 4759 2391 4812; x_wconf 84' lang='grc' dir='ltr'>τοῦ</span> <span class='ocrx_word' id='word_1_909' title='bbox 2415 4760 2625 4829; x_wconf 86' lang='grc' dir='ltr'>γάμου;</span> <span class='ocrx_word' id='word_1_910' title='bbox 2657 4758 2755 4812; x_wconf 90' lang='grc' dir='ltr'>οὐκ</span> <span class='ocrx_word' id='word_1_911' title='bbox 2777 4758 2991 4829; x_wconf 75' lang='grc' dir='ltr'>ἐγένετο</span> <span class='ocrx_word' id='word_1_912' title='bbox 3019 4760 3113 4813; x_wconf 86' lang='lat' dir='ltr'>ml</span> <span class='ocrx_word' id='word_1_913' title='bbox 3147 4761 3329 4833; x_wconf 75' lang='grc' dir='ltr'>πατὴρ</span> <span class='ocrx_word' id='word_1_914' title='bbox 3355 4762 3448 4816; x_wconf 89' lang='lat' dir='ltr'>ml</span> <span class='ocrx_word' id='word_1_915' title='bbox 3473 4761 3750 4832; x_wconf 79' lang='grc' dir='ltr'>φιλόθεοςς</span> 
     </span>
    </p>
   </div>
   <div class='ocr_carea' id='block_1_117' title="bbox 2176 4843 3749 4922">
    <p class='ocr_par' dir='ltr' id='par_1_117' title="bbox 2176 4843 3749 4922">
     <span class='ocr_line' id='line_1_118' title="bbox 2176 4843 3749 4922; baseline 0.003 -22"><span class='ocrx_word' id='word_1_916' title='bbox 2176 4849 2273 4901; x_wconf 88' lang='grc' dir='ltr'>οὐκ</span> <span class='ocrx_word' id='word_1_917' title='bbox 2300 4843 2369 4918; x_wconf 80' lang='grc' dir='ltr'>ἦν</span> <span class='ocrx_word' id='word_1_918' title='bbox 2400 4847 2527 4900; x_wconf 76' lang='grc' dir='ltr'>ἰδεῖν</span> <span class='ocrx_word' id='word_1_919' title='bbox 2565 4845 2718 4919; x_wconf 83' lang='grc' dir='ltr'>ἱερέα</span> <span class='ocrx_word' id='word_1_920' title='bbox 2738 4846 2799 4913; x_wconf 79' lang='grc' dir='ltr'>ἐξ</span> <span class='ocrx_word' id='word_1_921' title='bbox 2828 4847 3042 4901; x_wconf 85' lang='grc' dir='ltr'>οἰκείων</span> <span class='ocrx_word' id='word_1_922' title='bbox 3072 4847 3393 4919; x_wconf 85' lang='grc' dir='ltr'>σπλάγχνων</span> <span class='ocrx_word' id='word_1_923' title='bbox 3421 4850 3749 4922; x_wconf 79' lang='grc' dir='ltr'>γενόμενονς</span> 
     </span>
    </p>
   </div>
   <div class='ocr_carea' id='block_1_118' title="bbox 2179 4933 3753 5006">
    <p class='ocr_par' dir='ltr' id='par_1_118' title="bbox 2179 4933 3753 5006">
     <span class='ocr_line' id='line_1_119' title="bbox 2179 4933 3753 5006; baseline 0.003 -19"><span class='ocrx_word' id='word_1_924' title='bbox 2179 4935 2327 5005; x_wconf 80' lang='grc' dir='ltr'>ἱερέα</span> <span class='ocrx_word' id='word_1_925' title='bbox 2364 4934 2459 4988; x_wconf 88' lang='lat' dir='ltr'>ml</span> <span class='ocrx_word' id='word_1_926' title='bbox 2491 4933 2739 5006; x_wconf 75' lang='grc' dir='ltr'>πατέρας</span> <span class='ocrx_word' id='word_1_927' title='bbox 2775 4934 2937 5004; x_wconf 88' lang='grc' dir='ltr'>φύσιν</span> <span class='ocrx_word' id='word_1_928' title='bbox 2977 4935 3305 5006; x_wconf 89' lang='grc' dir='ltr'>νικωμένην,</span> <span class='ocrx_word' id='word_1_929' title='bbox 3344 4936 3439 4990; x_wconf 77' lang='grc' dir='ltr'>καὶ</span> <span class='ocrx_word' id='word_1_930' title='bbox 3463 4938 3753 4992; x_wconf 84' lang='grc' dir='ltr'>εὐλάϐειαν</span> 
     </span>
    </p>
   </div>
   <div class='ocr_carea' id='block_1_119' title="bbox 2177 5021 3751 5098">
    <p class='ocr_par' dir='ltr' id='par_1_119' title="bbox 2177 5021 3751 5098">
     <span class='ocr_line' id='line_1_120' title="bbox 2177 5021 3751 5098; baseline 0.003 -22"><span class='ocrx_word' id='word_1_931' title='bbox 2177 5023 2514 5092; x_wconf 83' lang='grc' dir='ltr'>κρατοῦσαν;</span> <span class='ocrx_word' id='word_1_932' title='bbox 2542 5022 2825 5093; x_wconf 88' lang='grc' dir='ltr'>σπλάγχνα</span> <span class='ocrx_word' id='word_1_933' title='bbox 2850 5021 3186 5093; x_wconf 89' lang='grc' dir='ltr'>πατούμενα,</span> <span class='ocrx_word' id='word_1_934' title='bbox 3219 5024 3313 5077; x_wconf 76' lang='grc' dir='ltr'>καὶ</span> <span class='ocrx_word' id='word_1_935' title='bbox 3351 5025 3751 5098; x_wconf 83' lang='grc' dir='ltr'>κατορθώματα</span> 
     </span>
    </p>
   </div>
   <div class='ocr_carea' id='block_1_120' title="bbox 2178 5109 3752 5184">
    <p class='ocr_par' dir='ltr' id='par_1_120' title="bbox 2178 5109 3752 5184">
     <span class='ocr_line' id='line_1_121' title="bbox 2178 5109 3752 5184; baseline 0.002 -19"><span class='ocrx_word' id='word_1_936' title='bbox 2178 5111 2373 5184; x_wconf 78' lang='grc' dir='ltr'>εὐσεϐῆ</span> <span class='ocrx_word' id='word_1_937' title='bbox 2398 5109 2782 5183; x_wconf 89' lang='grc' dir='ltr'>περιγινόμενα</span> <span class='ocrx_word' id='word_1_938' title='bbox 2807 5126 2822 5176; x_wconf 92' lang='lat'><strong>;</strong></span> <span class='ocrx_word' id='word_1_939' title='bbox 2856 5109 2952 5165; x_wconf 71' lang='grc' dir='ltr'>καὶ</span> <span class='ocrx_word' id='word_1_940' title='bbox 2978 5110 3070 5164; x_wconf 77' lang='grc' dir='ltr'>τὸν</span> <span class='ocrx_word' id='word_1_941' title='bbox 3108 5111 3317 5183; x_wconf 87' lang='grc' dir='ltr'>πατέρα</span> <span class='ocrx_word' id='word_1_942' title='bbox 3347 5111 3625 5183; x_wconf 87' lang='grc' dir='ltr'>λυόμενον,</span> <span class='ocrx_word' id='word_1_943' title='bbox 3655 5115 3752 5170; x_wconf 77' lang='grc' dir='ltr'>καὶ</span> 
     </span>
    </p>
   </div>
   <div class='ocr_carea' id='block_1_121' title="bbox 2180 5195 3755 5269">
    <p class='ocr_par' dir='ltr' id='par_1_121' title="bbox 2180 5195 3755 5269">
     <span class='ocr_line' id='line_1_122' title="bbox 2180 5195 3755 5269; baseline 0.003 -17"><span class='ocrx_word' id='word_1_944' title='bbox 2180 5198 2423 5269; x_wconf 85' lang='grc' dir='ltr'>φιλόθεον</span> <span class='ocrx_word' id='word_1_945' title='bbox 2450 5195 2710 5268; x_wconf 78' lang='grc' dir='ltr'>στεφανού</span> <span class='ocrx_word' id='word_1_946' title='bbox 2719 5213 2905 5268; x_wconf 88' lang='grc' dir='ltr'>μενον;</span> <span class='ocrx_word' id='word_1_947' title='bbox 2932 5198 3030 5252; x_wconf 89' lang='grc' dir='ltr'>οὐκ</span> <span class='ocrx_word' id='word_1_948' title='bbox 3053 5196 3189 5264; x_wconf 78' lang='grc' dir='ltr'>εἶδες</span> <span class='ocrx_word' id='word_1_949' title='bbox 3211 5199 3330 5255; x_wconf 84' lang='grc' dir='ltr'>ὅλον</span> <span class='ocrx_word' id='word_1_950' title='bbox 3350 5200 3636 5269; x_wconf 89' lang='grc' dir='ltr'>φιλόπαιδα</span> <span class='ocrx_word' id='word_1_951' title='bbox 3657 5203 3755 5256; x_wconf 80' lang='grc' dir='ltr'>καὶ</span> 
     </span>
    </p>
   </div>
   <div class='ocr_carea' id='block_1_122' title="bbox 2147 5285 3754 5362">
    <p class='ocr_par' dir='ltr' id='par_1_122' title="bbox 2147 5285 3754 5362">
     <span class='ocr_line' id='line_1_123' title="bbox 2147 5285 3754 5362; baseline 0.001 -19"><span class='ocrx_word' id='word_1_952' title='bbox 2147 5336 2153 5343; x_wconf 93' lang='grc'>.</span> <span class='ocrx_word' id='word_1_953' title='bbox 2179 5288 2451 5357; x_wconf 84' lang='grc' dir='ltr'>φιλόθεον;</span> <span class='ocrx_word' id='word_1_954' title='bbox 2477 5286 2549 5357; x_wconf 90' lang='grc' dir='ltr'>μή</span> <span class='ocrx_word' id='word_1_955' title='bbox 2567 5285 2902 5340; x_wconf 81' lang='grc' dir='ltr'>τιὲκώλυσεν</span> <span class='ocrx_word' id='word_1_956' title='bbox 2923 5287 2951 5338; x_wconf 88' lang='grc' dir='ltr'><strong>ὀ</strong></span> <span class='ocrx_word' id='word_1_957' title='bbox 2976 5285 3178 5359; x_wconf 89' lang='grc' dir='ltr'>γάμος;</span> <span class='ocrx_word' id='word_1_958' title='bbox 3210 5289 3274 5341; x_wconf 88' lang='grc' dir='ltr'>Τί</span> <span class='ocrx_word' id='word_1_959' title='bbox 3295 5287 3350 5341; x_wconf 82' lang='grc' dir='ltr'>δὲ</span> <span class='ocrx_word' id='word_1_960' title='bbox 3375 5291 3408 5361; x_wconf 86' lang='grc' dir='ltr'>ή</span> <span class='ocrx_word' id='word_1_961' title='bbox 3435 5290 3618 5362; x_wconf 86' lang='grc' dir='ltr'>μήτηρ</span> <span class='ocrx_word' id='word_1_962' title='bbox 3642 5290 3754 5345; x_wconf 85' lang='grc' dir='ltr'>τῶν</span> 
     </span>
    </p>
   </div>
   <div class='ocr_carea' id='block_1_123' title="bbox 2235 5490 3750 5609">
    <p class='ocr_par' dir='ltr' id='par_1_123' title="bbox 2235 5490 3750 5609">
     <span class='ocr_line' id='line_1_124' title="bbox 2235 5490 3750 5609; baseline 0.002 -68"><span class='ocrx_word' id='word_1_963' title='bbox 2235 5492 2384 5609; x_wconf 55' lang='grc' dir='ltr'><strong>τζΑιὶἱ</strong></span> <span class='ocrx_word' id='word_1_964' title='bbox 2422 5490 2550 5552; x_wconf 86' lang='lat' dir='ltr'>apud</span> <span class='ocrx_word' id='word_1_965' title='bbox 2573 5490 2724 5539; x_wconf 82' lang='lat' dir='ltr'>Savil.</span> <span class='ocrx_word' id='word_1_966' title='bbox 2752 5491 3041 5555; x_wconf 72' lang='grc' dir='ltr'>ἐπλήρωσεν·</span> <span class='ocrx_word' id='word_1_967' title='bbox 3067 5490 3267 5556; x_wconf 83' lang='grc' dir='ltr'>οὐρανοῦ</span> <span class='ocrx_word' id='word_1_968' title='bbox 3307 5493 3397 5559; x_wconf 82' lang='grc' dir='ltr'>γὰρ</span> <span class='ocrx_word' id='word_1_969' title='bbox 3414 5495 3750 5555; x_wconf 77' lang='grc' dir='ltr'>μᾶλλοναῦτήν</span> 
     </span>
     <span class='ocr_line' id='line_1_125' title="bbox 2239 5570 2809 5601; baseline 0 0"><span class='ocrx_word' id='word_1_970' title='bbox 2239 5573 2252 5601; x_wconf 90' lang='grc' dir='ltr'>ι</span> <span class='ocrx_word' id='word_1_971' title='bbox 2281 5573 2335 5601; x_wconf 88' lang='grc' dir='ltr'>ω.</span> <span class='ocrx_word' id='word_1_972' title='bbox 2801 5570 2809 5577; x_wconf 74' lang='grc'><strong><em>’</em></strong></span> 
     </span>
    </p>
   </div>
   <div class='ocr_carea' id='block_1_124' title="bbox 2179 5570 2809 5616">
    <p class='ocr_par' dir='ltr' id='par_1_124' title="bbox 2179 5570 2809 5616">
     <span class='ocr_line' id='line_1_126' title="bbox 2179 5570 2809 5616; baseline -0.005 -14"><span class='ocrx_word' id='word_1_973' title='bbox 2179 5570 2384 5616; x_wconf 20' lang='grc' dir='ltr'>μείζω-Μ</span> <span class='ocrx_word' id='word_1_974' title='bbox 2658 5614 2673 5616; x_wconf 73' lang='lat'><em>_</em></span> <span class='ocrx_word' id='word_1_975' title='bbox 2752 5613 2778 5616; x_wconf 25' lang='grc' dir='ltr'><em>Α</em></span> <span class='ocrx_word' id='word_1_976' title='bbox 2801 5570 2809 5577; x_wconf 87' lang='lat'><strong><em>&#39;</em></strong></span> 
     </span>
    </p>
   </div>
   <div class='ocr_carea' id='block_1_125' title="bbox 2241 5613 3757 5680">
    <p class='ocr_par' dir='ltr' id='par_1_125' title="bbox 2241 5613 3757 5680">
     <span class='ocr_line' id='line_1_127' title="bbox 2241 5613 3757 5680; baseline 0.001 -17"><span class='ocrx_word' id='word_1_977' title='bbox 2241 5614 2262 5680; x_wconf 58' lang='grc' dir='ltr'>ξ</span> <span class='ocrx_word' id='word_1_978' title='bbox 2287 5614 2386 5680; x_wconf 41' lang='lat' dir='ltr'><strong>ﬁlii</strong></span> <span class='ocrx_word' id='word_1_979' title='bbox 2408 5619 2630 5680; x_wconf 81' lang='lat' dir='ltr'>mss._el_</span> <span class='ocrx_word' id='word_1_980' title='bbox 2651 5613 2800 5680; x_wconf 28' lang='lat' dir='ltr'>Sa‘vil.</span> <span class='ocrx_word' id='word_1_981' title='bbox 2842 5614 2892 5680; x_wconf 81' lang='lat' dir='ltr'><strong>i_n</strong></span> <span class='ocrx_word' id='word_1_982' title='bbox 2918 5618 3062 5680; x_wconf 57' lang='lat' dir='ltr'>[enim</span> <span class='ocrx_word' id='word_1_983' title='bbox 3081 5615 3296 5680; x_wconf 58' lang='grc' dir='ltr'>οὐράνιον</span> <span class='ocrx_word' id='word_1_984' title='bbox 3316 5618 3433 5680; x_wconf 80' lang='grc' dir='ltr'>γάρ,</span> <span class='ocrx_word' id='word_1_985' title='bbox 3462 5624 3514 5666; x_wconf 71' lang='lat' dir='ltr'>et</span> <span class='ocrx_word' id='word_1_986' title='bbox 3544 5616 3757 5680; x_wconf 66' lang='lat' dir='ltr'>melius;</span> 
     </span>
    </p>
   </div>
   <div class='ocr_carea' id='block_1_126' title="bbox 2175 5673 3756 5742">
    <p class='ocr_par' dir='ltr' id='par_1_126' title="bbox 2175 5673 3756 5742">
     <span class='ocr_line' id='line_1_128' title="bbox 2175 5673 3756 5742; baseline 0.003 -17"><span class='ocrx_word' id='word_1_987' title='bbox 2175 5678 2262 5742; x_wconf 63' lang='lat' dir='ltr'>god</span> <span class='ocrx_word' id='word_1_988' title='bbox 2285 5675 2516 5742; x_wconf 60' lang='lat' dir='ltr'>Erasmng</span> <span class='ocrx_word' id='word_1_989' title='bbox 2532 5675 2653 5742; x_wconf 57' lang='lat' dir='ltr'><strong>legit</strong></span> <span class='ocrx_word' id='word_1_990' title='bbox 2677 5673 2893 5742; x_wconf 72' lang='grc' dir='ltr'>οὐρανοῦ.</span> <span class='ocrx_word' id='word_1_991' title='bbox 2912 5681 2966 5723; x_wconf 80' lang='grc' dir='ltr'>ιιι</span> <span class='ocrx_word' id='word_1_992' title='bbox 2988 5673 3338 5728; x_wconf 62' lang='grc' dir='ltr'>ὴαδειᾘοιιθπ</span> <span class='ocrx_word' id='word_1_993' title='bbox 3365 5673 3429 5729; x_wconf 63' lang='grc' dir='ltr'>(ξι</span> <span class='ocrx_word' id='word_1_994' title='bbox 3452 5691 3618 5742; x_wconf 79' lang='lat' dir='ltr'><strong>margo</strong></span> <span class='ocrx_word' id='word_1_995' title='bbox 3639 5673 3756 5729; x_wconf 62' lang='lat' dir='ltr'>SaVL</span> 
     </span>
    </p>
   </div>
   <div class='ocr_carea' id='block_1_127' title="bbox 2176 5735 2956 5797">
    <p class='ocr_par' dir='ltr' id='par_1_127' title="bbox 2176 5735 2956 5797">
     <span class='ocr_line' id='line_1_129' title="bbox 2176 5735 2956 5797; baseline -0.005 -12"><span class='ocrx_word' id='word_1_996' title='bbox 2176 5736 2329 5785; x_wconf 75' lang='lat' dir='ltr'>Puu&#39;o</span> <span class='ocrx_word' id='word_1_997' title='bbox 2354 5744 2458 5797; x_wconf 79' lang='lat' dir='ltr'>post</span> <span class='ocrx_word' id='word_1_998' title='bbox 2486 5735 2632 5784; x_wconf 77' lang='lat' dir='ltr'><strong>iidem</strong></span> <span class='ocrx_word' id='word_1_999' title='bbox 2657 5735 2956 5795; x_wconf 68' lang='grc' dir='ltr'>μηκύναντες.</span> 
     </span>
    </p>
   </div>
   <div class='ocr_carea' id='block_1_128' title="bbox 2239 5798 3386 5859">
    <p class='ocr_par' dir='ltr' id='par_1_128' title="bbox 2239 5798 3386 5859">
     <span class='ocr_line' id='line_1_130' title="bbox 2239 5798 3386 5859; baseline 0.01 -22"><span class='ocrx_word' id='word_1_1000' title='bbox 2239 5801 2264 5837; x_wconf 74' lang='lat'>6</span> <span class='ocrx_word' id='word_1_1001' title='bbox 2291 5799 2384 5847; x_wconf 67' lang='lat' dir='ltr'><strong>Alii</strong></span> <span class='ocrx_word' id='word_1_1002' title='bbox 2411 5811 2526 5846; x_wconf 52' lang='lat' dir='ltr'>mae.</span> <span class='ocrx_word' id='word_1_1003' title='bbox 2551 5799 2636 5854; x_wconf 80' lang='grc' dir='ltr'>τήν</span> <span class='ocrx_word' id='word_1_1004' title='bbox 2656 5799 2919 5859; x_wconf 68' lang='grc' dir='ltr'>παρουσίαν</span> <span class='ocrx_word' id='word_1_1005' title='bbox 2938 5798 3051 5859; x_wconf 78' lang='grc' dir='ltr'>ἡμῖν</span> <span class='ocrx_word' id='word_1_1006' title='bbox 3082 5801 3165 5857; x_wconf 73' lang='grc' dir='ltr'>τὴν</span> <span class='ocrx_word' id='word_1_1007' title='bbox 3190 5802 3386 5849; x_wconf 82' lang='grc' dir='ltr'>ἑαυτῶν.</span> 
     </span>
    </p>
   </div>
   <div class='ocr_carea' id='block_1_129' title="bbox 2234 5856 3023 5920">
    <p class='ocr_par' dir='ltr' id='par_1_129' title="bbox 2234 5856 3023 5920">
     <span class='ocr_line' id='line_1_131' title="bbox 2234 5856 3023 5920; baseline -0.003 -13"><span class='ocrx_word' id='word_1_1008' title='bbox 2234 5859 2263 5897; x_wconf 73' lang='lat' dir='ltr'><strong>h</strong></span> <span class='ocrx_word' id='word_1_1009' title='bbox 2288 5860 2425 5908; x_wconf 73' lang='lat' dir='ltr'><strong>Alius</strong></span> <span class='ocrx_word' id='word_1_1010' title='bbox 2443 5860 2515 5906; x_wconf 87' lang='grc' dir='ltr'>ὅτι</span> <span class='ocrx_word' id='word_1_1011' title='bbox 2543 5860 2597 5906; x_wconf 88' lang='grc' dir='ltr'>οὐ</span> <span class='ocrx_word' id='word_1_1012' title='bbox 2618 5856 2790 5920; x_wconf 60' lang='grc' dir='ltr'>φαῖολος</span> <span class='ocrx_word' id='word_1_1013' title='bbox 2811 5860 2837 5905; x_wconf 87' lang='lat'>6</span> <span class='ocrx_word' id='word_1_1014' title='bbox 2859 5856 3023 5920; x_wconf 78' lang='grc' dir='ltr'>γάμος.</span> 
     </span>
    </p>
   </div>
   <div class='ocr_carea' id='block_1_130' title="bbox 2238 5918 3327 5985">
    <p class='ocr_par' dir='ltr' id='par_1_130' title="bbox 2238 5918 3327 5985">
     <span class='ocr_line' id='line_1_132' title="bbox 2238 5918 3327 5985; baseline 0 -13"><span class='ocrx_word' id='word_1_1015' title='bbox 2238 5924 2253 5960; x_wconf 67' lang='grc' dir='ltr'><strong><em>ο</em></strong></span> <span class='ocrx_word' id='word_1_1016' title='bbox 2296 5920 2419 5972; x_wconf 78' lang='lat' dir='ltr'>Tres</span> <span class='ocrx_word' id='word_1_1017' title='bbox 2442 5933 2553 5968; x_wconf 86' lang='lat' dir='ltr'>mss.</span> <span class='ocrx_word' id='word_1_1018' title='bbox 2577 5918 2663 5968; x_wconf 75' lang='grc' dir='ltr'>τοῦ</span> <span class='ocrx_word' id='word_1_1019' title='bbox 2682 5918 2941 5980; x_wconf 62' lang='grc' dir='ltr'>πνεύματος</span> <span class='ocrx_word' id='word_1_1020' title='bbox 2961 5923 2991 5977; x_wconf 84' lang='grc' dir='ltr'><strong>ἡ</strong></span> <span class='ocrx_word' id='word_1_1021' title='bbox 3014 5922 3163 5985; x_wconf 72' lang='grc' dir='ltr'>χάρις,</span> <span class='ocrx_word' id='word_1_1022' title='bbox 3183 5923 3327 5972; x_wconf 78' lang='lat' dir='ltr'>male.</span> 
     </span>
    </p>
   </div>
   <div class='ocr_carea' id='block_1_131' title="bbox 3500 336 3789 394">
    <p class='ocr_par' dir='ltr' id='par_1_131' title="bbox 3500 336 3789 394">
     <span class='ocr_line' id='line_1_133' title="bbox 3500 336 3789 394; baseline 0.014 -7"><span class='ocrx_word' id='word_1_1023' title='bbox 3500 380 3513 387; x_wconf 47' lang='grc' dir='ltr'>α</span> <span class='ocrx_word' id='word_1_1024' title='bbox 3621 336 3789 394; x_wconf 72' lang='grc'><strong>122-</strong></span> 
     </span>
    </p>
   </div>
  </div>
