4048 6208
377 242 472 298 ιρι

372 359 532 429 Quod
583 359 630 415 si
679 356 809 411 mihi
839 369 1024 410 narres
1053 353 1340 425 dignitates
1380 362 1435 408 et
1481 367 1641 422 opum
1685 347 1970 407 abundan-'

366 453 527 515 tiam,
553 465 582 503 a
613 447 756 504 foliis
779 491 795 509 .
820 462 924 502 non
955 463 982 500 a
1006 446 1295 510 fructibus,
1322 444 1568 499 arborem
1588 441 1792 498 laudas.
1839 441 1966 496 illnc

367 551 553 596 autem
604 540 794 610 loquor
834 555 939 593 non
996 543 1281 593 assentans
1331 536 1540 590 caritati
1599 545 1815 601 vestrm,
1870 535 1963 589 sed

369 632 632 688 virtutem
687 641 924 688 vestram
978 630 1299 701 praedicans.
1355 629 1554 684 Beatus
1595 644 1695 699 ego
1747 637 1965 697 propter

367 736 470 777 vos
492 764 509 788 ,
537 722 674 777 beati
703 736 800 776 vos
827 730 1044 790 propter
1068 735 1164 776 vos
1190 721 1334 790 ipsos
1363 738 1376 775 :
1411 720 1594 774 Beatus
1622 720 1708 790 qui
1739 719 1964 790 loquitur

364 815 442 868 ad
480 831 636 869 cum
684 814 998 868 audientium
1026 812 1218 882 (Eccle.
1245 812 1334 867 25.
1370 811 1461 880 12)
1489 830 1502 866 :
1531 812 1610 866 sic
1632 825 1733 881 ego
1777 811 1962 866 beatus

366 905 547 962 factus
600 921 739 960 sum.
794 905 936 958 Beati
985 905 1072 974 qui
1124 903 1351 958 esuriant
1399 911 1444 956 et
1488 903 1663 955 sitiunt
1705 901 1962 972 justitiam

367 997 588 1068 (Matth.
623 997 675 1051 5.
709 995 791 1066 6).
826 995 988 1050 V'ides
1012 993 1281 1063 quomodo
1310 1007 1405 1048 vos
1443 993 1583 1046 beati
1626 1003 1840 1062 propter
1866 1006 1961 1047 vos

367 1091 523 1158 ipsos
567 1088 698 1145 estis
749 1087 915 1142 facti?
945 1087 1136 1142 Beatus
1175 1094 1256 1140 est
1307 1085 1389 1138 vir
1426 1099 1614 1138 amans
1653 1096 1959 1138 sermonum

363 1178 753 1250 spiritualium.
791 1178 906 1233 Hoc
931 1192 1030 1231 nos
1058 1176 1334 1246 distinguit
1362 1190 1392 1229 a
1434 1175 1623 1230 brutis.
1656 1173 1772 1228 Non
1819 1175 1960 1229 enim

366 1288 472 1328 nos
506 1272 574 1327 ab
599 1273 702 1327 illis
730 1279 945 1340 separat
964 1270 1206 1338 corporis
1228 1271 1573 1338 ratio,neque
1599 1266 1740 1338 quod
1771 1267 1963 1320 alimur

363 1372 462 1417 aut
492 1362 744 1426 bibimus,
767 1375 944 1430 neque
969 1358 1108 1430 quod
1141 1360 1407 1428 pascimnr
1429 1370 1522 1413 aut
1547 1359 1771 1412 vivimus
1798 1377 1811 1413 :
1846 1357 1962 1412 inec

364 1455 516 1508 enim
545 1453 726 1508 omnia
767 1451 920 1506 nobis
964 1465 1087 1505 cum
1127 1450 1298 1506 brutis
1336 1459 1458 1504 sunt
1494 1451 1819 1505 communia.
1857 1449 1959 1504 Sed

362 1560 471 1612 qua
503 1559 563 1598 re
586 1542 929 1611 distinguitur
954 1556 985 1596 a
1028 1541 1198 1596 brutis
1239 1540 1439 1595 homo?
1473 1541 1733 1596 Sermone
1769 1558 1782 1593 :
1814 1552 1864 1596 et
1892 1541 1961 1595 ob

361 1637 420 1690 id
443 1637 641 1691 animal
668 1636 863 1690 dicitur
884 1643 1065 1702 λογικόν
1083 1652 1097 1690 :
1118 1635 1220 1690 hoc
1252 1643 1351 1700 est,
1381 1635 1646 1688 sermonis
1675 1633 1956 1703 particeps.

363 1729 439 1783 Ut
473 1730 617 1783 enim
641 1729 855 1783 aluntur
875 1742 1100 1797 corpora
1120 1768 1136 1792 ,
1167 1726 1244 1780 sic
1275 1727 1488 1780 aluntur
1515 1734 1568 1780 et
1596 1726 1787 1779 anima:
1819 1742 1833 1778 :
1865 1724 1958 1779 sed

363 1833 569 1888 corpus
621 1834 799 1888 pane,
850 1819 1027 1872 anima
1087 1833 1356 1872 sermone.
1413 1817 1639 1871 Proinde
1683 1816 1729 1871 si
1783 1816 1960 1871 videas

363 1909 645 1964 hominem
684 1917 988 1964 vescentem
1041 1907 1234 1976 lapide,
1267 1923 1392 1962 num
1426 1907 1572 1961 illum
1609 1907 1807 1961 dixeris
1841 1921 1960 1961 esse

369 2000 694 2054 iunnincm?
725 1999 917 2054 itidem
971 1999 1015 2052 si
1069 2015 1225 2069 quem
1253 2000 1447 2053 videris
1501 1999 1588 2068 qui
1641 2013 1746 2052 non
1789 1998 1960 2052 alatur

367 2106 621 2144 sermone
645 2133 659 2157 ,
689 2089 783 2144 sed
813 2091 1076 2144 sermonis
1107 2105 1168 2145 ac
1197 2090 1414 2144 rationis
1445 2090 1642 2158 inopia,
1671 2089 1836 2151 dices,
1865 2089 1960 2142 Hic

367 2195 422 2240 et
451 2185 682 2238 hominis
709 2192 950 2238 naturam
981 2184 1195 2246 amisit,
1225 2183 1486 2253 siquidem
1516 2183 1759 2237 educatio
1779 2181 1959 2236 decla-

365 2288 451 2330 rat
501 2276 731 2330 hominis
781 2275 1133 2330 nobilitatem.
1182 2273 1438 2342 Quoniam
1489 2275 1646 2344 igitur
1690 2273 1956 2328 theatrum

368 2366 528 2420 lminis
558 2366 770 2435 plenum
799 2374 902 2431 est,
937 2367 1169 2435 itemque
1193 2380 1336 2420 mare
1362 2365 1568 2434 pridem
1599 2367 1956 2433 mstuansjam

367 2459 746 2530 tranquillum,
786 2473 849 2513 ac
901 2474 1110 2513 rursum
1149 2459 1370 2528 pelagus
1411 2459 1590 2512 sedata
1643 2467 1957 2526 tempestate

369 2552 610 2620 quietura
641 2565 704 2605 ac
742 2548 1050 2620 placidum:
1077 2564 1174 2620 age
1209 2549 1319 2618 jam
1353 2564 1539 2602 navem
1589 2548 1953 2612 detrahamus,

369 2642 476 2696 veli
508 2642 624 2695 loco
649 2638 1014 2710 expandentes
1043 2640 1296 2709 linguam,
1330 2655 1424 2708 pro
1455 2638 1686 2709 zephyro
1727 2637 1956 2708 Spiritus

371 2734 598 2802 gratiam
630 2733 960 2793 invocantes,
983 2745 1082 2801 pro
1111 2739 1322 2785 temone
1366 2732 1622 2800 clavoque
1667 2745 1826 2785 cruce
1855 2745 1955 2800 gu-

373 2823 680 2878 bernatrice
704 2832 935 2878 utentes.
967 2821 1099 2876 Nam
1139 2836 1287 2876 mare
1323 2820 1538 2891 quidem
1582 2821 1740 2876 habet
1765 2836 1954 2891 aquam

371 2916 573 2968 salsam
593 2955 608 2977 ,
628 2913 720 2968 hic
751 2923 933 2968 autem
962 2921 1046 2968 est
1071 2926 1208 2982 aqua
1234 2912 1372 2966 viva.
1404 2911 1516 2967 illic
1543 2919 1669 2966 sunt
1707 2913 1954 2966 animalia

373 3008 599 3063 rationis
624 3007 871 3077 expertia
891 3046 908 3072 ,
935 3005 1023 3061 hic
1058 3021 1188 3060 vero
1231 3005 1425 3059 animae
1473 3005 1757 3059 ratiOaales
1786 3022 1799 3058 :
1847 3005 1958 3062 illic

370 3099 463 3168 qui
489 3098 739 3168 navigant
766 3113 797 3153 e
825 3099 956 3152 mari
989 3098 1041 3152 in
1069 3104 1293 3161 terram,
1324 3095 1410 3151 hic
1435 3111 1562 3151 vero
1591 3097 1680 3167 qui
1710 3097 1956 3167 navigant

367 3208 400 3246 e
431 3201 573 3244 terra
606 3193 656 3244 in
683 3191 873 3245 car-tium
899 3189 1174 3260 appellunt
1203 3205 1218 3243 :
1247 3188 1356 3243 illic
1377 3187 1608 3258 navigia,
1634 3188 1720 3242 hic
1745 3189 1955 3258 eloquia

370 3284 667 3354 spiritualia
699 3301 712 3337 :
741 3284 851 3338 illic
875 3285 928 3337 in
966 3283 1084 3337 navi
1117 3283 1307 3338 tabula:
1335 3323 1350 3346 ,
1375 3283 1462 3336 hic
1487 3298 1790 3337 sermonum
1823 3297 1953 3336 con-

372 3386 564 3430 ventus
593 3394 606 3428 :
638 3375 746 3430 illic
779 3375 976 3436 velum,
1009 3374 1098 3429 hic
1133 3375 1309 3444 lingua
1335 3391 1348 3426 :
1382 3373 1490 3428 illic
1522 3373 1739 3444 zephyri
1770 3371 1953 3440 (latus,

368 3469 461 3520 hic
516 3467 735 3536 spiritus
783 3467 1059 3536 praesentia
1093 3483 1106 3518 :
1137 3466 1248 3520 illic
1294 3465 1456 3520 homo
1487 3465 1827 3535 gubernator,
1870 3465 1956 3520 hic

370 3559 846 3628 verognberuator
871 3558 1133 3612 Christus.
1176 3556 1376 3612 Idcirco
1417 3572 1547 3612 sane
1573 3559 1804 3627 jactatur
1833 3559 1954 3626 qui-

367 3649 494 3704 dem
528 3651 678 3703 navis
701 3691 715 3712 ,
745 3659 801 3703 at
831 3665 935 3703 non
978 3651 1254 3719 mergitur.
1305 3649 1522 3703 Poterat
1565 3649 1779 3719 quidem
1811 3658 1864 3704 et
1900 3649 1952 3703 in

367 3742 660 3811 tranquillo
691 3745 960 3816 navigare,
987 3757 1171 3796 verum
1201 3756 1304 3796 non
1337 3756 1524 3811 passus
1560 3750 1642 3795 est
1689 3742 1955 3810 guberna-

367 3843 477 3896 tor,
499 3847 605 3902 quo
631 3832 791 3886 simul
819 3842 872 3886 et
895 3832 1252 3900 navigantium
1281 3831 1571 3900 perspicias
1595 3831 1951 3896 tolerantiam,

364 3937 419 3978 et
458 3925 829 3994 gubernatoris
858 3925 1191 3994 prudentiam
1225 3924 1430 3993 plenius
1456 3938 1770 3994 cognoscas.

437 4019 493 4071 2.
524 4016 749 4072 Ecclesia
777 4019 964 4072 Christi
987 4019 1193 4071 invicta.
1224 4016 1449 4070 Facilius
1478 4027 1549 4072 est
1573 4018 1729 4070 solem
1757 4020 1951 4072 exstin-

361 4113 474 4182 gui.
507 4128 657 4176 quam
689 4111 967 4164 Ecclesimu
992 4110 1240 4164 delcri.—
1259 4109 1487 4163 Audiant
1514 4117 1719 4178 gentes,
1737 4108 1953 4162 audiant

357 4203 536 4256 Judaai
587 4202 861 4257 benefacta
921 4211 1120 4265 nostra,
1152 4200 1367 4254 audiant
1407 4214 1650 4271 magnam
1701 4199 1952 4254 Ecclesia:

356 4295 844 4364 przcemineutiam.
871 4298 910 4350 Λ
941 4311 1097 4364 quam
1126 4295 1304 4349 multis
1331 4303 1631 4364 oppugnata
1661 4303 1742 4348 est
1776 4293 1952 4348 Eccle-

353 4389 463 4451 sia,
481 4402 580 4442 nec
597 4403 845 4458 umquam
863 4398 1037 4442 tamen
1054 4388 1351 4458 vict:i?qnot
1367 4388 1746 4459 tyrannilquot
1763 4388 1947 4454 duces,

351 4491 493 4548 qum
512 4479 897 4547 Imperatores?
911 4479 1467 4549 Augustus,Tiberius.
1480 4477 1660 4544 Caius,
1675 4477 1947 4544 Claudius,

353 4574 540 4637 Nero,
587 4571 833 4625 homines
883 4570 1051 4625 literis
1103 4571 1306 4632 ornati,
1335 4579 1609 4639 potentes,
1657 4579 1734 4624 tot
1779 4570 1949 4624 modis

352 4672 739 4733 oppugnarunt
767 4673 1035 4717 recentem
1065 4677 1129 4718 ac
1161 4671 1421 4725 teneram,
1447 4671 1501 4714 at
1547 4677 1652 4714 non
1701 4661 1950 4716 radicitus

353 4753 730 4813 sustulerunt;
762 4753 888 4822 quin
919 4753 1090 4821 potius
1131 4752 1163 4804 ii
1195 4752 1284 4821 qui
1315 4762 1685 4820 oppugnarunt
1727 4753 1950 4806 silentur

354 4841 620 4895 oblivioni
649 4841 846 4907 traditi,
873 4843 959 4895 illa
983 4858 1110 4896 vero
1136 4851 1433 4911 oppugnata
1461 4842 1651 4896 czelum
1681 4853 1949 4896 transcurr-

355 4935 454 4986 dit.
491 4933 676 5002 Neque
700 4935 842 4987 enim
889 4934 1017 4987 illud
1051 4936 1179 4987 mihi
1226 4945 1487 5002 spectato,
1521 4936 1660 5004 quod
1702 4935 1752 4987 in
1790 4935 1948 4988 terris

355 5029 456 5078 situ
505 5028 575 5079 sit
629 5025 886 5094 Ecclesia,
935 5027 1026 5081 sed
1054 5027 1194 5098 quod
1235 5028 1288 5082 in
1330 5029 1462 5082 caelo
1491 5037 1754 5084 versetur.
1795 5027 1947 5085 Unde

360 5118 464 5171 hoc
491 5118 784 5173 dilucidum
815 5121 939 5174 est?
968 5120 1226 5174 Nimirum
1259 5122 1386 5191 ipsa:
1431 5137 1517 5176 res
1555 5121 1946 5177 demonstrant.

361 5210 661 5279 Oppugnati
690 5221 816 5266 sunt
848 5213 1092 5267 mulecim
1121 5213 1402 5283 discipuli,
1436 5221 1577 5267 totus
1603 5214 1748 5267 orbis
1775 5227 1954 5283 Oppu-

358 5301 556 5368 gnabat
605 5317 618 5353 :
664 5317 848 5356 verum
904 5303 992 5372 qui
1047 5305 1488 5372 oppugnabantur
1536 5303 1808 5368 vicerunt,
1858 5301 1946 5371 qui

358 5393 735 5461 oppugnabant
761 5395 948 5450 sublati
971 5406 1091 5450 sunt
1118 5414 1130 5450 :
1161 5412 1286 5452 oves
1304 5397 1547 5452 deviccre
1569 5396 1940 5466 lupos.Vidisti

364 5497 629 5550 pastorem
651 5500 779 5539 oves
799 5488 848 5540 in
871 5487 1102 5542 medium
1119 5487 1361 5558 luporum
1379 5490 1710 5544 emittentem
1727 5491 1745 5558 (
1761 5489 1943 5542 llattlt.

365 5575 444 5627 10.
480 5574 593 5645 16),
627 5583 679 5630 ut
708 5593 777 5631 ne
806 5577 923 5648 fuga
952 5578 1166 5649 quidem
1196 5580 1416 5637 salutem
1447 5582 1945 5652 consequerentur?

367 5669 486 5737 Quis
513 5679 692 5740 pastor
739 5670 840 5729 hoc
869 5671 1032 5729 fecit?
1069 5674 1308 5734 Christus
1360 5677 1463 5733 hoc
1510 5674 1657 5742 fecit,
1699 5692 1806 5742 quo
1847 5675 1938 5730 tibi

1329 235 1392 292 IN
1432 235 1654 298 ILLUD,
1699 231 1828 286 \'ll)l
1873 228 2209 298 DUMiNlS-M,
2253 234 2486 290 ithllL.
2529 235 2617 293 IV.

3559 243 3655 296 l2!

2073 346 2463 407 demonstraret
2485 369 2601 422 quae
2629 361 2771 408 recte
2790 363 3044 423 geruntur
3065 369 3168 410 non
3198 355 3437 412 accidere
3464 371 3654 414 secun-

2071 437 2196 493 dum
2243 455 2421 494 rerum
2457 442 2652 497 seriem
2675 484 2690 510 ,
2729 444 2823 498 sed
2857 455 3054 514 praeter
3085 457 3328 502 naturam
3359 460 3658 520 prmterque

2071 547 2248 586 rerum
2293 535 2509 589 seriem.
2547 534 2678 589 Nam
2723 535 2963 592 Ecclesia
3009 537 3332 594 ﬁrmioribus
3364 557 3523 611 quam
3553 556 3658 598 ca)-

2073 625 2180 679 lum
2203 626 2374 695 ipsum
2403 628 2671 684 radicibus
2699 628 2885 685 haeret.
2917 630 3110 686 Verum
3141 631 3382 690 fortassis
3410 633 3656 690 ethnicus

2071 720 2387 789 arrogantia:
2407 736 2495 776 me
2515 722 2842 778 condemnat
2874 744 2890 780 :
2922 724 3015 780 sed
3041 734 3252 780 maneat
3271 725 3442 782 donec
3467 727 3651 782 harum

2069 824 2248 865 rerum
2278 812 2640 881 probationem
2663 814 2921 880 attulere,
2952 815 3226 887 discatque
3255 818 3364 872 vim
3390 819 3652 889 veritatis,

2069 902 2335 972 quomodo
2362 902 2572 958 facilius
2612 915 2694 960 est
2741 906 2910 960 solem
2953 907 3238 977 exstingui,
3271 924 3427 975 quam
3471 911 3656 967 Eccle-

2068 995 2200 1050 siam
2231 996 2606 1076 deleri._Quis,
2641 997 2810 1067 inquit
2833 1039 2848 1060 ,
2881 1000 2978 1052 ista
3004 1001 3299 1066 pra-dicat?
3328 1000 3375 1055 ls
3402 1002 3490 1069 qui
3535 1018 3652 1056 eam

2068 1086 2306 1142 fundavit
2337 1105 2350 1141 :
2379 1088 2576 1143 Ctrlum‘
2616 1098 2662 1142 et
2704 1099 2838 1143 terra
2881 1092 3192 1154 transibunt,
3216 1092 3306 1145 sed
3347 1093 3494 1146 verba
3542 1110 3653 1146 mea

2067 1199 2166 1236 non
2197 1181 2480 1236 transibunt
2511 1181 2721 1254 (Matth.
2744 1183 2834 1237 24.
2857 1183 2974 1253 '55).
3007 1185 3129 1239 lla‘c
3155 1201 3260 1240 non
3295 1186 3453 1240 modo
3482 1187 3649 1250 dixit,

2066 1271 2158 1326 sed
2199 1283 2250 1326 et
2290 1272 2575 1342 eomplevit
2607 1288 2622 1326 :
2651 1288 2749 1327 cur
2797 1273 2940 1327 enim
2997 1273 3138 1328 illam
3198 1276 3367 1344 magis
3409 1275 3653 1330 fundavit

2065 1379 2222 1432 quam
2251 1363 2481 1418 malum?
2511 1363 2782 1433 Siquidem
2814 1373 2896 1417 est
2924 1364 3054 1418 etclo
3081 1364 3362 1432 pretiosior
3382 1365 3641 1420 Ecclesia.

2065 1455 2242 1522 Quare
2278 1456 2548 1511 conditum
2575 1465 2656 1511 est
2675 1457 2861 1510 caelum
2882 1457 2908 1509 τ
2936 1456 3156 1526 Propter
3184 1456 3476 1511 Ecclesiam
3498 1499 3513 1524 ,
3544 1472 3648 1512 non

2067 1546 2303 1602 Ecclesia
2342 1555 2572 1616 propter
2602 1547 2808 1601 caelum.
2841 1547 3040 1601 (Italum
3073 1546 3346 1602 ('Onditum
3393 1557 3474 1603 est
3523 1563 3648 1618 pro-

2065 1647 2182 1708 pter
2212 1639 2514 1706 hominem,
2545 1654 2648 1693 non
2683 1639 2842 1694 homo
2870 1648 3090 1708 propter
3108 1639 3318 1693 cadum.
3356 1638 3411 1694 Id
3443 1640 3650 1709 perspi-

2063 1744 2220 1784 cuum
2242 1739 2324 1784 est
2353 1745 2418 1784 ex
2445 1731 2508 1784 iis
2533 1745 2651 1799 qum
2677 1730 2800 1785 fecit
2824 1729 3089 1785 Christus.
3118 1729 3235 1785 Non
3267 1730 3409 1785 enim
3435 1731 3648 1786 calleste

2062 1835 2260 1890 corpus
2281 1823 2588 1891 assumpsit.
2619 1821 2811 1877 Verum
2851 1821 2983 1875 nein
3003 1822 3220 1895 longum
3239 1825 3503 1895 producto
3528 1837 3646 1877 ser-

2064 1928 2258 1978 mone,
2318 1927 2504 1968 rursus
2563 1911 2720 1990 hodie
2769 1913 2922 1967 vobis
2974 1914 3244 1969 debitorcs
3308 1915 3647 1970 discedamus

2067 2003 2234 2072 (scitis
2255 2005 2396 2059 enim
2427 2020 2584 2074 quam
2612 2005 2775 2059 multa
2801 2007 2972 2059 simus
2997 2006 3110 2059 heri
3140 2005 3403 2077 polliciti),
3437 2008 3644 2075 persol-

2062 2111 2186 2152 vere
2217 2099 2384 2166 parati
2413 2112 2615 2151 sumus.
2646 2097 2777 2152 Nam
2809 2106 3024 2168 prepter
3045 2113 3137 2153 eos
3163 2098 3251 2168 qui
3285 2114 3390 2154 non
3424 2099 3647 2154 aderant

2061 2187 2396 2242 distuleram.
2430 2187 2690 2254 Quoniam
2736 2187 2894 2257 igitur
2918 2189 3010 2258 qui
3052 2188 3356 2255 obfuerunt,
3397 2207 3493 2245 suo
3523 2200 3646 2244 sunt

2061 2277 2238 2332 officio
2277 2277 2575 2347 perfuncti,
2617 2293 2820 2347 suaque
2869 2278 3150 2347 praesentia
3202 2279 3355 2333 nobis
3405 2278 3642 2334 mensam

2060 2369 2412 2424 exhibuerunt
2433 2377 2818 2438 sumptuosam,
2846 2384 2946 2440 age
2967 2413 2982 2435 ,
3013 2384 3342 2439 apponamus
3377 2370 3595 2426 obsonia
3623 2413 3641 2435 ,

2059 2459 2277 2515 obsonia
2299 2459 2512 2529 quidem
2535 2459 2673 2514 haud
2694 2459 2867 2528 putria
2892 2479 2907 2516 :
2935 2460 3034 2514 etsi
3069 2459 3210 2513 enim
3244 2462 3488 2518 hesterna
3515 2461 3640 2525 sint,

2063 2552 2176 2606 lucc
2203 2551 2426 2607 obsonia
2471 2567 2576 2606 non
2626 2558 2954 2621 putrescunt.
2985 2551 3343 2620 Quamobrem
3387 2554 3644 2608 tandem?

2059 2643 2172 2699 Non
2199 2652 2323 2699 sunt
2347 2659 2536 2700 carnes
2567 2653 2623 2699 ut
2651 2645 2921 2712 corrumpi
2961 2653 3159 2714 queant
3181 2685 3194 2708 ,
3229 2647 3320 2700 sed
3356 2647 3640 2701 sententiae

2059 2751 2271 2805 semper
2295 2735 2566 2791 florentes.
2594 2735 2799 2790 Carnes
2818 2735 2983 2801 enim,
3009 2736 3256 2806 quoniam
3279 2751 3472 2807 corpus
3491 2747 3638 2802 sunt,

2058 2836 2474 2896 corrumpuntur
2502 2843 2515 2880 :
2561 2836 2745 2880 contra
2769 2827 3051 2881 sententia:
3075 2868 3090 2891 ,
3119 2827 3165 2883 si
3211 2837 3491 2892 maneant,
3524 2828 3642 2884 red-

2059 2920 2256 2976 duntur
2309 2920 2710 2990 fragrantiores.
2763 2919 2899 2988 Quid
2945 2917 3106 2990 igitur
3155 2929 3271 2976 erat
3331 2921 3471 2986 quod
3528 2920 3641 2976 beri

2060 3011 2338 3066 diximus?
2363 3010 2639 3081 Siquidem
2668 3022 2722 3066 et
2755 3013 2825 3066 ita
2855 3025 2953 3066 nos
2985 3011 3098 3066 heri
3128 3012 3412 3082 participes
3441 3028 3641 3068 mensa:

2061 3104 2363 3166 iuimus,ut
2409 3104 2498 3173 qui
2542 3117 2650 3157 non
2704 3102 3006 3168 adfuerunt,
3041 3102 3169 3157 nihil
3195 3102 3498 3158 detrimenti
3535 3105 3641 3159 sint

2059 3195 2223 3264 passi.
2255 3193 2319 3247 Et
2346 3197 2536 3265 factum
2555 3195 2698 3249 estin
2723 3211 2858 3248 anno
2883 3211 2981 3264 quo
3000 3206 3234 3249 mortuus
3254 3204 3324 3250 est
3345 3195 3502 3250 Ozias
3525 3213 3635 3261 rex,

2058 3287 2160 3340 vidi
2185 3285 2460 3340 Dominum
2496 3286 2747 3340 sedentem
2781 3287 2836 3340 in
2871 3287 2998 3340 solio
3038 3286 3229 3340 excelso
3254 3296 3303 3341 et
3332 3286 3636 3358 clato(ls.-1i.

2057 3378 2109 3432 6.
2142 3379 2214 3450 l).
2247 3379 2377 3446 Quis
2411 3377 2525 3433 haac
2556 3378 2825 3448 loquitur?
2854 3376 3015 3432 [saias
3050 3378 3142 3433 ille
3167 3377 3439 3448 spectator
3478 3379 3636 3434 czcle-

2058 3474 2222 3526 stium
2275 3470 2600 3541 Seraphim,
2637 3471 2727 3541 qui
2777 3470 3044 3526 connubio
3090 3470 3302 3541 junctus
3356 3469 3493 3536 fuit,
3540 3486 3640 3526 nec

2059 3573 2234 3618 tamen
2277 3565 2535 3620 exstinxit
2579 3565 2824 3634 gratiam.
2867 3563 3186 3618 Attendistis
3226 3563 3538 3632 propheta},
3586 3577 3638 3620 et

2056 3655 2280 3710 audistis
2317 3657 2630 3726 prophetam
2661 3655 2818 3712 hodie
2839 3698 2854 3721 ,
2884 3655 3006 3721 Exi,
3033 3665 3085 3708 tu
3113 3666 3159 3708 et
3183 3655 3345 3710 Jasub
3367 3656 3504 3726 filius
3525 3667 3639 3710 tuus

2057 3747 2208 3814 (lsai.
2227 3749 2279 3801 7.
2310 3747 2389 3813 3).
2423 3747 2530 3802 Nec
2559 3748 2654 3800 ista
2685 3756 2896 3817 oportet
2917 3755 3342 3815 prietercurrere.
3366 3745 3481 3814 Exi,
3506 3757 3561 3802 tu
3583 3759 3637 3802 et

2057 3839 2195 3893 iiiius
2225 3848 2365 3893 tuus.
2400 3839 2542 3892 Itane
2573 3838 2736 3893 ﬁlium
2776 3838 3005 3893 habebat
3035 3839 3330 3908 prOpheta?
3357 3837 3412 3894 Si
3473 3841 3635 3894 lilium

2058 3929 2313 3994 halehat,
2345 3928 2572 3983 habebat
2610 3938 2664 3982 ct
2691 3944 2950 3992 uxorem,
2983 3939 3041 3982 ut
3085 3929 3348 3998 intelligas
3378 3945 3482 3984 non
3519 3945 3637 3984 csse
3675 3909 3698 3922 “

2056 4021 2224 4075 malas
2271 4021 2502 4089 nuptias,
2530 4021 2623 4075 sed
2668 4021 2858 4074 malam
2909 4036 3028 4076 esse
3075 4022 3474 4074 scortationem.
3529 4022 3634 4075 Sed

2055 4114 2304 4182 quoniam
2351 4127 2471 4166 cum
2519 4110 2834 4182 quibusdam
2884 4111 3196 4167 disserimus
3236 4111 3496 4177 dicentes,
3528 4110 3637 4166 Cur

2055 4217 2159 4256 non
2220 4211 2364 4257 recte
2419 4201 2590 4256 vivis?
2639 4201 2981 4271 quamobrem
3029 4217 3134 4256 non
3201 4209 3422 4271 prmstas
3471 4204 3628 4256 vitam

2056 4294 2320 4364 probam?
2349 4295 2446 4362 Qui
2499 4307 2755 4364 possum,
2798 4293 3079 4364 inquiunt,
3121 4293 3222 4347 nisi
3267 4292 3525 4349 divertam
3568 4296 3636 4350 ab

2053 4402 2254 4453 uxore,
2302 4389 2399 4442 nisi
2430 4387 2545 4443 vale
2588 4387 2773 4442 dixero
2815 4387 3026 4452 liberis,
3059 4387 3158 4441 nisi
3204 4387 3383 4442 valere
3425 4387 3630 4456 jussero

2056 4480 2306 4550 negotia?
2343 4480 2742 4546 Quamobrem?
2788 4495 2911 4534 num
2963 4478 3142 4533 obstat
3195 4478 3634 4533 matrimonium?

2057 4571 2300 4640 Atljutrix
2327 4573 2418 4626 tibi
2448 4572 2569 4627 data
2610 4581 2695 4628 est
2730 4587 2896 4626 uxor.
2927 4586 3031 4626 non
3074 4570 3394 4625 insidiatrix.
3440 4572 3631 4624 Annon

2056 4665 2284 4719 habebat
2333 4679 2557 4719 uxorem
2607 4663 2906 4734 propheta?
2941 4663 3124 4732 Neque
3179 4673 3354 4715 tamen
3403 4661 3632 4730 Spiritus

2052 4759 2234 4827 gmtire
2257 4757 2499 4811 obstabat
2521 4756 2824 4826 conjuginm
2844 4756 2964 4810 :sed
2992 4770 3110 4808 cum
3137 4768 3305 4808 uxore
3330 4753 3630 4807 convictum

2054 4847 2314 4911 habt-bat,
2387 4857 2439 4901 et
2495 4856 2610 4900 erat
2679 4845 3025 4900 nihilominus
3082 4843 3361 4914 prOpbeta.
3425 4844 3632 4916 Moyses

2053 4954 2230 4992 nonne
2261 4954 2478 4991 uxorem
2510 4937 2772 4991 habebat?
2805 4936 2871 4989 Et
2899 4944 3074 4990 tamen
3107 4936 3154 4990 is
3177 4944 3379 5005 petram
3407 4936 3627 5007 dirttpit,

2050 5045 2230 5086 aerem
2282 5029 2740 5090 immutavit,cum
2794 5027 2902 5082 Deo
2946 5027 3369 5097 colloqucbatur,
3397 5029 3626 5084 divinam

2053 5122 2183 5176 iram
2212 5120 2470 5177 cohibuit.
2510 5119 2776 5174 Abraham
2809 5134 2986 5176 nonne
3015 5119 3243 5176 habebat
3273 5123 3536 5177 uxorem?
3560 5120 3628 5176 Et

2051 5223 2226 5268 tamen
2257 5223 2410 5282 pater
2441 5210 2610 5267 factus
2639 5220 2722 5267 est
2746 5213 2978 5283 gentium
3006 5222 3062 5268 et
3094 5215 3377 5268 Ecclesim:
3413 5207 3627 5266 sustulit

2049 5303 2214 5358 filium
2265 5303 2429 5368 Isaac,
2458 5313 2512 5358 et
2558 5304 2644 5358 hic
2689 5304 2762 5359 illi
2807 5303 2904 5358 fuit
2945 5307 3276 5376 egregiorum
3331 5304 3622 5358 facinorum

2050 5395 2294 5449 materia.
2340 5394 2525 5450 Nonne
2577 5396 2766 5450 obtulit
2830 5396 3030 5461 tilium,
3081 5396 3311 5465 conjugii
3357 5393 3626 5448 fructum?

2050 5503 2228 5543 nonne
2272 5487 2442 5543 factus
2473 5499 2556 5544 est
2595 5498 2761 5560 pater,
2791 5501 2843 5544 et
2889 5490 2978 5544 Dei
3009 5488 3232 5544 amans?
3259 5501 3432 5540 annon
3479 5485 3625 5539 licuit

2050 5579 2230 5635 videre
2281 5582 2610 5636 sacerdotem
2657 5598 2687 5637 e
2727 5584 2839 5637 suis
2876 5581 3172 5634 visceribus
3226 5579 3381 5632 fieri?
3418 5579 3625 5632 saeviti-

2051 5691 2207 5742 cum,
2261 5675 2507 5747 inquam,
2545 5676 2702 5732 simul
2757 5686 2808 5731 et
2873 5671 3117 5743 patrem?
3148 5670 3283 5724 vinci
3336 5679 3618 5737 naturam,
