  <div class='ocr_page' id='page_1' title='image "/cluster/home/n/w/nwhite01/storage/ocr_20150623/56/hvd.32044048208490/129.png"; bbox 0 0 3968 6208; ppageno 0'>
   <div class='ocr_carea' id='block_1_1' title="bbox 444 334 545 386">
    <p class='ocr_par' dir='ltr' id='par_1_1' title="bbox 444 334 545 386">
     <span class='ocr_line' id='line_1_1' title="bbox 444 334 545 386; baseline -0.02 0"><span class='ocrx_word' id='word_1_1' title='bbox 444 334 545 386; x_wconf 68' lang='lat'><strong>123</strong></span> 
     </span>
    </p>
   </div>
   <div class='ocr_carea' id='block_1_2' title="bbox 436 438 2010 520">
    <p class='ocr_par' dir='ltr' id='par_1_2' title="bbox 436 438 2010 520">
     <span class='ocr_line' id='line_1_2' title="bbox 436 438 2010 520; baseline -0.008 -17"><span class='ocrx_word' id='word_1_2' title='bbox 436 449 657 504; x_wconf 85' lang='lat' dir='ltr'><strong>vincere</strong></span> <span class='ocrx_word' id='word_1_3' title='bbox 699 445 1220 520; x_wconf 79' lang='lat' dir='ltr'><strong>pictatcm?visccra</strong></span> <span class='ocrx_word' id='word_1_4' title='bbox 1270 440 1602 506; x_wconf 82' lang='lat' dir='ltr'><strong>conculcari,</strong></span> <span class='ocrx_word' id='word_1_5' title='bbox 1635 441 1824 511; x_wconf 87' lang='lat' dir='ltr'><strong>piaque</strong></span> <span class='ocrx_word' id='word_1_6' title='bbox 1875 438 2010 494; x_wconf 87' lang='lat' dir='ltr'><strong>facta</strong></span> 
     </span>
    </p>
   </div>
   <div class='ocr_carea' id='block_1_3' title="bbox 431 531 2015 614">
    <p class='ocr_par' dir='ltr' id='par_1_3' title="bbox 431 531 2015 614">
     <span class='ocr_line' id='line_1_3' title="bbox 431 531 2015 614; baseline -0.009 -15"><span class='ocrx_word' id='word_1_7' title='bbox 431 541 736 614; x_wconf 80' lang='lat' dir='ltr'><strong>superare?</strong></span> <span class='ocrx_word' id='word_1_8' title='bbox 763 547 964 610; x_wconf 97' lang='lat' dir='ltr'><strong>patrem</strong></span> <span class='ocrx_word' id='word_1_9' title='bbox 1005 536 1161 606; x_wconf 90' lang='lat' dir='ltr'><strong>dejici</strong></span> <span class='ocrx_word' id='word_1_10' title='bbox 1189 577 1204 601; x_wconf 92' lang='lat'><strong>,</strong></span> <span class='ocrx_word' id='word_1_11' title='bbox 1251 534 1342 590; x_wconf 88' lang='lat' dir='ltr'><strong>Dei</strong></span> <span class='ocrx_word' id='word_1_12' title='bbox 1395 542 1662 588; x_wconf 92' lang='lat' dir='ltr'><strong>amantem</strong></span> <span class='ocrx_word' id='word_1_13' title='bbox 1724 531 2015 588; x_wconf 84' lang='lat' dir='ltr'><strong>coronari?</strong></span> 
     </span>
    </p>
   </div>
   <div class='ocr_carea' id='block_1_4' title="bbox 430 622 2012 700">
    <p class='ocr_par' dir='ltr' id='par_1_4' title="bbox 430 622 2012 700">
     <span class='ocr_line' id='line_1_4' title="bbox 430 622 2012 700; baseline -0.008 -11"><span class='ocrx_word' id='word_1_14' title='bbox 430 651 608 691; x_wconf 92' lang='lat' dir='ltr'><strong>annon</strong></span> <span class='ocrx_word' id='word_1_15' title='bbox 633 632 812 700; x_wconf 88' lang='lat' dir='ltr'><strong>vidisti</strong></span> <span class='ocrx_word' id='word_1_16' title='bbox 829 639 1018 695; x_wconf 86' lang='lat' dir='ltr'><strong>totum,</strong></span> <span class='ocrx_word' id='word_1_17' title='bbox 1038 641 1091 684; x_wconf 92' lang='lat' dir='ltr'><strong>et</strong></span> <span class='ocrx_word' id='word_1_18' title='bbox 1120 628 1210 682; x_wconf 77' lang='lat' dir='ltr'><strong>tilii</strong></span> <span class='ocrx_word' id='word_1_19' title='bbox 1237 635 1506 683; x_wconf 88' lang='lat' dir='ltr'><strong>amantem</strong></span> <span class='ocrx_word' id='word_1_20' title='bbox 1529 635 1583 682; x_wconf 90' lang='lat' dir='ltr'><strong>ct</strong></span> <span class='ocrx_word' id='word_1_21' title='bbox 1607 625 1740 680; x_wconf 86' lang='lat' dir='ltr'><strong>Dei?</strong></span> <span class='ocrx_word' id='word_1_22' title='bbox 1759 622 2012 694; x_wconf 89' lang='lat' dir='ltr'><strong>numquid</strong></span> 
     </span>
    </p>
   </div>
   <div class='ocr_carea' id='block_1_5' title="bbox 433 716 2012 788">
    <p class='ocr_par' dir='ltr' id='par_1_5' title="bbox 433 716 2012 788">
     <span class='ocr_line' id='line_1_5' title="bbox 433 716 2012 788; baseline -0.009 -6"><span class='ocrx_word' id='word_1_23' title='bbox 433 729 520 784; x_wconf 89' lang='lat' dir='ltr'><strong>hic</strong></span> <span class='ocrx_word' id='word_1_24' title='bbox 545 725 714 781; x_wconf 82' lang='lat' dir='ltr'><strong>obfuit</strong></span> <span class='ocrx_word' id='word_1_25' title='bbox 744 720 1140 779; x_wconf 90' lang='lat' dir='ltr'><strong>matrimonium</strong></span> <span class='ocrx_word' id='word_1_26' title='bbox 1163 718 1188 773; x_wconf 81' lang='lat'><strong>?</strong></span> <span class='ocrx_word' id='word_1_27' title='bbox 1209 717 1344 788; x_wconf 88' lang='lat' dir='ltr'><strong>Quid</strong></span> <span class='ocrx_word' id='word_1_28' title='bbox 1381 726 1563 774; x_wconf 89' lang='lat' dir='ltr'><strong>autem</strong></span> <span class='ocrx_word' id='word_1_29' title='bbox 1591 716 2012 772; x_wconf 65' lang='lat' dir='ltr'><strong>Maccabaeorum</strong></span> 
     </span>
    </p>
   </div>
   <div class='ocr_carea' id='block_1_6' title="bbox 433 803 2016 880">
    <p class='ocr_par' dir='ltr' id='par_1_6' title="bbox 433 803 2016 880">
     <span class='ocr_line' id='line_1_6' title="bbox 433 803 2016 880; baseline -0.008 -9"><span class='ocrx_word' id='word_1_30' title='bbox 433 814 648 872; x_wconf 81' lang='lat' dir='ltr'><strong>mater?</strong></span> <span class='ocrx_word' id='word_1_31' title='bbox 672 830 852 870; x_wconf 90' lang='lat' dir='ltr'><strong>nonne</strong></span> <span class='ocrx_word' id='word_1_32' title='bbox 879 828 1014 870; x_wconf 87' lang='lat' dir='ltr'><strong>uxor</strong></span> <span class='ocrx_word' id='word_1_33' title='bbox 1044 811 1183 866; x_wconf 84' lang='lat' dir='ltr'><strong>fuit?</strong></span> <span class='ocrx_word' id='word_1_34' title='bbox 1209 825 1388 866; x_wconf 87' lang='lat' dir='ltr'><strong>nonne</strong></span> <span class='ocrx_word' id='word_1_35' title='bbox 1413 818 1619 880; x_wconf 89' lang='lat' dir='ltr'><strong>septem</strong></span> <span class='ocrx_word' id='word_1_36' title='bbox 1648 808 1783 863; x_wconf 83' lang='lat' dir='ltr'><strong>tilios</strong></span> <span class='ocrx_word' id='word_1_37' title='bbox 1809 803 2016 860; x_wconf 84' lang='lat' dir='ltr'><strong>addidit</strong></span> 
     </span>
    </p>
   </div>
   <div class='ocr_carea' id='block_1_7' title="bbox 426 899 2015 972">
    <p class='ocr_par' dir='ltr' id='par_1_7' title="bbox 426 899 2015 972">
     <span class='ocr_line' id='line_1_7' title="bbox 426 899 2015 972; baseline -0.006 -10"><span class='ocrx_word' id='word_1_38' title='bbox 426 919 736 962; x_wconf 86' lang='lat' dir='ltr'><strong>sanctorum</strong></span> <span class='ocrx_word' id='word_1_39' title='bbox 766 905 979 961; x_wconf 85' lang='lat' dir='ltr'><strong>choro?</strong></span> <span class='ocrx_word' id='word_1_40' title='bbox 1009 919 1187 960; x_wconf 86' lang='lat' dir='ltr'><strong>nonne</strong></span> <span class='ocrx_word' id='word_1_41' title='bbox 1228 903 1356 958; x_wconf 87' lang='lat' dir='ltr'><strong>vidit</strong></span> <span class='ocrx_word' id='word_1_42' title='bbox 1400 903 1520 957; x_wconf 77' lang='lat' dir='ltr'><strong>illos</strong></span> <span class='ocrx_word' id='word_1_43' title='bbox 1563 899 1818 972; x_wconf 85' lang='lat' dir='ltr'><strong>martyrio</strong></span> <span class='ocrx_word' id='word_1_44' title='bbox 1860 911 2015 952; x_wconf 86' lang='lat' dir='ltr'><strong>coro-</strong></span> 
     </span>
    </p>
   </div>
   <div class='ocr_carea' id='block_1_8' title="bbox 427 995 2013 1069">
    <p class='ocr_par' dir='ltr' id='par_1_8' title="bbox 427 995 2013 1069">
     <span class='ocr_line' id='line_1_8' title="bbox 427 995 2013 1069; baseline -0.003 -17"><span class='ocrx_word' id='word_1_45' title='bbox 427 998 620 1054; x_wconf 86' lang='lat' dir='ltr'><strong>natos?</strong></span> <span class='ocrx_word' id='word_1_46' title='bbox 661 998 1182 1069; x_wconf 4' lang='lat' dir='ltr'><strong>nonnegspectatrix</strong></span> <span class='ocrx_word' id='word_1_47' title='bbox 1231 995 1508 1061; x_wconf 86' lang='lat' dir='ltr'><strong>adstabat,</strong></span> <span class='ocrx_word' id='word_1_48' title='bbox 1538 1003 1808 1064; x_wconf 83' lang='lat' dir='ltr'><strong>tamquam</strong></span> <span class='ocrx_word' id='word_1_49' title='bbox 1859 1007 2013 1047; x_wconf 90' lang='lat' dir='ltr'><strong>mons</strong></span> 
     </span>
    </p>
   </div>
   <div class='ocr_carea' id='block_1_9' title="bbox 427 1087 2014 1162">
    <p class='ocr_par' dir='ltr' id='par_1_9' title="bbox 427 1087 2014 1162">
     <span class='ocr_line' id='line_1_9' title="bbox 427 1087 2014 1162; baseline -0.005 -15"><span class='ocrx_word' id='word_1_50' title='bbox 427 1091 646 1162; x_wconf 89' lang='lat' dir='ltr'><strong>quidam</strong></span> <span class='ocrx_word' id='word_1_51' title='bbox 695 1091 982 1146; x_wconf 88' lang='lat' dir='ltr'><strong>immobilis</strong></span> <span class='ocrx_word' id='word_1_52' title='bbox 1022 1090 1253 1144; x_wconf 89' lang='lat' dir='ltr'><strong>?nonne</strong></span> <span class='ocrx_word' id='word_1_53' title='bbox 1298 1087 1546 1142; x_wconf 86' lang='lat' dir='ltr'><strong>adstabat</strong></span> <span class='ocrx_word' id='word_1_54' title='bbox 1585 1088 1636 1141; x_wconf 89' lang='lat' dir='ltr'><strong>in</strong></span> <span class='ocrx_word' id='word_1_55' title='bbox 1686 1099 2014 1156; x_wconf 89' lang='lat' dir='ltr'><strong>unoquoque</strong></span> 
     </span>
    </p>
   </div>
   <div class='ocr_carea' id='block_1_10' title="bbox 426 1182 2006 1255">
    <p class='ocr_par' dir='ltr' id='par_1_10' title="bbox 426 1182 2006 1255">
     <span class='ocr_line' id='line_1_10' title="bbox 426 1182 2006 1255; baseline -0.005 -17"><span class='ocrx_word' id='word_1_56' title='bbox 426 1185 641 1238; x_wconf 91' lang='lat' dir='ltr'><strong>illorum</strong></span> <span class='ocrx_word' id='word_1_57' title='bbox 698 1183 1012 1255; x_wconf 89' lang='lat' dir='ltr'><strong>martyrium</strong></span> <span class='ocrx_word' id='word_1_58' title='bbox 1068 1182 1309 1252; x_wconf 88' lang='lat' dir='ltr'><strong>patiens,</strong></span> <span class='ocrx_word' id='word_1_59' title='bbox 1360 1190 1413 1236; x_wconf 89' lang='lat' dir='ltr'><strong>et</strong></span> <span class='ocrx_word' id='word_1_60' title='bbox 1465 1187 1636 1235; x_wconf 86' lang='lat' dir='ltr'><strong>mater</strong></span> <span class='ocrx_word' id='word_1_61' title='bbox 1682 1189 2006 1250; x_wconf 89' lang='lat' dir='ltr'><strong>martyrum,</strong></span> 
     </span>
    </p>
   </div>
   <div class='ocr_carea' id='block_1_11' title="bbox 425 1271 2013 1344">
    <p class='ocr_par' dir='ltr' id='par_1_11' title="bbox 425 1271 2013 1344">
     <span class='ocr_line' id='line_1_11' title="bbox 425 1271 2013 1344; baseline -0.004 -15"><span class='ocrx_word' id='word_1_62' title='bbox 425 1277 624 1343; x_wconf 85' lang='lat' dir='ltr'><strong>septies</strong></span> <span class='ocrx_word' id='word_1_63' title='bbox 655 1275 767 1344; x_wconf 87' lang='lat' dir='ltr'><strong>ipsa</strong></span> <span class='ocrx_word' id='word_1_64' title='bbox 815 1273 1126 1344; x_wconf 84' lang='lat' dir='ltr'><strong>martyrium</strong></span> <span class='ocrx_word' id='word_1_65' title='bbox 1167 1273 1326 1326; x_wconf 80' lang='lat' dir='ltr'><strong>tulit?</strong></span> <span class='ocrx_word' id='word_1_66' title='bbox 1359 1273 1489 1328; x_wconf 89' lang='lat' dir='ltr'><strong>Dum</strong></span> <span class='ocrx_word' id='word_1_67' title='bbox 1519 1271 1662 1326; x_wconf 89' lang='lat' dir='ltr'><strong>enim</strong></span> <span class='ocrx_word' id='word_1_68' title='bbox 1696 1271 1769 1326; x_wconf 92' lang='lat' dir='ltr'><strong>illi</strong></span> <span class='ocrx_word' id='word_1_69' title='bbox 1798 1282 2013 1340; x_wconf 87' lang='lat' dir='ltr'><strong>torque-</strong></span> 
     </span>
    </p>
   </div>
   <div class='ocr_carea' id='block_1_12' title="bbox 426 1363 2012 1436">
    <p class='ocr_par' dir='ltr' id='par_1_12' title="bbox 426 1363 2012 1436">
     <span class='ocr_line' id='line_1_12' title="bbox 426 1363 2012 1436; baseline -0.001 -16"><span class='ocrx_word' id='word_1_70' title='bbox 426 1367 662 1433; x_wconf 80' lang='lat' dir='ltr'><strong>bantur,</strong></span> <span class='ocrx_word' id='word_1_71' title='bbox 709 1367 796 1421; x_wconf 80' lang='lat' dir='ltr'><strong>illa</strong></span> <span class='ocrx_word' id='word_1_72' title='bbox 855 1368 1059 1436; x_wconf 88' lang='lat' dir='ltr'><strong>plagam</strong></span> <span class='ocrx_word' id='word_1_73' title='bbox 1108 1365 1422 1435; x_wconf 90' lang='lat' dir='ltr'><strong>accipiebat.</strong></span> <span class='ocrx_word' id='word_1_74' title='bbox 1477 1363 1661 1435; x_wconf 85' lang='lat' dir='ltr'><strong>Neque</strong></span> <span class='ocrx_word' id='word_1_75' title='bbox 1709 1364 1850 1419; x_wconf 90' lang='lat' dir='ltr'><strong>enim</strong></span> <span class='ocrx_word' id='word_1_76' title='bbox 1895 1363 2012 1418; x_wconf 90' lang='lat' dir='ltr'><strong>sine</strong></span> 
     </span>
    </p>
   </div>
   <div class='ocr_carea' id='block_1_13' title="bbox 426 1457 2010 1529">
    <p class='ocr_par' dir='ltr' id='par_1_13' title="bbox 426 1457 2010 1529">
     <span class='ocr_line' id='line_1_13' title="bbox 426 1457 2010 1529; baseline -0.003 -13"><span class='ocrx_word' id='word_1_77' title='bbox 426 1461 612 1516; x_wconf 90' lang='lat' dir='ltr'><strong>dolore</strong></span> <span class='ocrx_word' id='word_1_78' title='bbox 646 1462 760 1515; x_wconf 88' lang='lat' dir='ltr'><strong>haec</strong></span> <span class='ocrx_word' id='word_1_79' title='bbox 783 1459 1083 1529; x_wconf 78' lang='lat' dir='ltr'><strong>excipiebat</strong></span> <span class='ocrx_word' id='word_1_80' title='bbox 1116 1477 1130 1514; x_wconf 91' lang='lat'>:</span> <span class='ocrx_word' id='word_1_81' title='bbox 1162 1468 1333 1514; x_wconf 90' lang='lat' dir='ltr'><strong>mater</strong></span> <span class='ocrx_word' id='word_1_82' title='bbox 1359 1468 1495 1525; x_wconf 87' lang='lat' dir='ltr'><strong>erat,</strong></span> <span class='ocrx_word' id='word_1_83' title='bbox 1525 1467 1579 1514; x_wconf 91' lang='lat' dir='ltr'><strong>et</strong></span> <span class='ocrx_word' id='word_1_84' title='bbox 1627 1467 1832 1512; x_wconf 71' lang='lat' dir='ltr'><strong>naturze</strong></span> <span class='ocrx_word' id='word_1_85' title='bbox 1865 1457 2010 1512; x_wconf 90' lang='lat' dir='ltr'><strong>illata</strong></span> 
     </span>
    </p>
   </div>
   <div class='ocr_carea' id='block_1_14' title="bbox 423 1552 2011 1624">
    <p class='ocr_par' dir='ltr' id='par_1_14' title="bbox 423 1552 2011 1624">
     <span class='ocr_line' id='line_1_14' title="bbox 423 1552 2011 1624; baseline -0.001 -16"><span class='ocrx_word' id='word_1_86' title='bbox 423 1556 506 1610; x_wconf 88' lang='lat' dir='ltr'><strong>vis</strong></span> <span class='ocrx_word' id='word_1_87' title='bbox 538 1555 805 1624; x_wconf 85' lang='lat' dir='ltr'><strong>propriam</strong></span> <span class='ocrx_word' id='word_1_88' title='bbox 830 1553 1081 1608; x_wconf 81' lang='lat' dir='ltr'><strong>virtutem</strong></span> <span class='ocrx_word' id='word_1_89' title='bbox 1109 1553 1448 1618; x_wconf 89' lang='lat' dir='ltr'><strong>declarabat;</strong></span> <span class='ocrx_word' id='word_1_90' title='bbox 1481 1562 1536 1607; x_wconf 91' lang='lat' dir='ltr'><strong>at</strong></span> <span class='ocrx_word' id='word_1_91' title='bbox 1573 1553 1661 1608; x_wconf 89' lang='lat' dir='ltr'><strong>illa</strong></span> <span class='ocrx_word' id='word_1_92' title='bbox 1693 1568 1800 1607; x_wconf 90' lang='lat' dir='ltr'><strong>non</strong></span> <span class='ocrx_word' id='word_1_93' title='bbox 1829 1552 2011 1606; x_wconf 91' lang='lat' dir='ltr'><strong>vince-</strong></span> 
     </span>
    </p>
   </div>
   <div class='ocr_carea' id='block_1_15' title="bbox 425 1643 2010 1716">
    <p class='ocr_par' dir='ltr' id='par_1_15' title="bbox 425 1643 2010 1716">
     <span class='ocr_line' id='line_1_15' title="bbox 425 1643 2010 1716; baseline -0.004 -15"><span class='ocrx_word' id='word_1_94' title='bbox 425 1648 602 1702; x_wconf 81' lang='lat' dir='ltr'><strong>batur.</strong></span> <span class='ocrx_word' id='word_1_95' title='bbox 634 1646 778 1700; x_wconf 84' lang='lat' dir='ltr'><strong>Mare</strong></span> <span class='ocrx_word' id='word_1_96' title='bbox 803 1644 1018 1716; x_wconf 83' lang='lat' dir='ltr'><strong>quidem</strong></span> <span class='ocrx_word' id='word_1_97' title='bbox 1045 1652 1162 1700; x_wconf 91' lang='lat' dir='ltr'><strong>erat</strong></span> <span class='ocrx_word' id='word_1_98' title='bbox 1207 1655 1261 1700; x_wconf 92' lang='lat' dir='ltr'><strong>et</strong></span> <span class='ocrx_word' id='word_1_99' title='bbox 1306 1643 1539 1699; x_wconf 86' lang='lat' dir='ltr'><strong>ﬂuctus:</strong></span> <span class='ocrx_word' id='word_1_100' title='bbox 1573 1653 1826 1700; x_wconf 69' lang='lat' dir='ltr'><strong>cmterum</strong></span> <span class='ocrx_word' id='word_1_101' title='bbox 1873 1643 2010 1698; x_wconf 92' lang='lat' dir='ltr'><strong>sicut</strong></span> 
     </span>
    </p>
   </div>
   <div class='ocr_carea' id='block_1_16' title="bbox 427 1737 2006 1806">
    <p class='ocr_par' dir='ltr' id='par_1_16' title="bbox 427 1737 2006 1806">
     <span class='ocr_line' id='line_1_16' title="bbox 427 1737 2006 1806; baseline -0.006 -12"><span class='ocrx_word' id='word_1_102' title='bbox 427 1756 596 1806; x_wconf 87' lang='lat' dir='ltr'><strong>mare,</strong></span> <span class='ocrx_word' id='word_1_103' title='bbox 621 1753 743 1792; x_wconf 92' lang='lat' dir='ltr'><strong>cum</strong></span> <span class='ocrx_word' id='word_1_104' title='bbox 777 1738 996 1804; x_wconf 90' lang='lat' dir='ltr'><strong>insanit,</strong></span> <span class='ocrx_word' id='word_1_105' title='bbox 1025 1737 1242 1792; x_wconf 84' lang='lat' dir='ltr'><strong>sedatur</strong></span> <span class='ocrx_word' id='word_1_106' title='bbox 1270 1753 1284 1791; x_wconf 91' lang='lat'>:</span> <span class='ocrx_word' id='word_1_107' title='bbox 1319 1737 1388 1791; x_wconf 90' lang='lat' dir='ltr'><strong>ita</strong></span> <span class='ocrx_word' id='word_1_108' title='bbox 1419 1746 1473 1792; x_wconf 90' lang='lat' dir='ltr'><strong>et</strong></span> <span class='ocrx_word' id='word_1_109' title='bbox 1503 1747 1694 1791; x_wconf 90' lang='lat' dir='ltr'><strong>natura</strong></span> <span class='ocrx_word' id='word_1_110' title='bbox 1717 1747 2006 1802; x_wconf 85' lang='lat' dir='ltr'><strong>commota,</strong></span> 
     </span>
    </p>
   </div>
   <div class='ocr_carea' id='block_1_17' title="bbox 429 1827 2006 1902">
    <p class='ocr_par' dir='ltr' id='par_1_17' title="bbox 429 1827 2006 1902">
     <span class='ocr_line' id='line_1_17' title="bbox 429 1827 2006 1902; baseline -0.004 -16"><span class='ocrx_word' id='word_1_111' title='bbox 429 1842 572 1886; x_wconf 89' lang='lat' dir='ltr'><strong>metu</strong></span> <span class='ocrx_word' id='word_1_112' title='bbox 621 1831 713 1886; x_wconf 88' lang='lat' dir='ltr'><strong>Dei</strong></span> <span class='ocrx_word' id='word_1_113' title='bbox 755 1829 1146 1885; x_wconf 89' lang='lat' dir='ltr'><strong>refrenabatur.</strong></span> <span class='ocrx_word' id='word_1_114' title='bbox 1187 1828 1469 1902; x_wconf 79' lang='lat' dir='ltr'><strong>Quomodo</strong></span> <span class='ocrx_word' id='word_1_115' title='bbox 1499 1843 1594 1883; x_wconf 92' lang='lat' dir='ltr'><strong>eos</strong></span> <span class='ocrx_word' id='word_1_116' title='bbox 1636 1827 1830 1882; x_wconf 86' lang='lat' dir='ltr'><strong>unxit?</strong></span> <span class='ocrx_word' id='word_1_117' title='bbox 1873 1842 2006 1898; x_wconf 86' lang='lat' dir='ltr'><strong>quo-</strong></span> 
     </span>
    </p>
   </div>
   <div class='ocr_carea' id='block_1_18' title="bbox 429 1919 2010 1992">
    <p class='ocr_par' dir='ltr' id='par_1_18' title="bbox 429 1919 2010 1992">
     <span class='ocr_line' id='line_1_18' title="bbox 429 1919 2010 1992; baseline -0.004 -14"><span class='ocrx_word' id='word_1_118' title='bbox 429 1924 591 1978; x_wconf 92' lang='lat' dir='ltr'><strong>modo</strong></span> <span class='ocrx_word' id='word_1_119' title='bbox 619 1937 712 1978; x_wconf 89' lang='lat' dir='ltr'><strong>eos</strong></span> <span class='ocrx_word' id='word_1_120' title='bbox 741 1923 914 1976; x_wconf 87' lang='lat' dir='ltr'><strong>aluit?</strong></span> <span class='ocrx_word' id='word_1_121' title='bbox 951 1921 1221 1992; x_wconf 92' lang='lat' dir='ltr'><strong>quomodo</strong></span> <span class='ocrx_word' id='word_1_122' title='bbox 1248 1930 1452 1990; x_wconf 87' lang='lat' dir='ltr'><strong>septem</strong></span> <span class='ocrx_word' id='word_1_123' title='bbox 1486 1921 1682 1991; x_wconf 89' lang='lat' dir='ltr'><strong>templa</strong></span> <span class='ocrx_word' id='word_1_124' title='bbox 1718 1921 1826 1974; x_wconf 91' lang='lat' dir='ltr'><strong>Deo</strong></span> <span class='ocrx_word' id='word_1_125' title='bbox 1855 1919 2010 1974; x_wconf 85' lang='lat' dir='ltr'><strong>exhi-</strong></span> 
     </span>
    </p>
   </div>
   <div class='ocr_carea' id='block_1_19' title="bbox 429 2011 2012 2084">
    <p class='ocr_par' dir='ltr' id='par_1_19' title="bbox 429 2011 2012 2084">
     <span class='ocr_line' id='line_1_19' title="bbox 429 2011 2012 2084; baseline -0.003 -15"><span class='ocrx_word' id='word_1_126' title='bbox 429 2016 563 2080; x_wconf 89' lang='lat' dir='ltr'><strong>buit,</strong></span> <span class='ocrx_word' id='word_1_127' title='bbox 595 2023 800 2069; x_wconf 85' lang='lat' dir='ltr'><strong>statuas</strong></span> <span class='ocrx_word' id='word_1_128' title='bbox 831 2029 1024 2068; x_wconf 86' lang='lat' dir='ltr'><strong>aureas</strong></span> <span class='ocrx_word' id='word_1_129' title='bbox 1047 2054 1061 2080; x_wconf 95' lang='lat'><strong>,</strong></span> <span class='ocrx_word' id='word_1_130' title='bbox 1095 2013 1204 2068; x_wconf 92' lang='lat' dir='ltr'><strong>imo</strong></span> <span class='ocrx_word' id='word_1_131' title='bbox 1247 2014 1425 2084; x_wconf 85' lang='lat' dir='ltr'><strong>potius</strong></span> <span class='ocrx_word' id='word_1_132' title='bbox 1452 2027 1584 2067; x_wconf 93' lang='lat' dir='ltr'><strong>auro</strong></span> <span class='ocrx_word' id='word_1_133' title='bbox 1615 2012 1962 2084; x_wconf 89' lang='lat' dir='ltr'><strong>pretiosiores</strong></span> <span class='ocrx_word' id='word_1_134' title='bbox 1987 2011 2012 2064; x_wconf 86' lang='lat'><strong>?</strong></span> 
     </span>
    </p>
   </div>
   <div class='ocr_carea' id='block_1_20' title="bbox 496 2105 2008 2176">
    <p class='ocr_par' dir='ltr' id='par_1_20' title="bbox 496 2105 2008 2176">
     <span class='ocr_line' id='line_1_20' title="bbox 496 2105 2008 2176; baseline -0.003 -13"><span class='ocrx_word' id='word_1_135' title='bbox 496 2110 548 2163; x_wconf 85' lang='lat'><strong>5.</strong></span> <span class='ocrx_word' id='word_1_136' title='bbox 585 2109 652 2164; x_wconf 89' lang='lat' dir='ltr'><strong>Ut</strong></span> <span class='ocrx_word' id='word_1_137' title='bbox 696 2109 837 2162; x_wconf 90' lang='lat' dir='ltr'><strong>enim</strong></span> <span class='ocrx_word' id='word_1_138' title='bbox 881 2108 1018 2162; x_wconf 90' lang='lat' dir='ltr'><strong>scias</strong></span> <span class='ocrx_word' id='word_1_139' title='bbox 1056 2123 1159 2161; x_wconf 92' lang='lat' dir='ltr'><strong>non</strong></span> <span class='ocrx_word' id='word_1_140' title='bbox 1191 2107 1294 2160; x_wconf 85' lang='lat' dir='ltr'><strong>tale</strong></span> <span class='ocrx_word' id='word_1_141' title='bbox 1323 2121 1443 2161; x_wconf 90' lang='lat' dir='ltr'><strong>esse</strong></span> <span class='ocrx_word' id='word_1_142' title='bbox 1477 2120 1685 2172; x_wconf 91' lang='lat' dir='ltr'><strong>aurum,</strong></span> <span class='ocrx_word' id='word_1_143' title='bbox 1712 2105 1890 2176; x_wconf 89' lang='lat' dir='ltr'><strong>qualis</strong></span> <span class='ocrx_word' id='word_1_144' title='bbox 1922 2115 2008 2159; x_wconf 89' lang='lat' dir='ltr'><strong>est</strong></span> 
     </span>
    </p>
   </div>
   <div class='ocr_carea' id='block_1_21' title="bbox 425 2195 2013 2270">
    <p class='ocr_par' dir='ltr' id='par_1_21' title="bbox 425 2195 2013 2270">
     <span class='ocr_line' id='line_1_21' title="bbox 425 2195 2013 2270; baseline -0.002 -17"><span class='ocrx_word' id='word_1_145' title='bbox 425 2202 600 2255; x_wconf 89' lang='lat' dir='ltr'><strong>anima</strong></span> <span class='ocrx_word' id='word_1_146' title='bbox 633 2209 925 2270; x_wconf 81' lang='lat' dir='ltr'><strong>martyrum</strong></span> <span class='ocrx_word' id='word_1_147' title='bbox 952 2239 965 2262; x_wconf 93' lang='lat'><strong>,</strong></span> <span class='ocrx_word' id='word_1_148' title='bbox 994 2197 1230 2252; x_wconf 81' lang='lat' dir='ltr'><strong>attende.</strong></span> <span class='ocrx_word' id='word_1_149' title='bbox 1261 2197 1447 2252; x_wconf 81' lang='lat' dir='ltr'><strong>Stabat</strong></span> <span class='ocrx_word' id='word_1_150' title='bbox 1469 2206 1743 2267; x_wconf 86' lang='lat' dir='ltr'><strong>tyrannus,</strong></span> <span class='ocrx_word' id='word_1_151' title='bbox 1763 2205 1922 2266; x_wconf 86' lang='lat' dir='ltr'><strong>atque</strong></span> <span class='ocrx_word' id='word_1_152' title='bbox 1945 2195 2013 2250; x_wconf 92' lang='lat' dir='ltr'><strong>ab</strong></span> 
     </span>
    </p>
   </div>
   <div class='ocr_carea' id='block_1_22' title="bbox 427 2288 2009 2358">
    <p class='ocr_par' dir='ltr' id='par_1_22' title="bbox 427 2288 2009 2358">
     <span class='ocr_line' id='line_1_22' title="bbox 427 2288 2009 2358; baseline -0.001 -14"><span class='ocrx_word' id='word_1_153' title='bbox 427 2309 530 2345; x_wconf 81' lang='lat' dir='ltr'><strong>nua</strong></span> <span class='ocrx_word' id='word_1_154' title='bbox 575 2292 797 2345; x_wconf 86' lang='lat' dir='ltr'><strong>muliere</strong></span> <span class='ocrx_word' id='word_1_155' title='bbox 825 2298 1107 2358; x_wconf 88' lang='lat' dir='ltr'><strong>superatus</strong></span> <span class='ocrx_word' id='word_1_156' title='bbox 1143 2288 1468 2343; x_wconf 77' lang='lat' dir='ltr'><strong>discedebat.</strong></span> <span class='ocrx_word' id='word_1_157' title='bbox 1508 2289 1598 2343; x_wconf 90' lang='lat' dir='ltr'><strong>Ille</strong></span> <span class='ocrx_word' id='word_1_158' title='bbox 1637 2289 1800 2343; x_wconf 87' lang='lat' dir='ltr'><strong>armis</strong></span> <span class='ocrx_word' id='word_1_159' title='bbox 1839 2303 2009 2358; x_wconf 88' lang='lat' dir='ltr'><strong>oppu-</strong></span> 
     </span>
    </p>
   </div>
   <div class='ocr_carea' id='block_1_23' title="bbox 428 2378 2010 2451">
    <p class='ocr_par' dir='ltr' id='par_1_23' title="bbox 428 2378 2010 2451">
     <span class='ocr_line' id='line_1_23' title="bbox 428 2378 2010 2451; baseline -0.001 -17"><span class='ocrx_word' id='word_1_160' title='bbox 428 2383 644 2451; x_wconf 82' lang='lat' dir='ltr'><strong>gnabat,</strong></span> <span class='ocrx_word' id='word_1_161' title='bbox 677 2381 786 2436; x_wconf 72' lang='lat' dir='ltr'><strong>haec</strong></span> <span class='ocrx_word' id='word_1_162' title='bbox 809 2380 971 2434; x_wconf 89' lang='lat' dir='ltr'><strong>animi</strong></span> <span class='ocrx_word' id='word_1_163' title='bbox 1000 2380 1047 2434; x_wconf 92' lang='lat' dir='ltr'><strong>vi</strong></span> <span class='ocrx_word' id='word_1_164' title='bbox 1067 2378 1388 2448; x_wconf 83' lang='lat' dir='ltr'><strong>superabat;</strong></span> <span class='ocrx_word' id='word_1_165' title='bbox 1419 2379 1505 2432; x_wconf 90' lang='lat' dir='ltr'><strong>ille</strong></span> <span class='ocrx_word' id='word_1_166' title='bbox 1531 2379 1799 2433; x_wconf 79' lang='lat' dir='ltr'><strong>fornacem</strong></span> <span class='ocrx_word' id='word_1_167' title='bbox 1825 2379 2010 2434; x_wconf 90' lang='lat' dir='ltr'><strong>incen-</strong></span> 
     </span>
    </p>
   </div>
   <div class='ocr_carea' id='block_1_24' title="bbox 426 2469 2005 2540">
    <p class='ocr_par' dir='ltr' id='par_1_24' title="bbox 426 2469 2005 2540">
     <span class='ocr_line' id='line_1_24' title="bbox 426 2469 2005 2540; baseline -0.003 -14"><span class='ocrx_word' id='word_1_168' title='bbox 426 2473 610 2539; x_wconf 86' lang='lat' dir='ltr'><strong>debat,</strong></span> <span class='ocrx_word' id='word_1_169' title='bbox 635 2472 748 2526; x_wconf 75' lang='lat' dir='ltr'><strong>lucc</strong></span> <span class='ocrx_word' id='word_1_170' title='bbox 771 2473 1020 2526; x_wconf 78' lang='lat' dir='ltr'><strong>virtutem</strong></span> <span class='ocrx_word' id='word_1_171' title='bbox 1039 2471 1256 2540; x_wconf 83' lang='lat' dir='ltr'><strong>spiritus</strong></span> <span class='ocrx_word' id='word_1_172' title='bbox 1280 2488 1296 2535; x_wconf 85' lang='lat'><strong>;</strong></span> <span class='ocrx_word' id='word_1_173' title='bbox 1323 2469 1409 2524; x_wconf 90' lang='lat' dir='ltr'><strong>ille</strong></span> <span class='ocrx_word' id='word_1_174' title='bbox 1425 2469 1714 2524; x_wconf 85' lang='lat' dir='ltr'><strong>exercitum</strong></span> <span class='ocrx_word' id='word_1_175' title='bbox 1731 2469 2005 2535; x_wconf 79' lang='lat' dir='ltr'><strong>movebat,</strong></span> 
     </span>
    </p>
   </div>
   <div class='ocr_carea' id='block_1_25' title="bbox 429 2559 2010 2633">
    <p class='ocr_par' dir='ltr' id='par_1_25' title="bbox 429 2559 2010 2633">
     <span class='ocr_line' id='line_1_25' title="bbox 429 2559 2010 2633; baseline -0.001 -17"><span class='ocrx_word' id='word_1_176' title='bbox 429 2565 544 2620; x_wconf 60' lang='lat' dir='ltr'><strong>haec</strong></span> <span class='ocrx_word' id='word_1_177' title='bbox 573 2563 639 2618; x_wconf 91' lang='lat' dir='ltr'><strong>ad</strong></span> <span class='ocrx_word' id='word_1_178' title='bbox 667 2563 887 2633; x_wconf 82' lang='lat' dir='ltr'><strong>angelos</strong></span> <span class='ocrx_word' id='word_1_179' title='bbox 916 2561 1220 2633; x_wconf 85' lang='lat' dir='ltr'><strong>applieabat</strong></span> <span class='ocrx_word' id='word_1_180' title='bbox 1253 2561 1488 2615; x_wconf 91' lang='lat' dir='ltr'><strong>animum</strong></span> <span class='ocrx_word' id='word_1_181' title='bbox 1523 2579 1538 2615; x_wconf 88' lang='lat'><strong>:</strong></span> <span class='ocrx_word' id='word_1_182' title='bbox 1571 2560 1781 2616; x_wconf 84' lang='lat' dir='ltr'><strong>videbat</strong></span> <span class='ocrx_word' id='word_1_183' title='bbox 1806 2559 2010 2615; x_wconf 90' lang='lat' dir='ltr'><strong>inferne</strong></span> 
     </span>
    </p>
   </div>
   <div class='ocr_carea' id='block_1_26' title="bbox 429 2652 2010 2727">
    <p class='ocr_par' dir='ltr' id='par_1_26' title="bbox 429 2652 2010 2727">
     <span class='ocr_line' id='line_1_26' title="bbox 429 2652 2010 2727; baseline -0.002 -17"><span class='ocrx_word' id='word_1_184' title='bbox 429 2667 732 2727; x_wconf 80' lang='lat' dir='ltr'><strong>tyrannum,</strong></span> <span class='ocrx_word' id='word_1_185' title='bbox 761 2663 814 2708; x_wconf 85' lang='lat' dir='ltr'><strong>et</strong></span> <span class='ocrx_word' id='word_1_186' title='bbox 861 2655 914 2708; x_wconf 91' lang='lat' dir='ltr'><strong>in</strong></span> <span class='ocrx_word' id='word_1_187' title='bbox 960 2653 1138 2707; x_wconf 88' lang='lat' dir='ltr'><strong>animo</strong></span> <span class='ocrx_word' id='word_1_188' title='bbox 1174 2653 1417 2708; x_wconf 83' lang='lat' dir='ltr'><strong>versabat</strong></span> <span class='ocrx_word' id='word_1_189' title='bbox 1464 2652 1610 2708; x_wconf 91' lang='lat' dir='ltr'><strong>illum</strong></span> <span class='ocrx_word' id='word_1_190' title='bbox 1663 2654 1714 2708; x_wconf 90' lang='lat' dir='ltr'><strong>in</strong></span> <span class='ocrx_word' id='word_1_191' title='bbox 1767 2654 2010 2724; x_wconf 89' lang='lat' dir='ltr'><strong>supernis</strong></span> 
     </span>
    </p>
   </div>
   <div class='ocr_carea' id='block_1_27' title="bbox 428 2743 2011 2815">
    <p class='ocr_par' dir='ltr' id='par_1_27' title="bbox 428 2743 2011 2815">
     <span class='ocr_line' id='line_1_27' title="bbox 428 2743 2011 2815; baseline 0 -15"><span class='ocrx_word' id='word_1_192' title='bbox 428 2757 737 2815; x_wconf 81' lang='lat' dir='ltr'><strong>regnantem</strong></span> <span class='ocrx_word' id='word_1_193' title='bbox 764 2763 778 2809; x_wconf 86' lang='lat'><strong>;</strong></span> <span class='ocrx_word' id='word_1_194' title='bbox 815 2745 1024 2800; x_wconf 82' lang='lat' dir='ltr'><strong>videbat</strong></span> <span class='ocrx_word' id='word_1_195' title='bbox 1054 2743 1186 2798; x_wconf 90' lang='lat' dir='ltr'><strong>infra</strong></span> <span class='ocrx_word' id='word_1_196' title='bbox 1217 2760 1277 2800; x_wconf 88' lang='lat' dir='ltr'><strong>se</strong></span> <span class='ocrx_word' id='word_1_197' title='bbox 1309 2754 1591 2808; x_wconf 89' lang='lat' dir='ltr'><strong>tormenta,</strong></span> <span class='ocrx_word' id='word_1_198' title='bbox 1615 2755 1664 2798; x_wconf 93' lang='lat' dir='ltr'><strong>at</strong></span> <span class='ocrx_word' id='word_1_199' title='bbox 1699 2747 2011 2800; x_wconf 88' lang='lat' dir='ltr'><strong>numerabat</strong></span> 
     </span>
    </p>
   </div>
   <div class='ocr_carea' id='block_1_28' title="bbox 427 2835 2013 2908">
    <p class='ocr_par' dir='ltr' id='par_1_28' title="bbox 427 2835 2013 2908">
     <span class='ocr_line' id='line_1_28' title="bbox 427 2835 2013 2908; baseline 0.001 -16"><span class='ocrx_word' id='word_1_200' title='bbox 427 2853 658 2908; x_wconf 85' lang='lat' dir='ltr'><strong>superna</strong></span> <span class='ocrx_word' id='word_1_201' title='bbox 707 2837 926 2903; x_wconf 77' lang='lat' dir='ltr'><strong>bravia;</strong></span> <span class='ocrx_word' id='word_1_202' title='bbox 976 2835 1191 2891; x_wconf 85' lang='lat' dir='ltr'><strong>videbat</strong></span> <span class='ocrx_word' id='word_1_203' title='bbox 1239 2846 1556 2906; x_wconf 70' lang='lat' dir='ltr'><strong>praesentem</strong></span> <span class='ocrx_word' id='word_1_204' title='bbox 1601 2839 1915 2901; x_wconf 89' lang='lat' dir='ltr'><strong>crueiatum,</strong></span> <span class='ocrx_word' id='word_1_205' title='bbox 1957 2848 2013 2894; x_wconf 91' lang='lat' dir='ltr'><strong>et</strong></span> 
     </span>
    </p>
   </div>
   <div class='ocr_carea' id='block_1_29' title="bbox 428 2927 2010 2999">
    <p class='ocr_par' dir='ltr' id='par_1_29' title="bbox 428 2927 2010 2999">
     <span class='ocr_line' id='line_1_29' title="bbox 428 2927 2010 2999; baseline -0.001 -15"><span class='ocrx_word' id='word_1_206' title='bbox 428 2931 689 2999; x_wconf 71' lang='lat' dir='ltr'><strong>cogitabat</strong></span> <span class='ocrx_word' id='word_1_207' title='bbox 742 2927 970 2982; x_wconf 76' lang='lat' dir='ltr'><strong>futuram</strong></span> <span class='ocrx_word' id='word_1_208' title='bbox 1033 2927 1507 2982; x_wconf 90' lang='lat' dir='ltr'><strong>immortalitatem.</strong></span> <span class='ocrx_word' id='word_1_209' title='bbox 1565 2928 1899 2998; x_wconf 84' lang='lat' dir='ltr'><strong>Quapropter</strong></span> <span class='ocrx_word' id='word_1_210' title='bbox 1959 2941 2010 2986; x_wconf 88' lang='lat' dir='ltr'><strong>et</strong></span> 
     </span>
    </p>
   </div>
   <div class='ocr_carea' id='block_1_30' title="bbox 431 3021 2010 3093">
    <p class='ocr_par' dir='ltr' id='par_1_30' title="bbox 431 3021 2010 3093">
     <span class='ocr_line' id='line_1_30' title="bbox 431 3021 2010 3093; baseline -0.002 -13"><span class='ocrx_word' id='word_1_211' title='bbox 431 3026 625 3080; x_wconf 85' lang='lat' dir='ltr'><strong>Paulus</strong></span> <span class='ocrx_word' id='word_1_212' title='bbox 647 3023 879 3086; x_wconf 88' lang='lat' dir='ltr'><strong>diccbat,</strong></span> <span class='ocrx_word' id='word_1_213' title='bbox 917 3021 1035 3076; x_wconf 81' lang='lat' dir='ltr'><strong>Non</strong></span> <span class='ocrx_word' id='word_1_214' title='bbox 1064 3022 1516 3091; x_wconf 75' lang='lat' dir='ltr'><strong>contemplantibus</strong></span> <span class='ocrx_word' id='word_1_215' title='bbox 1541 3021 1682 3076; x_wconf 83' lang='lat' dir='ltr'><strong>nobis</strong></span> <span class='ocrx_word' id='word_1_216' title='bbox 1700 3039 1814 3093; x_wconf 76' lang='lat' dir='ltr'><strong>qua:</strong></span> <span class='ocrx_word' id='word_1_217' title='bbox 1838 3024 2010 3077; x_wconf 67' lang='lat' dir='ltr'><strong>viden-</strong></span> 
     </span>
    </p>
   </div>
   <div class='ocr_carea' id='block_1_31' title="bbox 429 3111 2008 3186">
    <p class='ocr_par' dir='ltr' id='par_1_31' title="bbox 429 3111 2008 3186">
     <span class='ocr_line' id='line_1_31' title="bbox 429 3111 2008 3186; baseline -0.001 -17"><span class='ocrx_word' id='word_1_218' title='bbox 429 3127 511 3170; x_wconf 81' lang='lat' dir='ltr'><strong>tur</strong></span> <span class='ocrx_word' id='word_1_219' title='bbox 534 3157 547 3177; x_wconf 93' lang='lat'><strong>,</strong></span> <span class='ocrx_word' id='word_1_220' title='bbox 580 3114 667 3169; x_wconf 75' lang='lat' dir='ltr'><strong>sed</strong></span> <span class='ocrx_word' id='word_1_221' title='bbox 691 3131 750 3168; x_wconf 81' lang='lat' dir='ltr'><strong>ea</strong></span> <span class='ocrx_word' id='word_1_222' title='bbox 773 3129 889 3185; x_wconf 69' lang='lat' dir='ltr'><strong>qua:</strong></span> <span class='ocrx_word' id='word_1_223' title='bbox 927 3130 1026 3166; x_wconf 83' lang='lat' dir='ltr'><strong>non</strong></span> <span class='ocrx_word' id='word_1_224' title='bbox 1056 3113 1287 3166; x_wconf 74' lang='lat' dir='ltr'><strong>ridentur</strong></span> <span class='ocrx_word' id='word_1_225' title='bbox 1314 3111 1404 3186; x_wconf 78' lang='grc'><strong>(2.</strong></span> <span class='ocrx_word' id='word_1_226' title='bbox 1451 3111 1569 3169; x_wconf 87' lang='lat' dir='ltr'><strong>Cor.</strong></span> <span class='ocrx_word' id='word_1_227' title='bbox 1621 3114 1673 3168; x_wconf 78' lang='grc'><strong>4.</strong></span> <span class='ocrx_word' id='word_1_228' title='bbox 1706 3113 1826 3185; x_wconf 80' lang='grc'><strong>18).</strong></span> <span class='ocrx_word' id='word_1_229' title='bbox 1874 3115 2008 3169; x_wconf 86' lang='grc' dir='ltr'>Νιιιιι</span> 
     </span>
    </p>
   </div>
   <div class='ocr_carea' id='block_1_32' title="bbox 429 3205 2008 3280">
    <p class='ocr_par' dir='ltr' id='par_1_32' title="bbox 429 3205 2008 3280">
     <span class='ocr_line' id='line_1_32' title="bbox 429 3205 2008 3280; baseline 0.001 -18"><span class='ocrx_word' id='word_1_230' title='bbox 429 3210 553 3280; x_wconf 87' lang='lat' dir='ltr'><strong>quid</strong></span> <span class='ocrx_word' id='word_1_231' title='bbox 589 3207 847 3262; x_wconf 84' lang='lat' dir='ltr'><strong>obstaculi</strong></span> <span class='ocrx_word' id='word_1_232' title='bbox 877 3205 1154 3262; x_wconf 79' lang='lat' dir='ltr'><strong>adferebat</strong></span> <span class='ocrx_word' id='word_1_233' title='bbox 1187 3207 1630 3263; x_wconf 87' lang='lat' dir='ltr'><strong>matrimonium?</strong></span> <span class='ocrx_word' id='word_1_234' title='bbox 1667 3208 1804 3276; x_wconf 86' lang='lat' dir='ltr'><strong>Quid</strong></span> <span class='ocrx_word' id='word_1_235' title='bbox 1831 3221 2008 3265; x_wconf 88' lang='lat' dir='ltr'><strong>autem</strong></span> 
     </span>
    </p>
   </div>
   <div class='ocr_carea' id='block_1_33' title="bbox 431 3297 2008 3366">
    <p class='ocr_par' dir='ltr' id='par_1_33' title="bbox 431 3297 2008 3366">
     <span class='ocr_line' id='line_1_33' title="bbox 431 3297 2008 3366; baseline 0 -11"><span class='ocrx_word' id='word_1_236' title='bbox 431 3302 640 3366; x_wconf 77' lang='lat' dir='ltr'><strong>Petrus,</strong></span> <span class='ocrx_word' id='word_1_237' title='bbox 673 3299 815 3355; x_wconf 87' lang='lat' dir='ltr'><strong>basis</strong></span> <span class='ocrx_word' id='word_1_238' title='bbox 838 3299 1110 3365; x_wconf 73' lang='lat' dir='ltr'><strong>Ecclesizn,</strong></span> <span class='ocrx_word' id='word_1_239' title='bbox 1144 3298 1234 3353; x_wconf 92' lang='lat' dir='ltr'><strong>ille</strong></span> <span class='ocrx_word' id='word_1_240' title='bbox 1261 3297 1549 3356; x_wconf 88' lang='lat' dir='ltr'><strong>vehemens</strong></span> <span class='ocrx_word' id='word_1_241' title='bbox 1571 3310 1779 3356; x_wconf 89' lang='lat' dir='ltr'><strong>amator</strong></span> <span class='ocrx_word' id='word_1_242' title='bbox 1793 3300 2008 3364; x_wconf 79' lang='lat' dir='ltr'><strong>Christi,</strong></span> 
     </span>
    </p>
   </div>
   <div class='ocr_carea' id='block_1_34' title="bbox 431 3391 2012 3466">
    <p class='ocr_par' dir='ltr' id='par_1_34' title="bbox 431 3391 2012 3466">
     <span class='ocr_line' id='line_1_34' title="bbox 431 3391 2012 3466; baseline 0 -18"><span class='ocrx_word' id='word_1_243' title='bbox 431 3395 518 3450; x_wconf 82' lang='lat' dir='ltr'><strong>ille</strong></span> <span class='ocrx_word' id='word_1_244' title='bbox 542 3406 791 3448; x_wconf 81' lang='lat' dir='ltr'><strong>sermone</strong></span> <span class='ocrx_word' id='word_1_245' title='bbox 818 3391 1082 3458; x_wconf 88' lang='lat' dir='ltr'><strong>indoctus,</strong></span> <span class='ocrx_word' id='word_1_246' title='bbox 1111 3399 1165 3447; x_wconf 90' lang='lat' dir='ltr'><strong>et</strong></span> <span class='ocrx_word' id='word_1_247' title='bbox 1186 3391 1462 3448; x_wconf 90' lang='lat' dir='ltr'><strong>rhetorum</strong></span> <span class='ocrx_word' id='word_1_248' title='bbox 1498 3393 1697 3460; x_wconf 85' lang='lat' dir='ltr'><strong>victor,</strong></span> <span class='ocrx_word' id='word_1_249' title='bbox 1730 3395 1815 3450; x_wconf 90' lang='lat' dir='ltr'><strong>ille</strong></span> <span class='ocrx_word' id='word_1_250' title='bbox 1840 3395 2012 3466; x_wconf 83' lang='lat' dir='ltr'><strong>impe-</strong></span> 
     </span>
    </p>
   </div>
   <div class='ocr_carea' id='block_1_35' title="bbox 431 3485 2011 3558">
    <p class='ocr_par' dir='ltr' id='par_1_35' title="bbox 431 3485 2011 3558">
     <span class='ocr_line' id='line_1_35' title="bbox 431 3485 2011 3558; baseline 0 -17"><span class='ocrx_word' id='word_1_251' title='bbox 431 3487 588 3546; x_wconf 85' lang='lat' dir='ltr'><strong>ritus.</strong></span> <span class='ocrx_word' id='word_1_252' title='bbox 636 3486 725 3554; x_wconf 90' lang='lat' dir='ltr'><strong>qui</strong></span> <span class='ocrx_word' id='word_1_253' title='bbox 774 3495 949 3540; x_wconf 88' lang='lat' dir='ltr'><strong>tamen</strong></span> <span class='ocrx_word' id='word_1_254' title='bbox 992 3485 1324 3556; x_wconf 85' lang='lat' dir='ltr'><strong>philosophis</strong></span> <span class='ocrx_word' id='word_1_255' title='bbox 1354 3486 1636 3544; x_wconf 89' lang='lat' dir='ltr'><strong>.obturavit</strong></span> <span class='ocrx_word' id='word_1_256' title='bbox 1672 3504 1769 3554; x_wconf 92' lang='lat' dir='ltr'><strong>os,</strong></span> <span class='ocrx_word' id='word_1_257' title='bbox 1801 3487 1888 3543; x_wconf 88' lang='lat' dir='ltr'><strong>ille</strong></span> <span class='ocrx_word' id='word_1_258' title='bbox 1925 3491 2011 3558; x_wconf 87' lang='lat' dir='ltr'><strong>qui</strong></span> 
     </span>
    </p>
   </div>
   <div class='ocr_carea' id='block_1_36' title="bbox 431 3576 2014 3647">
    <p class='ocr_par' dir='ltr' id='par_1_36' title="bbox 431 3576 2014 3647">
     <span class='ocr_line' id='line_1_36' title="bbox 431 3576 2014 3647; baseline 0.003 -17"><span class='ocrx_word' id='word_1_259' title='bbox 431 3576 792 3632; x_wconf 62' lang='lat' dir='ltr'><strong>Criecanicam</strong></span> <span class='ocrx_word' id='word_1_260' title='bbox 815 3577 1131 3646; x_wconf 79' lang='lat' dir='ltr'><strong>Sapientiam</strong></span> <span class='ocrx_word' id='word_1_261' title='bbox 1163 3578 1178 3608; x_wconf 75' lang='grc'>⁸</span> <span class='ocrx_word' id='word_1_262' title='bbox 1211 3579 1360 3647; x_wconf 90' lang='lat' dir='ltr'><strong>quasi</strong></span> <span class='ocrx_word' id='word_1_263' title='bbox 1379 3594 1697 3635; x_wconf 88' lang='lat' dir='ltr'><strong>aranearum</strong></span> <span class='ocrx_word' id='word_1_264' title='bbox 1726 3583 1883 3636; x_wconf 89' lang='lat' dir='ltr'><strong>telam</strong></span> <span class='ocrx_word' id='word_1_265' title='bbox 1907 3581 2014 3636; x_wconf 83' lang='lat' dir='ltr'><strong>dis-</strong></span> 
     </span>
    </p>
   </div>
   <div class='ocr_carea' id='block_1_37' title="bbox 431 3667 2013 3743">
    <p class='ocr_par' dir='ltr' id='par_1_37' title="bbox 431 3667 2013 3743">
     <span class='ocr_line' id='line_1_37' title="bbox 431 3667 2013 3743; baseline 0.001 -19"><span class='ocrx_word' id='word_1_266' title='bbox 431 3669 630 3735; x_wconf 88' lang='lat' dir='ltr'><strong>solvit,</strong></span> <span class='ocrx_word' id='word_1_267' title='bbox 655 3667 745 3738; x_wconf 89' lang='lat' dir='ltr'><strong>qui</strong></span> <span class='ocrx_word' id='word_1_268' title='bbox 771 3679 1032 3724; x_wconf 89' lang='lat' dir='ltr'><strong>terrarum</strong></span> <span class='ocrx_word' id='word_1_269' title='bbox 1081 3668 1266 3723; x_wconf 85' lang='lat' dir='ltr'><strong>orbem</strong></span> <span class='ocrx_word' id='word_1_270' title='bbox 1299 3674 1618 3740; x_wconf 83' lang='lat' dir='ltr'><strong>peragravit,</strong></span> <span class='ocrx_word' id='word_1_271' title='bbox 1645 3673 1734 3741; x_wconf 91' lang='lat' dir='ltr'><strong>qui</strong></span> <span class='ocrx_word' id='word_1_272' title='bbox 1764 3687 2013 3743; x_wconf 87' lang='lat' dir='ltr'><strong>sagenam</strong></span> 
     </span>
    </p>
   </div>
   <div class='ocr_carea' id='block_1_38' title="bbox 434 3760 2019 3829">
    <p class='ocr_par' dir='ltr' id='par_1_38' title="bbox 434 3760 2019 3829">
     <span class='ocr_line' id='line_1_38' title="bbox 434 3760 2019 3829; baseline 0.004 -15"><span class='ocrx_word' id='word_1_273' title='bbox 434 3763 577 3815; x_wconf 80' lang='lat' dir='ltr'><strong>misit</strong></span> <span class='ocrx_word' id='word_1_274' title='bbox 609 3763 659 3814; x_wconf 91' lang='lat' dir='ltr'><strong>in</strong></span> <span class='ocrx_word' id='word_1_275' title='bbox 679 3770 824 3814; x_wconf 87' lang='lat' dir='ltr'><strong>mare</strong></span> <span class='ocrx_word' id='word_1_276' title='bbox 851 3768 905 3815; x_wconf 91' lang='lat' dir='ltr'><strong>et</strong></span> <span class='ocrx_word' id='word_1_277' title='bbox 933 3760 1164 3828; x_wconf 83' lang='lat' dir='ltr'><strong>piscatus</strong></span> <span class='ocrx_word' id='word_1_278' title='bbox 1189 3771 1272 3815; x_wconf 75' lang='lat' dir='ltr'><strong>est</strong></span> <span class='ocrx_word' id='word_1_279' title='bbox 1292 3762 1498 3829; x_wconf 90' lang='lat' dir='ltr'><strong>orbem,</strong></span> <span class='ocrx_word' id='word_1_280' title='bbox 1522 3777 1699 3817; x_wconf 85' lang='lat' dir='ltr'><strong>annon</strong></span> <span class='ocrx_word' id='word_1_281' title='bbox 1725 3764 1906 3819; x_wconf 87' lang='lat' dir='ltr'><strong>habuit</strong></span> <span class='ocrx_word' id='word_1_282' title='bbox 1934 3765 2019 3820; x_wconf 93' lang='lat' dir='ltr'><strong>hic</strong></span> 
     </span>
    </p>
   </div>
   <div class='ocr_carea' id='block_1_39' title="bbox 435 3851 2016 3923">
    <p class='ocr_par' dir='ltr' id='par_1_39' title="bbox 435 3851 2016 3923">
     <span class='ocr_line' id='line_1_39' title="bbox 435 3851 2016 3923; baseline 0.004 -19"><span class='ocrx_word' id='word_1_283' title='bbox 435 3869 644 3922; x_wconf 86' lang='lat' dir='ltr'><strong>quoque</strong></span> <span class='ocrx_word' id='word_1_284' title='bbox 672 3853 928 3912; x_wconf 86' lang='lat' dir='ltr'><strong>uxorem?</strong></span> <span class='ocrx_word' id='word_1_285' title='bbox 955 3852 1115 3918; x_wconf 86' lang='lat' dir='ltr'><strong>Sane,</strong></span> <span class='ocrx_word' id='word_1_286' title='bbox 1138 3851 1338 3907; x_wconf 89' lang='lat' dir='ltr'><strong>habuit.</strong></span> <span class='ocrx_word' id='word_1_287' title='bbox 1362 3853 1513 3921; x_wconf 90' lang='lat' dir='ltr'><strong>Quod</strong></span> <span class='ocrx_word' id='word_1_288' title='bbox 1541 3865 1720 3911; x_wconf 88' lang='lat' dir='ltr'><strong>autem</strong></span> <span class='ocrx_word' id='word_1_289' title='bbox 1752 3855 2016 3923; x_wconf 70' lang='lat' dir='ltr'><strong>habuerit,</strong></span> 
     </span>
    </p>
   </div>
   <div class='ocr_carea' id='block_1_40' title="bbox 436 3945 2016 4019">
    <p class='ocr_par' dir='ltr' id='par_1_40' title="bbox 436 3945 2016 4019">
     <span class='ocr_line' id='line_1_40' title="bbox 436 3945 2016 4019; baseline 0.003 -22"><span class='ocrx_word' id='word_1_290' title='bbox 436 3946 556 3998; x_wconf 90' lang='lat' dir='ltr'><strong>audi</strong></span> <span class='ocrx_word' id='word_1_291' title='bbox 587 3945 966 4014; x_wconf 81' lang='lat' dir='ltr'><strong>evangelistam</strong></span> <span class='ocrx_word' id='word_1_292' title='bbox 988 3954 1295 3999; x_wconf 90' lang='lat' dir='ltr'><strong>testantem.</strong></span> <span class='ocrx_word' id='word_1_293' title='bbox 1319 3945 1455 4012; x_wconf 91' lang='lat' dir='ltr'><strong>Quid</strong></span> <span class='ocrx_word' id='word_1_294' title='bbox 1483 3956 1659 4002; x_wconf 89' lang='lat' dir='ltr'><strong>autem</strong></span> <span class='ocrx_word' id='word_1_295' title='bbox 1682 3947 2016 4019; x_wconf 84' lang='lat' dir='ltr'><strong>ait?lngres-</strong></span> 
     </span>
    </p>
   </div>
   <div class='ocr_carea' id='block_1_41' title="bbox 437 4033 2016 4109">
    <p class='ocr_par' dir='ltr' id='par_1_41' title="bbox 437 4033 2016 4109">
     <span class='ocr_line' id='line_1_41' title="bbox 437 4033 2016 4109; baseline 0.004 -22"><span class='ocrx_word' id='word_1_296' title='bbox 437 4053 523 4088; x_wconf 83' lang='lat' dir='ltr'><strong>sus</strong></span> <span class='ocrx_word' id='word_1_297' title='bbox 545 4045 617 4088; x_wconf 82' lang='lat' dir='ltr'><strong>est</strong></span> <span class='ocrx_word' id='word_1_298' title='bbox 641 4033 673 4087; x_wconf 80' lang='lat' dir='ltr'><strong><em>J</em></strong></span> <span class='ocrx_word' id='word_1_299' title='bbox 681 4051 790 4088; x_wconf 82' lang='lat' dir='ltr'><strong>esus</strong></span> <span class='ocrx_word' id='word_1_300' title='bbox 815 4035 884 4088; x_wconf 83' lang='lat' dir='ltr'><strong>ad</strong></span> <span class='ocrx_word' id='word_1_301' title='bbox 909 4051 1108 4088; x_wconf 84' lang='lat' dir='ltr'><strong>socrum</strong></span> <span class='ocrx_word' id='word_1_302' title='bbox 1143 4033 1282 4088; x_wconf 85' lang='lat' dir='ltr'><strong>Petri</strong></span> <span class='ocrx_word' id='word_1_303' title='bbox 1309 4037 1671 4106; x_wconf 79' lang='lat' dir='ltr'><strong>febricitantem</strong></span> <span class='ocrx_word' id='word_1_304' title='bbox 1699 4038 1717 4109; x_wconf 92' lang='lat'>(</span> <span class='ocrx_word' id='word_1_305' title='bbox 1745 4037 1911 4094; x_wconf 82' lang='lat' dir='ltr'><strong>Marc.</strong></span> <span class='ocrx_word' id='word_1_306' title='bbox 1966 4041 2016 4094; x_wconf 80' lang='grc'><strong>1.</strong></span> 
     </span>
    </p>
   </div>
   <div class='ocr_carea' id='block_1_42' title="bbox 438 4124 2021 4200">
    <p class='ocr_par' dir='ltr' id='par_1_42' title="bbox 438 4124 2021 4200">
     <span class='ocr_line' id='line_1_42' title="bbox 438 4124 2021 4200; baseline 0.003 -21"><span class='ocrx_word' id='word_1_307' title='bbox 438 4125 560 4199; x_wconf 67' lang='grc' dir='ltr'><strong>ξο).</strong></span> <span class='ocrx_word' id='word_1_308' title='bbox 607 4124 703 4180; x_wconf 83' lang='lat' dir='ltr'><strong>libi</strong></span> <span class='ocrx_word' id='word_1_309' title='bbox 732 4141 938 4190; x_wconf 83' lang='lat' dir='ltr'><strong>socrus,</strong></span> <span class='ocrx_word' id='word_1_310' title='bbox 973 4125 1041 4179; x_wconf 90' lang='lat' dir='ltr'><strong>ibi</strong></span> <span class='ocrx_word' id='word_1_311' title='bbox 1070 4134 1123 4180; x_wconf 92' lang='lat' dir='ltr'><strong>et</strong></span> <span class='ocrx_word' id='word_1_312' title='bbox 1157 4142 1317 4192; x_wconf 79' lang='lat' dir='ltr'><strong>uxor;</strong></span> <span class='ocrx_word' id='word_1_313' title='bbox 1352 4126 1438 4181; x_wconf 91' lang='lat' dir='ltr'><strong>ubi</strong></span> <span class='ocrx_word' id='word_1_314' title='bbox 1468 4144 1623 4193; x_wconf 83' lang='lat' dir='ltr'><strong>uxor,</strong></span> <span class='ocrx_word' id='word_1_315' title='bbox 1654 4129 1727 4183; x_wconf 87' lang='lat' dir='ltr'><strong>ibi</strong></span> <span class='ocrx_word' id='word_1_316' title='bbox 1757 4139 1810 4185; x_wconf 88' lang='lat' dir='ltr'><strong>et</strong></span> <span class='ocrx_word' id='word_1_317' title='bbox 1833 4130 2021 4200; x_wconf 85' lang='lat' dir='ltr'><strong>conju-</strong></span> 
     </span>
    </p>
   </div>
   <div class='ocr_carea' id='block_1_43' title="bbox 438 4216 2025 4290">
    <p class='ocr_par' dir='ltr' id='par_1_43' title="bbox 438 4216 2025 4290">
     <span class='ocr_line' id='line_1_43' title="bbox 438 4216 2025 4290; baseline 0.003 -20"><span class='ocrx_word' id='word_1_318' title='bbox 438 4221 602 4287; x_wconf 80' lang='lat' dir='ltr'><strong>gimn.</strong></span> <span class='ocrx_word' id='word_1_319' title='bbox 632 4216 766 4285; x_wconf 84' lang='lat' dir='ltr'><strong>Quid</strong></span> <span class='ocrx_word' id='word_1_320' title='bbox 793 4227 970 4272; x_wconf 90' lang='lat' dir='ltr'><strong>autem</strong></span> <span class='ocrx_word' id='word_1_321' title='bbox 1000 4216 1313 4287; x_wconf 80' lang='lat' dir='ltr'><strong>Philippus?</strong></span> <span class='ocrx_word' id='word_1_322' title='bbox 1345 4233 1524 4274; x_wconf 87' lang='lat' dir='ltr'><strong>nonne</strong></span> <span class='ocrx_word' id='word_1_323' title='bbox 1548 4228 1774 4290; x_wconf 88' lang='lat' dir='ltr'><strong>quatuor</strong></span> <span class='ocrx_word' id='word_1_324' title='bbox 1794 4221 2025 4275; x_wconf 83' lang='lat' dir='ltr'><strong>habebat</strong></span> 
     </span>
    </p>
   </div>
   <div class='ocr_carea' id='block_1_44' title="bbox 440 4307 2027 4379">
    <p class='ocr_par' dir='ltr' id='par_1_44' title="bbox 440 4307 2027 4379">
     <span class='ocr_line' id='line_1_44' title="bbox 440 4307 2027 4379; baseline 0.003 -17"><span class='ocrx_word' id='word_1_325' title='bbox 440 4309 575 4362; x_wconf 83' lang='lat' dir='ltr'><strong>filias</strong></span> <span class='ocrx_word' id='word_1_326' title='bbox 607 4308 757 4376; x_wconf 75' lang='lat' dir='ltr'><strong>(Act.</strong></span> <span class='ocrx_word' id='word_1_327' title='bbox 789 4308 880 4361; x_wconf 68' lang='lat'><strong>‘21.</strong></span> <span class='ocrx_word' id='word_1_328' title='bbox 914 4307 1033 4378; x_wconf 89' lang='lat'><strong>9)?</strong></span> <span class='ocrx_word' id='word_1_329' title='bbox 1079 4308 1181 4364; x_wconf 88' lang='lat' dir='ltr'><strong>Ubi</strong></span> <span class='ocrx_word' id='word_1_330' title='bbox 1223 4324 1351 4363; x_wconf 83' lang='lat' dir='ltr'><strong>vero</strong></span> <span class='ocrx_word' id='word_1_331' title='bbox 1379 4321 1607 4379; x_wconf 87' lang='lat' dir='ltr'><strong>quatuor</strong></span> <span class='ocrx_word' id='word_1_332' title='bbox 1639 4311 1799 4376; x_wconf 72' lang='lat' dir='ltr'><strong>tiliae,</strong></span> <span class='ocrx_word' id='word_1_333' title='bbox 1832 4312 1940 4366; x_wconf 89' lang='lat' dir='ltr'><strong>illic</strong></span> <span class='ocrx_word' id='word_1_334' title='bbox 1973 4323 2027 4368; x_wconf 92' lang='lat' dir='ltr'><strong>et</strong></span> 
     </span>
    </p>
   </div>
   <div class='ocr_carea' id='block_1_45' title="bbox 442 4401 2026 4470">
    <p class='ocr_par' dir='ltr' id='par_1_45' title="bbox 442 4401 2026 4470">
     <span class='ocr_line' id='line_1_45' title="bbox 442 4401 2026 4470; baseline 0.002 -15"><span class='ocrx_word' id='word_1_335' title='bbox 442 4417 592 4460; x_wconf 87' lang='lat' dir='ltr'><strong>uxor,</strong></span> <span class='ocrx_word' id='word_1_336' title='bbox 622 4409 675 4453; x_wconf 92' lang='lat' dir='ltr'><strong>et</strong></span> <span class='ocrx_word' id='word_1_337' title='bbox 703 4401 1122 4454; x_wconf 89' lang='lat' dir='ltr'><strong>matrimonium.</strong></span> <span class='ocrx_word' id='word_1_338' title='bbox 1147 4401 1282 4466; x_wconf 90' lang='lat' dir='ltr'><strong>Quid</strong></span> <span class='ocrx_word' id='word_1_339' title='bbox 1312 4401 1472 4470; x_wconf 79' lang='lat' dir='ltr'><strong>igitur</strong></span> <span class='ocrx_word' id='word_1_340' title='bbox 1493 4402 1784 4457; x_wconf 84' lang='lat' dir='ltr'><strong>Christus?</strong></span> <span class='ocrx_word' id='word_1_341' title='bbox 1817 4404 1890 4457; x_wconf 63' lang='lat' dir='ltr'><strong>lix</strong></span> <span class='ocrx_word' id='word_1_342' title='bbox 1921 4404 2026 4458; x_wconf 90' lang='lat' dir='ltr'><strong>vir-</strong></span> 
     </span>
    </p>
   </div>
   <div class='ocr_carea' id='block_1_46' title="bbox 441 4489 2024 4560">
    <p class='ocr_par' dir='ltr' id='par_1_46' title="bbox 441 4489 2024 4560">
     <span class='ocr_line' id='line_1_46' title="bbox 441 4489 2024 4560; baseline 0.004 -17"><span class='ocrx_word' id='word_1_343' title='bbox 441 4491 563 4560; x_wconf 79' lang='lat' dir='ltr'><strong>gine</strong></span> <span class='ocrx_word' id='word_1_344' title='bbox 603 4489 815 4557; x_wconf 88' lang='lat' dir='ltr'><strong>quidem</strong></span> <span class='ocrx_word' id='word_1_345' title='bbox 857 4499 1011 4544; x_wconf 89' lang='lat' dir='ltr'><strong>natus</strong></span> <span class='ocrx_word' id='word_1_346' title='bbox 1037 4499 1119 4545; x_wconf 88' lang='lat' dir='ltr'><strong>est</strong></span> <span class='ocrx_word' id='word_1_347' title='bbox 1151 4508 1164 4545; x_wconf 92' lang='lat'>:</span> <span class='ocrx_word' id='word_1_348' title='bbox 1199 4507 1380 4545; x_wconf 87' lang='lat' dir='ltr'><strong>verum</strong></span> <span class='ocrx_word' id='word_1_349' title='bbox 1411 4491 1475 4546; x_wconf 92' lang='lat' dir='ltr'><strong>ad</strong></span> <span class='ocrx_word' id='word_1_350' title='bbox 1511 4493 1721 4560; x_wconf 83' lang='lat' dir='ltr'><strong>nuptias</strong></span> <span class='ocrx_word' id='word_1_351' title='bbox 1763 4497 2024 4559; x_wconf 89' lang='lat' dir='ltr'><strong>accessit,</strong></span> 
     </span>
    </p>
   </div>
   <div class='ocr_carea' id='block_1_47' title="bbox 443 4581 2024 4656">
    <p class='ocr_par' dir='ltr' id='par_1_47' title="bbox 443 4581 2024 4656">
     <span class='ocr_line' id='line_1_47' title="bbox 443 4581 2024 4656; baseline 0.005 -21"><span class='ocrx_word' id='word_1_352' title='bbox 443 4598 504 4636; x_wconf 80' lang='lat' dir='ltr'><strong>ac</strong></span> <span class='ocrx_word' id='word_1_353' title='bbox 533 4581 734 4636; x_wconf 82' lang='lat' dir='ltr'><strong>denunt</strong></span> <span class='ocrx_word' id='word_1_354' title='bbox 760 4582 938 4636; x_wconf 88' lang='lat' dir='ltr'><strong>attulit</strong></span> <span class='ocrx_word' id='word_1_355' title='bbox 963 4600 977 4635; x_wconf 90' lang='lat'><strong>:</strong></span> <span class='ocrx_word' id='word_1_356' title='bbox 1013 4581 1134 4636; x_wconf 81' lang='lat' dir='ltr'><strong>Non</strong></span> <span class='ocrx_word' id='word_1_357' title='bbox 1163 4583 1344 4636; x_wconf 80' lang='lat' dir='ltr'><strong>habent</strong></span> <span class='ocrx_word' id='word_1_358' title='bbox 1368 4623 1383 4648; x_wconf 94' lang='lat'><strong>,</strong></span> <span class='ocrx_word' id='word_1_359' title='bbox 1423 4585 1611 4654; x_wconf 88' lang='lat' dir='ltr'><strong>inquit,</strong></span> <span class='ocrx_word' id='word_1_360' title='bbox 1637 4586 1804 4640; x_wconf 76' lang='lat' dir='ltr'><strong>vinum</strong></span> <span class='ocrx_word' id='word_1_361' title='bbox 1827 4589 1846 4656; x_wconf 97' lang='lat'>(</span> <span class='ocrx_word' id='word_1_362' title='bbox 1867 4587 2024 4643; x_wconf 77' lang='lat' dir='ltr'><strong>Joan.</strong></span> 
     </span>
    </p>
   </div>
   <div class='ocr_carea' id='block_1_48' title="bbox 443 4673 2029 4748">
    <p class='ocr_par' dir='ltr' id='par_1_48' title="bbox 443 4673 2029 4748">
     <span class='ocr_line' id='line_1_48' title="bbox 443 4673 2029 4748; baseline 0.004 -21"><span class='ocrx_word' id='word_1_363' title='bbox 443 4673 493 4727; x_wconf 81' lang='lat'><strong>2.</strong></span> <span class='ocrx_word' id='word_1_364' title='bbox 528 4674 599 4742; x_wconf 84' lang='grc'><strong>5)</strong></span> <span class='ocrx_word' id='word_1_365' title='bbox 635 4691 648 4727; x_wconf 88' lang='lat'><strong>:</strong></span> <span class='ocrx_word' id='word_1_366' title='bbox 674 4681 727 4726; x_wconf 91' lang='lat' dir='ltr'><strong>et</strong></span> <span class='ocrx_word' id='word_1_367' title='bbox 754 4687 946 4741; x_wconf 82' lang='lat' dir='ltr'><strong>aquam</strong></span> <span class='ocrx_word' id='word_1_368' title='bbox 974 4674 1132 4727; x_wconf 80' lang='lat' dir='ltr'><strong>vertit</strong></span> <span class='ocrx_word' id='word_1_369' title='bbox 1160 4674 1212 4727; x_wconf 88' lang='lat' dir='ltr'><strong>in</strong></span> <span class='ocrx_word' id='word_1_370' title='bbox 1242 4673 1420 4727; x_wconf 88' lang='lat' dir='ltr'><strong>vimnn</strong></span> <span class='ocrx_word' id='word_1_371' title='bbox 1447 4716 1462 4740; x_wconf 95' lang='lat'><strong>,</strong></span> <span class='ocrx_word' id='word_1_372' title='bbox 1496 4675 1794 4745; x_wconf 83' lang='lat' dir='ltr'><strong>virginitate</strong></span> <span class='ocrx_word' id='word_1_373' title='bbox 1820 4681 2029 4748; x_wconf 84' lang='lat' dir='ltr'><strong>nuptias</strong></span> 
     </span>
    </p>
   </div>
   <div class='ocr_carea' id='block_1_49' title="bbox 443 4764 2030 4832">
    <p class='ocr_par' dir='ltr' id='par_1_49' title="bbox 443 4764 2030 4832">
     <span class='ocr_line' id='line_1_49' title="bbox 443 4764 2030 4832; baseline 0.003 -13"><span class='ocrx_word' id='word_1_374' title='bbox 443 4765 715 4820; x_wconf 86' lang='lat' dir='ltr'><strong>houorans</strong></span> <span class='ocrx_word' id='word_1_375' title='bbox 739 4807 753 4832; x_wconf 92' lang='lat'><strong>,</strong></span> <span class='ocrx_word' id='word_1_376' title='bbox 783 4764 926 4820; x_wconf 89' lang='lat' dir='ltr'><strong>dono</strong></span> <span class='ocrx_word' id='word_1_377' title='bbox 965 4780 1079 4819; x_wconf 92' lang='lat' dir='ltr'><strong>rem</strong></span> <span class='ocrx_word' id='word_1_378' title='bbox 1103 4765 1485 4820; x_wconf 89' lang='lat' dir='ltr'><strong>commendans</strong></span> <span class='ocrx_word' id='word_1_379' title='bbox 1517 4783 1531 4820; x_wconf 90' lang='lat'>:</span> <span class='ocrx_word' id='word_1_380' title='bbox 1567 4776 1622 4820; x_wconf 93' lang='lat' dir='ltr'><strong>ut</strong></span> <span class='ocrx_word' id='word_1_381' title='bbox 1652 4783 1718 4822; x_wconf 88' lang='lat' dir='ltr'><strong>ne</strong></span> <span class='ocrx_word' id='word_1_382' title='bbox 1757 4769 2030 4824; x_wconf 83' lang='lat' dir='ltr'><strong>abomine-</strong></span> 
     </span>
    </p>
   </div>
   <div class='ocr_carea' id='block_1_50' title="bbox 443 4855 2030 4931">
    <p class='ocr_par' dir='ltr' id='par_1_50' title="bbox 443 4855 2030 4931">
     <span class='ocr_line' id='line_1_50' title="bbox 443 4855 2030 4931; baseline 0.003 -20"><span class='ocrx_word' id='word_1_383' title='bbox 443 4858 518 4911; x_wconf 92' lang='lat' dir='ltr'><strong>ris</strong></span> <span class='ocrx_word' id='word_1_384' title='bbox 560 4857 810 4927; x_wconf 89' lang='lat' dir='ltr'><strong>nuptias,</strong></span> <span class='ocrx_word' id='word_1_385' title='bbox 839 4855 934 4912; x_wconf 87' lang='lat' dir='ltr'><strong>sed</strong></span> <span class='ocrx_word' id='word_1_386' title='bbox 977 4855 1158 4912; x_wconf 89' lang='lat' dir='ltr'><strong>oderis</strong></span> <span class='ocrx_word' id='word_1_387' title='bbox 1205 4859 1606 4913; x_wconf 84' lang='lat' dir='ltr'><strong>scortationem.</strong></span> <span class='ocrx_word' id='word_1_388' title='bbox 1657 4858 1775 4913; x_wconf 77' lang='lat' dir='ltr'><strong>Meo</strong></span> <span class='ocrx_word' id='word_1_389' title='bbox 1815 4861 2030 4931; x_wconf 88' lang='lat' dir='ltr'><strong>quidem</strong></span> 
     </span>
    </p>
   </div>
   <div class='ocr_carea' id='block_1_51' title="bbox 444 4949 2030 5021">
    <p class='ocr_par' dir='ltr' id='par_1_51' title="bbox 444 4949 2030 5021">
     <span class='ocr_line' id='line_1_51' title="bbox 444 4949 2030 5021; baseline 0.006 -19"><span class='ocrx_word' id='word_1_390' title='bbox 444 4950 684 5017; x_wconf 89' lang='lat' dir='ltr'><strong>periculo</strong></span> <span class='ocrx_word' id='word_1_391' title='bbox 726 4965 826 5020; x_wconf 88' lang='lat' dir='ltr'><strong>ego</strong></span> <span class='ocrx_word' id='word_1_392' title='bbox 863 4949 1103 5021; x_wconf 77' lang='lat' dir='ltr'><strong>Spondeo</strong></span> <span class='ocrx_word' id='word_1_393' title='bbox 1136 4951 1229 5006; x_wconf 91' lang='lat' dir='ltr'><strong>tibi</strong></span> <span class='ocrx_word' id='word_1_394' title='bbox 1273 4949 1500 5006; x_wconf 91' lang='lat' dir='ltr'><strong>salutem</strong></span> <span class='ocrx_word' id='word_1_395' title='bbox 1529 4993 1546 5018; x_wconf 95' lang='lat'><strong>,</strong></span> <span class='ocrx_word' id='word_1_396' title='bbox 1573 4953 1781 5009; x_wconf 89' lang='lat' dir='ltr'><strong>etiamsi</strong></span> <span class='ocrx_word' id='word_1_397' title='bbox 1813 4969 2030 5011; x_wconf 82' lang='lat' dir='ltr'><strong>uxorem</strong></span> 
     </span>
    </p>
   </div>
   <div class='ocr_carea' id='block_1_52' title="bbox 450 5041 724 5097">
    <p class='ocr_par' dir='ltr' id='par_1_52' title="bbox 450 5041 724 5097">
     <span class='ocr_line' id='line_1_52' title="bbox 450 5041 724 5097; baseline 0 -1"><span class='ocrx_word' id='word_1_398' title='bbox 450 5041 724 5097; x_wconf 88' lang='lat' dir='ltr'><strong>habueris.</strong></span> 
     </span>
    </p>
   </div>
   <div class='ocr_carea' id='block_1_53' title="bbox 521 5130 2031 5212">
    <p class='ocr_par' dir='ltr' id='par_1_53' title="bbox 521 5130 2031 5212">
     <span class='ocr_line' id='line_1_53' title="bbox 521 5130 2031 5212; baseline 0.007 -24"><span class='ocrx_word' id='word_1_399' title='bbox 521 5130 666 5188; x_wconf 68' lang='lat' dir='ltr'><strong>Uxor</strong></span> <span class='ocrx_word' id='word_1_400' title='bbox 700 5133 836 5187; x_wconf 78' lang='lat' dir='ltr'><strong>mala</strong></span> <span class='ocrx_word' id='word_1_401' title='bbox 855 5133 1153 5206; x_wconf 77' lang='lat' dir='ltr'><strong>corrigenda</strong></span> <span class='ocrx_word' id='word_1_402' title='bbox 1183 5145 1272 5190; x_wconf 80' lang='lat' dir='ltr'><strong>aut</strong></span> <span class='ocrx_word' id='word_1_403' title='bbox 1301 5138 1531 5208; x_wconf 76' lang='lat' dir='ltr'><strong>ferenda.</strong></span> <span class='ocrx_word' id='word_1_404' title='bbox 1559 5169 1629 5178; x_wconf 97' lang='lat'><strong>—</strong></span> <span class='ocrx_word' id='word_1_405' title='bbox 1659 5140 1910 5212; x_wconf 86' lang='lat' dir='ltr'><strong>Prospice</strong></span> <span class='ocrx_word' id='word_1_406' title='bbox 1941 5143 2031 5198; x_wconf 87' lang='lat' dir='ltr'><strong>tibi</strong></span> 
     </span>
    </p>
   </div>
   <div class='ocr_carea' id='block_1_54' title="bbox 447 5224 2033 5303">
    <p class='ocr_par' dir='ltr' id='par_1_54' title="bbox 447 5224 2033 5303">
     <span class='ocr_line' id='line_1_54' title="bbox 447 5224 2033 5303; baseline 0.007 -24"><span class='ocrx_word' id='word_1_407' title='bbox 447 5226 568 5296; x_wconf 77' lang='lat' dir='ltr'><strong>ipsi.</strong></span> <span class='ocrx_word' id='word_1_408' title='bbox 612 5224 806 5280; x_wconf 79' lang='lat' dir='ltr'><strong>Mulier</strong></span> <span class='ocrx_word' id='word_1_409' title='bbox 849 5226 892 5281; x_wconf 90' lang='lat' dir='ltr'><strong>si</strong></span> <span class='ocrx_word' id='word_1_410' title='bbox 924 5227 1087 5296; x_wconf 86' lang='lat' dir='ltr'><strong>proba</strong></span> <span class='ocrx_word' id='word_1_411' title='bbox 1129 5226 1310 5294; x_wconf 90' lang='lat' dir='ltr'><strong>fuerit,</strong></span> <span class='ocrx_word' id='word_1_412' title='bbox 1353 5229 1581 5300; x_wconf 87' lang='lat' dir='ltr'><strong>adjutrix</strong></span> <span class='ocrx_word' id='word_1_413' title='bbox 1611 5233 1702 5287; x_wconf 91' lang='lat' dir='ltr'><strong>tibi</strong></span> <span class='ocrx_word' id='word_1_414' title='bbox 1755 5243 1856 5289; x_wconf 89' lang='lat' dir='ltr'><strong>est.</strong></span> <span class='ocrx_word' id='word_1_415' title='bbox 1899 5234 2033 5303; x_wconf 90' lang='lat' dir='ltr'><strong>Quid</strong></span> 
     </span>
    </p>
   </div>
   <div class='ocr_carea' id='block_1_55' title="bbox 451 5315 2030 5389">
    <p class='ocr_par' dir='ltr' id='par_1_55' title="bbox 451 5315 2030 5389">
     <span class='ocr_line' id='line_1_55' title="bbox 451 5315 2030 5389; baseline 0.003 -15"><span class='ocrx_word' id='word_1_416' title='bbox 451 5318 617 5389; x_wconf 84' lang='lat' dir='ltr'><strong>igitur</strong></span> <span class='ocrx_word' id='word_1_417' title='bbox 642 5315 686 5371; x_wconf 89' lang='lat' dir='ltr'><strong>si</strong></span> <span class='ocrx_word' id='word_1_418' title='bbox 718 5332 822 5371; x_wconf 93' lang='lat' dir='ltr'><strong>non</strong></span> <span class='ocrx_word' id='word_1_419' title='bbox 849 5316 1011 5373; x_wconf 78' lang='lat' dir='ltr'><strong>fuerit</strong></span> <span class='ocrx_word' id='word_1_420' title='bbox 1029 5317 1309 5374; x_wconf 89' lang='lat' dir='ltr'><strong>commoda</strong></span> <span class='ocrx_word' id='word_1_421' title='bbox 1330 5320 1352 5374; x_wconf 89' lang='lat'><strong>?</strong></span> <span class='ocrx_word' id='word_1_422' title='bbox 1377 5320 1484 5376; x_wconf 85' lang='lat' dir='ltr'><strong>Fac</strong></span> <span class='ocrx_word' id='word_1_423' title='bbox 1501 5321 1645 5377; x_wconf 90' lang='lat' dir='ltr'><strong>illam</strong></span> <span class='ocrx_word' id='word_1_424' title='bbox 1673 5324 2030 5380; x_wconf 85' lang='lat' dir='ltr'><strong>commodam.</strong></span> 
     </span>
    </p>
   </div>
   <div class='ocr_carea' id='block_1_56' title="bbox 449 5409 2036 5479">
    <p class='ocr_par' dir='ltr' id='par_1_56' title="bbox 449 5409 2036 5479">
     <span class='ocr_line' id='line_1_56' title="bbox 449 5409 2036 5479; baseline 0.002 -15"><span class='ocrx_word' id='word_1_425' title='bbox 449 5413 487 5464; x_wconf 87' lang='grc' dir='ltr'><strong>Α</strong></span> <span class='ocrx_word' id='word_1_426' title='bbox 499 5426 640 5464; x_wconf 87' lang='grc' dir='ltr'>ιιιιοιι</span> <span class='ocrx_word' id='word_1_427' title='bbox 656 5409 868 5464; x_wconf 85' lang='lat' dir='ltr'><strong>luerunt</strong></span> <span class='ocrx_word' id='word_1_428' title='bbox 884 5426 1076 5466; x_wconf 80' lang='lat' dir='ltr'><strong>uxores</strong></span> <span class='ocrx_word' id='word_1_429' title='bbox 1092 5412 1243 5467; x_wconf 73' lang='lat' dir='ltr'><strong>bona:</strong></span> <span class='ocrx_word' id='word_1_430' title='bbox 1259 5427 1321 5466; x_wconf 90' lang='lat' dir='ltr'><strong>ae</strong></span> <span class='ocrx_word' id='word_1_431' title='bbox 1338 5413 1517 5479; x_wconf 69' lang='lat' dir='ltr'><strong>malae,</strong></span> <span class='ocrx_word' id='word_1_432' title='bbox 1533 5427 1605 5466; x_wconf 88' lang='lat' dir='ltr'><strong>ne</strong></span> <span class='ocrx_word' id='word_1_433' title='bbox 1629 5415 1857 5472; x_wconf 89' lang='lat' dir='ltr'><strong>haberes</strong></span> <span class='ocrx_word' id='word_1_434' title='bbox 1870 5430 2036 5470; x_wconf 82' lang='lat' dir='ltr'><strong>excu-</strong></span> 
     </span>
    </p>
   </div>
   <div class='ocr_carea' id='block_1_57' title="bbox 451 5501 2033 5570">
    <p class='ocr_par' dir='ltr' id='par_1_57' title="bbox 451 5501 2033 5570">
     <span class='ocr_line' id='line_1_57' title="bbox 451 5501 2033 5570; baseline 0.003 -13"><span class='ocrx_word' id='word_1_435' title='bbox 451 5504 757 5560; x_wconf 84' lang='lat' dir='ltr'><strong>sationem?</strong></span> <span class='ocrx_word' id='word_1_436' title='bbox 778 5503 1199 5570; x_wconf 89' lang='lat' dir='ltr'><strong>Qualiseratilla</strong></span> <span class='ocrx_word' id='word_1_437' title='bbox 1219 5501 1356 5557; x_wconf 83' lang='lat' dir='ltr'><strong>Job?</strong></span> <span class='ocrx_word' id='word_1_438' title='bbox 1391 5501 1498 5558; x_wconf 89' lang='lat' dir='ltr'><strong>Sed</strong></span> <span class='ocrx_word' id='word_1_439' title='bbox 1539 5509 1699 5564; x_wconf 88' lang='lat' dir='ltr'><strong>Sarra</strong></span> <span class='ocrx_word' id='word_1_440' title='bbox 1729 5519 1843 5565; x_wconf 88' lang='lat' dir='ltr'><strong>erat</strong></span> <span class='ocrx_word' id='word_1_441' title='bbox 1873 5511 2033 5566; x_wconf 84' lang='lat' dir='ltr'><strong>bona.</strong></span> 
     </span>
    </p>
   </div>
   <div class='ocr_carea' id='block_1_58' title="bbox 508 5602 2022 5669">
    <p class='ocr_par' dir='ltr' id='par_1_58' title="bbox 508 5602 2022 5669">
     <span class='ocr_line' id='line_1_58' title="bbox 508 5602 2022 5669; baseline 0.001 -17"><span class='ocrx_word' id='word_1_442' title='bbox 508 5604 525 5636; x_wconf 84' lang='grc'>¹</span> <span class='ocrx_word' id='word_1_443' title='bbox 535 5603 652 5669; x_wconf 73' lang='lat' dir='ltr'><strong>Alii,</strong></span> <span class='ocrx_word' id='word_1_444' title='bbox 667 5603 992 5669; x_wconf 71' lang='lat' dir='ltr'><strong>Grremnieam</strong></span> <span class='ocrx_word' id='word_1_445' title='bbox 1004 5602 1387 5668; x_wconf 77' lang='lat' dir='ltr'><strong>superstitionem</strong></span> <span class='ocrx_word' id='word_1_446' title='bbox 1406 5605 1713 5669; x_wconf 79' lang='grc' dir='ltr'><strong>(Ἑλληνικὴν</strong></span> <span class='ocrx_word' id='word_1_447' title='bbox 1731 5607 2022 5669; x_wconf 57' lang='grc' dir='ltr'><strong>θρησκείαν).</strong></span> 
     </span>
    </p>
   </div>
   <div class='ocr_carea' id='block_1_59' title="bbox 456 5667 2023 5728">
    <p class='ocr_par' dir='ltr' id='par_1_59' title="bbox 456 5667 2023 5728">
     <span class='ocr_line' id='line_1_59' title="bbox 456 5667 2023 5728; baseline 0.002 -16"><span class='ocrx_word' id='word_1_448' title='bbox 456 5667 573 5728; x_wconf 68' lang='lat' dir='ltr'><strong>Quae</strong></span> <span class='ocrx_word' id='word_1_449' title='bbox 601 5667 749 5714; x_wconf 80' lang='lat' dir='ltr'><strong>lectio</strong></span> <span class='ocrx_word' id='word_1_450' title='bbox 777 5667 1080 5728; x_wconf 66' lang='lat' dir='ltr'><strong>praeferenda</strong></span> <span class='ocrx_word' id='word_1_451' title='bbox 1119 5675 1256 5716; x_wconf 82' lang='lat' dir='ltr'><strong>certe</strong></span> <span class='ocrx_word' id='word_1_452' title='bbox 1284 5667 1536 5717; x_wconf 83' lang='lat' dir='ltr'><strong>videretur</strong></span> <span class='ocrx_word' id='word_1_453' title='bbox 1558 5669 1649 5715; x_wconf 90' lang='lat' dir='ltr'><strong>hoc</strong></span> <span class='ocrx_word' id='word_1_454' title='bbox 1681 5667 1806 5715; x_wconf 90' lang='lat' dir='ltr'><strong>loco.</strong></span> <span class='ocrx_word' id='word_1_455' title='bbox 1839 5668 2023 5716; x_wconf 78' lang='lat' dir='ltr'><strong>Verum</strong></span> 
     </span>
    </p>
   </div>
   <div class='ocr_carea' id='block_1_60' title="bbox 458 5727 2026 5792">
    <p class='ocr_par' dir='ltr' id='par_1_60' title="bbox 458 5727 2026 5792">
     <span class='ocr_line' id='line_1_60' title="bbox 458 5727 2026 5792; baseline 0.001 -18"><span class='ocrx_word' id='word_1_456' title='bbox 458 5727 710 5792; x_wconf 61' lang='lat' dir='ltr'><strong>Novellus.</strong></span> <span class='ocrx_word' id='word_1_457' title='bbox 739 5727 970 5792; x_wconf 74' lang='lat' dir='ltr'><strong>saviiius,</strong></span> <span class='ocrx_word' id='word_1_458' title='bbox 1004 5737 1056 5778; x_wconf 84' lang='lat' dir='ltr'><strong>et</strong></span> <span class='ocrx_word' id='word_1_459' title='bbox 1085 5729 1298 5792; x_wconf 80' lang='lat' dir='ltr'><strong>maxima</strong></span> <span class='ocrx_word' id='word_1_460' title='bbox 1333 5744 1444 5792; x_wconf 90' lang='lat' dir='ltr'><strong>pars</strong></span> <span class='ocrx_word' id='word_1_461' title='bbox 1467 5728 1905 5792; x_wconf 70' lang='lat' dir='ltr'><strong>hianuscriptorum</strong></span> <span class='ocrx_word' id='word_1_462' title='bbox 1952 5731 2026 5776; x_wconf 90' lang='lat' dir='ltr'><strong>le-</strong></span> 
     </span>
    </p>
   </div>
   <div class='ocr_carea' id='block_1_61' title="bbox 353 5789 2022 5855">
    <p class='ocr_par' dir='ltr' id='par_1_61' title="bbox 353 5789 2022 5855">
     <span class='ocr_line' id='line_1_61' title="bbox 353 5789 2022 5855; baseline 0.004 -22"><span class='ocrx_word' id='word_1_463' title='bbox 353 5829 362 5833; x_wconf 86' lang='lat'><strong>-</strong></span> <span class='ocrx_word' id='word_1_464' title='bbox 456 5795 613 5852; x_wconf 77' lang='lat' dir='ltr'><strong>gnat,</strong></span> <span class='ocrx_word' id='word_1_465' title='bbox 639 5790 964 5840; x_wconf 72' lang='lat' dir='ltr'><strong>Grrrcrmiram</strong></span> <span class='ocrx_word' id='word_1_466' title='bbox 987 5789 1300 5855; x_wconf 76' lang='lat' dir='ltr'><strong>sapientium,</strong></span> <span class='ocrx_word' id='word_1_467' title='bbox 1335 5789 1488 5853; x_wconf 79' lang='lat' dir='ltr'><strong>atque</strong></span> <span class='ocrx_word' id='word_1_468' title='bbox 1524 5789 1591 5840; x_wconf 88' lang='lat' dir='ltr'><strong>ita</strong></span> <span class='ocrx_word' id='word_1_469' title='bbox 1622 5790 1743 5852; x_wconf 76' lang='lat' dir='ltr'><strong>legit</strong></span> <span class='ocrx_word' id='word_1_470' title='bbox 1777 5789 2022 5839; x_wconf 71' lang='lat' dir='ltr'><strong>Erasmus.</strong></span> 
     </span>
    </p>
   </div>
   <div class='ocr_carea' id='block_1_62' title="bbox 1185 314 3670 381">
    <p class='ocr_par' dir='ltr' id='par_1_62' title="bbox 1185 314 3670 381">
     <span class='ocr_line' id='line_1_62' title="bbox 1185 314 3670 381; baseline -0.008 -1"><span class='ocrx_word' id='word_1_471' title='bbox 1185 325 1242 381; x_wconf 88' lang='lat' dir='ltr'><strong>S.</strong></span> <span class='ocrx_word' id='word_1_472' title='bbox 1285 321 1561 379; x_wconf 74' lang='lat' dir='ltr'><strong>JOANNIS</strong></span> <span class='ocrx_word' id='word_1_473' title='bbox 1597 317 2068 378; x_wconf 71' lang='lat' dir='ltr'><strong>CllRYSOSTOMl</strong></span> <span class='ocrx_word' id='word_1_474' title='bbox 2109 317 2421 373; x_wconf 77' lang='lat' dir='ltr'><strong>ARCllIEP.</strong></span> <span class='ocrx_word' id='word_1_475' title='bbox 2465 314 2999 372; x_wconf 69' lang='lat' dir='ltr'><strong>CONSTANTINOP.</strong></span> <span class='ocrx_word' id='word_1_476' title='bbox 3585 325 3670 380; x_wconf 60' lang='grc' dir='ltr'><strong>κῃ</strong></span> 
     </span>
    </p>
   </div>
   <div class='ocr_carea' id='block_1_63' title="bbox 2130 450 3670 525">
    <p class='ocr_par' dir='ltr' id='par_1_63' title="bbox 2130 450 3670 525">
     <span class='ocr_line' id='line_1_63' title="bbox 2130 450 3670 525; baseline 0.003 -13"><span class='ocrx_word' id='word_1_477' title='bbox 2130 457 2416 512; x_wconf 79' lang='lat' dir='ltr'><strong>Ostendam</strong></span> <span class='ocrx_word' id='word_1_478' title='bbox 2457 455 2548 509; x_wconf 91' lang='lat' dir='ltr'><strong>tibi</strong></span> <span class='ocrx_word' id='word_1_479' title='bbox 2577 454 2854 509; x_wconf 88' lang='lat' dir='ltr'><strong>mulierem</strong></span> <span class='ocrx_word' id='word_1_480' title='bbox 2876 463 2930 507; x_wconf 91' lang='lat' dir='ltr'><strong>et</strong></span> <span class='ocrx_word' id='word_1_481' title='bbox 2955 450 3149 507; x_wconf 78' lang='lat' dir='ltr'><strong>malam</strong></span> <span class='ocrx_word' id='word_1_482' title='bbox 3175 462 3229 508; x_wconf 90' lang='lat' dir='ltr'><strong>et</strong></span> <span class='ocrx_word' id='word_1_483' title='bbox 3247 457 3550 525; x_wconf 79' lang='lat' dir='ltr'><strong>improbam.</strong></span> <span class='ocrx_word' id='word_1_484' title='bbox 3569 461 3670 516; x_wconf 81' lang='lat' dir='ltr'><strong>Non</strong></span> 
     </span>
    </p>
   </div>
   <div class='ocr_carea' id='block_1_64' title="bbox 2125 543 3668 614">
    <p class='ocr_par' dir='ltr' id='par_1_64' title="bbox 2125 543 3668 614">
     <span class='ocr_line' id='line_1_64' title="bbox 2125 543 3668 614; baseline -0.005 -13"><span class='ocrx_word' id='word_1_485' title='bbox 2125 545 2302 601; x_wconf 91' lang='lat' dir='ltr'><strong>nocuit</strong></span> <span class='ocrx_word' id='word_1_486' title='bbox 2328 547 2442 601; x_wconf 92' lang='lat' dir='ltr'><strong>viro</strong></span> <span class='ocrx_word' id='word_1_487' title='bbox 2462 559 2594 598; x_wconf 87' lang='lat' dir='ltr'><strong>uxor</strong></span> <span class='ocrx_word' id='word_1_488' title='bbox 2621 543 2721 599; x_wconf 86' lang='lat' dir='ltr'><strong>Job</strong></span> <span class='ocrx_word' id='word_1_489' title='bbox 2753 561 2766 596; x_wconf 87' lang='lat'><strong>:</strong></span> <span class='ocrx_word' id='word_1_490' title='bbox 2795 557 2954 614; x_wconf 90' lang='lat' dir='ltr'><strong>prava</strong></span> <span class='ocrx_word' id='word_1_491' title='bbox 2983 552 3099 598; x_wconf 92' lang='lat' dir='ltr'><strong>erat</strong></span> <span class='ocrx_word' id='word_1_492' title='bbox 3125 551 3178 597; x_wconf 92' lang='lat' dir='ltr'><strong>et</strong></span> <span class='ocrx_word' id='word_1_493' title='bbox 3207 544 3436 614; x_wconf 89' lang='lat' dir='ltr'><strong>improba</strong></span> <span class='ocrx_word' id='word_1_494' title='bbox 3463 589 3476 609; x_wconf 88' lang='lat'><strong>,</strong></span> <span class='ocrx_word' id='word_1_495' title='bbox 3505 553 3668 605; x_wconf 85' lang='lat' dir='ltr'><strong>eonsi-</strong></span> 
     </span>
    </p>
   </div>
   <div class='ocr_carea' id='block_1_65' title="bbox 2123 633 3672 708">
    <p class='ocr_par' dir='ltr' id='par_1_65' title="bbox 2123 633 3672 708">
     <span class='ocr_line' id='line_1_65' title="bbox 2123 633 3672 708; baseline 0.001 -15"><span class='ocrx_word' id='word_1_496' title='bbox 2123 639 2252 693; x_wconf 91' lang='lat' dir='ltr'><strong>lium</strong></span> <span class='ocrx_word' id='word_1_497' title='bbox 2273 637 2432 693; x_wconf 89' lang='lat' dir='ltr'><strong>dabat</strong></span> <span class='ocrx_word' id='word_1_498' title='bbox 2462 637 2534 691; x_wconf 92' lang='lat' dir='ltr'><strong>illi</strong></span> <span class='ocrx_word' id='word_1_499' title='bbox 2562 645 2619 691; x_wconf 95' lang='lat' dir='ltr'><strong>ut</strong></span> <span class='ocrx_word' id='word_1_500' title='bbox 2646 634 3001 705; x_wconf 88' lang='lat' dir='ltr'><strong>blasphemias</strong></span> <span class='ocrx_word' id='word_1_501' title='bbox 3028 633 3308 705; x_wconf 87' lang='lat' dir='ltr'><strong>proferret.</strong></span> <span class='ocrx_word' id='word_1_502' title='bbox 3336 637 3466 703; x_wconf 89' lang='lat' dir='ltr'><strong>Quid</strong></span> <span class='ocrx_word' id='word_1_503' title='bbox 3495 639 3672 708; x_wconf 79' lang='lat' dir='ltr'><strong>igitur?</strong></span> 
     </span>
    </p>
   </div>
   <div class='ocr_carea' id='block_1_66' title="bbox 2121 727 3672 801">
    <p class='ocr_par' dir='ltr' id='par_1_66' title="bbox 2121 727 3672 801">
     <span class='ocr_line' id='line_1_66' title="bbox 2121 727 3672 801; baseline -0.001 -13"><span class='ocrx_word' id='word_1_504' title='bbox 2121 732 2459 788; x_wconf 87' lang='lat' dir='ltr'><strong>labefactavit</strong></span> <span class='ocrx_word' id='word_1_505' title='bbox 2504 729 2730 786; x_wconf 90' lang='lat' dir='ltr'><strong>turrim?</strong></span> <span class='ocrx_word' id='word_1_506' title='bbox 2774 729 2970 800; x_wconf 83' lang='lat' dir='ltr'><strong>dejecit</strong></span> <span class='ocrx_word' id='word_1_507' title='bbox 3009 727 3378 783; x_wconf 83' lang='lat' dir='ltr'><strong>adamantem?</strong></span> <span class='ocrx_word' id='word_1_508' title='bbox 3426 735 3672 801; x_wconf 87' lang='lat' dir='ltr'><strong>superavit</strong></span> 
     </span>
    </p>
   </div>
   <div class='ocr_carea' id='block_1_67' title="bbox 2120 820 3664 896">
    <p class='ocr_par' dir='ltr' id='par_1_67' title="bbox 2120 820 3664 896">
     <span class='ocr_line' id='line_1_67' title="bbox 2120 820 3664 896; baseline -0.001 -16"><span class='ocrx_word' id='word_1_509' title='bbox 2120 825 2362 896; x_wconf 89' lang='lat' dir='ltr'><strong>petram?</strong></span> <span class='ocrx_word' id='word_1_510' title='bbox 2387 822 2589 892; x_wconf 90' lang='lat' dir='ltr'><strong>depulit</strong></span> <span class='ocrx_word' id='word_1_511' title='bbox 2617 823 2838 876; x_wconf 90' lang='lat' dir='ltr'><strong>militem</strong></span> <span class='ocrx_word' id='word_1_512' title='bbox 2861 821 2883 875; x_wconf 85' lang='lat'><strong>?</strong></span> <span class='ocrx_word' id='word_1_513' title='bbox 2913 820 3223 875; x_wconf 90' lang='lat' dir='ltr'><strong>comminuit</strong></span> <span class='ocrx_word' id='word_1_514' title='bbox 3247 821 3532 890; x_wconf 84' lang='lat' dir='ltr'><strong>scapham?</strong></span> <span class='ocrx_word' id='word_1_515' title='bbox 3555 839 3664 879; x_wconf 88' lang='lat' dir='ltr'><strong>era-</strong></span> 
     </span>
    </p>
   </div>
   <div class='ocr_carea' id='block_1_68' title="bbox 2117 911 3758 984">
    <p class='ocr_par' dir='ltr' id='par_1_68' title="bbox 2117 911 3758 984">
     <span class='ocr_line' id='line_1_68' title="bbox 2117 911 3758 984; baseline -0.002 -14"><span class='ocrx_word' id='word_1_516' title='bbox 2117 915 2314 971; x_wconf 87' lang='lat' dir='ltr'><strong>dicavit</strong></span> <span class='ocrx_word' id='word_1_517' title='bbox 2361 912 2651 969; x_wconf 89' lang='lat' dir='ltr'><strong>arborem?</strong></span> <span class='ocrx_word' id='word_1_518' title='bbox 2677 911 2819 967; x_wconf 85' lang='lat' dir='ltr'><strong>Nihil</strong></span> <span class='ocrx_word' id='word_1_519' title='bbox 2865 911 3056 966; x_wconf 92' lang='lat' dir='ltr'><strong>borum</strong></span> <span class='ocrx_word' id='word_1_520' title='bbox 3092 929 3106 965; x_wconf 91' lang='lat'><strong>:</strong></span> <span class='ocrx_word' id='word_1_521' title='bbox 3134 911 3224 966; x_wconf 88' lang='lat' dir='ltr'><strong>sed</strong></span> <span class='ocrx_word' id='word_1_522' title='bbox 3257 912 3340 966; x_wconf 90' lang='lat' dir='ltr'><strong>illa</strong></span> <span class='ocrx_word' id='word_1_523' title='bbox 3370 913 3673 982; x_wconf 86' lang='lat' dir='ltr'><strong>impellebat,</strong></span> <span class='ocrx_word' id='word_1_524' title='bbox 3755 981 3758 984; x_wconf 20' lang='grc' dir='ltr'><strong>Ι</strong></span> 
     </span>
    </p>
   </div>
   <div class='ocr_carea' id='block_1_69' title="bbox 2116 1001 3672 1072">
    <p class='ocr_par' dir='ltr' id='par_1_69' title="bbox 2116 1001 3672 1072">
     <span class='ocr_line' id='line_1_69' title="bbox 2116 1001 3672 1072; baseline -0.001 -12"><span class='ocrx_word' id='word_1_525' title='bbox 2116 1014 2173 1060; x_wconf 93' lang='lat' dir='ltr'><strong>et</strong></span> <span class='ocrx_word' id='word_1_526' title='bbox 2195 1004 2354 1058; x_wconf 90' lang='lat' dir='ltr'><strong>arbor</strong></span> <span class='ocrx_word' id='word_1_527' title='bbox 2380 1003 2702 1060; x_wconf 87' lang='lat' dir='ltr'><strong>reddebatur</strong></span> <span class='ocrx_word' id='word_1_528' title='bbox 2740 1002 2982 1058; x_wconf 86' lang='lat' dir='ltr'><strong>stabilior</strong></span> <span class='ocrx_word' id='word_1_529' title='bbox 3011 1019 3023 1056; x_wconf 92' lang='lat'>:</span> <span class='ocrx_word' id='word_1_530' title='bbox 3053 1001 3142 1056; x_wconf 88' lang='lat' dir='ltr'><strong>illa</strong></span> <span class='ocrx_word' id='word_1_531' title='bbox 3184 1001 3372 1056; x_wconf 82' lang='lat' dir='ltr'><strong>ﬂuetus</strong></span> <span class='ocrx_word' id='word_1_532' title='bbox 3395 1004 3672 1072; x_wconf 83' lang='lat' dir='ltr'><strong>excitabat,</strong></span> 
     </span>
    </p>
   </div>
   <div class='ocr_carea' id='block_1_70' title="bbox 2117 1093 3675 1165">
    <p class='ocr_par' dir='ltr' id='par_1_70' title="bbox 2117 1093 3675 1165">
     <span class='ocr_line' id='line_1_70' title="bbox 2117 1093 3675 1165; baseline -0.001 -15"><span class='ocrx_word' id='word_1_533' title='bbox 2117 1106 2171 1152; x_wconf 88' lang='lat' dir='ltr'><strong>at</strong></span> <span class='ocrx_word' id='word_1_534' title='bbox 2202 1096 2350 1151; x_wconf 88' lang='lat' dir='ltr'><strong>navis</strong></span> <span class='ocrx_word' id='word_1_535' title='bbox 2376 1111 2481 1151; x_wconf 89' lang='lat' dir='ltr'><strong>non</strong></span> <span class='ocrx_word' id='word_1_536' title='bbox 2529 1095 2989 1165; x_wconf 89' lang='lat' dir='ltr'><strong>submergebatur,</strong></span> <span class='ocrx_word' id='word_1_537' title='bbox 3040 1093 3134 1148; x_wconf 87' lang='lat' dir='ltr'><strong>sed</strong></span> <span class='ocrx_word' id='word_1_538' title='bbox 3163 1094 3395 1148; x_wconf 90' lang='lat' dir='ltr'><strong>secundo</strong></span> <span class='ocrx_word' id='word_1_539' title='bbox 3422 1095 3675 1165; x_wconf 88' lang='lat' dir='ltr'><strong>navigabat</strong></span> 
     </span>
    </p>
   </div>
   <div class='ocr_carea' id='block_1_71' title="bbox 2117 1185 3678 1254">
    <p class='ocr_par' dir='ltr' id='par_1_71' title="bbox 2117 1185 3678 1254">
     <span class='ocr_line' id='line_1_71' title="bbox 2117 1185 3678 1254; baseline -0.001 -14"><span class='ocrx_word' id='word_1_540' title='bbox 2117 1196 2307 1252; x_wconf 91' lang='lat' dir='ltr'><strong>vento;</strong></span> <span class='ocrx_word' id='word_1_541' title='bbox 2351 1185 2552 1241; x_wconf 89' lang='lat' dir='ltr'><strong>fructus</strong></span> <span class='ocrx_word' id='word_1_542' title='bbox 2581 1186 2696 1254; x_wconf 92' lang='lat' dir='ltr'><strong>ejus</strong></span> <span class='ocrx_word' id='word_1_543' title='bbox 2719 1185 3106 1254; x_wconf 85' lang='lat' dir='ltr'><strong>deeerpebatur</strong></span> <span class='ocrx_word' id='word_1_544' title='bbox 3125 1225 3140 1247; x_wconf 93' lang='lat'><strong>,</strong></span> <span class='ocrx_word' id='word_1_545' title='bbox 3168 1196 3215 1239; x_wconf 84' lang='lat' dir='ltr'><strong>et</strong></span> <span class='ocrx_word' id='word_1_546' title='bbox 3245 1185 3402 1238; x_wconf 89' lang='lat' dir='ltr'><strong>arbor</strong></span> <span class='ocrx_word' id='word_1_547' title='bbox 3432 1195 3678 1239; x_wconf 77' lang='lat' dir='ltr'><strong>commota</strong></span> 
     </span>
    </p>
   </div>
   <div class='ocr_carea' id='block_1_72' title="bbox 2117 1275 3671 1338">
    <p class='ocr_par' dir='ltr' id='par_1_72' title="bbox 2117 1275 3671 1338">
     <span class='ocr_line' id='line_1_72' title="bbox 2117 1275 3671 1338; baseline -0.004 -4"><span class='ocrx_word' id='word_1_548' title='bbox 2117 1295 2222 1334; x_wconf 90' lang='lat' dir='ltr'><strong>non</strong></span> <span class='ocrx_word' id='word_1_549' title='bbox 2252 1289 2370 1335; x_wconf 89' lang='lat' dir='ltr'><strong>est:</strong></span> <span class='ocrx_word' id='word_1_550' title='bbox 2405 1278 2526 1334; x_wconf 87' lang='lat' dir='ltr'><strong>folia</strong></span> <span class='ocrx_word' id='word_1_551' title='bbox 2574 1277 2908 1338; x_wconf 90' lang='lat' dir='ltr'><strong>deciderunt,</strong></span> <span class='ocrx_word' id='word_1_552' title='bbox 2953 1285 3007 1329; x_wconf 92' lang='lat' dir='ltr'><strong>et</strong></span> <span class='ocrx_word' id='word_1_553' title='bbox 3043 1275 3190 1329; x_wconf 80' lang='lat' dir='ltr'><strong>radix</strong></span> <span class='ocrx_word' id='word_1_554' title='bbox 3222 1275 3413 1328; x_wconf 87' lang='lat' dir='ltr'><strong>mansit</strong></span> <span class='ocrx_word' id='word_1_555' title='bbox 3452 1276 3671 1330; x_wconf 85' lang='lat' dir='ltr'><strong>immota.</strong></span> 
     </span>
    </p>
   </div>
   <div class='ocr_carea' id='block_1_73' title="bbox 2116 1366 3674 1442">
    <p class='ocr_par' dir='ltr' id='par_1_73' title="bbox 2116 1366 3674 1442">
     <span class='ocr_line' id='line_1_73' title="bbox 2116 1366 3674 1442; baseline -0.006 -14"><span class='ocrx_word' id='word_1_556' title='bbox 2116 1373 2242 1428; x_wconf 64' lang='lat' dir='ltr'><strong>Hice</strong></span> <span class='ocrx_word' id='word_1_557' title='bbox 2267 1373 2474 1442; x_wconf 87' lang='lat' dir='ltr'><strong>loquor,</strong></span> <span class='ocrx_word' id='word_1_558' title='bbox 2509 1386 2577 1426; x_wconf 86' lang='lat' dir='ltr'><strong>ne</strong></span> <span class='ocrx_word' id='word_1_559' title='bbox 2602 1370 2720 1440; x_wconf 87' lang='lat' dir='ltr'><strong>quis</strong></span> <span class='ocrx_word' id='word_1_560' title='bbox 2747 1369 3037 1439; x_wconf 71' lang='lat' dir='ltr'><strong>prartcndat</strong></span> <span class='ocrx_word' id='word_1_561' title='bbox 3067 1369 3248 1422; x_wconf 83' lang='lat' dir='ltr'><strong>uxoris</strong></span> <span class='ocrx_word' id='word_1_562' title='bbox 3275 1366 3674 1436; x_wconf 91' lang='lat' dir='ltr'><strong>improbitatem.</strong></span> 
     </span>
    </p>
   </div>
   <div class='ocr_carea' id='block_1_74' title="bbox 2115 1457 3678 1532">
    <p class='ocr_par' dir='ltr' id='par_1_74' title="bbox 2115 1457 3678 1532">
     <span class='ocr_line' id='line_1_74' title="bbox 2115 1457 3678 1532; baseline -0.006 -13"><span class='ocrx_word' id='word_1_563' title='bbox 2115 1464 2248 1519; x_wconf 81' lang='lat' dir='ltr'><strong>Mala</strong></span> <span class='ocrx_word' id='word_1_564' title='bbox 2273 1465 2393 1519; x_wconf 89' lang='lat' dir='ltr'><strong>est?</strong></span> <span class='ocrx_word' id='word_1_565' title='bbox 2423 1463 2641 1532; x_wconf 84' lang='lat' dir='ltr'><strong>Corrige</strong></span> <span class='ocrx_word' id='word_1_566' title='bbox 2671 1477 2810 1515; x_wconf 88' lang='lat' dir='ltr'><strong>eam.</strong></span> <span class='ocrx_word' id='word_1_567' title='bbox 2837 1459 2938 1515; x_wconf 88' lang='lat' dir='ltr'><strong>Sed</strong></span> <span class='ocrx_word' id='word_1_568' title='bbox 2967 1459 3062 1522; x_wconf 85' lang='lat' dir='ltr'><strong>ais,</strong></span> <span class='ocrx_word' id='word_1_569' title='bbox 3087 1457 3128 1511; x_wconf 89' lang='lat' dir='ltr'><strong>E</strong></span> <span class='ocrx_word' id='word_1_570' title='bbox 3153 1459 3396 1528; x_wconf 89' lang='lat' dir='ltr'><strong>paradiso</strong></span> <span class='ocrx_word' id='word_1_571' title='bbox 3420 1473 3502 1514; x_wconf 88' lang='lat' dir='ltr'><strong>me</strong></span> <span class='ocrx_word' id='word_1_572' title='bbox 3529 1473 3678 1527; x_wconf 84' lang='lat' dir='ltr'><strong>expu-</strong></span> 
     </span>
    </p>
   </div>
   <div class='ocr_carea' id='block_1_75' title="bbox 2119 1549 3675 1619">
    <p class='ocr_par' dir='ltr' id='par_1_75' title="bbox 2119 1549 3675 1619">
     <span class='ocr_line' id='line_1_75' title="bbox 2119 1549 3675 1619; baseline -0.005 -9"><span class='ocrx_word' id='word_1_573' title='bbox 2119 1555 2198 1610; x_wconf 91' lang='lat' dir='ltr'><strong>lit.</strong></span> <span class='ocrx_word' id='word_1_574' title='bbox 2227 1554 2424 1610; x_wconf 76' lang='lat' dir='ltr'><strong>Verum</strong></span> <span class='ocrx_word' id='word_1_575' title='bbox 2455 1553 2641 1609; x_wconf 89' lang='lat' dir='ltr'><strong>eadem</strong></span> <span class='ocrx_word' id='word_1_576' title='bbox 2675 1561 2725 1606; x_wconf 91' lang='lat' dir='ltr'><strong>te</strong></span> <span class='ocrx_word' id='word_1_577' title='bbox 2747 1552 2797 1605; x_wconf 92' lang='lat' dir='ltr'><strong>in</strong></span> <span class='ocrx_word' id='word_1_578' title='bbox 2825 1551 2984 1606; x_wconf 71' lang='lat' dir='ltr'><strong>earlos</strong></span> <span class='ocrx_word' id='word_1_579' title='bbox 3012 1550 3237 1605; x_wconf 78' lang='lat' dir='ltr'><strong>induxit.</strong></span> <span class='ocrx_word' id='word_1_580' title='bbox 3263 1549 3458 1603; x_wconf 84' lang='lat' dir='ltr'><strong>Eadem</strong></span> <span class='ocrx_word' id='word_1_581' title='bbox 3479 1549 3675 1619; x_wconf 88' lang='lat' dir='ltr'><strong>quidem</strong></span> 
     </span>
    </p>
   </div>
   <div class='ocr_carea' id='block_1_76' title="bbox 2117 1639 3680 1711">
    <p class='ocr_par' dir='ltr' id='par_1_76' title="bbox 2117 1639 3680 1711">
     <span class='ocr_line' id='line_1_76' title="bbox 2117 1639 3680 1711; baseline -0.008 -7"><span class='ocrx_word' id='word_1_582' title='bbox 2117 1657 2328 1711; x_wconf 90' lang='lat' dir='ltr'><strong>natura,</strong></span> <span class='ocrx_word' id='word_1_583' title='bbox 2363 1661 2515 1702; x_wconf 90' lang='lat' dir='ltr'><strong>mens</strong></span> <span class='ocrx_word' id='word_1_584' title='bbox 2541 1654 2717 1700; x_wconf 90' lang='lat' dir='ltr'><strong>tamen</strong></span> <span class='ocrx_word' id='word_1_585' title='bbox 2746 1643 2976 1697; x_wconf 89' lang='lat' dir='ltr'><strong>diversa.</strong></span> <span class='ocrx_word' id='word_1_586' title='bbox 3007 1641 3110 1697; x_wconf 89' lang='lat' dir='ltr'><strong>Sed</strong></span> <span class='ocrx_word' id='word_1_587' title='bbox 3142 1642 3232 1695; x_wconf 92' lang='lat' dir='ltr'><strong>illa</strong></span> <span class='ocrx_word' id='word_1_588' title='bbox 3256 1639 3356 1696; x_wconf 81' lang='lat' dir='ltr'><strong>Job</strong></span> <span class='ocrx_word' id='word_1_589' title='bbox 3382 1649 3492 1695; x_wconf 90' lang='lat' dir='ltr'><strong>erat</strong></span> <span class='ocrx_word' id='word_1_590' title='bbox 3521 1640 3680 1693; x_wconf 79' lang='lat' dir='ltr'><strong>mala?</strong></span> 
     </span>
    </p>
   </div>
   <div class='ocr_carea' id='block_1_77' title="bbox 2118 1731 3679 1803">
    <p class='ocr_par' dir='ltr' id='par_1_77' title="bbox 2118 1731 3679 1803">
     <span class='ocr_line' id='line_1_77' title="bbox 2118 1731 3679 1803; baseline -0.008 -8"><span class='ocrx_word' id='word_1_591' title='bbox 2118 1739 2316 1795; x_wconf 82' lang='lat' dir='ltr'><strong>Verum</strong></span> <span class='ocrx_word' id='word_1_592' title='bbox 2352 1739 2593 1793; x_wconf 88' lang='lat' dir='ltr'><strong>Susanna</strong></span> <span class='ocrx_word' id='word_1_593' title='bbox 2635 1738 2794 1792; x_wconf 91' lang='lat' dir='ltr'><strong>bona.</strong></span> <span class='ocrx_word' id='word_1_594' title='bbox 2831 1734 2936 1790; x_wconf 89' lang='lat' dir='ltr'><strong>Sed</strong></span> <span class='ocrx_word' id='word_1_595' title='bbox 2979 1734 3064 1788; x_wconf 89' lang='lat' dir='ltr'><strong>illa</strong></span> <span class='ocrx_word' id='word_1_596' title='bbox 3095 1732 3342 1803; x_wconf 69' lang='lat' dir='ltr'><strong>Egyptia</strong></span> <span class='ocrx_word' id='word_1_597' title='bbox 3385 1740 3496 1786; x_wconf 91' lang='lat' dir='ltr'><strong>erat</strong></span> <span class='ocrx_word' id='word_1_598' title='bbox 3523 1731 3679 1799; x_wconf 84' lang='lat' dir='ltr'><strong>impu-</strong></span> 
     </span>
    </p>
   </div>
   <div class='ocr_carea' id='block_1_78' title="bbox 2116 1821 3682 1886">
    <p class='ocr_par' dir='ltr' id='par_1_78' title="bbox 2116 1821 3682 1886">
     <span class='ocr_line' id='line_1_78' title="bbox 2116 1821 3682 1886; baseline -0.008 0"><span class='ocrx_word' id='word_1_599' title='bbox 2116 1830 2271 1886; x_wconf 88' lang='lat' dir='ltr'><strong>dica?</strong></span> <span class='ocrx_word' id='word_1_600' title='bbox 2304 1828 2496 1884; x_wconf 84' lang='lat' dir='ltr'><strong>Verum</strong></span> <span class='ocrx_word' id='word_1_601' title='bbox 2521 1829 2676 1882; x_wconf 89' lang='lat' dir='ltr'><strong>Sarra</strong></span> <span class='ocrx_word' id='word_1_602' title='bbox 2711 1835 2826 1880; x_wconf 86' lang='lat' dir='ltr'><strong>erat</strong></span> <span class='ocrx_word' id='word_1_603' title='bbox 2850 1823 3109 1879; x_wconf 87' lang='lat' dir='ltr'><strong>modesta.</strong></span> <span class='ocrx_word' id='word_1_604' title='bbox 3144 1823 3330 1876; x_wconf 79' lang='lat' dir='ltr'><strong>Vidisti</strong></span> <span class='ocrx_word' id='word_1_605' title='bbox 3359 1821 3538 1875; x_wconf 79' lang='lat' dir='ltr'><strong>illaut?</strong></span> <span class='ocrx_word' id='word_1_606' title='bbox 3566 1821 3682 1874; x_wconf 71' lang='lat' dir='ltr'><strong>Vide</strong></span> 
     </span>
    </p>
   </div>
   <div class='ocr_carea' id='block_1_79' title="bbox 2117 1911 3680 1990">
    <p class='ocr_par' dir='ltr' id='par_1_79' title="bbox 2117 1911 3680 1990">
     <span class='ocr_line' id='line_1_79' title="bbox 2117 1911 3680 1990; baseline -0.01 -11"><span class='ocrx_word' id='word_1_607' title='bbox 2117 1933 2168 1979; x_wconf 90' lang='lat' dir='ltr'><strong>et</strong></span> <span class='ocrx_word' id='word_1_608' title='bbox 2210 1923 2381 1986; x_wconf 91' lang='lat' dir='ltr'><strong>hanc;</strong></span> <span class='ocrx_word' id='word_1_609' title='bbox 2413 1917 2838 1990; x_wconf 83' lang='lat' dir='ltr'><strong>quandoquidem</strong></span> <span class='ocrx_word' id='word_1_610' title='bbox 2883 1917 3044 1972; x_wconf 88' lang='lat' dir='ltr'><strong>etiam</strong></span> <span class='ocrx_word' id='word_1_611' title='bbox 3072 1915 3210 1969; x_wconf 91' lang='lat' dir='ltr'><strong>inter</strong></span> <span class='ocrx_word' id='word_1_612' title='bbox 3240 1914 3383 1968; x_wconf 90' lang='lat' dir='ltr'><strong>viros</strong></span> <span class='ocrx_word' id='word_1_613' title='bbox 3406 1912 3456 1966; x_wconf 92' lang='lat' dir='ltr'><strong>bi</strong></span> <span class='ocrx_word' id='word_1_614' title='bbox 3484 1911 3680 1981; x_wconf 90' lang='lat' dir='ltr'><strong>quidem</strong></span> 
     </span>
    </p>
   </div>
   <div class='ocr_carea' id='block_1_80' title="bbox 2119 2003 3680 2073">
    <p class='ocr_par' dir='ltr' id='par_1_80' title="bbox 2119 2003 3680 2073">
     <span class='ocr_line' id='line_1_80' title="bbox 2119 2003 3680 2073; baseline -0.008 -5"><span class='ocrx_word' id='word_1_615' title='bbox 2119 2013 2242 2068; x_wconf 91' lang='lat' dir='ltr'><strong>mali</strong></span> <span class='ocrx_word' id='word_1_616' title='bbox 2272 2020 2416 2071; x_wconf 87' lang='lat' dir='ltr'><strong>sunt.</strong></span> <span class='ocrx_word' id='word_1_617' title='bbox 2448 2011 2520 2066; x_wconf 92' lang='lat' dir='ltr'><strong>illi</strong></span> <span class='ocrx_word' id='word_1_618' title='bbox 2550 2025 2678 2064; x_wconf 90' lang='lat' dir='ltr'><strong>vero</strong></span> <span class='ocrx_word' id='word_1_619' title='bbox 2706 2008 2854 2063; x_wconf 92' lang='lat' dir='ltr'><strong>boni.</strong></span> <span class='ocrx_word' id='word_1_620' title='bbox 2889 2008 3071 2062; x_wconf 90' lang='lat' dir='ltr'><strong>Bonus</strong></span> <span class='ocrx_word' id='word_1_621' title='bbox 3101 2004 3444 2073; x_wconf 82' lang='lat' dir='ltr'><strong>erat-Joseph</strong></span> <span class='ocrx_word' id='word_1_622' title='bbox 3470 2045 3484 2067; x_wconf 90' lang='lat'><strong>,</strong></span> <span class='ocrx_word' id='word_1_623' title='bbox 3515 2003 3680 2058; x_wconf 87' lang='lat' dir='ltr'><strong>senio-</strong></span> 
     </span>
    </p>
   </div>
   <div class='ocr_carea' id='block_1_81' title="bbox 2119 2095 3678 2174">
    <p class='ocr_par' dir='ltr' id='par_1_81' title="bbox 2119 2095 3678 2174">
     <span class='ocr_line' id='line_1_81' title="bbox 2119 2095 3678 2174; baseline -0.01 -12"><span class='ocrx_word' id='word_1_624' title='bbox 2119 2121 2206 2162; x_wconf 89' lang='lat' dir='ltr'><strong>res</strong></span> <span class='ocrx_word' id='word_1_625' title='bbox 2232 2115 2409 2160; x_wconf 91' lang='lat' dir='ltr'><strong>autcm</strong></span> <span class='ocrx_word' id='word_1_626' title='bbox 2441 2102 2717 2174; x_wconf 91' lang='lat' dir='ltr'><strong>impudici.</strong></span> <span class='ocrx_word' id='word_1_627' title='bbox 2749 2100 2941 2156; x_wconf 79' lang='lat' dir='ltr'><strong>Vidisti</strong></span> <span class='ocrx_word' id='word_1_628' title='bbox 2971 2097 3222 2156; x_wconf 89' lang='lat' dir='ltr'><strong>omnibus</strong></span> <span class='ocrx_word' id='word_1_629' title='bbox 3249 2099 3301 2152; x_wconf 89' lang='lat' dir='ltr'><strong>in</strong></span> <span class='ocrx_word' id='word_1_630' title='bbox 3325 2096 3481 2151; x_wconf 86' lang='lat' dir='ltr'><strong>rebus</strong></span> <span class='ocrx_word' id='word_1_631' title='bbox 3508 2095 3678 2149; x_wconf 87' lang='lat' dir='ltr'><strong>vitium</strong></span> 
     </span>
    </p>
   </div>
   <div class='ocr_carea' id='block_1_82' title="bbox 2117 2186 3682 2264">
    <p class='ocr_par' dir='ltr' id='par_1_82' title="bbox 2117 2186 3682 2264">
     <span class='ocr_line' id='line_1_82' title="bbox 2117 2186 3682 2264; baseline -0.008 -11"><span class='ocrx_word' id='word_1_632' title='bbox 2117 2213 2180 2253; x_wconf 88' lang='lat' dir='ltr'><strong>ac</strong></span> <span class='ocrx_word' id='word_1_633' title='bbox 2205 2199 2455 2252; x_wconf 88' lang='lat' dir='ltr'><strong>virtutem</strong></span> <span class='ocrx_word' id='word_1_634' title='bbox 2488 2211 2592 2250; x_wconf 93' lang='lat' dir='ltr'><strong>non</strong></span> <span class='ocrx_word' id='word_1_635' title='bbox 2629 2203 2818 2250; x_wconf 91' lang='lat' dir='ltr'><strong>natura</strong></span> <span class='ocrx_word' id='word_1_636' title='bbox 2846 2191 3149 2264; x_wconf 87' lang='lat' dir='ltr'><strong>dijudicari,</strong></span> <span class='ocrx_word' id='word_1_637' title='bbox 3181 2190 3280 2246; x_wconf 89' lang='lat' dir='ltr'><strong>sed</strong></span> <span class='ocrx_word' id='word_1_638' title='bbox 3305 2190 3480 2244; x_wconf 90' lang='lat' dir='ltr'><strong>animo</strong></span> <span class='ocrx_word' id='word_1_639' title='bbox 3507 2186 3682 2243; x_wconf 89' lang='lat' dir='ltr'><strong>distin-</strong></span> 
     </span>
    </p>
   </div>
   <div class='ocr_carea' id='block_1_83' title="bbox 2117 2280 3681 2360">
    <p class='ocr_par' dir='ltr' id='par_1_83' title="bbox 2117 2280 3681 2360">
     <span class='ocr_line' id='line_1_83' title="bbox 2117 2280 3681 2360; baseline -0.008 -18"><span class='ocrx_word' id='word_1_640' title='bbox 2117 2290 2228 2360; x_wconf 91' lang='lat' dir='ltr'><strong>gui.</strong></span> <span class='ocrx_word' id='word_1_641' title='bbox 2260 2288 2337 2343; x_wconf 90' lang='lat' dir='ltr'><strong>Ne</strong></span> <span class='ocrx_word' id='word_1_642' title='bbox 2380 2287 2510 2342; x_wconf 93' lang='lat' dir='ltr'><strong>mihi</strong></span> <span class='ocrx_word' id='word_1_643' title='bbox 2543 2297 2805 2358; x_wconf 87' lang='lat' dir='ltr'><strong>praetexas</strong></span> <span class='ocrx_word' id='word_1_644' title='bbox 2831 2284 3226 2340; x_wconf 85' lang='lat' dir='ltr'><strong>excusationes.</strong></span> <span class='ocrx_word' id='word_1_645' title='bbox 3262 2282 3366 2338; x_wconf 90' lang='lat' dir='ltr'><strong>Sed</strong></span> <span class='ocrx_word' id='word_1_646' title='bbox 3390 2280 3456 2336; x_wconf 90' lang='lat' dir='ltr'><strong>ad</strong></span> <span class='ocrx_word' id='word_1_647' title='bbox 3485 2294 3681 2343; x_wconf 87' lang='lat' dir='ltr'><strong>eorum,</strong></span> 
     </span>
    </p>
   </div>
   <div class='ocr_carea' id='block_1_84' title="bbox 2117 2373 3685 2451">
    <p class='ocr_par' dir='ltr' id='par_1_84' title="bbox 2117 2373 3685 2451">
     <span class='ocr_line' id='line_1_84' title="bbox 2117 2373 3685 2451; baseline -0.009 -16"><span class='ocrx_word' id='word_1_648' title='bbox 2117 2397 2235 2451; x_wconf 78' lang='lat' dir='ltr'><strong>qua:</strong></span> <span class='ocrx_word' id='word_1_649' title='bbox 2264 2379 2541 2444; x_wconf 83' lang='lat' dir='ltr'><strong>debemus,</strong></span> <span class='ocrx_word' id='word_1_650' title='bbox 2563 2377 2882 2432; x_wconf 88' lang='lat' dir='ltr'><strong>solutionem</strong></span> <span class='ocrx_word' id='word_1_651' title='bbox 2910 2389 3282 2446; x_wconf 89' lang='lat' dir='ltr'><strong>properemus.</strong></span> <span class='ocrx_word' id='word_1_652' title='bbox 3317 2373 3382 2428; x_wconf 84' lang='lat' dir='ltr'><strong>Et</strong></span> <span class='ocrx_word' id='word_1_653' title='bbox 3408 2377 3590 2444; x_wconf 77' lang='lat' dir='ltr'><strong>factum</strong></span> <span class='ocrx_word' id='word_1_654' title='bbox 3619 2381 3685 2424; x_wconf 73' lang='grc' dir='ltr'><strong>εει</strong></span> 
     </span>
    </p>
   </div>
   <div class='ocr_carea' id='block_1_85' title="bbox 2115 2467 3682 2542">
    <p class='ocr_par' dir='ltr' id='par_1_85' title="bbox 2115 2467 3682 2542">
     <span class='ocr_line' id='line_1_85' title="bbox 2115 2467 3682 2542; baseline -0.008 -15"><span class='ocrx_word' id='word_1_655' title='bbox 2115 2489 2251 2527; x_wconf 82' lang='lat' dir='ltr'><strong>amw</strong></span> <span class='ocrx_word' id='word_1_656' title='bbox 2282 2488 2380 2542; x_wconf 83' lang='lat' dir='ltr'><strong>quo</strong></span> <span class='ocrx_word' id='word_1_657' title='bbox 2425 2481 2656 2526; x_wconf 80' lang='lat' dir='ltr'><strong>mortuus</strong></span> <span class='ocrx_word' id='word_1_658' title='bbox 2681 2480 2755 2524; x_wconf 84' lang='lat' dir='ltr'><strong>est</strong></span> <span class='ocrx_word' id='word_1_659' title='bbox 2788 2467 2940 2522; x_wconf 70' lang='lat' dir='ltr'><strong>Ozias</strong></span> <span class='ocrx_word' id='word_1_660' title='bbox 2978 2484 3089 2523; x_wconf 74' lang='lat' dir='ltr'><strong>rex.</strong></span> <span class='ocrx_word' id='word_1_661' title='bbox 3124 2468 3374 2522; x_wconf 86' lang='lat' dir='ltr'><strong>Dicturus</strong></span> <span class='ocrx_word' id='word_1_662' title='bbox 3399 2479 3513 2519; x_wconf 88' lang='lat' dir='ltr'><strong>smn</strong></span> <span class='ocrx_word' id='word_1_663' title='bbox 3540 2479 3682 2533; x_wconf 90' lang='lat' dir='ltr'><strong>quam</strong></span> 
     </span>
    </p>
   </div>
   <div class='ocr_carea' id='block_1_86' title="bbox 2117 2557 3683 2632">
    <p class='ocr_par' dir='ltr' id='par_1_86' title="bbox 2117 2557 3683 2632">
     <span class='ocr_line' id='line_1_86' title="bbox 2117 2557 3683 2632; baseline -0.007 -12"><span class='ocrx_word' id='word_1_664' title='bbox 2117 2565 2187 2620; x_wconf 91' lang='lat' dir='ltr'><strong>ob</strong></span> <span class='ocrx_word' id='word_1_665' title='bbox 2212 2578 2426 2619; x_wconf 85' lang='lat' dir='ltr'><strong>causam</strong></span> <span class='ocrx_word' id='word_1_666' title='bbox 2457 2563 2570 2632; x_wconf 89' lang='lat' dir='ltr'><strong>ipse</strong></span> <span class='ocrx_word' id='word_1_667' title='bbox 2599 2560 2854 2631; x_wconf 81' lang='lat' dir='ltr'><strong>prapheta</strong></span> <span class='ocrx_word' id='word_1_668' title='bbox 2877 2560 3120 2630; x_wconf 87' lang='lat' dir='ltr'><strong>designet</strong></span> <span class='ocrx_word' id='word_1_669' title='bbox 3151 2568 3365 2630; x_wconf 87' lang='lat' dir='ltr'><strong>tempus</strong></span> <span class='ocrx_word' id='word_1_670' title='bbox 3396 2575 3410 2614; x_wconf 86' lang='lat'><strong>:</strong></span> <span class='ocrx_word' id='word_1_671' title='bbox 3437 2557 3683 2628; x_wconf 88' lang='lat' dir='ltr'><strong>siquidem</strong></span> 
     </span>
    </p>
   </div>
   <div class='ocr_carea' id='block_1_87' title="bbox 2117 2650 3686 2727">
    <p class='ocr_par' dir='ltr' id='par_1_87' title="bbox 2117 2650 3686 2727">
     <span class='ocr_line' id='line_1_87' title="bbox 2117 2650 3686 2727; baseline -0.006 -18"><span class='ocrx_word' id='word_1_672' title='bbox 2117 2655 2486 2727; x_wconf 79' lang='lat' dir='ltr'><strong>qmrrehamus</strong></span> <span class='ocrx_word' id='word_1_673' title='bbox 2510 2653 2644 2718; x_wconf 90' lang='lat' dir='ltr'><strong>heri,</strong></span> <span class='ocrx_word' id='word_1_674' title='bbox 2677 2668 2833 2723; x_wconf 91' lang='lat' dir='ltr'><strong>quam</strong></span> <span class='ocrx_word' id='word_1_675' title='bbox 2858 2651 3072 2707; x_wconf 89' lang='lat' dir='ltr'><strong>tandem</strong></span> <span class='ocrx_word' id='word_1_676' title='bbox 3097 2650 3168 2706; x_wconf 93' lang='lat' dir='ltr'><strong>ob</strong></span> <span class='ocrx_word' id='word_1_677' title='bbox 3191 2665 3412 2706; x_wconf 87' lang='lat' dir='ltr'><strong>causam</strong></span> <span class='ocrx_word' id='word_1_678' title='bbox 3440 2665 3553 2705; x_wconf 93' lang='lat' dir='ltr'><strong>cum</strong></span> <span class='ocrx_word' id='word_1_679' title='bbox 3583 2663 3686 2702; x_wconf 87' lang='grc' dir='ltr'>οιιι-</span> 
     </span>
    </p>
   </div>
   <div class='ocr_carea' id='block_1_88' title="bbox 2118 2744 3686 2818">
    <p class='ocr_par' dir='ltr' id='par_1_88' title="bbox 2118 2744 3686 2818">
     <span class='ocr_line' id='line_1_88' title="bbox 2118 2744 3686 2818; baseline -0.01 -14"><span class='ocrx_word' id='word_1_680' title='bbox 2118 2765 2214 2804; x_wconf 88' lang='lat' dir='ltr'><strong>nes</strong></span> <span class='ocrx_word' id='word_1_681' title='bbox 2260 2746 2568 2818; x_wconf 72' lang='lat' dir='ltr'><strong>praphette,</strong></span> <span class='ocrx_word' id='word_1_682' title='bbox 2620 2756 2778 2814; x_wconf 87' lang='lat' dir='ltr'><strong>atque</strong></span> <span class='ocrx_word' id='word_1_683' title='bbox 2819 2744 2904 2798; x_wconf 93' lang='lat' dir='ltr'><strong>hic</strong></span> <span class='ocrx_word' id='word_1_684' title='bbox 2950 2758 3200 2814; x_wconf 89' lang='lat' dir='ltr'><strong>quoque,</strong></span> <span class='ocrx_word' id='word_1_685' title='bbox 3261 2753 3468 2812; x_wconf 87' lang='lat' dir='ltr'><strong>tempus</strong></span> <span class='ocrx_word' id='word_1_686' title='bbox 3519 2754 3686 2809; x_wconf 90' lang='lat' dir='ltr'><strong>regum</strong></span> 
     </span>
    </p>
   </div>
   <div class='ocr_carea' id='block_1_89' title="bbox 2117 2835 3686 2909">
    <p class='ocr_par' dir='ltr' id='par_1_89' title="bbox 2117 2835 3686 2909">
     <span class='ocr_line' id='line_1_89' title="bbox 2117 2835 3686 2909; baseline -0.01 -11"><span class='ocrx_word' id='word_1_687' title='bbox 2117 2856 2369 2900; x_wconf 83' lang='lat' dir='ltr'><strong>enarrare</strong></span> <span class='ocrx_word' id='word_1_688' title='bbox 2391 2842 2598 2895; x_wconf 87' lang='lat' dir='ltr'><strong>soleant</strong></span> <span class='ocrx_word' id='word_1_689' title='bbox 2625 2853 2730 2909; x_wconf 92' lang='lat' dir='ltr'><strong>quo</strong></span> <span class='ocrx_word' id='word_1_690' title='bbox 2757 2837 3026 2901; x_wconf 88' lang='lat' dir='ltr'><strong>vixerint,</strong></span> <span class='ocrx_word' id='word_1_691' title='bbox 3060 2836 3162 2890; x_wconf 93' lang='lat' dir='ltr'><strong>hoc</strong></span> <span class='ocrx_word' id='word_1_692' title='bbox 3206 2835 3330 2891; x_wconf 92' lang='lat' dir='ltr'><strong>loco</strong></span> <span class='ocrx_word' id='word_1_693' title='bbox 3373 2849 3436 2890; x_wconf 88' lang='lat' dir='ltr'><strong>ea</strong></span> <span class='ocrx_word' id='word_1_694' title='bbox 3474 2846 3686 2888; x_wconf 87' lang='lat' dir='ltr'><strong>consue-</strong></span> 
     </span>
    </p>
   </div>
   <div class='ocr_carea' id='block_1_90' title="bbox 2121 2926 3689 3006">
    <p class='ocr_par' dir='ltr' id='par_1_90' title="bbox 2121 2926 3689 3006">
     <span class='ocr_line' id='line_1_90' title="bbox 2121 2926 3689 3006; baseline -0.01 -15"><span class='ocrx_word' id='word_1_695' title='bbox 2121 2936 2248 2991; x_wconf 92' lang='lat' dir='ltr'><strong>tudo</strong></span> <span class='ocrx_word' id='word_1_696' title='bbox 2297 2933 2658 3006; x_wconf 68' lang='lat' dir='ltr'><strong>pnetermissa</strong></span> <span class='ocrx_word' id='word_1_697' title='bbox 2689 2933 2758 2986; x_wconf 88' lang='lat' dir='ltr'><strong>sit</strong></span> <span class='ocrx_word' id='word_1_698' title='bbox 2808 2949 2822 2985; x_wconf 90' lang='lat'><strong>:</strong></span> <span class='ocrx_word' id='word_1_699' title='bbox 2874 2945 2974 2985; x_wconf 87' lang='lat' dir='ltr'><strong>nec</strong></span> <span class='ocrx_word' id='word_1_700' title='bbox 3025 2932 3166 2985; x_wconf 92' lang='lat' dir='ltr'><strong>enim</strong></span> <span class='ocrx_word' id='word_1_701' title='bbox 3211 2929 3364 2997; x_wconf 81' lang='lat' dir='ltr'><strong>dicit,</strong></span> <span class='ocrx_word' id='word_1_702' title='bbox 3414 2929 3468 2983; x_wconf 90' lang='lat' dir='ltr'><strong>In</strong></span> <span class='ocrx_word' id='word_1_703' title='bbox 3517 2926 3689 2981; x_wconf 85' lang='lat' dir='ltr'><strong>diebus</strong></span> 
     </span>
    </p>
   </div>
   <div class='ocr_carea' id='block_1_91' title="bbox 2118 3018 3689 3092">
    <p class='ocr_par' dir='ltr' id='par_1_91' title="bbox 2118 3018 3689 3092">
     <span class='ocr_line' id='line_1_91' title="bbox 2118 3018 3689 3092; baseline -0.01 -9"><span class='ocrx_word' id='word_1_704' title='bbox 2118 3030 2259 3084; x_wconf 72' lang='lat' dir='ltr'><strong>Ozim</strong></span> <span class='ocrx_word' id='word_1_705' title='bbox 2291 3045 2305 3082; x_wconf 90' lang='lat'><strong>:</strong></span> <span class='ocrx_word' id='word_1_706' title='bbox 2333 3026 2428 3082; x_wconf 90' lang='lat' dir='ltr'><strong>sed</strong></span> <span class='ocrx_word' id='word_1_707' title='bbox 2451 3068 2464 3092; x_wconf 92' lang='lat'><strong>,</strong></span> <span class='ocrx_word' id='word_1_708' title='bbox 2500 3025 2554 3079; x_wconf 88' lang='lat' dir='ltr'><strong>In</strong></span> <span class='ocrx_word' id='word_1_709' title='bbox 2588 3034 2760 3079; x_wconf 90' lang='lat' dir='ltr'><strong>morte</strong></span> <span class='ocrx_word' id='word_1_710' title='bbox 2785 3022 2948 3079; x_wconf 69' lang='lat' dir='ltr'><strong>Ozias.</strong></span> <span class='ocrx_word' id='word_1_711' title='bbox 2993 3023 3140 3077; x_wconf 89' lang='lat' dir='ltr'><strong>llanc</strong></span> <span class='ocrx_word' id='word_1_712' title='bbox 3169 3023 3518 3092; x_wconf 71' lang='lat' dir='ltr'><strong>qumstionem</strong></span> <span class='ocrx_word' id='word_1_713' title='bbox 3546 3018 3689 3072; x_wconf 88' lang='lat' dir='ltr'><strong>hodie</strong></span> 
     </span>
    </p>
   </div>
   <div class='ocr_carea' id='block_1_92' title="bbox 2119 3115 3688 3186">
    <p class='ocr_par' dir='ltr' id='par_1_92' title="bbox 2119 3115 3688 3186">
     <span class='ocr_line' id='line_1_92' title="bbox 2119 3115 3688 3186; baseline -0.007 -12"><span class='ocrx_word' id='word_1_714' title='bbox 2119 3120 2329 3174; x_wconf 87' lang='lat' dir='ltr'><strong>solvere</strong></span> <span class='ocrx_word' id='word_1_715' title='bbox 2351 3119 2491 3172; x_wconf 90' lang='lat' dir='ltr'><strong>volo.</strong></span> <span class='ocrx_word' id='word_1_716' title='bbox 2527 3118 2858 3186; x_wconf 89' lang='lat' dir='ltr'><strong>Quamquam</strong></span> <span class='ocrx_word' id='word_1_717' title='bbox 2887 3115 3027 3170; x_wconf 89' lang='lat' dir='ltr'><strong>enim</strong></span> <span class='ocrx_word' id='word_1_718' title='bbox 3061 3115 3253 3184; x_wconf 86' lang='lat' dir='ltr'><strong>ingens</strong></span> <span class='ocrx_word' id='word_1_719' title='bbox 3284 3124 3368 3170; x_wconf 87' lang='lat' dir='ltr'><strong>est</strong></span> <span class='ocrx_word' id='word_1_720' title='bbox 3395 3126 3554 3169; x_wconf 82' lang='lat' dir='ltr'><strong>:estus</strong></span> <span class='ocrx_word' id='word_1_721' title='bbox 3573 3153 3588 3176; x_wconf 92' lang='lat'><strong>,</strong></span> <span class='ocrx_word' id='word_1_722' title='bbox 3615 3121 3688 3164; x_wconf 88' lang='lat' dir='ltr'><strong>ta-</strong></span> 
     </span>
    </p>
   </div>
   <div class='ocr_carea' id='block_1_93' title="bbox 2121 3205 3700 3279">
    <p class='ocr_par' dir='ltr' id='par_1_93' title="bbox 2121 3205 3700 3279">
     <span class='ocr_line' id='line_1_93' title="bbox 2121 3205 3700 3279; baseline -0.008 -14"><span class='ocrx_word' id='word_1_723' title='bbox 2121 3227 2242 3266; x_wconf 88' lang='lat' dir='ltr'><strong>men</strong></span> <span class='ocrx_word' id='word_1_724' title='bbox 2265 3209 2434 3279; x_wconf 86' lang='lat' dir='ltr'><strong>major</strong></span> <span class='ocrx_word' id='word_1_725' title='bbox 2460 3217 2544 3264; x_wconf 83' lang='lat' dir='ltr'><strong>est</strong></span> <span class='ocrx_word' id='word_1_726' title='bbox 2571 3207 2837 3263; x_wconf 88' lang='lat' dir='ltr'><strong>sermonis</strong></span> <span class='ocrx_word' id='word_1_727' title='bbox 2866 3206 3198 3278; x_wconf 84' lang='lat' dir='ltr'><strong>refrigeratio</strong></span> <span class='ocrx_word' id='word_1_728' title='bbox 3233 3226 3246 3261; x_wconf 89' lang='lat'>:</span> <span class='ocrx_word' id='word_1_729' title='bbox 3289 3220 3604 3277; x_wconf 87' lang='lat' dir='ltr'><strong>quamquam</strong></span> <span class='ocrx_word' id='word_1_730' title='bbox 3629 3205 3700 3254; x_wconf 80' lang='lat' dir='ltr'><strong>vis</strong></span> 
     </span>
    </p>
   </div>
   <div class='ocr_carea' id='block_1_94' title="bbox 2123 3297 3702 3372">
    <p class='ocr_par' dir='ltr' id='par_1_94' title="bbox 2123 3297 3702 3372">
     <span class='ocr_line' id='line_1_94' title="bbox 2123 3297 3702 3372; baseline -0.008 -14"><span class='ocrx_word' id='word_1_731' title='bbox 2123 3305 2179 3358; x_wconf 76' lang='lat' dir='ltr'><strong>fit</strong></span> <span class='ocrx_word' id='word_1_732' title='bbox 2203 3302 2414 3372; x_wconf 91' lang='lat' dir='ltr'><strong>corpori</strong></span> <span class='ocrx_word' id='word_1_733' title='bbox 2441 3301 2724 3362; x_wconf 84' lang='lat' dir='ltr'><strong>fatiscenti.</strong></span> <span class='ocrx_word' id='word_1_734' title='bbox 2753 3311 2929 3354; x_wconf 90' lang='lat' dir='ltr'><strong>tamen</strong></span> <span class='ocrx_word' id='word_1_735' title='bbox 2962 3297 3136 3354; x_wconf 88' lang='lat' dir='ltr'><strong>anima</strong></span> <span class='ocrx_word' id='word_1_736' title='bbox 3169 3300 3370 3369; x_wconf 75' lang='lat' dir='ltr'><strong>vig-cus</strong></span> <span class='ocrx_word' id='word_1_737' title='bbox 3408 3299 3702 3353; x_wconf 85' lang='lat' dir='ltr'><strong>delectatur.</strong></span> 
     </span>
    </p>
   </div>
   <div class='ocr_carea' id='block_1_95' title="bbox 2122 3391 3699 3454">
    <p class='ocr_par' dir='ltr' id='par_1_95' title="bbox 2122 3391 3699 3454">
     <span class='ocr_line' id='line_1_95' title="bbox 2122 3391 3699 3454; baseline -0.008 0"><span class='ocrx_word' id='word_1_738' title='bbox 2122 3399 2196 3454; x_wconf 89' lang='lat' dir='ltr'><strong>Ne</strong></span> <span class='ocrx_word' id='word_1_739' title='bbox 2223 3397 2350 3452; x_wconf 90' lang='lat' dir='ltr'><strong>mihi</strong></span> <span class='ocrx_word' id='word_1_740' title='bbox 2379 3411 2562 3452; x_wconf 90' lang='lat' dir='ltr'><strong>narres</strong></span> <span class='ocrx_word' id='word_1_741' title='bbox 2587 3404 2776 3449; x_wconf 71' lang='lat' dir='ltr'><strong>testam</strong></span> <span class='ocrx_word' id='word_1_742' title='bbox 2801 3409 2863 3448; x_wconf 91' lang='lat' dir='ltr'><strong>ac</strong></span> <span class='ocrx_word' id='word_1_743' title='bbox 2892 3391 3164 3448; x_wconf 89' lang='lat' dir='ltr'><strong>sudorem.</strong></span> <span class='ocrx_word' id='word_1_744' title='bbox 3196 3392 3248 3448; x_wconf 91' lang='lat' dir='ltr'><strong>Si</strong></span> <span class='ocrx_word' id='word_1_745' title='bbox 3290 3391 3564 3447; x_wconf 86' lang='lat' dir='ltr'><strong>sudaveris</strong></span> <span class='ocrx_word' id='word_1_746' title='bbox 3591 3405 3699 3442; x_wconf 85' lang='lat' dir='ltr'><strong>cor-</strong></span> 
     </span>
    </p>
   </div>
   <div class='ocr_carea' id='block_1_96' title="bbox 2123 3479 3704 3561">
    <p class='ocr_par' dir='ltr' id='par_1_96' title="bbox 2123 3479 3704 3561">
     <span class='ocr_line' id='line_1_96' title="bbox 2123 3479 3704 3561; baseline -0.01 -14"><span class='ocrx_word' id='word_1_747' title='bbox 2123 3506 2272 3561; x_wconf 89' lang='lat' dir='ltr'><strong>p0re,</strong></span> <span class='ocrx_word' id='word_1_748' title='bbox 2313 3487 2574 3558; x_wconf 86' lang='lat' dir='ltr'><strong>abstergis</strong></span> <span class='ocrx_word' id='word_1_749' title='bbox 2618 3489 2849 3541; x_wconf 85' lang='lat' dir='ltr'><strong>animam</strong></span> <span class='ocrx_word' id='word_1_750' title='bbox 2897 3495 3064 3538; x_wconf 91' lang='lat' dir='ltr'><strong>tuam.</strong></span> <span class='ocrx_word' id='word_1_751' title='bbox 3118 3484 3250 3538; x_wconf 88' lang='lat' dir='ltr'><strong>Tres</strong></span> <span class='ocrx_word' id='word_1_752' title='bbox 3313 3484 3388 3538; x_wconf 92' lang='lat' dir='ltr'><strong>illi</strong></span> <span class='ocrx_word' id='word_1_753' title='bbox 3439 3482 3582 3554; x_wconf 90' lang='lat' dir='ltr'><strong>pueri</strong></span> <span class='ocrx_word' id='word_1_754' title='bbox 3624 3479 3704 3549; x_wconf 81' lang='lat' dir='ltr'><strong>qui</strong></span> 
     </span>
    </p>
   </div>
   <div class='ocr_carea' id='block_1_97' title="bbox 2123 3573 3697 3646">
    <p class='ocr_par' dir='ltr' id='par_1_97' title="bbox 2123 3573 3697 3646">
     <span class='ocr_line' id='line_1_97' title="bbox 2123 3573 3697 3646; baseline -0.009 -8"><span class='ocrx_word' id='word_1_755' title='bbox 2123 3591 2275 3638; x_wconf 84' lang='lat' dir='ltr'><strong>erant</strong></span> <span class='ocrx_word' id='word_1_756' title='bbox 2303 3582 2354 3635; x_wconf 89' lang='lat' dir='ltr'><strong>in</strong></span> <span class='ocrx_word' id='word_1_757' title='bbox 2385 3580 2619 3642; x_wconf 89' lang='lat' dir='ltr'><strong>fornace,</strong></span> <span class='ocrx_word' id='word_1_758' title='bbox 2651 3578 2777 3631; x_wconf 93' lang='lat' dir='ltr'><strong>nihil</strong></span> <span class='ocrx_word' id='word_1_759' title='bbox 2804 3577 3109 3633; x_wconf 90' lang='lat' dir='ltr'><strong>detrimenti</strong></span> <span class='ocrx_word' id='word_1_760' title='bbox 3140 3577 3390 3646; x_wconf 75' lang='lat' dir='ltr'><strong>perpessi</strong></span> <span class='ocrx_word' id='word_1_761' title='bbox 3422 3586 3542 3632; x_wconf 91' lang='lat' dir='ltr'><strong>sunt</strong></span> <span class='ocrx_word' id='word_1_762' title='bbox 3566 3617 3580 3639; x_wconf 95' lang='lat'><strong>,</strong></span> <span class='ocrx_word' id='word_1_763' title='bbox 3611 3573 3697 3627; x_wconf 89' lang='lat' dir='ltr'><strong>sed</strong></span> 
     </span>
    </p>
   </div>
   <div class='ocr_carea' id='block_1_98' title="bbox 2125 3666 3708 3738">
    <p class='ocr_par' dir='ltr' id='par_1_98' title="bbox 2125 3666 3708 3738">
     <span class='ocr_line' id='line_1_98' title="bbox 2125 3666 3708 3738; baseline -0.006 -10"><span class='ocrx_word' id='word_1_764' title='bbox 2125 3673 2314 3728; x_wconf 82' lang='lat' dir='ltr'><strong>fornax</strong></span> <span class='ocrx_word' id='word_1_765' title='bbox 2342 3671 2446 3724; x_wconf 92' lang='lat' dir='ltr'><strong>illis</strong></span> <span class='ocrx_word' id='word_1_766' title='bbox 2473 3669 2572 3724; x_wconf 88' lang='lat' dir='ltr'><strong>fuit</strong></span> <span class='ocrx_word' id='word_1_767' title='bbox 2600 3669 2894 3738; x_wconf 88' lang='lat' dir='ltr'><strong>refrigerio.</strong></span> <span class='ocrx_word' id='word_1_768' title='bbox 2927 3666 3061 3723; x_wconf 82' lang='lat' dir='ltr'><strong>Cum</strong></span> <span class='ocrx_word' id='word_1_769' title='bbox 3089 3669 3303 3736; x_wconf 88' lang='lat' dir='ltr'><strong>cogitas</strong></span> <span class='ocrx_word' id='word_1_770' title='bbox 3329 3668 3596 3728; x_wconf 90' lang='lat' dir='ltr'><strong>sudorem,</strong></span> <span class='ocrx_word' id='word_1_771' title='bbox 3625 3678 3708 3718; x_wconf 87' lang='lat' dir='ltr'><strong>co-</strong></span> 
     </span>
    </p>
   </div>
   <div class='ocr_carea' id='block_1_99' title="bbox 2125 3757 3707 3837">
    <p class='ocr_par' dir='ltr' id='par_1_99' title="bbox 2125 3757 3707 3837">
     <span class='ocr_line' id='line_1_99' title="bbox 2125 3757 3707 3837; baseline -0.009 -17"><span class='ocrx_word' id='word_1_772' title='bbox 2125 3767 2230 3837; x_wconf 90' lang='lat' dir='ltr'><strong>gita</strong></span> <span class='ocrx_word' id='word_1_773' title='bbox 2259 3763 2417 3819; x_wconf 89' lang='lat' dir='ltr'><strong>simul</strong></span> <span class='ocrx_word' id='word_1_774' title='bbox 2443 3771 2496 3816; x_wconf 90' lang='lat' dir='ltr'><strong>et</strong></span> <span class='ocrx_word' id='word_1_775' title='bbox 2522 3760 2822 3817; x_wconf 87' lang='lat' dir='ltr'><strong>mercedem</strong></span> <span class='ocrx_word' id='word_1_776' title='bbox 2869 3769 2924 3815; x_wconf 94' lang='lat' dir='ltr'><strong>et</strong></span> <span class='ocrx_word' id='word_1_777' title='bbox 2949 3760 3248 3830; x_wconf 70' lang='lat' dir='ltr'><strong>prtemium.</strong></span> <span class='ocrx_word' id='word_1_778' title='bbox 3291 3759 3502 3814; x_wconf 87' lang='lat' dir='ltr'><strong>Etenim</strong></span> <span class='ocrx_word' id='word_1_779' title='bbox 3542 3757 3707 3811; x_wconf 85' lang='lat' dir='ltr'><strong>urina-</strong></span> 
     </span>
    </p>
   </div>
   <div class='ocr_carea' id='block_1_100' title="bbox 2128 3849 3707 3920">
    <p class='ocr_par' dir='ltr' id='par_1_100' title="bbox 2128 3849 3707 3920">
     <span class='ocr_line' id='line_1_100' title="bbox 2128 3849 3707 3920; baseline -0.009 -7"><span class='ocrx_word' id='word_1_780' title='bbox 2128 3867 2211 3913; x_wconf 92' lang='lat' dir='ltr'><strong>tor</strong></span> <span class='ocrx_word' id='word_1_781' title='bbox 2251 3855 2447 3911; x_wconf 91' lang='lat' dir='ltr'><strong>nullam</strong></span> <span class='ocrx_word' id='word_1_782' title='bbox 2491 3853 2648 3907; x_wconf 88' lang='lat' dir='ltr'><strong>aliam</strong></span> <span class='ocrx_word' id='word_1_783' title='bbox 2688 3851 2759 3906; x_wconf 92' lang='lat' dir='ltr'><strong>ob</strong></span> <span class='ocrx_word' id='word_1_784' title='bbox 2784 3863 2998 3906; x_wconf 87' lang='lat' dir='ltr'><strong>causam</strong></span> <span class='ocrx_word' id='word_1_785' title='bbox 3026 3849 3189 3906; x_wconf 88' lang='lat' dir='ltr'><strong>audet</strong></span> <span class='ocrx_word' id='word_1_786' title='bbox 3232 3851 3477 3920; x_wconf 80' lang='lat' dir='ltr'><strong>seipsum</strong></span> <span class='ocrx_word' id='word_1_787' title='bbox 3510 3850 3560 3903; x_wconf 92' lang='lat' dir='ltr'><strong>in</strong></span> <span class='ocrx_word' id='word_1_788' title='bbox 3592 3859 3707 3916; x_wconf 61' lang='lat' dir='ltr'><strong>proo</strong></span> 
     </span>
    </p>
   </div>
   <div class='ocr_carea' id='block_1_101' title="bbox 2129 3939 3703 4018">
    <p class='ocr_par' dir='ltr' id='par_1_101' title="bbox 2129 3939 3703 4018">
     <span class='ocr_line' id='line_1_101' title="bbox 2129 3939 3703 4018; baseline -0.008 -12"><span class='ocrx_word' id='word_1_789' title='bbox 2129 3949 2348 4006; x_wconf 89' lang='lat' dir='ltr'><strong>fundum</strong></span> <span class='ocrx_word' id='word_1_790' title='bbox 2371 3962 2626 4018; x_wconf 87' lang='lat' dir='ltr'><strong>aquarum</strong></span> <span class='ocrx_word' id='word_1_791' title='bbox 2655 3945 2941 4000; x_wconf 88' lang='lat' dir='ltr'><strong>demittere</strong></span> <span class='ocrx_word' id='word_1_792' title='bbox 2961 3985 2977 4010; x_wconf 88' lang='lat'><strong>,</strong></span> <span class='ocrx_word' id='word_1_793' title='bbox 3005 3959 3162 4014; x_wconf 87' lang='lat' dir='ltr'><strong>quam</strong></span> <span class='ocrx_word' id='word_1_794' title='bbox 3196 3954 3426 4015; x_wconf 88' lang='lat' dir='ltr'><strong>propter</strong></span> <span class='ocrx_word' id='word_1_795' title='bbox 3458 3939 3703 4011; x_wconf 85' lang='lat' dir='ltr'><strong>margari-</strong></span> 
     </span>
    </p>
   </div>
   <div class='ocr_carea' id='block_1_102' title="bbox 2131 4033 3709 4110">
    <p class='ocr_par' dir='ltr' id='par_1_102' title="bbox 2131 4033 3709 4110">
     <span class='ocr_line' id='line_1_102' title="bbox 2131 4033 3709 4110; baseline -0.011 -12"><span class='ocrx_word' id='word_1_796' title='bbox 2131 4053 2244 4110; x_wconf 89' lang='lat' dir='ltr'><strong>tas,</strong></span> <span class='ocrx_word' id='word_1_797' title='bbox 2300 4041 2559 4096; x_wconf 89' lang='lat' dir='ltr'><strong>bellorum</strong></span> <span class='ocrx_word' id='word_1_798' title='bbox 2609 4053 2846 4093; x_wconf 88' lang='lat' dir='ltr'><strong>causam.</strong></span> <span class='ocrx_word' id='word_1_799' title='bbox 2889 4036 3224 4105; x_wconf 88' lang='lat' dir='ltr'><strong>Quamquam</strong></span> <span class='ocrx_word' id='word_1_800' title='bbox 3280 4053 3390 4091; x_wconf 87' lang='lat' dir='ltr'><strong>non</strong></span> <span class='ocrx_word' id='word_1_801' title='bbox 3440 4033 3709 4090; x_wconf 85' lang='lat' dir='ltr'><strong>materiam</strong></span> 
     </span>
    </p>
   </div>
   <div class='ocr_carea' id='block_1_103' title="bbox 2131 4130 3712 4206">
    <p class='ocr_par' dir='ltr' id='par_1_103' title="bbox 2131 4130 3712 4206">
     <span class='ocr_line' id='line_1_103' title="bbox 2131 4130 3712 4206; baseline -0.01 -15"><span class='ocrx_word' id='word_1_802' title='bbox 2131 4133 2462 4206; x_wconf 90' lang='lat' dir='ltr'><strong>reprehendo</strong></span> <span class='ocrx_word' id='word_1_803' title='bbox 2486 4174 2502 4200; x_wconf 91' lang='lat'><strong>,</strong></span> <span class='ocrx_word' id='word_1_804' title='bbox 2533 4131 2627 4187; x_wconf 85' lang='lat' dir='ltr'><strong>sed</strong></span> <span class='ocrx_word' id='word_1_805' title='bbox 2675 4140 2910 4186; x_wconf 88' lang='lat' dir='ltr'><strong>mentem</strong></span> <span class='ocrx_word' id='word_1_806' title='bbox 2942 4130 3416 4200; x_wconf 87' lang='lat' dir='ltr'><strong>intemperantem.</strong></span> <span class='ocrx_word' id='word_1_807' title='bbox 3461 4130 3525 4182; x_wconf 66' lang='lat' dir='ltr'><strong>lit</strong></span> <span class='ocrx_word' id='word_1_808' title='bbox 3550 4138 3600 4181; x_wconf 91' lang='lat' dir='ltr'><strong>tu</strong></span> <span class='ocrx_word' id='word_1_809' title='bbox 3621 4169 3635 4191; x_wconf 89' lang='lat'><strong>,</strong></span> <span class='ocrx_word' id='word_1_810' title='bbox 3663 4134 3712 4176; x_wconf 91' lang='lat' dir='ltr'><strong>nt</strong></span> 
     </span>
    </p>
   </div>
   <div class='ocr_carea' id='block_1_104' title="bbox 2131 4218 3774 4298">
    <p class='ocr_par' dir='ltr' id='par_1_104' title="bbox 2131 4218 3774 4298">
     <span class='ocr_line' id='line_1_104' title="bbox 2131 4218 3774 4298; baseline -0.009 -15"><span class='ocrx_word' id='word_1_811' title='bbox 2131 4228 2360 4298; x_wconf 90' lang='lat' dir='ltr'><strong>accipias</strong></span> <span class='ocrx_word' id='word_1_812' title='bbox 2401 4225 2706 4280; x_wconf 87' lang='lat' dir='ltr'><strong>thesaurum</strong></span> <span class='ocrx_word' id='word_1_813' title='bbox 2735 4223 2966 4278; x_wconf 82' lang='lat' dir='ltr'><strong>deiicere</strong></span> <span class='ocrx_word' id='word_1_814' title='bbox 2994 4225 3232 4277; x_wconf 88' lang='lat' dir='ltr'><strong>nescium</strong></span> <span class='ocrx_word' id='word_1_815' title='bbox 3254 4261 3272 4288; x_wconf 95' lang='lat'><strong>,</strong></span> <span class='ocrx_word' id='word_1_816' title='bbox 3306 4221 3618 4292; x_wconf 88' lang='lat' dir='ltr'><strong>plantesque</strong></span> <span class='ocrx_word' id='word_1_817' title='bbox 3637 4218 3710 4269; x_wconf 81' lang='lat' dir='ltr'><strong>vi-</strong></span> <span class='ocrx_word' id='word_1_818' title='bbox 3767 4223 3774 4226; x_wconf 85' lang='lat'>&#39;</span> 
     </span>
    </p>
   </div>
   <div class='ocr_carea' id='block_1_105' title="bbox 2133 4309 3716 4388">
    <p class='ocr_par' dir='ltr' id='par_1_105' title="bbox 2133 4309 3716 4388">
     <span class='ocr_line' id='line_1_105' title="bbox 2133 4309 3716 4388; baseline -0.007 -15"><span class='ocrx_word' id='word_1_819' title='bbox 2133 4329 2240 4374; x_wconf 92' lang='lat' dir='ltr'><strong>tem</strong></span> <span class='ocrx_word' id='word_1_820' title='bbox 2278 4323 2329 4372; x_wconf 91' lang='lat' dir='ltr'><strong>in</strong></span> <span class='ocrx_word' id='word_1_821' title='bbox 2359 4317 2533 4372; x_wconf 87' lang='lat' dir='ltr'><strong>anima</strong></span> <span class='ocrx_word' id='word_1_822' title='bbox 2564 4325 2649 4368; x_wconf 91' lang='lat' dir='ltr'><strong>tua</strong></span> <span class='ocrx_word' id='word_1_823' title='bbox 2671 4356 2687 4378; x_wconf 95' lang='lat'><strong>,</strong></span> <span class='ocrx_word' id='word_1_824' title='bbox 2714 4329 2818 4368; x_wconf 93' lang='lat' dir='ltr'><strong>non</strong></span> <span class='ocrx_word' id='word_1_825' title='bbox 2851 4314 3083 4388; x_wconf 83' lang='lat' dir='ltr'><strong>sustines</strong></span> <span class='ocrx_word' id='word_1_826' title='bbox 3121 4322 3314 4367; x_wconf 71' lang='lat' dir='ltr'><strong>testam</strong></span> <span class='ocrx_word' id='word_1_827' title='bbox 3357 4327 3533 4382; x_wconf 89' lang='lat' dir='ltr'><strong>neque</strong></span> <span class='ocrx_word' id='word_1_828' title='bbox 3561 4309 3716 4364; x_wconf 88' lang='lat' dir='ltr'><strong>sudo-</strong></span> 
     </span>
    </p>
   </div>
   <div class='ocr_carea' id='block_1_106' title="bbox 2133 4400 3716 4476">
    <p class='ocr_par' dir='ltr' id='par_1_106' title="bbox 2133 4400 3716 4476">
     <span class='ocr_line' id='line_1_106' title="bbox 2133 4400 3716 4476; baseline -0.007 -10"><span class='ocrx_word' id='word_1_829' title='bbox 2133 4411 2282 4468; x_wconf 80' lang='lat' dir='ltr'><strong>rem?</strong></span> <span class='ocrx_word' id='word_1_830' title='bbox 2310 4411 2421 4464; x_wconf 85' lang='lat' dir='ltr'><strong>Non</strong></span> <span class='ocrx_word' id='word_1_831' title='bbox 2451 4408 2600 4462; x_wconf 86' lang='lat' dir='ltr'><strong>vides</strong></span> <span class='ocrx_word' id='word_1_832' title='bbox 2631 4408 2760 4461; x_wconf 89' lang='lat' dir='ltr'><strong>istos</strong></span> <span class='ocrx_word' id='word_1_833' title='bbox 2787 4407 2873 4475; x_wconf 91' lang='lat' dir='ltr'><strong>qui</strong></span> <span class='ocrx_word' id='word_1_834' title='bbox 2896 4406 3083 4461; x_wconf 87' lang='lat' dir='ltr'><strong>sedent</strong></span> <span class='ocrx_word' id='word_1_835' title='bbox 3112 4406 3162 4462; x_wconf 92' lang='lat' dir='ltr'><strong>in</strong></span> <span class='ocrx_word' id='word_1_836' title='bbox 3191 4407 3425 4472; x_wconf 88' lang='lat' dir='ltr'><strong>theatro,</strong></span> <span class='ocrx_word' id='word_1_837' title='bbox 3457 4400 3716 4476; x_wconf 87' lang='lat' dir='ltr'><strong>quomodo</strong></span> 
     </span>
    </p>
   </div>
   <div class='ocr_carea' id='block_1_107' title="bbox 2133 4496 3718 4568">
    <p class='ocr_par' dir='ltr' id='par_1_107' title="bbox 2133 4496 3718 4568">
     <span class='ocr_line' id='line_1_107' title="bbox 2133 4496 3718 4568; baseline -0.008 -10"><span class='ocrx_word' id='word_1_838' title='bbox 2133 4503 2367 4567; x_wconf 84' lang='lat' dir='ltr'><strong>sudent,</strong></span> <span class='ocrx_word' id='word_1_839' title='bbox 2421 4499 2670 4568; x_wconf 90' lang='lat' dir='ltr'><strong>nudoque</strong></span> <span class='ocrx_word' id='word_1_840' title='bbox 2727 4499 2901 4566; x_wconf 85' lang='lat' dir='ltr'><strong>capite</strong></span> <span class='ocrx_word' id='word_1_841' title='bbox 2962 4499 3092 4553; x_wconf 88' lang='lat' dir='ltr'><strong>solis</strong></span> <span class='ocrx_word' id='word_1_842' title='bbox 3144 4498 3355 4552; x_wconf 88' lang='lat' dir='ltr'><strong>radium</strong></span> <span class='ocrx_word' id='word_1_843' title='bbox 3415 4496 3718 4566; x_wconf 84' lang='lat' dir='ltr'><strong>excipiant,</strong></span> 
     </span>
    </p>
   </div>
   <div class='ocr_carea' id='block_1_108' title="bbox 2133 4587 3717 4665">
    <p class='ocr_par' dir='ltr' id='par_1_108' title="bbox 2133 4587 3717 4665">
     <span class='ocr_line' id='line_1_108' title="bbox 2133 4587 3717 4665; baseline -0.006 -18"><span class='ocrx_word' id='word_1_844' title='bbox 2133 4610 2239 4665; x_wconf 90' lang='lat' dir='ltr'><strong>quo</strong></span> <span class='ocrx_word' id='word_1_845' title='bbox 2289 4593 2417 4646; x_wconf 84' lang='lat' dir='ltr'><strong>fiant</strong></span> <span class='ocrx_word' id='word_1_846' title='bbox 2463 4591 2658 4660; x_wconf 84' lang='lat' dir='ltr'><strong>captivi</strong></span> <span class='ocrx_word' id='word_1_847' title='bbox 2703 4591 2926 4655; x_wconf 89' lang='lat' dir='ltr'><strong>mortis,</strong></span> <span class='ocrx_word' id='word_1_848' title='bbox 2957 4606 3062 4661; x_wconf 92' lang='lat' dir='ltr'><strong>quo</strong></span> <span class='ocrx_word' id='word_1_849' title='bbox 3100 4603 3262 4646; x_wconf 85' lang='lat' dir='ltr'><strong>SCOI‘lI</strong></span> <span class='ocrx_word' id='word_1_850' title='bbox 3306 4590 3574 4660; x_wconf 88' lang='lat' dir='ltr'><strong>mancipia</strong></span> <span class='ocrx_word' id='word_1_851' title='bbox 3599 4588 3621 4641; x_wconf 88' lang='lat'><strong>?</strong></span> <span class='ocrx_word' id='word_1_852' title='bbox 3644 4587 3717 4642; x_wconf 80' lang='lat' dir='ltr'><strong>Ad</strong></span> 
     </span>
    </p>
   </div>
   <div class='ocr_carea' id='block_1_109' title="bbox 2135 4681 3718 4752">
    <p class='ocr_par' dir='ltr' id='par_1_109' title="bbox 2135 4681 3718 4752">
     <span class='ocr_line' id='line_1_109' title="bbox 2135 4681 3718 4752; baseline -0.008 -10"><span class='ocrx_word' id='word_1_853' title='bbox 2135 4685 2351 4742; x_wconf 81' lang='lat' dir='ltr'><strong>exitium</strong></span> <span class='ocrx_word' id='word_1_854' title='bbox 2385 4684 2458 4737; x_wconf 86' lang='lat' dir='ltr'><strong>illi</strong></span> <span class='ocrx_word' id='word_1_855' title='bbox 2488 4683 2768 4747; x_wconf 88' lang='lat' dir='ltr'><strong>laborant,</strong></span> <span class='ocrx_word' id='word_1_856' title='bbox 2800 4692 2854 4737; x_wconf 90' lang='lat' dir='ltr'><strong>et</strong></span> <span class='ocrx_word' id='word_1_857' title='bbox 2877 4691 2930 4736; x_wconf 90' lang='lat' dir='ltr'><strong>tu</strong></span> <span class='ocrx_word' id='word_1_858' title='bbox 2957 4681 3024 4737; x_wconf 89' lang='lat' dir='ltr'><strong>ad</strong></span> <span class='ocrx_word' id='word_1_859' title='bbox 3071 4683 3302 4738; x_wconf 85' lang='lat' dir='ltr'><strong>salutem</strong></span> <span class='ocrx_word' id='word_1_860' title='bbox 3332 4683 3517 4752; x_wconf 87' lang='lat' dir='ltr'><strong>segnis</strong></span> <span class='ocrx_word' id='word_1_861' title='bbox 3539 4696 3603 4735; x_wconf 87' lang='lat' dir='ltr'><strong>ac</strong></span> <span class='ocrx_word' id='word_1_862' title='bbox 3637 4694 3718 4733; x_wconf 90' lang='lat' dir='ltr'><strong>re-</strong></span> 
     </span>
    </p>
   </div>
   <div class='ocr_carea' id='block_1_110' title="bbox 2135 4769 3725 4843">
    <p class='ocr_par' dir='ltr' id='par_1_110' title="bbox 2135 4769 3725 4843">
     <span class='ocr_line' id='line_1_110' title="bbox 2135 4769 3725 4843; baseline -0.007 -11"><span class='ocrx_word' id='word_1_863' title='bbox 2135 4780 2331 4832; x_wconf 88' lang='lat' dir='ltr'><strong>missus</strong></span> <span class='ocrx_word' id='word_1_864' title='bbox 2353 4790 2412 4830; x_wconf 89' lang='lat' dir='ltr'><strong>es</strong></span> <span class='ocrx_word' id='word_1_865' title='bbox 2437 4777 2460 4827; x_wconf 73' lang='lat'><strong><em>1</em></strong></span> <span class='ocrx_word' id='word_1_866' title='bbox 2489 4773 2702 4828; x_wconf 77' lang='lat' dir='ltr'><strong>Athleta</strong></span> <span class='ocrx_word' id='word_1_867' title='bbox 2731 4789 2789 4829; x_wconf 89' lang='lat' dir='ltr'><strong>es</strong></span> <span class='ocrx_word' id='word_1_868' title='bbox 2806 4815 2823 4839; x_wconf 95' lang='lat'><strong>,</strong></span> <span class='ocrx_word' id='word_1_869' title='bbox 2849 4773 3004 4829; x_wconf 91' lang='lat' dir='ltr'><strong>miles</strong></span> <span class='ocrx_word' id='word_1_870' title='bbox 3028 4788 3089 4828; x_wconf 90' lang='lat' dir='ltr'><strong>es</strong></span> <span class='ocrx_word' id='word_1_871' title='bbox 3117 4775 3156 4826; x_wconf 85' lang='grc'><strong>¹.</strong></span> <span class='ocrx_word' id='word_1_872' title='bbox 3181 4773 3313 4840; x_wconf 92' lang='lat' dir='ltr'><strong>Quis</strong></span> <span class='ocrx_word' id='word_1_873' title='bbox 3336 4773 3504 4843; x_wconf 84' lang='lat' dir='ltr'><strong>igitur</strong></span> <span class='ocrx_word' id='word_1_874' title='bbox 3527 4779 3613 4828; x_wconf 89' lang='lat' dir='ltr'><strong>est</strong></span> <span class='ocrx_word' id='word_1_875' title='bbox 3641 4769 3725 4824; x_wconf 87' lang='lat' dir='ltr'><strong>ille</strong></span> 
     </span>
    </p>
   </div>
   <div class='ocr_carea' id='block_1_111' title="bbox 2135 4865 3704 4937">
    <p class='ocr_par' dir='ltr' id='par_1_111' title="bbox 2135 4865 3704 4937">
     <span class='ocr_line' id='line_1_111' title="bbox 2135 4865 3704 4937; baseline -0.005 -13"><span class='ocrx_word' id='word_1_876' title='bbox 2135 4868 2311 4936; x_wconf 65' lang='lat' dir='ltr'><strong>Ozias,</strong></span> <span class='ocrx_word' id='word_1_877' title='bbox 2343 4875 2398 4922; x_wconf 89' lang='lat' dir='ltr'><strong>et</strong></span> <span class='ocrx_word' id='word_1_878' title='bbox 2419 4883 2576 4937; x_wconf 91' lang='lat' dir='ltr'><strong>quam</strong></span> <span class='ocrx_word' id='word_1_879' title='bbox 2597 4866 2668 4921; x_wconf 93' lang='lat' dir='ltr'><strong>ob</strong></span> <span class='ocrx_word' id='word_1_880' title='bbox 2687 4881 2900 4922; x_wconf 88' lang='lat' dir='ltr'><strong>causam</strong></span> <span class='ocrx_word' id='word_1_881' title='bbox 2926 4876 3152 4921; x_wconf 91' lang='lat' dir='ltr'><strong>mortem</strong></span> <span class='ocrx_word' id='word_1_882' title='bbox 3181 4865 3319 4920; x_wconf 89' lang='lat' dir='ltr'><strong>hanc</strong></span> <span class='ocrx_word' id='word_1_883' title='bbox 3343 4867 3490 4920; x_wconf 89' lang='lat' dir='ltr'><strong>illius</strong></span> <span class='ocrx_word' id='word_1_884' title='bbox 3515 4879 3704 4935; x_wconf 75' lang='lat' dir='ltr'><strong>expres</strong></span> 
     </span>
    </p>
   </div>
   <div class='ocr_carea' id='block_1_112' title="bbox 2138 4955 3726 5030">
    <p class='ocr_par' dir='ltr' id='par_1_112' title="bbox 2138 4955 3726 5030">
     <span class='ocr_line' id='line_1_112' title="bbox 2138 4955 3726 5030; baseline -0.005 -16"><span class='ocrx_word' id='word_1_885' title='bbox 2138 4960 2207 5014; x_wconf 87' lang='lat' dir='ltr'><strong>sit</strong></span> <span class='ocrx_word' id='word_1_886' title='bbox 2228 4959 2522 5030; x_wconf 88' lang='lat' dir='ltr'><strong>propheta?</strong></span> <span class='ocrx_word' id='word_1_887' title='bbox 2552 4957 2648 5012; x_wconf 85' lang='lat' dir='ltr'><strong>ilic</strong></span> <span class='ocrx_word' id='word_1_888' title='bbox 2674 4955 2830 5014; x_wconf 86' lang='lat' dir='ltr'><strong>Ozias</strong></span> <span class='ocrx_word' id='word_1_889' title='bbox 2859 4973 2952 5012; x_wconf 86' lang='lat' dir='ltr'><strong>rex</strong></span> <span class='ocrx_word' id='word_1_890' title='bbox 2972 4967 3122 5025; x_wconf 91' lang='lat' dir='ltr'><strong>erat,</strong></span> <span class='ocrx_word' id='word_1_891' title='bbox 3156 4974 3219 5013; x_wconf 87' lang='lat' dir='ltr'><strong>ac</strong></span> <span class='ocrx_word' id='word_1_892' title='bbox 3248 4958 3332 5012; x_wconf 88' lang='lat' dir='ltr'><strong>vir</strong></span> <span class='ocrx_word' id='word_1_893' title='bbox 3359 4959 3566 5029; x_wconf 88' lang='lat' dir='ltr'><strong>justus,</strong></span> <span class='ocrx_word' id='word_1_894' title='bbox 3597 4955 3726 5011; x_wconf 84' lang='grc' dir='ltr'>ιιιιιΙ-</span> 
     </span>
    </p>
   </div>
   <div class='ocr_carea' id='block_1_113' title="bbox 2141 5047 3730 5120">
    <p class='ocr_par' dir='ltr' id='par_1_113' title="bbox 2141 5047 3730 5120">
     <span class='ocr_line' id='line_1_113' title="bbox 2141 5047 3730 5120; baseline -0.006 -15"><span class='ocrx_word' id='word_1_895' title='bbox 2141 5053 2209 5106; x_wconf 89' lang='lat' dir='ltr'><strong>tis</strong></span> <span class='ocrx_word' id='word_1_896' title='bbox 2250 5051 2444 5104; x_wconf 88' lang='lat' dir='ltr'><strong>llorens</strong></span> <span class='ocrx_word' id='word_1_897' title='bbox 2491 5049 2716 5120; x_wconf 84' lang='lat' dir='ltr'><strong>egregiis</strong></span> <span class='ocrx_word' id='word_1_898' title='bbox 2775 5049 2926 5105; x_wconf 85' lang='lat' dir='ltr'><strong>factis</strong></span> <span class='ocrx_word' id='word_1_899' title='bbox 2974 5068 2987 5104; x_wconf 91' lang='lat'><strong>:</strong></span> <span class='ocrx_word' id='word_1_900' title='bbox 3037 5065 3219 5104; x_wconf 86' lang='lat' dir='ltr'><strong>verum</strong></span> <span class='ocrx_word' id='word_1_901' title='bbox 3279 5059 3468 5117; x_wconf 88' lang='lat' dir='ltr'><strong>postea</strong></span> <span class='ocrx_word' id='word_1_902' title='bbox 3523 5047 3730 5103; x_wconf 85' lang='lat' dir='ltr'><strong>tandem</strong></span> 
     </span>
    </p>
   </div>
   <div class='ocr_carea' id='block_1_114' title="bbox 2140 5139 3729 5211">
    <p class='ocr_par' dir='ltr' id='par_1_114' title="bbox 2140 5139 3729 5211">
     <span class='ocr_line' id='line_1_114' title="bbox 2140 5139 3729 5211; baseline -0.004 -15"><span class='ocrx_word' id='word_1_903' title='bbox 2140 5142 2206 5196; x_wconf 87' lang='lat' dir='ltr'><strong>ad</strong></span> <span class='ocrx_word' id='word_1_904' title='bbox 2241 5141 2544 5211; x_wconf 89' lang='lat' dir='ltr'><strong>superbiam</strong></span> <span class='ocrx_word' id='word_1_905' title='bbox 2578 5141 2758 5207; x_wconf 89' lang='lat' dir='ltr'><strong>venit,</strong></span> <span class='ocrx_word' id='word_1_906' title='bbox 2797 5139 2864 5194; x_wconf 92' lang='lat' dir='ltr'><strong>ad</strong></span> <span class='ocrx_word' id='word_1_907' title='bbox 2896 5140 3200 5210; x_wconf 90' lang='lat' dir='ltr'><strong>superbiam</strong></span> <span class='ocrx_word' id='word_1_908' title='bbox 3225 5180 3240 5204; x_wconf 94' lang='lat'><strong>,</strong></span> <span class='ocrx_word' id='word_1_909' title='bbox 3274 5140 3498 5209; x_wconf 88' lang='lat' dir='ltr'><strong>inquam</strong></span> <span class='ocrx_word' id='word_1_910' title='bbox 3518 5181 3535 5205; x_wconf 95' lang='lat'><strong>,</strong></span> <span class='ocrx_word' id='word_1_911' title='bbox 3567 5139 3729 5193; x_wconf 82' lang='lat' dir='ltr'><strong>malo-</strong></span> 
     </span>
    </p>
   </div>
   <div class='ocr_carea' id='block_1_115' title="bbox 2141 5231 3733 5301">
    <p class='ocr_par' dir='ltr' id='par_1_115' title="bbox 2141 5231 3733 5301">
     <span class='ocr_line' id='line_1_115' title="bbox 2141 5231 3733 5301; baseline -0.004 -15"><span class='ocrx_word' id='word_1_912' title='bbox 2141 5248 2258 5287; x_wconf 90' lang='lat' dir='ltr'><strong>rum</strong></span> <span class='ocrx_word' id='word_1_913' title='bbox 2308 5241 2554 5296; x_wconf 88' lang='lat' dir='ltr'><strong>matrem,</strong></span> <span class='ocrx_word' id='word_1_914' title='bbox 2607 5231 2673 5285; x_wconf 88' lang='lat' dir='ltr'><strong>ad</strong></span> <span class='ocrx_word' id='word_1_915' title='bbox 2725 5233 3084 5301; x_wconf 89' lang='lat' dir='ltr'><strong>arrogantiam</strong></span> <span class='ocrx_word' id='word_1_916' title='bbox 3131 5231 3452 5286; x_wconf 84' lang='lat' dir='ltr'><strong>tumultibus</strong></span> <span class='ocrx_word' id='word_1_917' title='bbox 3503 5231 3733 5301; x_wconf 83' lang='lat' dir='ltr'><strong>plenam,</strong></span> 
     </span>
    </p>
   </div>
   <div class='ocr_carea' id='block_1_116' title="bbox 2143 5321 3736 5394">
    <p class='ocr_par' dir='ltr' id='par_1_116' title="bbox 2143 5321 3736 5394">
     <span class='ocr_line' id='line_1_116' title="bbox 2143 5321 3736 5394; baseline -0.005 -13"><span class='ocrx_word' id='word_1_918' title='bbox 2143 5326 2209 5381; x_wconf 88' lang='lat' dir='ltr'><strong>ad</strong></span> <span class='ocrx_word' id='word_1_919' title='bbox 2249 5326 2558 5387; x_wconf 90' lang='lat' dir='ltr'><strong>elationem,</strong></span> <span class='ocrx_word' id='word_1_920' title='bbox 2605 5340 2708 5394; x_wconf 88' lang='lat' dir='ltr'><strong>qua</strong></span> <span class='ocrx_word' id='word_1_921' title='bbox 2745 5325 2987 5381; x_wconf 87' lang='lat' dir='ltr'><strong>diabolus</strong></span> <span class='ocrx_word' id='word_1_922' title='bbox 3041 5326 3094 5379; x_wconf 90' lang='lat' dir='ltr'><strong>in</strong></span> <span class='ocrx_word' id='word_1_923' title='bbox 3139 5326 3363 5380; x_wconf 88' lang='lat' dir='ltr'><strong>exitium</strong></span> <span class='ocrx_word' id='word_1_924' title='bbox 3422 5326 3553 5380; x_wconf 85' lang='lat' dir='ltr'><strong>ruit.</strong></span> <span class='ocrx_word' id='word_1_925' title='bbox 3600 5321 3736 5378; x_wconf 84' lang='lat' dir='ltr'><strong>Nihil</strong></span> 
     </span>
    </p>
   </div>
   <div class='ocr_carea' id='block_1_117' title="bbox 2207 5457 3741 5523">
    <p class='ocr_par' dir='ltr' id='par_1_117' title="bbox 2207 5457 3741 5523">
     <span class='ocr_line' id='line_1_117' title="bbox 2207 5457 3741 5523; baseline 0 -17"><span class='ocrx_word' id='word_1_926' title='bbox 2207 5463 2242 5523; x_wconf 15' lang='grc' dir='ltr'>ιγ</span> <span class='ocrx_word' id='word_1_927' title='bbox 2260 5460 2342 5508; x_wconf 83' lang='lat' dir='ltr'><strong>ttic</strong></span> <span class='ocrx_word' id='word_1_928' title='bbox 2365 5458 2526 5523; x_wconf 82' lang='lat' dir='ltr'><strong>adjicit</strong></span> <span class='ocrx_word' id='word_1_929' title='bbox 2561 5464 2783 5523; x_wconf 74' lang='lat' dir='ltr'><strong>Erasmus</strong></span> <span class='ocrx_word' id='word_1_930' title='bbox 2814 5457 2865 5507; x_wconf 89' lang='lat' dir='ltr'><strong>in</strong></span> <span class='ocrx_word' id='word_1_931' title='bbox 2903 5458 3308 5523; x_wconf 82' lang='lat' dir='ltr'><strong>interpretatione</strong></span> <span class='ocrx_word' id='word_1_932' title='bbox 3333 5461 3501 5512; x_wconf 82' lang='lat' dir='ltr'><strong>Latina</strong></span> <span class='ocrx_word' id='word_1_933' title='bbox 3523 5495 3538 5519; x_wconf 94' lang='lat'><strong>,</strong></span> <span class='ocrx_word' id='word_1_934' title='bbox 3563 5471 3674 5523; x_wconf 78' lang='lat' dir='ltr'><strong>qua:</strong></span> <span class='ocrx_word' id='word_1_935' title='bbox 3695 5459 3741 5507; x_wconf 87' lang='lat' dir='ltr'><strong>in</strong></span> 
     </span>
    </p>
   </div>
   <div class='ocr_carea' id='block_1_118' title="bbox 2147 5519 3742 5588">
    <p class='ocr_par' dir='ltr' id='par_1_118' title="bbox 2147 5519 3742 5588">
     <span class='ocr_line' id='line_1_118' title="bbox 2147 5519 3742 5588; baseline -0.003 -18"><span class='ocrx_word' id='word_1_936' title='bbox 2147 5522 2279 5570; x_wconf 89' lang='lat' dir='ltr'><strong>nullo</strong></span> <span class='ocrx_word' id='word_1_937' title='bbox 2305 5519 2777 5588; x_wconf 35' lang='lat' dir='ltr'><strong>exetnplari‘crteco,</strong></span> <span class='ocrx_word' id='word_1_938' title='bbox 2799 5527 2900 5588; x_wconf 72' lang='lat' dir='ltr'><strong>tum</strong></span> <span class='ocrx_word' id='word_1_939' title='bbox 2923 5519 3053 5588; x_wconf 77' lang='lat' dir='ltr'><strong>edito</strong></span> <span class='ocrx_word' id='word_1_940' title='bbox 3076 5527 3176 5570; x_wconf 89' lang='lat' dir='ltr'><strong>tum</strong></span> <span class='ocrx_word' id='word_1_941' title='bbox 3199 5524 3534 5588; x_wconf 70' lang='lat' dir='ltr'><strong>planuscripto</strong></span> <span class='ocrx_word' id='word_1_942' title='bbox 3559 5519 3742 5570; x_wconf 70' lang='lat' dir='ltr'><strong>b&#39;aben-</strong></span> 
     </span>
    </p>
   </div>
   <div class='ocr_carea' id='block_1_119' title="bbox 2148 5579 3748 5645">
    <p class='ocr_par' dir='ltr' id='par_1_119' title="bbox 2148 5579 3748 5645">
     <span class='ocr_line' id='line_1_119' title="bbox 2148 5579 3748 5645; baseline -0.002 -13"><span class='ocrx_word' id='word_1_943' title='bbox 2148 5593 2245 5640; x_wconf 92' lang='lat' dir='ltr'><strong>tur,</strong></span> <span class='ocrx_word' id='word_1_944' title='bbox 2271 5591 2335 5632; x_wconf 69' lang='grc' dir='ltr'><strong>,γε</strong></span> <span class='ocrx_word' id='word_1_945' title='bbox 2353 5579 2504 5645; x_wconf 70' lang='lat' dir='ltr'><strong>igitur</strong></span> <span class='ocrx_word' id='word_1_946' title='bbox 2529 5579 2768 5632; x_wconf 82' lang='lat' dir='ltr'><strong>laboribus</strong></span> <span class='ocrx_word' id='word_1_947' title='bbox 2791 5581 3069 5645; x_wconf 62' lang='lat' dir='ltr'><strong>defatigatis</strong></span> <span class='ocrx_word' id='word_1_948' title='bbox 3087 5615 3102 5640; x_wconf 91' lang='lat'><strong>,</strong></span> <span class='ocrx_word' id='word_1_949' title='bbox 3125 5584 3212 5632; x_wconf 81' lang='lat' dir='ltr'><strong>sed</strong></span> <span class='ocrx_word' id='word_1_950' title='bbox 3246 5583 3368 5645; x_wconf 60' lang='lat' dir='ltr'><strong>bam;</strong></span> <span class='ocrx_word' id='word_1_951' title='bbox 3402 5579 3570 5634; x_wconf 77' lang='lat' dir='ltr'><strong>miimo</strong></span> <span class='ocrx_word' id='word_1_952' title='bbox 3594 5591 3748 5632; x_wconf 86' lang='lat' dir='ltr'><strong>certa-</strong></span> 
     </span>
    </p>
   </div>
   <div class='ocr_carea' id='block_1_120' title="bbox 2149 5643 3747 5705">
    <p class='ocr_par' dir='ltr' id='par_1_120' title="bbox 2149 5643 3747 5705">
     <span class='ocr_line' id='line_1_120' title="bbox 2149 5643 3747 5705; baseline -0.001 -11"><span class='ocrx_word' id='word_1_953' title='bbox 2149 5646 2279 5694; x_wconf 87' lang='lat' dir='ltr'><strong>mina</strong></span> <span class='ocrx_word' id='word_1_954' title='bbox 2297 5643 2465 5692; x_wconf 84' lang='lat' dir='ltr'><strong>tolera.</strong></span> <span class='ocrx_word' id='word_1_955' title='bbox 2485 5645 2652 5692; x_wconf 67' lang='lat' dir='ltr'><strong>Nescio</strong></span> <span class='ocrx_word' id='word_1_956' title='bbox 2675 5654 2836 5692; x_wconf 89' lang='lat' dir='ltr'><strong>utrum</strong></span> <span class='ocrx_word' id='word_1_957' title='bbox 2854 5643 2962 5692; x_wconf 61' lang='lat' dir='ltr'><strong>&#39;hzec</strong></span> <span class='ocrx_word' id='word_1_958' title='bbox 2987 5643 3070 5693; x_wconf 89' lang='lat' dir='ltr'><strong>ille</strong></span> <span class='ocrx_word' id='word_1_959' title='bbox 3096 5647 3143 5692; x_wconf 90' lang='lat' dir='ltr'><strong>in</strong></span> <span class='ocrx_word' id='word_1_960' title='bbox 3165 5643 3446 5705; x_wconf 84' lang='lat' dir='ltr'><strong>exemplari</strong></span> <span class='ocrx_word' id='word_1_961' title='bbox 3472 5658 3566 5694; x_wconf 89' lang='lat' dir='ltr'><strong>suo</strong></span> <span class='ocrx_word' id='word_1_962' title='bbox 3587 5652 3747 5692; x_wconf 64' lang='lat' dir='ltr'><strong>Cra-ou</strong></span> 
     </span>
    </p>
   </div>
   <div class='ocr_carea' id='block_1_121' title="bbox 2155 5704 3746 5768">
    <p class='ocr_par' dir='ltr' id='par_1_121' title="bbox 2155 5704 3746 5768">
     <span class='ocr_line' id='line_1_121' title="bbox 2155 5704 3746 5768; baseline 0.003 -15"><span class='ocrx_word' id='word_1_963' title='bbox 2155 5710 2352 5761; x_wconf 73' lang='lat' dir='ltr'><strong>legerit,</strong></span> <span class='ocrx_word' id='word_1_964' title='bbox 2375 5719 2434 5753; x_wconf 89' lang='lat' dir='ltr'><strong>an</strong></span> <span class='ocrx_word' id='word_1_965' title='bbox 2457 5719 2574 5753; x_wconf 83' lang='lat' dir='ltr'><strong>vero</strong></span> <span class='ocrx_word' id='word_1_966' title='bbox 2598 5708 2700 5768; x_wconf 77' lang='lat' dir='ltr'><strong>ipse</strong></span> <span class='ocrx_word' id='word_1_967' title='bbox 2721 5707 2956 5765; x_wconf 71' lang='lat' dir='ltr'><strong>adiecerit</strong></span> <span class='ocrx_word' id='word_1_968' title='bbox 2973 5704 3358 5768; x_wconf 81' lang='lat' dir='ltr'><strong>interpretando.</strong></span> <span class='ocrx_word' id='word_1_969' title='bbox 3391 5712 3448 5756; x_wconf 73' lang='lat' dir='ltr'><strong>tit</strong></span> <span class='ocrx_word' id='word_1_970' title='bbox 3469 5715 3525 5755; x_wconf 90' lang='lat' dir='ltr'><strong>ut</strong></span> <span class='ocrx_word' id='word_1_971' title='bbox 3550 5720 3632 5757; x_wconf 88' lang='lat' dir='ltr'><strong>res</strong></span> <span class='ocrx_word' id='word_1_972' title='bbox 3652 5713 3746 5758; x_wconf 67' lang='lat' dir='ltr'><strong>est.</strong></span> 
     </span>
    </p>
   </div>
   <div class='ocr_carea' id='block_1_122' title="bbox 2154 5768 2818 5818">
    <p class='ocr_par' dir='ltr' id='par_1_122' title="bbox 2154 5768 2818 5818">
     <span class='ocr_line' id='line_1_122' title="bbox 2154 5768 2818 5818; baseline 0 -2"><span class='ocrx_word' id='word_1_973' title='bbox 2154 5769 2256 5818; x_wconf 71' lang='lat' dir='ltr'><strong>haec</strong></span> <span class='ocrx_word' id='word_1_974' title='bbox 2279 5768 2430 5817; x_wconf 77' lang='lat' dir='ltr'><strong>seriei</strong></span> <span class='ocrx_word' id='word_1_975' title='bbox 2454 5777 2566 5816; x_wconf 82' lang='lat' dir='ltr'><strong>sunt</strong></span> <span class='ocrx_word' id='word_1_976' title='bbox 2591 5782 2818 5816; x_wconf 84' lang='lat' dir='ltr'><strong>consona.</strong></span> 
     </span>
    </p>
   </div>
  </div>
