4092 6218
476 323 580 379 125

471 447 630 504 τοῦτο
656 445 1115 518 κατηναλώσαμεν
1139 445 1288 516 χθὲς,
1318 446 1417 519 τὴν
1442 447 1702 505 ἀπόνοιαν
1726 449 2048 523 καθαιροῦν-

472 550 584 598 τες.
611 533 705 587 καὶ
741 529 1232 601 ταπεινοφροσύνην
1261 527 1619 597 διδάσκοντες.

542 615 585 671 δ’
620 615 772 669 Εῖπω
794 631 896 677 σοι,
918 613 1082 667 πόσον
1110 613 1313 683 ἀγαθὸν
1333 614 1823 687 ταπεινοφροσύνη.
1843 617 1937 671 καὶ
1954 617 2052 670 πό-

476 718 567 755 σον
595 699 760 754 κακὸν
794 698 1060 765 ἀπόνοια;
1100 698 1451 770 ’Λμαρτωλὸς
1481 698 1689 753 δίκαιον
1726 700 1998 771 ἐνίκησεν,
2022 701 2052 753 6

470 783 708 855 τελώνης
734 782 824 836 16v
844 783 1157 854 Φαρισαῖον,
1190 784 1284 835 καὶ
1325 783 1545 853 ῥήματα
1576 782 1753 852 ἔργων
1797 783 2051 855 περιεγέ-

471 886 644 923 νοντο.
681 868 802 931 Πῶς
848 868 1095 939 ρήματα;
1141 867 1199 919 '0
1239 864 1477 937 τελώνης
1518 865 1666 935 λέγει
1720 882 1736 897 ⁸
1771 866 1833 920 '0
1865 866 2048 935 Θεὸς,

471 950 750 1018 ἱλάσθητί
783 967 885 1018 μοι
921 949 1001 1015 τῷ
1045 946 1386 1017 ἁμαρτωλῷ.
1440 949 1499 1003 '0
1544 950 1834 1019 Φαρισαῖος
1861 947 2047 1018 λέγει·

474 1035 597 1088 οὐκ
625 1032 738 1103 εἱμὶ
767 1032 849 1098 ὡς
885 1034 941 1085 οἱ
975 1031 1174 1087 λοιποὶ
1214 1030 1331 1085 τῶν
1354 1029 1679 1100 ἀνθρώπων
1703 1072 1718 1096 ,
1744 1031 1943 1099 ἅρπαξ
1967 1072 1981 1096 ,
2009 1032 2047 1101 ἢ

470 1116 856 1184 πλεονέκτης.
896 1116 1055 1169 Ἀλλά
1087 1115 1177 1182 τίς
1209 1116 1495 1182 Νηστεύω
1534 1115 1629 1183 δὶς
1657 1115 1768 1184 τῆς
1805 1116 2051 1186 ἑϐδομά-

468 1200 575 1268 δος
600 1212 629 1242 ι
649 1241 663 1267 ,
685 1199 1029 1256 ἀποδεκατῶ
1048 1217 1168 1269 μου
1188 1198 1260 1253 τὰ
1282 1197 1648 1269 ὑπάρχοντα.
1687 1200 1744 1253 '0
1761 1201 2048 1271 Φαρισαῖος

471 1284 609 1357 ἔργα
639 1284 807 1352 ἔδειξε
835 1284 1179 1353 δικαιοσύνης
1203 1302 1218 1316 ⁸
1246 1285 1274 1336 6
1291 1283 1527 1354 τελώνης
1550 1284 1772 1355 ῥήματα
1803 1281 1924 1338 εἷπε
1949 1301 2049 1337 τα-

471 1369 923 1443 πεινοφροσύνης.
962 1368 1055 1420 καὶ
1094 1367 1240 1436 λόγοι
1271 1366 1449 1437 ἔργων
1495 1368 1907 1438 περιεγένοντο.
1954 1368 2049 1422 καὶ

469 1455 501 1508 6
551 1453 804 1517 τοσοῦτος
860 1451 1132 1523 θησαυρὸς
1181 1449 1517 1522 ὲξεφυσήθη,
1570 1451 1665 1504 καὶ
1711 1452 1745 1521 ή
1810 1451 2044 1522 τοσαύτη

470 1536 632 1592 πενία
685 1537 766 1600 εἰς
804 1536 1032 1589 πλοῦτον
1096 1534 1418 1606 μετεϐλήθη.
1470 1529 1676 1590 τΗλθον
1734 1533 1828 1588 δύο
1886 1533 2049 1587 πλοῖα

469 1625 660 1694 ἔχοντα
710 1620 907 1691 γόμον·
951 1618 1197 1689 εἰσῆλθον
1242 1620 1528 1691 ἀμφότερα
1572 1620 1651 1683 εἱς
1685 1617 1775 1673 τὸν
1812 1618 2003 1690 λιμένα
2028 1633 2043 1648 ⁸

470 1708 586 1764 ἀλλ’
610 1710 639 1764 6
666 1705 904 1777 τελώνης
934 1703 1115 1767 καλῶς
1147 1702 1225 1773 τῷ
1251 1702 1432 1775 λιμένι
1470 1702 1861 1776 προσωρμίσθη
1881 1745 1894 1768 ,
1936 1704 1966 1756 6
1989 1701 2047 1756 δὲ

469 1794 761 1865 Φαρισαῖος
786 1787 1042 1859 ναυάγιον
1074 1786 1365 1858 ὑπέμεινεν
1385 1827 1399 1850 ,
1429 1786 1515 1840 ῖνα
1545 1786 1721 1859 μάθῃς
1745 1788 1913 1840 πόσον
1950 1805 2049 1851 και

470 1878 566 1932 κδν
590 1878 624 1949 ἡ
658 1876 903 1930 ἀπόνοια.
943 1875 1161 1935 Δίκαιος
1178 1868 1259 1937 εἷς
1281 1871 1373 1944 Μὴ
1408 1871 1749 1941 ταπεινώσῃς
1779 1871 1870 1925 τὸν
1890 1871 2048 1925 ἀδελ-

472 1960 572 2028 φόν
605 1977 721 2013 σου.
752 1957 943 2028 Κομᾷς
964 1953 1383 2025 κατορθώμασις
1410 1953 1501 2024 Μὴ
1530 1952 1795 2025 ὀνειδίσῃς
1813 1952 1891 2022 τῷ
1912 1954 2048 2023 πλη-

473 2043 607 2100 σίον.
632 2042 724 2095 καὶ
752 2039 1027 2112 ύποτέμῃς
1058 2055 1151 2091 σου
1178 2038 1238 2091 16
1258 2035 1548 2106 ἐγκώμιον.
1585 2036 1749 2089 Ὅσον
1780 2034 1952 2106 μέγας
1976 2031 2045 2099 εἴ,

469 2125 723 2187 τοσοῦτον
758 2122 1014 2178 ταπείνου
1051 2121 1268 2174 σαυτόν.
1309 2119 1419 2172 Kal
1467 2118 1701 2191 πρόσεχε
1749 2117 1865 2189 μετ’
1890 2119 2047 2189 ἀκρι-

471 2210 624 2271 ϐείας
653 2207 923 2278 τῷλόγῳ,
968 2203 1241 2273 ἀγαπητέ.
1285 2200 1499 2255 Μᾶλλον
1541 2202 1570 2254 6
1602 2195 2046 2270 δίκαιος’όφεὶλει

471 2290 758 2361 φοϐεῖσθαι
798 2290 896 2360 τὴν
926 2287 1210 2351 ἀπόνοιαν,
1251 2285 1284 2355 ἦ
1316 2288 1345 2339 6
1386 2285 1706 2356 ἁμαρτωλός
1724 2301 1737 2314 ⁸
1765 2284 1924 2338 τοῦτο
1953 2285 2046 2337 καὶ

469 2374 597 2446 χθὲς
627 2371 779 2425 εἶπον
798 2410 814 2435 ,
842 2371 935 2423 καὶ
962 2370 1202 2439 τήμερον
1237 2367 1378 2434 λέγω
1408 2366 1496 2420 διὰ
1532 2368 1658 2430 τοὺς
1686 2366 1811 2436 χθὲς
1832 2366 2046 2420 ἀπολει-

472 2457 705 2527 φθέντας
725 2472 739 2486 ⁸
763 2454 895 2509 διότι
920 2458 948 2508 6
968 2451 1288 2523 ἁμαρτωλὸς
1314 2450 1427 2521 ἔχει
1449 2450 1511 2504 16
1530 2450 1766 2515 συνειδὸς
1788 2449 2001 2521 ἀνάγκῃ
2017 2451 2045 2491 ιι

470 2540 762 2603 ταπεινὸν,
820 2540 849 2592 6
903 2538 961 2590 δὲ
1009 2535 1217 2597 δίκαιος
1270 2534 1551 2604 ἐπαίρεται
1606 2531 2041 2604 κατορθώμασιν.

470 2625 684 2697 Ὠσπερ
727 2620 821 2677 οὖν
873 2624 966 2676 ἐπὶ
1009 2620 1117 2673 τῶν
1146 2616 1379 2683 πλοίων,
1420 2619 1470 2671 οἱ
1508 2616 1607 2687 μὲν
1638 2615 1851 2687 ἔχοντες
1890 2616 2046 2669 κενὸν

472 2712 677 2770 πλοῖον,
706 2708 767 2760 οὐ
799 2706 1067 2759 δεδοίκασι
1100 2702 1374 2775 πειρατῶν
1408 2700 1661 2772 σύστημα
1683 2718 1697 2731 ⁸
1722 2701 1783 2754 οὐ
1817 2701 1926 2772 γάρ
1954 2701 2043 2772 έρ-

471 2809 656 2863 χονται
687 2791 969 2864 διατρῆσαι
998 2788 1059 2841 16
1088 2787 1270 2842 πλοῖον
1299 2785 1362 2840 16
1394 2786 1560 2857 μηδὲν
1588 2787 1740 2856 ἔχον·
1762 2786 1812 2839 οἱ
1835 2785 1893 2839 δὲ
1922 2786 2049 2854 φόρο

470 2892 565 2928 του
580 2874 748 2946 γέμον
772 2874 987 2944 ἔχοντες
1014 2871 1216 2937 πλοῖον,
1248 2869 1517 2925 δεδοίκασι
1554 2868 1816 2939 πειρατὰς
1835 2884 1849 2899 ⁸
1875 2869 1904 2921 6
1935 2866 2045 2938 γὰρ

471 2957 740 3028 πειρατὴς
785 2956 904 3010 ἐκεῖ
929 2956 1259 3026 ἀπέρχεται,
1294 2954 1427 3007 ὅπου
1454 2951 1684 3022 χρυσὸς,
1717 2951 1849 3004 ὅπου
1878 2950 2018 3021 άργυ

474 3060 587 3115 ρος,
617 3043 749 3096 ὅπου
788 3039 925 3094 λίθοι
956 3040 1125 3111 τίμιοι
1146 3055 1161 3068 ⁸
1201 3036 1343 3091 οὕτω
1374 3036 1468 3089 καὶ
1498 3039 1526 3089 6
1549 3034 1788 3096 διάϐολος
1824 3034 1924 3087 οὐκ
1956 3033 2028 3087 εὑ

472 3126 645 3191 κόλως
685 3124 979 3196 ὲπηρεάζει
1021 3123 1100 3194 τῷ
1139 3119 1474 3193 ἁμαρτωλῷ,
1522 3118 1657 3172 ἀλλὰ
1698 3118 1776 3189 τῷ
1819 3116 2042 3187 δικαίῳ,

469 3211 606 3263 ὅπου
639 3208 867 3270 πλοῦτος
890 3206 1074 3272 πολύς.
1127 3205 1343 3276 Ἐπειδὴ
1379 3203 1637 3265 πολλάκις
1668 3203 1700 3270 ή
1734 3201 1959 3254 ἀπόνοια
1988 3199 2047 3266 ἐξ

471 3291 765 3362 ιπιϐουλῆς
785 3290 877 3343 τοῦ
894 3288 1360 3359 διαϐόλου,νήφειν
1380 3288 1674 3354 ἀναγκαῖον
1688 3295 1735 3338 ο.
1762 3285 1924 3337 Ὅσον
1945 3283 2040 3355 μέο

471 3392 576 3445 γας
602 3370 652 3429 εἷ
672 3416 687 3440 ,
716 3375 965 3429 τοσοῦτον
1006 3373 1261 3427 ταπείνου
1293 3373 1504 3425 σαυτόν.
1540 3370 1705 3424 Ὅταν
1737 3368 1940 3438 ἀναϐῇς
1966 3369 2045 3432 εἱς

470 3460 534 3515 16
571 3456 734 3529 ὖέος,
761 3456 1157 3530 ἀσφαλισθῆναι
1197 3455 1384 3527 χρείαν
1414 3454 1591 3525 ἔχεις,
1620 3453 1709 3507 ἵνα
1744 3452 1817 3523 μὴ
1852 3452 2043 3526 πέσῃς.

470 3542 565 3599 Διὸ
604 3542 698 3596 καὶ
739 3543 769 3595 6
806 3540 1009 3612 Κύριος
1046 3540 1203 3611 ἡμῶν
1234 3539 1380 3608 λέγει
1403 3554 1419 3570 ⁸
1471 3538 1641 3591 ὐταν
1682 3535 1859 3589 πάντα
1888 3535 2047 3605 ποιή-

473 3644 635 3699 σητε,
666 3626 875 3694 λέγετε,
913 3623 992 3678 ὅτι
1014 3624 1249 3695 Ἀχρεῖοι
1287 3621 1464 3676 δοῦλοί
1513 3622 1699 3691 ἐσμεν.
1743 3619 1807 3672 Τί
1833 3618 1861 3655 (³
1906 3617 2049 3688 μέγα

472 3711 711 3781 φρονεῖς,
740 3708 1023 3779 ἄνθρωπος
1048 3705 1144 3771 ὢν,
1172 3705 1271 3777 τῆς
1310 3705 1417 3775 γῆς
1455 3705 1741 3773 συγγενὴς,
1767 3700 2051 3773 δμοούσιος

470 3796 540 3865 τῇ
568 3792 765 3866 τέφρᾳ,
804 3791 861 3844 έν
885 3807 945 3844 τε
972 3792 1039 3861 τῇ
1085 3789 1277 3859 φύσει,
1311 3789 1368 3842 έν
1408 3805 1468 3841 τε
1496 3790 1563 3858 τῇ
1594 3786 1821 3857 γνώμῃ,
1860 3785 1954 3839 καὶ
1980 3788 2047 3857 τῇ

472 3876 792 3947 προαιρέσει
818 3874 927 3927 τῶν
964 3872 1339 3945 πραγμάτων;
1376 3871 1623 3941 Σήμερον
1651 3869 1921 3934 πλούσιος,
1948 3867 2049 3922 αὕ-

476 3977 590 4034 ριον
615 3958 787 4030 πένης
805 3975 820 3992 ⁸
849 3957 1088 4028 σήμερον
1121 3955 1399 4025 ὑγιαίνων,
1423 3952 1611 4026 αὔριον
1641 3953 1811 4008 νοσῶν
1829 3972 1844 3985 ⁸
1880 3953 2052 4024 σήμε-

474 4060 569 4115 ρον
602 4042 753 4117 [ΗἹ]
792 4040 998 4113 χαίρων
1021 4080 1036 4104 ,
1076 4039 1265 4112 αὔριον
1306 4037 1666 4108 λυπούμενος
1719 4039 1957 4109 σήμερον
1993 4037 2051 4089 ὲν

472 4126 602 4201 δόξῃ
620 4167 635 4188 ,
665 4124 852 4199 αὔριον
884 4127 942 4180 ἐν
981 4124 1202 4196 ἀτιμίᾳ⁸
1244 4125 1481 4196 σήμερον
1507 4124 1565 4176 ὲν
1595 4122 1834 4192 νεότητι,
1864 4119 2051 4193 αύριον

473 4212 533 4267 ἐν
552 4214 719 4282 γήρᾳ.
752 4210 842 4281 Μὴ
876 4208 1091 4263 ἵσταταί
1113 4226 1165 4262 τι
1192 4207 1301 4262 τῶν
1325 4207 1697 4280 ἀνθρωπίνων,
1720 4205 1835 4260 ἀλλ’
1865 4204 2052 4275 ὥσπερ

471 4293 583 4347 τῶν
611 4292 891 4363 ποταμίων
917 4291 1203 4366 ῥευμάτων
1227 4292 1475 4362 μιμεῖται
1505 4289 1597 4344 τὸν
1626 4289 1851 4359 δρόμονς
1886 4286 2050 4359 Ὁμοῦ

473 4394 534 4430 τε
567 4376 675 4447 γὰρ
712 4375 915 4446 ἐφάνη,
946 4375 1042 4429 καὶ
1063 4376 1223 4439 σκιᾶς
1251 4374 1543 4445 ταχύτερον
1575 4384 1599 4413 ο
1619 4374 1764 4445 ἡμᾶς
1786 4372 2053 4443 καταλιμ-

474 4459 656 4512 πάνει.
696 4456 762 4510 Τί
796 4454 890 4511 οὖν
919 4457 1061 4527 μέγα
1098 4460 1334 4527 φρονεῖς,
1362 4457 1614 4527 ἄνθρωπε
1633 4499 1647 4519 ,
1683 4458 1713 4510 6
1744 4456 1952 4521 καπνὸς
1974 4497 1989 4521 ,
2019 4456 2053 4528 ή

477 4539 813 4609 ματαιότης;
869 4538 1188 4610 Ἀνθρωπος
1239 4538 1348 4610 γὰρ
1411 4540 1730 4610 ματαιότητι
1775 4535 2052 4608 ὡμοιώθη.

486 4623 631 4676 Ὠσεὶ
675 4622 950 4695 χόρτοςναι
973 4623 1179 4692 ἡμέραι
1202 4620 1388 4676 αὐτοῦ.
1426 4620 1725 4693 Ἐξηράνθη
1762 4623 1792 4676 6
1827 4620 2053 4693 χόρτος,

475 4705 573 4760 καὶ
592 4706 654 4760 16
678 4705 839 4769 ἄνθος
866 4703 1031 4759 αὐτοῦ
1056 4704 1303 4771 ἐξέπεσε.

545 4789 731 4846 Ταῦτα
755 4790 919 4859 λέγω,
938 4789 1040 4859 οὐχ
1070 4787 1147 4853 ὡς
1170 4788 1268 4859 τὴν
1292 4784 1479 4841 οὐσίαν
1509 4783 1857 4853 ὲξευτελίζων
1879 4825 1895 4851 ,
1919 4784 2058 4841 ἀλλὰ

364 4920 375 4945 .,
469 4875 574 4948 τὴν
610 4875 873 4929 ἀπόνοιαν
905 4872 1159 4945 χαλινῶν.
1188 4872 1298 4925 Kal
1313 4869 1423 4940 γὰρ
1452 4868 1593 4941 μέγα
1624 4868 1930 4940 ἄνθρωπος.
1960 4870 2056 4924 καὶ

471 4965 654 5036 τίμιον
670 4964 808 5037 ἀνὴρ
823 4963 946 5029 ὲλεῆ
954 4978 1089 5033 μων.
1106 4960 1244 5016 Ἀλλ’
1264 4960 1294 5017 6
1324 4957 1505 5023 Ὀζίας
1519 4949 1674 5020 οὗτος
1696 4954 1946 5025 βασιλεὺς
1959 4954 2055 5037 ών,

473 5034 571 5103 καὶ
622 5046 685 5100 16
732 5034 967 5116 διάδημα
1020 5043 1419 5116 περικείμενος,
1471 5039 1661 5113 ἐπειδὴ
1702 5037 1910 5102 δίκαιος
1965 5034 2056 5110 ἦν,

474 5128 745 5202 ἐφρόνησε
786 5145 916 5182 ποτε
948 5126 1108 5199 μέγα,
1140 5126 1235 5180 καὶ
1264 5125 1538 5197 φρονήσας
1567 5123 1709 5196 μέγα
1747 5124 1842 5178 καὶ
1871 5121 2056 5193 μεῖζον

414 5229 443 5259 ο
475 5213 578 5284 τῆς
597 5211 777 5278 ἀξίας,
796 5211 1043 5281 εἰσῆλθεν
1066 5213 1147 5276 είς
1172 5210 1233 5267 16
1260 5210 1424 5286 ἱερόν.
1445 5208 1557 5263 Καὶ
1575 5209 1627 5263 τί
1646 5224 1842 5280 φησιν;
1866 5205 2059 5273 Εἰσῆλ-

531 5441 562 5470 ⁸
586 5436 725 5488 Unus
744 5440 814 5495 δὶς
832 5436 918 5486 τοῦ
943 5436 1201 5487 σαϐϐάτου.

532 5500 563 5541 1³
587 5500 714 5550 Tres
738 5493 1060 5562 ωεςηάνάγκῃ
1079 5495 1518 5562 ταπεινοφροσύνης.
1546 5496 1701 5554 Unus,
1728 5499 1858 5562 Iesu;
1884 5493 2055 5555 Savil.,

470 5563 682 5619 συνειδὸς
1012 5555 1178 5623 ὢτοῦ,
1205 5555 1485 5623 καὶλᾶνάγκη
1508 5555 1946 5623 ταπεινοφροσύνης.

534 5626 559 5655 ⁸
584 5624 719 5674 Unus
756 5618 917 5681 ἀπειδῆ
936 5622 985 5677 ιε
1004 5620 1228 5677 ἀπονοίας
1258 5620 1319 5668 τὰ
1350 5618 1667 5683 ἁμαρτήματα
1696 5618 1922 5677 τίκτεται,
1978 5618 2057 5670 διὰ

467 5684 612 5735 τοῦτο
626 5685 788 5748 νήφειν
803 5683 1074 5748 any-nale».

530 5748 557 5787 εἰ
578 5747 637 5796 Τί
657 5745 803 5795 déest
824 5746 873 5795 in
895 5745 1050 5796 tribus
1075 5756 1193 5793 mss.

535 5822 561 5849 υ
583 5810 707 5857 Tres
749 5822 865 5858 mss.
901 5810 982 5857 καὶ
1014 5811 1151 5861 σκιᾶς
1186 5804 1520 5865 εὐκολώτερον.
1570 5802 1694 5852 Infra
1742 5801 1889 5852 iidem
1933 5803 2050 5865 ὡσεῖ

470 5871 709 5932 ’ξαπνὸςαί
732 5875 819 5932 ἠμ.
845 5878 898 5921 ct
938 5868 1007 5920 sic
1033 5870 1225 5931 legerat
1266 5863 1512 5925 Erasmus,
1554 5866 1638 5927 qui
1666 5871 1901 5927 verterat,
1923 5863 2050 5915 rclul

447 5926 628 5990 ,[ειιιιιιε
649 5926 896 5996 dieswcjus.

1191 326 1249 383 S.
1289 326 1579 385 JOANNIS
1614 329 2109 391 CHRYSOSTOIH
2150 334 2467 399 ARCIIIEP.
2500 343 3044 407 CONSTANTINOP.

3625 355 3727 409 126

2153 453 2243 507 θεν
2271 459 2351 523 εἰς
2386 460 2453 514 τὰ
2484 464 2614 532 ἀγια
2641 465 2750 519 τῶν
2772 466 2962 535 ἁγίων,
2994 468 3088 522 καὶ
3131 468 3302 535 λέγει,
3344 465 3602 539 βούλομαι
3627 465 3725 521 θοι-

2154 541 2366 607 μιᾶσαι.
2398 544 2654 612 Βασιλεὺς
2683 547 2758 602 ὢν
2797 550 3093 621 ἱερωσύνης
3115 551 3287 623 ἀρχὴν
3323 550 3572 624 ἁρπάζει.
3592 553 3727 606 Boa-

2151 625 2332 695 λομαι,
2379 632 2532 701 φησὶ,
2572 631 2854 702 θυμιᾶσαι,
2903 633 3088 706 ἐπειδὴ
3138 635 3346 699 δίκαιός
3386 638 3521 706 εἱμι.
3564 636 3727 692 Ἀλλά

2153 711 2278 781 μένε
2307 711 2413 767 ἔσω
2446 714 2556 768 τῶν
2600 715 2814 771 οἰκείων
2852 717 3030 788 ὅρων⁸
3084 717 3234 773 ἄλλοι
3258 719 3372 790 ὅροι
3414 718 3723 789 βασιλείας,

2149 794 2243 847 καὶ
2258 793 2405 848 ἄλλοι
2430 796 2544 866 ὅροι
2576 798 2874 871 ἱερωσύνης
2899 816 2913 831 ⁸
2944 799 3058 854 ἀλλ’
3092 800 3229 873 αὕτη
3257 802 3459 871 μείζων
3488 803 3723 873 ἐκείνης.

2150 877 2225 929 Ού
2286 877 2395 947 γὰρ
2449 880 2557 933 ἀπὸ
2606 883 2716 936 τῶν
2762 884 3097 954 φαινομένων
3143 886 3391 952 φαίνεται
3440 884 3725 956 βασιλεὺς,

2148 961 2271 1015 οὐδὲ
2328 962 2435 1016 ἀπὸ
2479 963 2587 1017 τῶν
2635 964 3003 1037 πεπηγμένὼν
3064 968 3213 1039 αὐτῷ
3270 968 3452 1032 λίθων,
3496 971 3591 1022 καὶ
3651 963 3728 1022 ὧν

2148 1044 2453 1115 περίκειται
2503 1048 2760 1118 χρυσίων,
2806 1050 3008 1119 ὀφείλει
3060 1050 3341 1121 κρίνεσθαι
3373 1053 3403 1104 6
3451 1050 3723 1121 βασιλεύς.

2148 1122 2314 1185 Οὗτος
2348 1128 2448 1200 μὲν
2484 1131 2593 1201 γὰρ
2623 1131 2690 1184 τά
2727 1132 2821 1186 ἐπὶ
2845 1134 2943 1204 τῆς
2967 1133 3072 1204 γῆς
3112 1133 3304 1204 ἔλαχεν
3326 1135 3626 1205 οἰκονομεῖν
3649 1151 3665 1166 ⁸
3696 1136 3728 1189 6

2146 1209 2202 1264 δὲ
2233 1210 2334 1282 τῆς
2373 1212 2670 1284 ἱερωσύνης
2702 1214 2901 1285 θεσμὸς
2929 1214 3041 1270 άνω
3073 1216 3330 1286 κάθηται.
3359 1217 3503 1271 Ὅσα
3536 1217 3602 1271 ἂν
3634 1217 3727 1287 δή-

2148 1310 2280 1363 σητε
2326 1294 2418 1346 ἐπὶ
2442 1298 2540 1366 τῆς
2568 1295 2703 1365 γῆς,
2736 1297 2888 1351 ἔσται
2916 1299 3172 1368 δεδεμένα
3195 1301 3252 1352 ἐν
3281 1298 3358 1370 τῷ
3389 1298 3620 1370 οὐρανῷ.
3664 1300 3727 1354 ὐ

2149 1374 2400 1445 βασιλεὺς
2426 1378 2496 1431 τά
2530 1379 2763 1434 ἐνταῦθα
2799 1380 3192 1447 πεπίστευται,
3218 1381 3329 1452 ἐγὼ
3362 1381 3431 1437 τὰ
3459 1385 3685 1454 οὐράνια
3708 1399 3722 1412 ⁸

2101 1482 2121 1536 ιι
2148 1457 2256 1525 ἐγὼ
2295 1459 2423 1513 ὅταν
2472 1460 2631 1526 εἴπω,
2671 1462 2760 1516 16v
2809 1464 2957 1535 ίερέα
3000 1463 3165 1533 λέγω.
3218 1466 3311 1536 Μὴ
3351 1460 3467 1530 οὖν,
3512 1464 3579 1518 ἂν
3609 1464 3727 1536 ἴδῃς

2149 1541 2297 1612 ἱερέα
2342 1544 2558 1610 ἀνάξιον
2582 1586 2597 1611 ,
2638 1546 2735 1617 τὴν
2783 1548 3079 1619 ἱερωσύνην
3133 1548 3388 1602 διάϐαλε·
3426 1548 3488 1601 ού
3526 1546 3634 1619 γάρ
3664 1548 3727 1601 16

2147 1627 2380 1695 πρᾶγμα
2412 1626 2681 1682 διαϐαλεῖν
2708 1630 2816 1695 δεῖ,
2840 1630 2975 1685 ἀλλὰ
3015 1630 3107 1685 16v
3137 1631 3324 1695 κακῶς
3346 1631 3425 1703 τῷ
3451 1630 3601 1702 καλῷ
3630 1649 3725 1684 κεο

2146 1704 2418 1774 χρημένον
2439 1723 2453 1737 ⁸
2483 1707 2605 1759 ἐπεὶ
2629 1710 2722 1761 καὶ
2749 1710 2778 1761 6
2819 1708 3015 1773 Ἰούδας
3044 1711 3310 1780 προδότης
3336 1710 3573 1777 ἐγένετο,
3607 1708 3724 1764 ἀλλ’

2147 1788 2208 1840 ού
2241 1788 2542 1860 κατηγορία
2562 1789 2661 1856 τῆς
2688 1791 2995 1862 ἀποστολῆς
3014 1792 3191 1854 τοῦτο,
3218 1792 3354 1847 ἀλλὰ
3386 1792 3485 1862 τῆς
3514 1792 3724 1846 ἐκείνου

2146 1870 2372 1942 γνώμης
2390 1888 2403 1901 ⁸
2430 1873 2492 1926 οὐ
2523 1873 2584 1928 16
2605 1875 2854 1948 ἔγκλημα
2875 1877 2974 1948 τῆς
3003 1877 3299 1949 ἱερωσύνης
3318 1915 3335 1941 ,
3365 1875 3501 1931 ἀλλά
3534 1876 3596 1931 16
3622 1893 3725 1931 κα-

2148 1953 2243 2009 κὸν
2271 1956 2367 2025 τῆς
2392 1957 2637 2028 γνώμης.

2216 2042 2277 2092 ε’.
2308 2040 2417 2093 Kal
2450 2040 2514 2093 σὺ
2547 2041 2725 2095 τοίνυν
2763 2042 2837 2112 μὴ
2868 2039 2965 2113 τὴν
2993 2039 3290 2112 ἱερωσύνην
3313 2040 3555 2108 διάϐαλε,
3591 2040 3728 2097 ἀλλά

2144 2122 2237 2177 τὸν
2294 2123 2442 2196 ἱερέα
2487 2124 2578 2179 τὸν
2627 2124 2812 2189 κακῶς
2839 2125 2917 2196 τῷ
2959 2124 3111 2195 καλῷ
3152 2126 3507 2197 κεχρημένον.
3574 2127 3726 2180 Ἐπεὶ

2146 2205 2273 2261 ὃταν
2327 2206 2410 2261 σοί
2454 2225 2539 2272 τις
2583 2208 2921 2277 διαλέγηται,
2962 2208 3060 2263 καὶ
3090 2206 3415 2279 λέγῃ,Εἷδες
3450 2208 3598 2262 τόνδε
3634 2207 3726 2263 16v

2145 2289 2508 2361 Χριστιανόν;
2539 2290 2680 2355 εἰπὲ,
2712 2290 2845 2344 Ἀλλ’
2862 2291 2973 2361 ἐγὼ
2991 2290 3050 2343 οὐ
3081 2292 3209 2363 περὶ
3232 2292 3559 2361 προσώπων.
3591 2291 3726 2347 ἀλλά

2146 2372 2273 2444 περὶ
2299 2373 2633 2444 πραγμάτιον
2663 2391 2745 2427 σοι
2782 2373 3122 2446 διαλέγομαι.
3168 2374 3319 2428 Ἐπεὶ
3353 2373 3504 2427 πόσοι
3552 2374 3726 2444 ἰατροὶ

2145 2456 2329 2527 δήμιοι
2362 2457 2629 2524 ἐγένοντο,
2672 2458 2765 2511 καὶ⁵
2797 2456 3095 2529 δηλητήρια
3121 2455 3414 2511 δεδώκασιν
3435 2456 3557 2510 ἀντὶ
3589 2473 3729 2525 φαρ-

2149 2540 2339 2607 μάκων
2361 2555 2376 2600 ;
2419 2538 2556 2593 Ἀλλ’
2580 2540 2640 2593 ού
2665 2539 2764 2611 τὴν
2788 2540 2981 2612 τέχνην
3011 2539 3299 2602 διαϐάλλω,
3333 2538 3469 2593 ἀλλά
3509 2540 3601 2594 τὸν
3622 2556 3724 2594 κα-

2146 2622 2259 2685 κῶς
2297 2623 2363 2694 τῇ
2403 2622 2567 2696 τέχνῃ
2610 2624 2974 2693 χρησάμενον.
3020 2624 3183 2677 Πόσοι
3218 2621 3414 2677 ναῦται
3459 2624 3727 2678 κατεπόν-

2146 2722 2302 2761 τισαν
2354 2706 2547 2771 πλοῖα;
2594 2706 2732 2759 Ἀλλ’
2782 2708 2881 2776 οὐχ
2928 2708 2962 2778 ἡ
3014 2707 3281 2772 ναυτιλὶα,
3336 2707 3451 2761 ἀλλ’
3502 2710 3535 2778 ὴ
3580 2708 3727 2777 κακὴ

2143 2788 2335 2861 γνώμη
2371 2791 2612 2843 ἐκείνων.
2658 2788 2772 2843 Κᾶν
2877 2790 3199 2861 Χριστιανὸς
3247 2790 3472 2861 φαῦλος,
3521 2790 3597 2860 μὴ
3627 2788 3723 2843 τοῦ

2144 2874 2413 2944 δόγματος
2456 2874 2750 2944 κατηγόρει
2791 2874 2887 2927 καὶ
2939 2873 3040 2944 τῆς
3090 2873 3408 2945 ἱερωσύνης,
3458 2874 3594 2928 ἀλλά
3633 2872 3729 2926 16v

2146 2956 2328 3021 κακῶς
2364 2957 2442 3027 τῷ
2483 2958 2632 3029 καλῷ
2672 2957 3029 3031 κεχρημένον.
3100 2959 3157 3012 ’0
3208 2957 3458 3028 βασιλεὺς
3500 2957 3730 3028 σώματα

2148 3040 2553 3110 έμπιστεύεται,
2580 3044 2609 3095 6
2629 3042 2685 3094 δὲ
2720 3043 2897 3113 ἱερεὺς
2923 3041 3100 3112 ψυχάς
3122 3057 3138 3074 ⁸
3191 3044 3220 3095 6
3252 3032 3503 3112 βασιλεὺς
3531 3040 3729 3093 λοιπά-

2144 3125 2240 3186 δας
2261 3124 2555 3198 χρημάτων
2584 3124 2824 3194 ἀφίησιν,
2852 3125 2880 3176 6
2900 3124 2955 3178 δὲ
2989 3125 3166 3195 ίερεὺς
3191 3124 3451 3187 λοιπάδας
3474 3125 3730 3195 ἁμαρτη-

2149 3211 2330 3279 μάτων
2350 3224 2363 3237 ⁸
2393 3208 2598 3271 ὲκεῖνος
2621 3207 2939 3275 ἀναγκάζει,
2967 3199 3123 3270 οὗτος
3147 3207 3456 3278 παρακαλεῖ
3475 3222 3491 3238 ⁸
3524 3209 3730 3269 ἐκεῖνος

2146 3290 2379 3361 ἀνάγκῃ.
2427 3282 2581 3354 οὗτος
2614 3288 2841 3363 γνώμῃ·
2891 3291 3097 3354 ἐκεῖνος
3125 3290 3263 3344 ὅπλα
3312 3289 3425 3361 ἔχει
3470 3288 3728 3359 αἰσθητὰ,

2144 3369 2296 3439 οὗτος
2308 3373 2447 3428 ὅπλα
2476 3373 2819 3444 πνευματικά
2836 3390 2852 3405 ⁸
2882 3373 3086 3435 ἐκεῖνος
3114 3372 3342 3445 πολεμεῖ
3365 3372 3501 3445 πρὸς
3531 3372 3735 3443 βαρϐά-

2148 3476 2295 3533 ρους,
2332 3459 2456 3528 ἐμοὶ
2498 3457 2730 3529 πόλεμος
2757 3456 2893 3527 πρὸς
2934 3456 3211 3528 δαίμονας.
3256 3456 3473 3521 Μείζων
3509 3457 3543 3527 ή
3586 3455 3732 3527 ἀρχὴ

2146 3542 2283 3612 αὕτη
2308 3559 2323 3573 ⁸
2366 3540 2453 3595 διὰ
2475 3539 2635 3595 τοῦτο
2661 3542 2689 3595 6
2715 3538 2966 3610 βασιλεὺς
2992 3540 3093 3610 τὴν
3129 3539 3368 3609 κεφαλὴν
3400 3537 3505 3592 ὑπὸ
3543 3541 3734 3610 χεῖρας

2144 3624 2240 3679 τοῦ
2273 3623 2461 3695 ἱερέως
2485 3624 2627 3692 άγει,
2675 3624 2771 3678 καὶ
2795 3621 3071 3694 πανταχοῦ
3109 3625 3167 3678 ὲν
3198 3626 3266 3694 τῇ
3313 3622 3528 3693 Παλαιᾷ
3564 3623 3733 3693 ἱερεῖς

2150 3708 2401 3781 βασιλέας
2440 3706 2642 3779 ἔχριον.
2702 3706 2843 3760 Ἀλλ’
2885 3708 2916 3761 6
2962 3705 3215 3776 βασιλεὺς
3260 3709 3467 3770 ἐκεῖνος
3499 3704 3566 3759 τὰ
3622 3704 3733 3759 ἴδια

2150 3792 2449 3864 σκάμματα
2485 3789 2749 3862 ὑπερϐὰς,
2798 3790 2892 3844 καὶ
2937 3790 3000 3843 16
3053 3790 3252 3862 μέτρον
3301 3790 3400 3862 τῆς
3453 3788 3732 3859 βασιλείας

2148 3876 2505 3948 διαπηδήσας,
2525 3872 2675 3949 [128]
2690 3874 3002 3946 προσθεῖναι
3018 3872 3360 3945 ἐπεχείρησε,
3378 3872 3471 3926 καὶ
3487 3871 3735 3942 εἰσῆλθεν

2150 3961 2230 4024 εἱς
2253 3959 2314 4014 16
2338 3959 2483 4032 ἱερὸν
2514 3959 2654 4031 μετὰ
2683 3958 2987 4024 αὑθεντίας,
3018 3957 3281 4027 θυμιᾶσαι
3305 3954 3494 4011 θέλων.
3534 3955 3601 4008 Τί
3639 3951 3734 4009 οὖν

2149 4044 2180 4098 6
2227 4041 2442 4112 ἱερεύς;
2500 4042 2613 4096 υὺκ
2665 4040 2841 4107 ἒξεστί
2887 4057 2991 4107 σοι,
3035 4040 3207 4106 Ὀζία,
3258 4039 3540 4110 θυμιᾶσαι.
3592 4040 3734 4109 Ὅρα

2152 4126 2481 4197 παρρησίαν,
2525 4125 2778 4196 φρόνημα
2826 4124 3147 4186 ἀδούλωτον,
3204 4122 3455 4193 γλῶσσαν
3500 4122 3733 4195 ούρανοῦ

2152 4208 2485 4281 ἁπτομένην,
2547 4207 2858 4279 ἐλευθερίαν
2924 4207 3221 4278 ἀχείρωτον
3245 4245 3261 4267 .
3324 4204 3613 4272 ἀνθρώπου
3672 4204 3736 4257 16

2154 4292 2333 4363 σῶμα,
2366 4292 2459 4344 καὶ
2491 4290 2722 4359 ἀγγέλου
2767 4290 2829 4344 16
2878 4289 3153 4361 φρόνημα.
3200 4289 3372 4360 χαμαὶ
3430 4287 3732 4357 βαδίζοντα,

2152 4377 2245 4430 καὶ
2273 4376 2331 4428 έν
2364 4373 2577 4445 οὐρανῷ
2607 4372 3040 4444 πολιτευόμενον.
3075 4369 3196 4426 Εἷδε
3228 4372 3322 4425 τὸν
3352 4370 3596 4441 βασιλέα,
3640 4371 3737 4425 καὶ

2152 4461 2254 4514 οὐκ
2284 4456 2390 4513 εἶδε
2414 4458 2512 4528 τὴν
2549 4455 2861 4529 πορφύραν⁸
2922 4451 3031 4510 εἶδε
3075 4454 3169 4510 τὸν
3205 4454 3447 4526 βασιλέα,
3496 4453 3593 4508 καὶ
3633 4454 3736 4507 οὐκ

2154 4537 2260 4596 εἶδε
2291 4540 2354 4595 16
2378 4540 2636 4611 διάδημα.
2680 4539 2773 4610 Μή
2827 4555 2916 4609 μοι
2942 4538 3070 4607 λέγε
3109 4537 3209 4609 τὴν
3257 4535 3553 4608 βασιλείαν,
3597 4536 3733 4589 ὅπου

2152 4624 2487 4696 παρανομία.
2545 4624 2668 4678 Οὐκ
2713 4622 2919 4687 ἔξεστί
2965 4637 3085 4685 σοι.
3124 4620 3412 4687 βασιλεῦ,
3450 4619 3735 4690 θυμιᾶσαι

2154 4711 2242 4776 εἱς
2270 4708 2342 4763 τὰ
2370 4708 2506 4779 ἅγια
2531 4707 2649 4762 τῶν
2675 4708 2859 4776 ἁγίων
2876 4725 2891 4740 ⁸
2914 4706 3264 4778 ύπερϐαίνεις
3302 4707 3371 4760 τά
3411 4705 3732 4776 σκάμματα,

2155 4794 2223 4848 τά
2249 4794 2321 4864 μὴ
2348 4791 2604 4863 δεδομένα
2630 4790 2812 4860 ζητεῖς
2836 4806 2852 4822 ⁸
2891 4789 2979 4844 διὰ
3001 4789 3159 4844 τοῦτο
3186 4789 3281 4842 καὶ
3308 4788 3344 4843 ἃ
3376 4788 3565 4852 ἔλαϐες
3596 4788 3733 4841 ἀπο·

2155 4878 2286 4942 λεῖς.
2336 4877 2451 4930 Ούκ
2492 4872 2668 4942 ἒξεστί
2719 4890 2801 4927 σοι
2830 4873 3113 4945 θυμιᾶσαι,
3150 4870 3284 4927 ἀλλὰ
3322 4875 3435 4935 τοῖς
3476 4870 3732 4943 ἱερεῦσιν.

2157 4975 2271 5029 Οὐκ
2297 4972 2412 5026 ἔστι
2445 4971 2536 5026 σὺν
2567 4971 2748 5030 τοῦτο,
2779 4968 2893 5022 ἀλλ’
2928 4966 3079 5039 ἐμόν.
3117 4966 3208 5038 Μὴ
3232 4963 3459 5038 ἥρπασά
3492 4981 3587 5018 σου
3632 4961 3734 5034 τὴν

2160 5054 2492 5127 πορφυρίδα;
2548 5051 2641 5123 Μὴ
2676 5051 2928 5123 άρπάσῃς
2970 5066 3073 5120 μου
3100 5050 3199 5120 τὴν
3233 5048 3551 5119 ἱερωσύνην.
3608 5048 3734 5100 Οὐκ

2157 5138 2362 5205 ἒξεστί
2404 5153 2503 5191 σοι
2552 5134 2855 5204 θυμιᾶσαι,
2895 5134 3030 5188 ἀλλ’
3058 5132 3096 5200 ἢ
3140 5131 3265 5200 τοῖς
3298 5130 3521 5200 ἱερεῦσι
3556 5130 3578 5168 ί
3610 5129 3737 5196 τοῖς

2156 5222 2311 5289 υἱοῖς
2347 5217 2580 5290 Ἀαρών.
2620 5216 2775 5273 Μετὰ
2811 5216 2978 5270 πολὺν
3005 5215 3216 5286 χρόνον,
3254 5213 3390 5286 μετά
3422 5214 3522 5282 τὴν
3546 5211 3735 5266 τελευ-

2156 5308 2255 5378 τὴν
2298 5303 2509 5376 ’Δαρών
2529 5300 2684 5357 τοῦτο
2724 5300 2958 5368 ἐγένετο.
2987 5299 3097 5353 Kal
3120 5298 3208 5353 διὰ
3237 5298 3291 5351 τί
3315 5299 3415 5352 οὐκ
3441 5293 3583 5360 εἷπε,
3609 5297 3737 5358 Τοῖς

2161 5387 2385 5460 ἱερεῦσι,
2419 5384 2598 5456 μόνον,
2665 5383 2779 5437 ἀλλ’
2811 5381 3181 5453 ἐμνημόνευσε
3233 5380 3327 5435 καὶ
3364 5380 3459 5435 τοῦ
3496 5378 3734 5450 πατρός;

2158 5473 2362 5545 Συνέϐη
2413 5472 2471 5523 ὲν
2515 5468 2709 5540 ἐκείνῳ
2741 5466 2819 5539 τῷ
2859 5468 3034 5539 χρόνῳ
3071 5466 3310 5521 τοιοῦτόν
3356 5484 3409 5520 τι
3460 5463 3734 5535 γενέσθαι.

2158 5555 2336 5610 Δαθάν
2367 5553 2476 5623 γὰρ
2502 5553 2595 5607 καὶ
2632 5550 2893 5622 Ἀϐειρὼν
2922 5550 3018 5604 καὶ
3039 5551 3183 5621 Κορὲ
3211 5548 3692 5615 κατεπανέστησαν
3710 5548 3739 5588 8

2154 5638 2248 5694 τοῦ
2301 5636 2508 5708 Ἀαρών
2532 5654 2545 5667 ⁸
2596 5633 2819 5706 ἠνοίχθη
2853 5635 2887 5704 ἡ
2917 5633 3010 5704 γῆ,
3067 5634 3162 5687 καὶ
3189 5632 3446 5687 κατέπιεν
3485 5627 3683 5693 αὐτούς
3718 5646 3735 5662 ⁸

2219 5741 2240 5780 ί
2255 5741 2388 5794 Haec.
2410 5740 2508 5795 τοῖς
2528 5736 2722 5798 ἱερεῦσι,
2762 5737 2970 5786 deerant
2987 5737 3051 5798 fin
3067 5797 3070 5798 ν
3086 5736 3282 5794 Mor-9].,
3304 5735 3391 5784 sed
3421 5735 3665 5785 habentur
3684 5731 3736 5798 ig)

2152 5802 2301 5876 ﬁavil.
2345 5805 2396 5852 in
2437 5795 2762 5862 omnibusque
2803 5797 3200 5861 exemplaribus,
3250 5801 3475 5861 lectaque
3510 5802 3626 5845 sunt
3670 5795 3735 5845 ab

2172 5883 2181 5897 .
2248 5880 2270 5909 ς
2358 5902 2367 5912 Ι

2151 5865 2243 5968 Lrg
2268 5876 2375 5977 ῧιιῗυ
2397 5937 2510 5975 mss.
2536 5921 2935 5986 ὒπερανὲστησαν.
