4048 6208
393 217 492 271 1⁸ὶὸ
1401 219 1460 272 ΙΝ
1506 220 1725 287 lLLUD,
1773 221 1906 278 VIDI

2053 223 2279 294 lll'.\'U.\l,
2322 228 2548 284 llO.\llL.
2593 231 2679 288 IV.
3570 240 3662 291 lie;

387 335 530 387 enim
561 334 862 402 arrogantia
893 330 1040 401 pejus
1065 350 1076 384 :
1105 331 1222 385 ideo
1255 341 1422 386 totum
1451 349 1756 390 sermonem
1784 335 1835 390 in
1875 336 1977 393 hoc

387 423 503 478 heri
532 423 982 492 censumpsimus,
1002 423 1303 493 superbiam
1333 424 1690 492 climinantes,
1721 435 1775 481 et
1797 424 1977 482 humi-

2087 353 2228 396 esset
2256 358 2348 398 rex
2374 344 2672 402 diademate
2698 347 2975 406 redimitus
3004 393 3017 418 ,
3047 353 3296 423 quoniam
3321 367 3434 412 erat
3469 360 3659 426 justus,

386 512 594 567 litatem
633 512 910 568 docentes.

454 605 511 660 4.
559 604 837 659 Humilitas
861 616 1104 676 quantum
1130 607 1335 662 bonum.
1361 607 1425 663 In
1447 619 1596 680 portu
1624 612 1971 684 naufragium.

387 693 476 749 Vis
495 695 588 748 tibi
612 694 784 749 dicam
810 707 1064 766 quantum
1089 699 1282 752 bonum
1312 700 1382 752 sit
1411 702 1700 768 humilitas,
1725 713 1778 758 et
1799 721 1972 774 quan-

379 795 493 841 tum
525 788 726 842 malum
756 790 1102 859 arrogantia?
1150 790 1406 845 Peccator
1449 778 1648 860 justum
1678 797 1969 864 superavit,

377 880 700 949 publicanus
713 880 1060 944 Pharis-xum,
1080 892 1133 935 et
1155 883 1314 936 verba
1333 882 1483 938 iactis
1507 883 1654 940 fuere
1674 887 1968 954 superiora.

377 971 663 1040 Quomodo
683 971 843 1026 verba
863 973 887 1026 ?
914 971 1237 1028 Publicanus
1253 973 1384 1032 dicit
1405 995 1418 1032 :
1439 977 1597 1040 Deus,
1610 977 1857 1047 prapitius
1868 988 1972 1033 esto

376 1066 506 1117 milii
535 1066 808 1135 peccaturi.
843 1065 1142 1120 Pharisams
1169 1066 1297 1120 dicit
1323 1085 1336 1120 :
1362 1066 1483 1120 Non
1511 1085 1623 1122 sum
1643 1071 1771 1124 sicut
1798 1072 1970 1125 elateri

375 1159 630 1222 homines,
665 1167 868 1225 raptor,
901 1166 993 1210 aut
1033 1173 1244 1212 avarus.
1275 1156 1380 1213 Sed
1409 1159 1534 1229 quid
1558 1159 1580 1213 ?
1607 1159 1796 1229 Jejuno
1821 1161 1895 1216 bis
1916 1163 1969 1216 in

371 1255 608 1318 sabbato,
636 1251 857 1306 decimas
886 1252 952 1305 do
973 1251 1034 1304 de
1060 1252 1385 1321 facultatibus
1415 1257 1538 1308 meis
1569 1253 1723 1323 (Luc.
1758 1255 1848 1310 l8.
1878 1257 1964 1310 15.

378 1348 466 1399 ll.
491 1346 620 1413 1'3).
654 1345 954 1399 Pharisacus
982 1361 1143 1414 Opera
1174 1345 1387 1412 iustitia:
1411 1346 1698 1414 priestabat
1728 1365 1742 1401 :
1779 1347 1956 1417 publi-

370 1453 543 1491 canus
574 1437 733 1491 verba
763 1435 972 1492 diccbat
993 1435 1336 1502 humilitatis,
1361 1446 1414 1491 et
1442 1437 1604 1491 verba
1631 1437 1745 1506 plus
1779 1447 1965 1507 potue-

372 1540 500 1583 runt
520 1545 682 1599 qnam
711 1529 870 1594 facta,
907 1539 1186 1598 tantusque
1219 1527 1498 1583 thesaurus
1519 1527 1832 1582 cxsuillatns
1853 1538 1957 1594 est,

368 1632 425 1676 et
455 1632 600 1675 tanta
634 1622 809 1691 inepia
833 1622 886 1675 in
916 1621 1126 1676 divitias
1149 1629 1498 1675 commutata.
1533 1621 1806 1676 Venerunt
1845 1621 1965 1676 dua:

369 1731 544 1768 naves
573 1713 827 1768 habente,
852 1727 1020 1775 oniis;
1051 1712 1223 1766 amba:
1275 1723 1484 1781 portum
1523 1713 1773 1782 ingresszr
1799 1723 1920 1766 sunt
1946 1729 1961 1779 ;

367 1806 466 1861 sed
517 1806 831 1875 publicanus
871 1804 1091 1874 pulchre
1137 1805 1188 1858 in
1239 1814 1445 1873 portum
1493 1805 1734 1873 appulit,
1771 1806 1957 1860 Phari-

367 1912 515 1949 sa-us
554 1907 736 1950 autem
766 1894 1098 1964 naufragium
1129 1909 1413 1964 perpessus
1455 1903 1574 1960 est,
1623 1905 1678 1950 ut
1702 1894 1957 1960 discercs,

365 1999 633 2058 quantum
682 1987 803 2042 ntali
835 1987 904 2041 sit
923 1987 1084 2040 animi
1118 1997 1312 2040 tumor.
1341 1985 1524 2041 Justus
1551 2001 1610 2041 es
1632 1986 1655 2039 ?
1676 1985 1753 2041 Ne
1778 1986 1959 2056 depri-

368 2096 487 2134 mas
518 2080 737 2134 fratrem
791 2088 961 2132 tuum.
1007 2078 1196 2133 Flores
1225 2091 1369 2133 recte
1403 2078 1597 2132 factis?
1645 2079 1721 2134 Ne
1765 2080 1958 2149 probra

363 2172 534 2238 jaeias
594 2172 648 2225 in
711 2170 1052 2240 proximum,
1111 2180 1332 2240 tuasque
1397 2169 1581 2224 laudes
1641 2171 1954 2240 comprime.

363 2266 585 2332 Quanto
613 2263 787 2332 major
811 2278 890 2328 es,
921 2271 1067 2318 tanto
1109 2263 1276 2332 magis
1301 2262 1543 2332 deprime
1585 2263 1833 2333 teipsum.
1862 2264 1957 2318 At-

361 2356 526 2410 tende
550 2356 693 2424 quod
723 2354 918 2410 dicitur
940 2396 957 2423 ,
987 2355 1285 2410 carissime.
1330 2354 1494 2424 Magis
1512 2354 1688 2424 justus
1716 2363 1956 2412 metuere

357 2450 528 2504 debet
571 2448 929 2518 arrogantiam
982 2462 1140 2518 quam
1184 2457 1432 2516 peccator
1477 2447 1621 2502 :hoe
1665 2447 1775 2501 heri
1806 2447 1946 2502 dice-

358 2543 506 2603 bant,
552 2549 605 2594 et
643 2539 801 2594 hodie
825 2539 945 2593 dico
975 2548 1190 2609 propter
1214 2555 1308 2593 eos
1337 2540 1424 2608 qui
1457 2539 1569 2594 heri
1601 2540 1845 2601 aberant.
1881 2555 1947 2594 eo

356 2631 506 2700 quod
560 2641 809 2700 peccator
850 2630 1041 2684 habeat
1087 2630 1468 2684 conscientiam
1520 2645 1584 2684 ex
1634 2633 1951 2686 necessitate

359 2723 626 2778 humilem
670 2741 683 2776 :
730 2721 905 2792 justus
952 2736 1127 2776 autem
1186 2722 1255 2776 ob
1313 2721 1587 2776 benefacta
1640 2723 1946 2777 extollatur.

353 2812 825 2881 Quemadmodum
861 2812 1018 2882 igitur
1047 2811 1105 2866 iit
1131 2811 1442 2882 innavigiis,
1467 2811 1558 2880 qui
1584 2827 1803 2867 vacuam
1834 2813 1931 2865 ha-

355 2908 487 2961 bent
506 2921 701 2961 navem
726 2945 742 2971 ,
781 2919 886 2958 non
918 2911 1160 2958 metuunt
1189 2901 1479 2971 piratarum
1507 2903 1758 2955 insultmn
1790 2920 1803 2956 :
1837 2918 1944 2957 non

353 2999 502 3053 enim
541 2996 765 3051 veniunt
812 3004 868 3048 ut
910 3001 1190 3048 conterant
1217 3008 1404 3047 navem
1458 2991 1586 3046 nihil
1618 2991 1897 3048 vehentem
1929 3011 1942 3045 :

350 3100 406 3144 at
437 3089 474 3143 ii
521 3088 612 3157 qui
646 3101 833 3141 navem
861 3085 1054 3139 habent
1086 3093 1334 3138 onustam
1365 3125 1380 3149 ,
1412 3093 1654 3138 metuunt
1684 3085 1882 3153 piratas
1920 3102 1935 3140 :

352 3198 479 3235 nam
514 3181 682 3250 pirata
713 3179 837 3233 illuc
863 3184 1134 3248 prepcrat,
1166 3177 1252 3230 uhi
1283 3192 1492 3240 aurum,
1518 3177 1602 3230 ubi
1626 3185 1932 3246 argentum,

357 3274 448 3327 uhi
487 3272 695 3342 lapides
725 3269 942 3340 pretiosi
970 3286 983 3322 :
1013 3269 1091 3324 sic
1133 3279 1186 3322 et
1214 3267 1458 3322 diabolus
1488 3283 1594 3322 non
1641 3269 1794 3322 facile
1819 3284 1942 3337 pec-

351 3376 596 3419 eatorem
636 3363 958 3432 aggreditur,
1007 3361 1103 3416 sed
1142 3361 1345 3431 justmn
1389 3361 1582 3430 potius,
1630 3360 1718 3414 ubi
1761 3361 1943 3415 multa:

352 3467 479 3510 sunt
511 3470 664 3524 opes.
707 3453 966 3521 Quoniam
995 3467 1141 3522 εωμο
1165 3451 1466 3521 arrogantia
1489 3466 1550 3506 ex
1583 3451 1794 3506 insidiis
1821 3452 1939 3506 dia-

353 3548 461 3600 boli
487 3547 683 3609 oritur,
707 3542 1025 3612 vigilandum
1055 3551 1136 3597 est
1168 3542 1205 3596 ¹.
1237 3541 1446 3609 Quanto
1476 3542 1645 3609 major
1676 3557 1755 3608 es,
1793 3552 1938 3595 tanto

353 3639 526 3707 magis
567 3635 810 3705 deprime
853 3633 1098 3703 teipsum.
1129 3631 1262 3686 Cum
1297 3631 1602 3686 ascenderis
1644 3631 1696 3685 in
1737 3632 1938 3699 altum,

350 3743 489 3796 opus
515 3737 600 3782 est
629 3735 686 3780 ut
728 3725 816 3779 tibi
847 3724 1138 3794 proSpicias
1178 3738 1245 3777 ne
1286 3722 1466 3778 cadas.
1495 3723 1851 3790 Quamobrem
1880 3734 1936 3779 et

355 3820 616 3874 Dominus
649 3827 833 3872 noster
883 3815 1012 3871 dicit
1061 3833 1074 3869 :
1113 3814 1240 3870 Cant
1281 3815 1450 3868 omnia
1477 3816 1713 3886 feceritis,
1738 3816 1886 3870 dicite
1917 3832 1937 3869 :

354 3911 574 3965 Inutiles
627 3910 756 3963 servi
803 3925 973 3962 smnus
1031 3906 1182 3978 (Luc.
1235 3909 1322 3962 17.
1369 3908 1493 3978 10).
1543 3908 1677 3974 Quid
1730 3910 1937 3964 ell'erris

351 4004 532 4058 animo
559 4019 684 4057 cum
726 4002 800 4054 sis
829 4002 1007 4066 homo,
1035 4010 1292 4072 cognatus
1320 4010 1476 4056 terrm
1498 4041 1513 4068 ,
1545 4001 1781 4070 ejusdem
1810 4002 1937 4057 sub-

350 4094 564 4150 stantia:
606 4108 728 4146 cum
757 4093 958 4156 cinere,
1009 4101 1116 4145 tum
1170 4101 1377 4154 natura,
1417 4099 1527 4145 tum
1572 4091 1772 4157 animo,
1823 4103 1933 4147 tum

352 4185 626 4240 actionum
671 4183 924 4238 delectu?
967 4182 1136 4238 llodie
1163 4181 1333 4246 dives,
1363 4197 1480 4236 eras
1513 4197 1740 4252 pauper;
1776 4183 1934 4239 hodie

350 4293 537 4344 sanus,
569 4291 693 4332 cras
719 4283 985 4347 aegrotus;
1017 4273 1177 4330 hodie
1204 4275 1426 4345 gaudes,
1460 4290 1581 4328 eras
1607 4273 1758 4328 doles
1785 4291 1800 4339 ;
1835 4275 1932 4330 ho-

349 4371 436 4425 die
466 4371 520 4423 in
550 4366 742 4438 gloria,
773 4380 896 4420 cras
923 4365 976 4419 in
999 4364 1288 4435 ignominia
1315 4381 1329 4427 ;
1366 4363 1522 4418 hodie
1539 4362 1776 4433 juvenis,
1806 4380 1926 4419 cras

349 4475 536 4516 senex.
565 4457 701 4513 Num
746 4455 945 4526 aliquid
991 4455 1044 4509 in
1089 4455 1251 4510 rebus
1275 4454 1523 4509 humanis
1570 4455 1934 4515 consistit.ac

350 4568 453 4608 non
482 4552 660 4622 potius
697 4549 935 4604 amnium
968 4545 1444 4618 pratterlluentium
1471 4561 1686 4601 cursum
1721 4547 1933 4600 imitan-

350 4657 435 4698 tur
462 4643 644 4698 omnia
668 4643 691 4696 ?
717 4640 850 4695 Nam
876 4639 1033 4694 simul
1056 4649 1216 4710 atque
1235 4647 1616 4707 apparuerunt,
1645 4638 1803 4692 citius
1829 4651 1930 4690 nos

350 4755 508 4808 quam
559 4736 748 4790 umbra
794 4733 1125 4801 relinquunt.
1182 4730 1319 4798 Quid
1363 4731 1520 4801 igitur
1559 4731 1725 4786 altum
1765 4729 1928 4799 sapis,

350 4830 528 4893 homo,
581 4827 757 4882 fumus
787 4834 842 4880 et
865 4824 1118 4878 vanitas?
1147 4822 1313 4876 Homo
1336 4824 1476 4878 enim
1503 4824 1712 4877 vanitati
1754 4824 1932 4877 similis

353 4927 515 4991 {uetus
564 4931 639 4974 est
685 4918 856 4989 (Psal.
901 4917 1026 4972 M5.
1082 4917 1174 4984 4).
1235 4914 1401 4970 Veluti
1428 4921 1613 4987 fanum
1667 4917 1773 4970 dies
1821 4917 1931 4980 eius

351 5011 513 5074 (Ριαι.
551 5010 674 5066 102.
706 5009 815 5078 15).
848 5007 1060 5062 Exarsit
1088 5023 1316 5078 gramen,
1360 5018 1406 5060 et
1446 5008 1543 5078 ﬂos
1593 5009 1702 5076 ejus
1747 5007 1932 5062 decidit

350 5115 365 5172 ί
401 5105 523 5161 Is'ti.
558 5105 648 5161 40.
681 5103 778 5174 8).

419 5198 525 5251 Rea:
573 5195 847 5250 sacerdotis
892 5210 993 5248 non
1038 5207 1286 5262 usurpare
1329 5191 1469 5245 debet
1504 5191 1817 5262 dignitatem.
1859 5221 1932 5234 —-

356 5289 470 5342 lla-e
499 5289 619 5341 dieo
648 5302 753 5341 non
779 5298 837 5340 ut
865 5284 1216 5340 substantiam
1233 5281 1550 5353 deprimam,
1575 5282 1666 5337 sed
1695 5291 1751 5336 ut
1780 5297 1929 5336 arro-

351 5381 577 5446 gantiam
607 5378 896 5433 refrenem.
923 5375 1132 5446 Alioqui
1164 5385 1219 5430 et
1237 5390 1425 5445 magna
1453 5391 1538 5429 res
1557 5386 1635 5430 est
1668 5376 1850 5440 homo,
1875 5384 1932 5431 et

355 5473 575 5538 pretiosa
622 5485 710 5525 res
751 5471 830 5524 vir
873 5470 1198 5525 misericors.
1242 5469 1441 5526 Verum
1485 5467 1572 5524 hic
1600 5469 1756 5524 Ozias
1804 5485 1928 5525 cum

409 5605 426 5634 ‘
461 5610 590 5652 Unus
612 5604 684 5652 sic
705 5602 891 5651 habet:
1190 5615 1256 5653 ea:
1292 5602 1574 5670 arrogantia
1603 5609 1808 5667 peccata
1844 5615 1929 5654 na-

352 5674 562 5720 ειωιιιιτ.
590 5676 843 5726 propterea
865 5663 1160 5730 vigilandum
1182 5675 1272 5720 est.

2083 431 2252 487 elatus
2288 444 2369 488 est
2407 438 2607 503 animo,
2639 449 2693 494 et
2731 441 2935 510 majore
2985 445 3176 514 Spiritu
3200 457 3461 518 concepto
3503 467 3662 520 quam

2083 536 2179 592 pro
2208 524 2461 595 dignitate
2485 571 2498 592 ,
2533 529 2801 598 ingressus
2842 544 2924 588 est
2951 537 3226 605 templum.
3274 539 3339 596 Et
3383 542 3508 612 quid
3536 543 3666 598 dicit

2080 613 2389 683 Scriptura?
2439 617 2702 690 Ingressus
2743 633 2817 676 est
2865 635 3038 678 saneta
3079 641 3401 696 sanctorum,
3457 633 3656 700 aitque,

2093 702 2215 759 Volo
2242 707 2444 763 adolere
2470 711 2726 767 incensum
2763 714 2854 784 (‘2.
2893 716 3074 772 Paral.
3107 719 3197 774 26.
3231 722 3363 792 16).
3397 723 3508 778 Rex
3537 741 3658 780 cum

2077 795 2167 862 sit,
2197 798 2478 855 sacerdmii
2512 803 2861 873 principatum
2902 818 3136 880 usurpat.
3173 809 3316 877 Volo,
3345 813 3520 885 inquit
3562 819 3660 870 ad-

2078 888 2213 942 olere
2240 891 2518 959 incensum,
2547 897 2856 966 quiajustus
2882 914 3022 954 sum.
3049 902 3157 958 Sed
3186 919 3342 961 mane
3372 906 3508 962 intra
3540 916 3661 963 tuos

2079 981 2370 1036 terminos:
2403 985 2489 1038 alii
2531 997 2655 1040 sunt
2685 990 2893 1044 termini
2919 992 3087 1062 regni,
3116 993 3202 1048 alii
3239 998 3447 1052 termini
3476 1015 3656 1054 sacer-

2075 1071 2206 1126 dotii
2252 1091 2266 1128 :
2303 1091 2482 1130 verum
2514 1077 2615 1132 hoc
2655 1079 2743 1134 illo
2769 1083 2942 1150 majus
2969 1093 3069 1138 est.
3100 1085 3280 1156 Neque
3305 1089 3447 1145 enim
3479 1107 3544 1145 ex
3573 1091 3658 1146 his

2074 1179 2192 1232 quae
2236 1165 2480 1220 videntur
2525 1169 2609 1224 hic
2653 1170 2954 1228 declaratur
2996 1191 3087 1230 rex
3116 1217 3130 1241 ,
3158 1193 3332 1249 neque
3373 1197 3402 1235 e
3427 1186 3652 1251 gemmis

2076 1253 2148 1306 illi
2176 1255 2372 1322 afﬁxis,
2395 1275 2564 1328 neque
2587 1277 2650 1314 ex
2675 1277 2804 1316 auro
2827 1281 2932 1333 quo
2959 1269 3186 1323 amictus
3205 1280 3309 1336 est,
3337 1271 3495 1328 debet
3521 1277 3654 1330 aesti-

2075 1345 2204 1398 mari
2240 1363 2353 1401 rex.
2391 1347 2481 1404 lllc
2525 1352 2740 1420 quidem
2782 1369 2843 1408 ea
2872 1372 2990 1425 qua:
3019 1367 3142 1412 sunt
3169 1360 3222 1413 in
3254 1363 3410 1417 terris
3435 1367 3654 1420 sortitus

2073 1447 2155 1490 est
2198 1437 2618 1496 administranda
2651 1461 2665 1498 :
2693 1456 2946 1501 etetcrum
2970 1450 3252 1505 sacerdotii
3279 1452 3364 1518 jus
3405 1469 3436 1508 e
3466 1469 3652 1523 supcr-

2074 1529 2155 1583 nis
2205 1529 2481 1588 descendit
2511 1553 2524 1588 :
2562 1535 2903 1604 Quacumque
2922 1541 3054 1594 enim
3076 1543 3346 1613 ligaveritis
3364 1561 3514 1615 super
3541 1559 3644 1602 ter-

2070 1635 2208 1685 rain,
2238 1632 2381 1676 erunt
2409 1625 2565 1695 ligata
2595 1637 2639 1681 et
2664 1629 2715 1681 in
2739 1629 2860 1684 ewlo
2889 1631 2908 1700 (
2937 1630 3124 1688 Matth.
3156 1635 3240 1690 l6.
3273 1636 3382 1707 19).
3417 1638 3547 1710 Regi
3575 1657 3636 1695 ca

2068 1724 2186 1778 qua:
2228 1710 2314 1768 hic
2351 1724 2494 1782 sunt,
2537 1719 2821 1774 commissa
2850 1731 2995 1788 sunt,
3025 1723 3156 1779 mihi
3207 1727 3440 1784 ca‘lestia
3473 1748 3485 1783 :
3517 1732 3645 1786 mihi

2067 1816 2185 1853 cum
2216 1802 2368 1868 dico,
2399 1807 2731 1865 sacerdotem
2775 1812 3033 1884 intelligo.
3070 1815 3252 1888 Itaque
3279 1835 3402 1875 cum
3447 1822 3645 1878 videris

2066 1892 2396 1949 sacerdotem
2449 1897 2756 1968 indignum,
2802 1920 2867 1958 ne
2919 1905 3165 1962 traducas
3221 1912 3579 1968 sacerdotiqu
3629 1935 3642 1968 :

2065 1999 2168 2037 non
2213 1987 2356 2040 enim
2408 2000 2614 2057 oportet
2670 1993 2926 2050 damnare
2982 2013 3105 2062 res,
3156 2000 3249 2054 scd
3286 2018 3407 2056 eum
3449 2007 3536 2074 qui
3589 2023 3646 2061 re

2063 2072 2200 2128 bona
2256 2077 2393 2132 male
2450 2080 2648 2148 utitur;
2691 2085 3122 2154 quandoquidem
3167 2099 3220 2145 et
3257 2091 3420 2148 Judas
3463 2072 3644 2166 prodi-

2065 2174 2146 2217 tor
2176 2163 2293 2231 fuit,
2317 2182 2502 2223 verum
2530 2185 2636 2226 non
2662 2172 2732 2227 ob
2763 2173 2813 2228 id
2839 2188 3123 2232 accusatur
3137 2180 3270 2235 ordo
3289 2163 3638 2254 apostolicus,

2059 2258 2152 2310 sed
2184 2259 2322 2314 illius
2345 2263 2556 2319 animus
2586 2269 2717 2322 :‘nec
2737 2267 2942 2324 crimen
2961 2281 3042 2325 est
3070 2273 3377 2344 sacerdotii,
3407 2277 3500 2334 sed
3529 2296 3642 2336 ma-

2061 2348 2166 2403 lum
2194 2353 2377 2406 animi.

2127 2441 2180 2496 5.
2211 2442 2506 2499 Sacerdotes
2531 2447 2654 2500 mali
2671 2449 3008 2519 vituperandi,
3031 2469 3130 2508 non
3155 2458 3511 2513 sacerdotium.
3539 2460 3641 2514 Sa-

2055 2531 2312 2586 cerdotum
2363 2537 2528 2607 major
2573 2538 2792 2609 dignitas
2827 2559 2980 2612 quant
3025 2546 3172 2616 regis.
3223 2547 3451 2604 Historia
3502 2555 3634 2622 regis

2059 2619 2197 2675 Ozia:
2219 2625 2496 2695 peragitur.
2518 2659 2588 2667 —
2610 2629 2675 2684 Et
2705 2639 2757 2684 tu
2779 2632 2938 2702 igitur
2963 2651 3031 2689 ne
3050 2637 3404 2694 sacerdOtium
3431 2619 3635 2710 vitupe-

2054 2727 2160 2778 res,
2203 2713 2295 2768 sed
2325 2717 2656 2774 sacerdotem
2695 2722 2835 2777 male
2880 2739 2939 2780 re
2967 2726 3103 2779 bona
3135 2737 3390 2784 utentem.
3424 2731 3631 2787 Etenim

2051 2807 2094 2859 si
2125 2808 2244 2877 quis
2275 2817 2445 2864 tecum
2473 2811 2723 2882 disputet,
2753 2815 2998 2886 dicatque
3030 2837 3041 2870 :
3082 2819 3266 2876 Vidisti
3297 2822 3444 2877 ἱΙΙιιιη
3475 2825 3631 2878 Chri-

2051 2899 2318 2954 stianum?
2344 2905 2662 2972 respondeto
2689 2923 2703 2961 :
2735 2909 2801 2960 At
2820 2923 2919 2978 ego
2942 2927 3046 2963 non
3066 2911 3134 2966 de
3155 2915 3416 2981 personis,
3441 2917 3532 2970 sed
3564 2917 3631 2972 de

2051 2989 2210 3045 rebus
2239 2992 2328 3045 tibi
2356 2993 2562 3063 loquor.
2591 2997 2799 3067 Alioqui
2827 3010 2954 3069 quot
2983 3001 3172 3056 medici
3201 3001 3326 3057 iacti
3357 3016 3478 3059 sunt
3507 3024 3628 3061 car-

2050 3081 2250 3148 nilices,
2285 3098 2348 3138 ac
2374 3100 2573 3140 venena
2603 3103 2697 3157 pro
2737 3089 3032 3158 pharmacis
3057 3091 3354 3149 dederunt?
3391 3095 3506 3150 Non
3549 3108 3630 3150 ta-

2049 3189 2168 3228 men
2201 3183 2367 3229 artem
2418 3176 2678 3248 vitupero,
2724 3180 2816 3234 sed
2856 3183 2994 3236 male
3040 3193 3275 3240 utentem
3313 3195 3448 3242 arte.
3492 3189 3630 3254 Quot

2047 3277 2221 3320 nauci:
2265 3267 2403 3323 male
2449 3269 2819 3326 demerserunt
2861 3273 3105 3344 navigia?
3135 3275 3329 3332 Verum
3380 3293 3484 3333 non
3539 3294 3629 3336 ars

2047 3358 2324 3427 navigandi
2372 3359 2512 3414 mala
2551 3368 2650 3427 est,
2695 3361 2790 3416 sed
2837 3363 3008 3418 malus
3046 3363 3256 3421 illorum
3294 3369 3524 3425 animus.
3572 3371 3626 3426 Si

2044 3446 2372 3504 Christianus
2411 3449 2568 3505 fuerit
2584 3451 2880 3523 improbus,
2897 3471 2966 3511 ne
2982 3453 3198 3510 incuses
3209 3456 3399 3527 dogma
3416 3475 3519 3514 nec
3537 3474 3593 3513 sa
3608 3489 3626 3498 -

2043 3538 2360 3604 cerdotium,
2391 3541 2485 3597 sed
2505 3555 2560 3594 re
2583 3537 2724 3594 bona
2749 3550 2991 3596 utentem
3025 3539 3180 3594 male.
3224 3539 3355 3610 Regi
3399 3556 3620 3611 corpora

2042 3630 2322 3684 commissa
2351 3638 2494 3695 sunt,
2526 3629 2785 3684 sacerdoti
2814 3634 3039 3696 anim-az;
3075 3648 3170 3687 rex
3201 3633 3410 3688 residua
3459 3651 3619 3704 pecu-

2041 3720 2247 3775 niarum
2276 3721 2513 3786 remittit,
2537 3722 2789 3776 sacerdos
2808 3731 2984 3777 autem
3010 3723 3218 3778 residua
3247 3736 3580 3794 peccatorum
3605 3746 3617 3781 :

2040 3811 2127 3865 ille
2166 3812 2326 3881 cogit,
2368 3811 2454 3866 hic
2478 3811 2831 3868 exhortatur:
2861 3814 2948 3869 ille
2976 3817 3320 3882 necessitate,
3359 3817 3444 3872 hic
3489 3834 3621 3872 con-

2039 3902 2159 3956 silio
2185 3919 2196 3955 :
2233 3903 2318 3957 ille
2343 3902 2499 3958 habet
2525 3920 2670 3958 arma
2692 3905 2985 3973 sensibilia,
3016 3907 3098 3960 hic
3119 3923 3264 3962 arma
3288 3909 3577 3979 spiritualia
3605 3930 3616 3963 :

2039 3995 2126 4049 ille
2155 3995 2351 4050 bellum
2387 3997 2523 4064 gerit
2551 4011 2672 4050 cum
2710 3997 2966 4064 barbaris,
3003 3998 3131 4052 mihi
3181 3999 3374 4054 bellum
3415 4013 3496 4056 est
3523 4003 3620 4068 ad-

2040 4103 2223 4142 versus
2263 4087 2554 4142 dazmones.
2598 4087 2763 4157 Major
2803 4087 2888 4142 hic
2930 4089 3293 4157 principatus;
3342 4101 3620 4162 propterea

2039 4195 2133 4234 rex
2163 4189 2322 4250 caput
2363 4179 2628 4234 submittit
2668 4180 2846 4234 manui
2889 4179 3203 4246 sacerdotis,
3240 4190 3292 4235 et
3334 4181 3528 4252 ubique
3568 4184 3619 4237 in

2036 4272 2208 4326 Veteri
2227 4271 2503 4341 Scriptura
2533 4269 2840 4326 sacerdotes
2869 4271 3193 4340 inungebant
3221 4287 3394 4341 reges.
3423 4273 3618 4338 Verum

2038 4377 2130 4417 rex
2159 4360 2245 4416 ille
2269 4375 2364 4414 sua
2393 4361 2694 4416 transiliens
2722 4370 2892 4433 septa,
2918 4363 3239 4433 modumque
3270 4364 3417 4434 regni
3443 4373 3618 4420 trans-

2035 4469 2276 4527 gressus,
2311 4465 2532 4510 conatus
2574 4465 2658 4511 est
2693 4456 2888 4527 aliquid
2919 4456 3134 4522 addere,
3165 4467 3323 4528 atque
3353 4458 3622 4529 ingressus

2035 4558 2118 4604 est
2139 4548 2391 4617 templum
2412 4563 2532 4603 cum
2553 4547 3159 4610 auctoritate,inceusum
3177 4550 3397 4606 adolere
3413 4550 3618 4606 volens.

2034 4639 2170 4706 Quid
2199 4638 2358 4710 igitur
2379 4638 2666 4694 sacerdos?
2692 4638 2805 4694 Non
2837 4639 2960 4694 licet
2987 4638 3100 4706 tibi,
3123 4629 3274 4706 Ozia,
3302 4639 3520 4696 adolere
3542 4641 3624 4696 in-

2035 4746 2274 4786 censum.
2311 4730 2445 4785 Vide
2476 4731 2795 4795 libertatem,
2839 4729 2959 4785 vide
2999 4739 3233 4785 mentem
3274 4731 3479 4786 servire
3524 4749 3622 4786 ne-

2036 4823 2221 4887 sciam,
2271 4822 2391 4876 vide
2438 4821 2667 4892 linguam
2697 4821 2858 4876 c:elos
2900 4821 3276 4890 attingentcm,
3324 4821 3618 4877 libertatem

2037 4915 2307 4982 invictam,
2355 4915 2475 4969 vide
2527 4915 2756 4968 hominis
2783 4929 2996 4984 corpus,
3029 4923 3083 4969 et
3124 4913 3301 4983 angeli
3346 4926 3618 4971 mentem:

2036 5010 2154 5063 vide
2181 5008 2323 5062 hinni
2354 5007 2759 5078 ingredientem,
2793 5017 2846 5060 et
2877 5007 2928 5061 in
2968 5008 3100 5063 cmlo
3127 5017 3448 5067 versantem.
3480 5008 3626 5064 Vidit

2036 5119 2240 5174 regem,
2283 5118 2386 5156 non
2437 5101 2567 5155 vidit
2606 5115 2888 5169 purpuram
2927 5118 2940 5154 :
2976 5101 3107 5156 vidit
3136 5117 3337 5172 regem,
3366 5118 3466 5158 nec
3489 5101 3628 5156 vidit

2035 5193 2296 5250 diadema.
2327 5191 2404 5248 Ne
2431 5191 2555 5246 mihi
2583 5191 2781 5246 dixeris
2805 5207 2925 5248 esse
2955 5208 3198 5264 regnum,
3226 5195 3313 5249 ubi
3339 5203 3421 5249 est
3443 5194 3615 5264 legum

2037 5283 2406 5354 transgressio.
2440 5282 2564 5338 Non
2593 5283 2707 5337 licet
2734 5283 2840 5347 tibi,
2872 5301 2983 5350 rex,
3012 5286 3213 5340 adolere
3246 5285 3511 5340 incensum
3536 5280 3615 5331 in-

2032 5384 2114 5432 tra
2138 5385 2312 5431 sancta
2349 5385 2638 5431 sanctorum
2671 5373 2746 5446 (2.
2781 5374 2960 5430 Paral.
3002 5376 3094 5431 26.
3129 5376 3216 5444 18)
3242 5392 3256 5438 ;
3287 5373 3623 5429 transcendis

2033 5476 2204 5538 septa,
2233 5467 2429 5538 quieris
2460 5467 2552 5522 tibi
2595 5482 2700 5522 non
2732 5482 2984 5522 concessa
3015 5486 3028 5520 :
3061 5467 3180 5521 ideo
3208 5481 3327 5536 quae
3361 5464 3617 5532 accepisti

2034 5558 2245 5630 perdes.
2275 5557 2398 5613 Non
2427 5560 2539 5614 licet
2568 5559 2658 5613 tibi
2681 5559 2884 5612 adolere
2912 5558 3198 5620 incensum,
3231 5555 3318 5610 sed
3345 5555 3620 5608 sacerdoti-

2033 5655 2123 5712 bus
2146 5653 2281 5708 istud
2317 5653 2490 5708 datum
2532 5662 2622 5707 est.
2650 5651 2769 5708 Non
2807 5660 2954 5706 tuum
2994 5657 3078 5702 est
3115 5646 3234 5713 hoc,
3278 5643 3370 5702 sed
3417 5661 3614 5703 meum.
